  <div class='ocr_page' id='page_1' title='image "/cluster/home/n/w/nwhite01/storage/ocr_20150623/26/hvd.32044015471402/352.png"; bbox 0 0 3948 6334; ppageno 0'>
   <div class='ocr_carea' id='block_1_1' title="bbox 262 309 2630 383">
    <p class='ocr_par' dir='ltr' id='par_1_1' title="bbox 262 309 2630 383">
     <span class='ocr_line' id='line_1_1' title="bbox 262 309 2630 383; baseline -0.003 -1"><span class='ocrx_word' id='word_1_1' title='bbox 262 326 346 383; x_wconf 77' lang='lat'><strong>695</strong></span> <span class='ocrx_word' id='word_1_2' title='bbox 1122 309 1605 376; x_wconf 72' lang='lat' dir='ltr'><strong>COMMENTARII</strong></span> <span class='ocrx_word' id='word_1_3' title='bbox 1646 312 1712 373; x_wconf 64' lang='lat' dir='ltr'><strong>LV</strong></span> <span class='ocrx_word' id='word_1_4' title='bbox 1752 309 2012 376; x_wconf 76' lang='lat' dir='ltr'><strong>LIBRUM</strong></span> <span class='ocrx_word' id='word_1_5' title='bbox 2051 315 2194 376; x_wconf 74' lang='lat' dir='ltr'><strong>JOB.</strong></span> <span class='ocrx_word' id='word_1_6' title='bbox 2225 318 2380 375; x_wconf 70' lang='lat' dir='ltr'><strong>CAP.</strong></span> <span class='ocrx_word' id='word_1_7' title='bbox 2415 315 2630 375; x_wconf 75' lang='lat' dir='ltr'><strong>XXVII.</strong></span> 
     </span>
    </p>
   </div>
   <div class='ocr_carea' id='block_1_2' title="bbox 3421 320 3527 380">
    <p class='ocr_par' dir='ltr' id='par_1_2' title="bbox 3421 320 3527 380">
     <span class='ocr_line' id='line_1_2' title="bbox 3421 320 3527 380; baseline 0.019 -2"><span class='ocrx_word' id='word_1_8' title='bbox 3421 320 3527 380; x_wconf 70' lang='lat'><strong>694</strong></span> 
     </span>
    </p>
   </div>
   <div class='ocr_carea' id='block_1_3' title="bbox 261 433 3524 516">
    <p class='ocr_par' dir='ltr' id='par_1_3' title="bbox 261 433 3524 516">
     <span class='ocr_line' id='line_1_3' title="bbox 261 433 3524 516; baseline -0.003 -18"><span class='ocrx_word' id='word_1_9' title='bbox 261 441 502 516; x_wconf 71' lang='lat' dir='ltr'><strong>praedicit,</strong></span> <span class='ocrx_word' id='word_1_10' title='bbox 529 448 584 496; x_wconf 91' lang='lat' dir='ltr'><strong>et</strong></span> <span class='ocrx_word' id='word_1_11' title='bbox 613 437 918 495; x_wconf 89' lang='lat' dir='ltr'><strong>secundum</strong></span> <span class='ocrx_word' id='word_1_12' title='bbox 963 438 1217 493; x_wconf 88' lang='lat' dir='ltr'><strong>meritum</strong></span> <span class='ocrx_word' id='word_1_13' title='bbox 1257 435 1501 507; x_wconf 74' lang='lat' dir='ltr'><strong>loquitur</strong></span> <span class='ocrx_word' id='word_1_14' title='bbox 1537 433 1824 490; x_wconf 77' lang='lat' dir='ltr'><strong>hominum</strong></span> <span class='ocrx_word' id='word_1_15' title='bbox 1853 433 1905 493; x_wconf 79' lang='grc' dir='ltr'><strong>Δ</strong></span> <span class='ocrx_word' id='word_1_16' title='bbox 1930 447 2177 505; x_wconf 86' lang='lat' dir='ltr'><strong>quosque</strong></span> <span class='ocrx_word' id='word_1_17' title='bbox 2219 443 2274 489; x_wconf 91' lang='lat' dir='ltr'><strong>et</strong></span> <span class='ocrx_word' id='word_1_18' title='bbox 2315 433 2494 490; x_wconf 84' lang='lat' dir='ltr'><strong>claros</strong></span> <span class='ocrx_word' id='word_1_19' title='bbox 2531 435 2700 503; x_wconf 87' lang='lat' dir='ltr'><strong>viros,</strong></span> <span class='ocrx_word' id='word_1_20' title='bbox 2731 444 2792 492; x_wconf 93' lang='lat' dir='ltr'><strong>ut</strong></span> <span class='ocrx_word' id='word_1_21' title='bbox 2831 446 3032 492; x_wconf 80' lang='lat' dir='ltr'><strong>terram</strong></span> <span class='ocrx_word' id='word_1_22' title='bbox 3065 446 3120 493; x_wconf 88' lang='lat' dir='ltr'><strong>et</strong></span> <span class='ocrx_word' id='word_1_23' title='bbox 3171 438 3342 494; x_wconf 83' lang='lat' dir='ltr'><strong>lutum</strong></span> <span class='ocrx_word' id='word_1_24' title='bbox 3385 435 3524 496; x_wconf 77' lang='lat' dir='ltr'><strong>viles</strong></span> 
     </span>
    </p>
   </div>
   <div class='ocr_carea' id='block_1_4' title="bbox 260 530 1826 609">
    <p class='ocr_par' dir='ltr' id='par_1_4' title="bbox 260 530 1826 609">
     <span class='ocr_line' id='line_1_4' title="bbox 260 530 1826 609; baseline -0.007 -18"><span class='ocrx_word' id='word_1_25' title='bbox 260 543 578 609; x_wconf 79' lang='lat' dir='ltr'><strong>peccatorum</strong></span> <span class='ocrx_word' id='word_1_26' title='bbox 622 533 969 603; x_wconf 68' lang='lat' dir='ltr'><strong>:prmdicens</strong></span> <span class='ocrx_word' id='word_1_27' title='bbox 1016 530 1144 602; x_wconf 86' lang='lat' dir='ltr'><strong>quid</strong></span> <span class='ocrx_word' id='word_1_28' title='bbox 1191 530 1566 600; x_wconf 86' lang='lat' dir='ltr'><strong>unusquisque</strong></span> <span class='ocrx_word' id='word_1_29' title='bbox 1615 540 1826 598; x_wconf 85' lang='lat' dir='ltr'><strong>perma-</strong></span> 
     </span>
    </p>
   </div>
   <div class='ocr_carea' id='block_1_5' title="bbox 259 621 1822 698">
    <p class='ocr_par' dir='ltr' id='par_1_5' title="bbox 259 621 1822 698">
     <span class='ocr_line' id='line_1_5' title="bbox 259 621 1822 698; baseline -0.007 -11"><span class='ocrx_word' id='word_1_30' title='bbox 259 643 372 687; x_wconf 86' lang='lat' dir='ltr'><strong>nens</strong></span> <span class='ocrx_word' id='word_1_31' title='bbox 401 627 451 683; x_wconf 89' lang='lat' dir='ltr'><strong>in</strong></span> <span class='ocrx_word' id='word_1_32' title='bbox 476 627 717 698; x_wconf 74' lang='lat' dir='ltr'><strong>peccatis</strong></span> <span class='ocrx_word' id='word_1_33' title='bbox 744 633 1064 697; x_wconf 79' lang='lat' dir='ltr'><strong>recepturus</strong></span> <span class='ocrx_word' id='word_1_34' title='bbox 1098 624 1167 679; x_wconf 82' lang='lat' dir='ltr'><strong>ab</strong></span> <span class='ocrx_word' id='word_1_35' title='bbox 1197 635 1268 680; x_wconf 86' lang='lat' dir='ltr'><strong>eo</strong></span> <span class='ocrx_word' id='word_1_36' title='bbox 1291 623 1384 678; x_wconf 90' lang='lat' dir='ltr'><strong>sit.</strong></span> <span class='ocrx_word' id='word_1_37' title='bbox 1415 621 1571 678; x_wconf 77' lang='lat' dir='ltr'><strong>Nunc</strong></span> <span class='ocrx_word' id='word_1_38' title='bbox 1598 621 1670 677; x_wconf 81' lang='lat' dir='ltr'><strong>ad</strong></span> <span class='ocrx_word' id='word_1_39' title='bbox 1697 637 1822 679; x_wconf 87' lang='lat' dir='ltr'><strong>eum</strong></span> 
     </span>
    </p>
   </div>
   <div class='ocr_carea' id='block_1_6' title="bbox 257 720 820 777">
    <p class='ocr_par' dir='ltr' id='par_1_6' title="bbox 257 720 820 777">
     <span class='ocr_line' id='line_1_6' title="bbox 257 720 820 777; baseline -0.007 0"><span class='ocrx_word' id='word_1_40' title='bbox 257 720 410 777; x_wconf 89' lang='lat' dir='ltr'><strong>locum</strong></span> <span class='ocrx_word' id='word_1_41' title='bbox 437 726 783 776; x_wconf 86' lang='lat' dir='ltr'><strong>revertamur</strong></span> <span class='ocrx_word' id='word_1_42' title='bbox 806 736 820 773; x_wconf 90' lang='lat'><strong>:</strong></span> 
     </span>
    </p>
   </div>
   <div class='ocr_carea' id='block_1_7' title="bbox 314 811 1827 885">
    <p class='ocr_par' dir='ltr' id='par_1_7' title="bbox 314 811 1827 885">
     <span class='ocr_line' id='line_1_7' title="bbox 314 811 1827 885; baseline -0.004 -14"><span class='ocrx_word' id='word_1_43' title='bbox 314 815 431 884; x_wconf 69' lang='lat' dir='ltr'><strong>Qum</strong></span> <span class='ocrx_word' id='word_1_44' title='bbox 455 826 530 870; x_wconf 81' lang='lat' dir='ltr'><strong>est</strong></span> <span class='ocrx_word' id='word_1_45' title='bbox 557 815 693 869; x_wconf 85' lang='lat' dir='ltr'><strong>enim</strong></span> <span class='ocrx_word' id='word_1_46' title='bbox 719 828 836 881; x_wconf 82' lang='lat' dir='ltr'><strong>spes</strong></span> <span class='ocrx_word' id='word_1_47' title='bbox 862 812 1152 885; x_wconf 69' lang='lat' dir='ltr'><strong>hypocrita!</strong></span> <span class='ocrx_word' id='word_1_48' title='bbox 1180 813 1402 867; x_wconf 75' lang='lat' dir='ltr'><strong>sinuare</strong></span> <span class='ocrx_word' id='word_1_49' title='bbox 1425 811 1622 882; x_wconf 82' lang='lat' dir='ltr'><strong>rapiat,</strong></span> <span class='ocrx_word' id='word_1_50' title='bbox 1651 818 1827 865; x_wconf 77' lang='lat' dir='ltr'><strong>etnon</strong></span> 
     </span>
    </p>
   </div>
   <div class='ocr_carea' id='block_1_8' title="bbox 254 899 1823 980">
    <p class='ocr_par' dir='ltr' id='par_1_8' title="bbox 254 899 1823 980">
     <span class='ocr_line' id='line_1_8' title="bbox 254 899 1823 980; baseline -0.004 -16"><span class='ocrx_word' id='word_1_51' title='bbox 254 909 408 964; x_wconf 77' lang='lat' dir='ltr'><strong>liberet</strong></span> <span class='ocrx_word' id='word_1_52' title='bbox 436 905 576 963; x_wconf 82' lang='lat' dir='ltr'><strong>Deus</strong></span> <span class='ocrx_word' id='word_1_53' title='bbox 604 911 831 961; x_wconf 80' lang='lat' dir='ltr'><strong>animum</strong></span> <span class='ocrx_word' id='word_1_54' title='bbox 873 909 986 980; x_wconf 84' lang='lat' dir='ltr'><strong>ejus</strong></span> <span class='ocrx_word' id='word_1_55' title='bbox 1007 907 1032 959; x_wconf 75' lang='grc'><strong><em>7</em></strong></span> <span class='ocrx_word' id='word_1_56' title='bbox 1063 904 1379 978; x_wconf 79' lang='lat' dir='ltr'><strong>Hypocrita,</strong></span> <span class='ocrx_word' id='word_1_57' title='bbox 1407 902 1564 959; x_wconf 86' lang='lat' dir='ltr'><strong>iictus</strong></span> <span class='ocrx_word' id='word_1_58' title='bbox 1603 902 1658 958; x_wconf 92' lang='lat' dir='ltr'><strong>in</strong></span> <span class='ocrx_word' id='word_1_59' title='bbox 1689 899 1823 958; x_wconf 91' lang='lat' dir='ltr'><strong>ami-</strong></span> 
     </span>
    </p>
   </div>
   <div class='ocr_carea' id='block_1_9' title="bbox 253 994 1825 1068">
    <p class='ocr_par' dir='ltr' id='par_1_9' title="bbox 253 994 1825 1068">
     <span class='ocr_line' id='line_1_9' title="bbox 253 994 1825 1068; baseline -0.005 -10"><span class='ocrx_word' id='word_1_60' title='bbox 253 1001 374 1068; x_wconf 87' lang='lat' dir='ltr'><strong>citia,</strong></span> <span class='ocrx_word' id='word_1_61' title='bbox 404 1000 488 1055; x_wconf 85' lang='lat' dir='ltr'><strong>vel</strong></span> <span class='ocrx_word' id='word_1_62' title='bbox 517 999 743 1055; x_wconf 75' lang='lat' dir='ltr'><strong>dolosus</strong></span> <span class='ocrx_word' id='word_1_63' title='bbox 770 998 1114 1068; x_wconf 74' lang='lat' dir='ltr'><strong>intelligitur.</strong></span> <span class='ocrx_word' id='word_1_64' title='bbox 1139 998 1408 1064; x_wconf 82' lang='lat' dir='ltr'><strong>Quantam</strong></span> <span class='ocrx_word' id='word_1_65' title='bbox 1434 1007 1528 1050; x_wconf 86' lang='lat' dir='ltr'><strong>vos</strong></span> <span class='ocrx_word' id='word_1_66' title='bbox 1551 994 1825 1065; x_wconf 74' lang='lat' dir='ltr'><strong>cupidita-</strong></span> 
     </span>
    </p>
   </div>
   <div class='ocr_carea' id='block_1_10' title="bbox 254 1088 1823 1163">
    <p class='ocr_par' dir='ltr' id='par_1_10' title="bbox 254 1088 1823 1163">
     <span class='ocr_line' id='line_1_10' title="bbox 254 1088 1823 1163; baseline -0.004 -15"><span class='ocrx_word' id='word_1_67' title='bbox 254 1099 431 1160; x_wconf 89' lang='lat' dir='ltr'><strong>tem,ct</strong></span> <span class='ocrx_word' id='word_1_68' title='bbox 457 1093 609 1163; x_wconf 87' lang='lat' dir='ltr'><strong>quasi</strong></span> <span class='ocrx_word' id='word_1_69' title='bbox 633 1091 880 1146; x_wconf 77' lang='lat' dir='ltr'><strong>avaritize</strong></span> <span class='ocrx_word' id='word_1_70' title='bbox 909 1091 1059 1145; x_wconf 88' lang='lat' dir='ltr'><strong>sitim</strong></span> <span class='ocrx_word' id='word_1_71' title='bbox 1083 1089 1355 1161; x_wconf 83' lang='lat' dir='ltr'><strong>patimini,</strong></span> <span class='ocrx_word' id='word_1_72' title='bbox 1379 1089 1573 1160; x_wconf 89' lang='lat' dir='ltr'><strong>inquit,</strong></span> <span class='ocrx_word' id='word_1_73' title='bbox 1605 1089 1658 1142; x_wconf 89' lang='lat' dir='ltr'><strong>in</strong></span> <span class='ocrx_word' id='word_1_74' title='bbox 1684 1088 1823 1142; x_wconf 84' lang='lat' dir='ltr'><strong>inte-</strong></span> 
     </span>
    </p>
   </div>
   <div class='ocr_carea' id='block_1_11' title="bbox 249 1181 1824 1254">
    <p class='ocr_par' dir='ltr' id='par_1_11' title="bbox 249 1181 1824 1254">
     <span class='ocr_line' id='line_1_11' title="bbox 249 1181 1824 1254; baseline -0.006 -10"><span class='ocrx_word' id='word_1_75' title='bbox 249 1190 335 1244; x_wconf 87' lang='lat' dir='ltr'><strong>ritu</strong></span> <span class='ocrx_word' id='word_1_76' title='bbox 381 1197 533 1252; x_wconf 82' lang='lat' dir='ltr'><strong>meo,</strong></span> <span class='ocrx_word' id='word_1_77' title='bbox 565 1189 624 1242; x_wconf 91' lang='lat' dir='ltr'><strong>ut</strong></span> <span class='ocrx_word' id='word_1_78' title='bbox 681 1197 768 1240; x_wconf 88' lang='lat' dir='ltr'><strong>me</strong></span> <span class='ocrx_word' id='word_1_79' title='bbox 823 1185 968 1241; x_wconf 77' lang='lat' dir='ltr'><strong>votis</strong></span> <span class='ocrx_word' id='word_1_80' title='bbox 1008 1183 1120 1254; x_wconf 84' lang='lat' dir='ltr'><strong>jam</strong></span> <span class='ocrx_word' id='word_1_81' title='bbox 1159 1183 1215 1238; x_wconf 89' lang='lat' dir='ltr'><strong>in</strong></span> <span class='ocrx_word' id='word_1_82' title='bbox 1250 1189 1514 1238; x_wconf 88' lang='lat' dir='ltr'><strong>tartarum</strong></span> <span class='ocrx_word' id='word_1_83' title='bbox 1556 1181 1824 1251; x_wconf 76' lang='lat' dir='ltr'><strong>rapiatis?</strong></span> 
     </span>
    </p>
   </div>
   <div class='ocr_carea' id='block_1_12' title="bbox 248 1279 1819 1353">
    <p class='ocr_par' dir='ltr' id='par_1_12' title="bbox 248 1279 1819 1353">
     <span class='ocr_line' id='line_1_12' title="bbox 248 1279 1819 1353; baseline -0.006 -13"><span class='ocrx_word' id='word_1_84' title='bbox 248 1282 402 1352; x_wconf 81' lang='lat' dir='ltr'><strong>Super</strong></span> <span class='ocrx_word' id='word_1_85' title='bbox 446 1279 551 1336; x_wconf 86' lang='lat' dir='ltr'><strong>hac</strong></span> <span class='ocrx_word' id='word_1_86' title='bbox 596 1279 762 1353; x_wconf 82' lang='lat' dir='ltr'><strong>igitur</strong></span> <span class='ocrx_word' id='word_1_87' title='bbox 808 1279 1041 1335; x_wconf 86' lang='lat' dir='ltr'><strong>nefanda</strong></span> <span class='ocrx_word' id='word_1_88' title='bbox 1082 1279 1364 1334; x_wconf 83' lang='lat' dir='ltr'><strong>voluntate</strong></span> <span class='ocrx_word' id='word_1_89' title='bbox 1408 1296 1421 1332; x_wconf 90' lang='lat'><strong>:</strong></span> <span class='ocrx_word' id='word_1_90' title='bbox 1465 1290 1627 1347; x_wconf 88' lang='lat' dir='ltr'><strong>quam</strong></span> <span class='ocrx_word' id='word_1_91' title='bbox 1666 1289 1819 1346; x_wconf 84' lang='lat' dir='ltr'><strong>spem</strong></span> 
     </span>
    </p>
   </div>
   <div class='ocr_carea' id='block_1_13' title="bbox 248 1369 1816 1442">
    <p class='ocr_par' dir='ltr' id='par_1_13' title="bbox 248 1369 1816 1442">
     <span class='ocr_line' id='line_1_13' title="bbox 248 1369 1816 1442; baseline -0.003 -13"><span class='ocrx_word' id='word_1_92' title='bbox 248 1376 397 1431; x_wconf 76' lang='lat' dir='ltr'><strong>venia:</strong></span> <span class='ocrx_word' id='word_1_93' title='bbox 419 1384 549 1430; x_wconf 82' lang='lat' dir='ltr'><strong>ante</strong></span> <span class='ocrx_word' id='word_1_94' title='bbox 576 1374 744 1430; x_wconf 90' lang='lat' dir='ltr'><strong>Deum</strong></span> <span class='ocrx_word' id='word_1_95' title='bbox 775 1373 1072 1440; x_wconf 77' lang='lat' dir='ltr'><strong>habebitis,</strong></span> <span class='ocrx_word' id='word_1_96' title='bbox 1093 1373 1138 1428; x_wconf 86' lang='lat' dir='ltr'><strong>si</strong></span> <span class='ocrx_word' id='word_1_97' title='bbox 1162 1388 1266 1428; x_wconf 90' lang='lat' dir='ltr'><strong>non</strong></span> <span class='ocrx_word' id='word_1_98' title='bbox 1297 1369 1659 1442; x_wconf 85' lang='lat' dir='ltr'><strong>acquiescetis</strong></span> <span class='ocrx_word' id='word_1_99' title='bbox 1681 1369 1816 1437; x_wconf 87' lang='lat' dir='ltr'><strong>Deo,</strong></span> 
     </span>
    </p>
   </div>
   <div class='ocr_carea' id='block_1_14' title="bbox 247 1465 1336 1524">
    <p class='ocr_par' dir='ltr' id='par_1_14' title="bbox 247 1465 1336 1524">
     <span class='ocr_line' id='line_1_14' title="bbox 247 1465 1336 1524; baseline -0.001 -1"><span class='ocrx_word' id='word_1_100' title='bbox 247 1479 398 1524; x_wconf 74' lang='lat' dir='ltr'><strong>utros</strong></span> <span class='ocrx_word' id='word_1_101' title='bbox 429 1469 482 1522; x_wconf 91' lang='lat' dir='ltr'><strong>in</strong></span> <span class='ocrx_word' id='word_1_102' title='bbox 519 1468 620 1523; x_wconf 89' lang='lat' dir='ltr'><strong>hac</strong></span> <span class='ocrx_word' id='word_1_103' title='bbox 650 1466 758 1522; x_wconf 89' lang='lat' dir='ltr'><strong>vita</strong></span> <span class='ocrx_word' id='word_1_104' title='bbox 787 1466 1084 1522; x_wconf 88' lang='lat' dir='ltr'><strong>emendare</strong></span> <span class='ocrx_word' id='word_1_105' title='bbox 1109 1465 1336 1522; x_wconf 88' lang='lat' dir='ltr'><strong>curetis.</strong></span> 
     </span>
    </p>
   </div>
   <div class='ocr_carea' id='block_1_15' title="bbox 303 1558 1818 1631">
    <p class='ocr_par' dir='ltr' id='par_1_15' title="bbox 303 1558 1818 1631">
     <span class='ocr_line' id='line_1_15' title="bbox 303 1558 1818 1631; baseline -0.003 -17"><span class='ocrx_word' id='word_1_106' title='bbox 303 1560 567 1631; x_wconf 82' lang='lat' dir='ltr'><strong>Numquid</strong></span> <span class='ocrx_word' id='word_1_107' title='bbox 595 1559 732 1613; x_wconf 87' lang='lat' dir='ltr'><strong>Deus</strong></span> <span class='ocrx_word' id='word_1_108' title='bbox 771 1558 952 1613; x_wconf 83' lang='lat' dir='ltr'><strong>audiet</strong></span> <span class='ocrx_word' id='word_1_109' title='bbox 985 1561 1265 1614; x_wconf 87' lang='lat' dir='ltr'><strong>clamorem</strong></span> <span class='ocrx_word' id='word_1_110' title='bbox 1292 1559 1446 1631; x_wconf 85' lang='lat' dir='ltr'><strong>ejus:</strong></span> <span class='ocrx_word' id='word_1_111' title='bbox 1477 1573 1592 1611; x_wconf 86' lang='lat' dir='ltr'><strong>cum</strong></span> <span class='ocrx_word' id='word_1_112' title='bbox 1628 1558 1818 1612; x_wconf 80' lang='lat' dir='ltr'><strong>renerit</strong></span> 
     </span>
    </p>
   </div>
   <div class='ocr_carea' id='block_1_16' title="bbox 241 1651 1814 1726">
    <p class='ocr_par' dir='ltr' id='par_1_16' title="bbox 241 1651 1814 1726">
     <span class='ocr_line' id='line_1_16' title="bbox 241 1651 1814 1726; baseline 0 -20"><span class='ocrx_word' id='word_1_113' title='bbox 241 1670 371 1726; x_wconf 73' lang='lat' dir='ltr'><strong>super</strong></span> <span class='ocrx_word' id='word_1_114' title='bbox 403 1669 520 1708; x_wconf 80' lang='lat' dir='ltr'><strong>eum</strong></span> <span class='ocrx_word' id='word_1_115' title='bbox 543 1654 808 1725; x_wconf 85' lang='lat' dir='ltr'><strong>angustia.</strong></span> <span class='ocrx_word' id='word_1_116' title='bbox 837 1653 893 1708; x_wconf 90' lang='lat' dir='ltr'><strong>In</strong></span> <span class='ocrx_word' id='word_1_117' title='bbox 922 1657 1168 1722; x_wconf 87' lang='lat' dir='ltr'><strong>tempore</strong></span> <span class='ocrx_word' id='word_1_118' title='bbox 1200 1653 1381 1723; x_wconf 81' lang='lat' dir='ltr'><strong>itaque</strong></span> <span class='ocrx_word' id='word_1_119' title='bbox 1413 1651 1814 1718; x_wconf 81' lang='lat' dir='ltr'><strong>retributionis,</strong></span> 
     </span>
    </p>
   </div>
   <div class='ocr_carea' id='block_1_17' title="bbox 241 1746 1816 1818">
    <p class='ocr_par' dir='ltr' id='par_1_17' title="bbox 241 1746 1816 1818">
     <span class='ocr_line' id='line_1_17' title="bbox 241 1746 1816 1818; baseline 0 -16"><span class='ocrx_word' id='word_1_120' title='bbox 241 1747 435 1817; x_wconf 80' lang='lat' dir='ltr'><strong>quando</strong></span> <span class='ocrx_word' id='word_1_121' title='bbox 458 1747 628 1817; x_wconf 91' lang='lat' dir='ltr'><strong>impio</strong></span> <span class='ocrx_word' id='word_1_122' title='bbox 653 1757 883 1802; x_wconf 86' lang='lat' dir='ltr'><strong>ventura</strong></span> <span class='ocrx_word' id='word_1_123' title='bbox 917 1758 1001 1803; x_wconf 89' lang='lat' dir='ltr'><strong>est</strong></span> <span class='ocrx_word' id='word_1_124' title='bbox 1025 1747 1298 1818; x_wconf 76' lang='lat' dir='ltr'><strong>angustia,</strong></span> <span class='ocrx_word' id='word_1_125' title='bbox 1335 1747 1541 1802; x_wconf 91' lang='lat' dir='ltr'><strong>nullum</strong></span> <span class='ocrx_word' id='word_1_126' title='bbox 1580 1746 1689 1804; x_wconf 89' lang='lat' dir='ltr'><strong>erit</strong></span> <span class='ocrx_word' id='word_1_127' title='bbox 1730 1759 1816 1802; x_wconf 52' lang='lat' dir='ltr'><strong>re.</strong></span> 
     </span>
    </p>
   </div>
   <div class='ocr_carea' id='block_1_18' title="bbox 1929 527 3520 598">
    <p class='ocr_par' dir='ltr' id='par_1_18' title="bbox 1929 527 3520 598">
     <span class='ocr_line' id='line_1_18' title="bbox 1929 527 3520 598; baseline 0.003 -18"><span class='ocrx_word' id='word_1_128' title='bbox 1929 527 2238 594; x_wconf 82' lang='lat' dir='ltr'><strong>constituit,</strong></span> <span class='ocrx_word' id='word_1_129' title='bbox 2268 541 2296 582; x_wconf 80' lang='lat' dir='ltr'><strong>a</strong></span> <span class='ocrx_word' id='word_1_130' title='bbox 2334 529 2535 598; x_wconf 80' lang='lat' dir='ltr'><strong>quibus</strong></span> <span class='ocrx_word' id='word_1_131' title='bbox 2565 528 2732 583; x_wconf 82' lang='lat' dir='ltr'><strong>etiam</strong></span> <span class='ocrx_word' id='word_1_132' title='bbox 2760 529 3018 592; x_wconf 87' lang='lat' dir='ltr'><strong>virtutes,</strong></span> <span class='ocrx_word' id='word_1_133' title='bbox 3047 539 3105 584; x_wconf 89' lang='lat' dir='ltr'><strong>et</strong></span> <span class='ocrx_word' id='word_1_134' title='bbox 3135 529 3278 584; x_wconf 82' lang='lat' dir='ltr'><strong>bona</strong></span> <span class='ocrx_word' id='word_1_135' title='bbox 3309 538 3520 591; x_wconf 67' lang='lat' dir='ltr'><strong>natura</strong></span> 
     </span>
    </p>
   </div>
   <div class='ocr_carea' id='block_1_19' title="bbox 1930 621 3530 691">
    <p class='ocr_par' dir='ltr' id='par_1_19' title="bbox 1930 621 3530 691">
     <span class='ocr_line' id='line_1_19' title="bbox 1930 621 3530 691; baseline 0.003 -16"><span class='ocrx_word' id='word_1_136' title='bbox 1930 621 2077 676; x_wconf 73' lang='lat' dir='ltr'><strong>Velut</strong></span> <span class='ocrx_word' id='word_1_137' title='bbox 2104 621 2433 677; x_wconf 86' lang='lat' dir='ltr'><strong>vestimenta</strong></span> <span class='ocrx_word' id='word_1_138' title='bbox 2465 621 2724 688; x_wconf 74' lang='lat' dir='ltr'><strong>detraxit,</strong></span> <span class='ocrx_word' id='word_1_139' title='bbox 2759 635 2811 679; x_wconf 91' lang='lat' dir='ltr'><strong>et</strong></span> <span class='ocrx_word' id='word_1_140' title='bbox 2838 638 3030 679; x_wconf 87' lang='lat' dir='ltr'><strong>eorum</strong></span> <span class='ocrx_word' id='word_1_141' title='bbox 3062 639 3278 688; x_wconf 82' lang='lat' dir='ltr'><strong>aurum,</strong></span> <span class='ocrx_word' id='word_1_142' title='bbox 3307 637 3418 691; x_wconf 83' lang='lat' dir='ltr'><strong>quo</strong></span> <span class='ocrx_word' id='word_1_143' title='bbox 3440 621 3530 680; x_wconf 89' lang='lat' dir='ltr'><strong>di-</strong></span> 
     </span>
    </p>
   </div>
   <div class='ocr_carea' id='block_1_20' title="bbox 1869 712 3530 786">
    <p class='ocr_par' dir='ltr' id='par_1_20' title="bbox 1869 712 3530 786">
     <span class='ocr_line' id='line_1_20' title="bbox 1869 712 3530 786; baseline 0.001 -16"><span class='ocrx_word' id='word_1_144' title='bbox 1869 765 1873 770; x_wconf 80' lang='grc'><strong>.</strong></span> <span class='ocrx_word' id='word_1_145' title='bbox 1929 712 2072 769; x_wconf 73' lang='lat' dir='ltr'><strong>vitia:</strong></span> <span class='ocrx_word' id='word_1_146' title='bbox 2105 714 2306 770; x_wconf 86' lang='lat' dir='ltr'><strong>mentis</strong></span> <span class='ocrx_word' id='word_1_147' title='bbox 2330 715 2734 786; x_wconf 73' lang='lat' dir='ltr'><strong>significantur.</strong></span> <span class='ocrx_word' id='word_1_148' title='bbox 2767 716 2834 772; x_wconf 85' lang='lat' dir='ltr'><strong>ili</strong></span> <span class='ocrx_word' id='word_1_149' title='bbox 2871 719 3018 773; x_wconf 91' lang='lat' dir='ltr'><strong>enim</strong></span> <span class='ocrx_word' id='word_1_150' title='bbox 3051 717 3264 772; x_wconf 87' lang='lat' dir='ltr'><strong>divitiis</strong></span> <span class='ocrx_word' id='word_1_151' title='bbox 3293 717 3362 772; x_wconf 92' lang='lat' dir='ltr'><strong>d</strong></span> <span class='ocrx_word' id='word_1_152' title='bbox 3391 716 3530 772; x_wconf 66' lang='lat' dir='ltr'><strong>ima~</strong></span> 
     </span>
    </p>
   </div>
   <div class='ocr_carea' id='block_1_21' title="bbox 1925 806 3526 881">
    <p class='ocr_par' dir='ltr' id='par_1_21' title="bbox 1925 806 3526 881">
     <span class='ocr_line' id='line_1_21' title="bbox 1925 806 3526 881; baseline 0.001 -19"><span class='ocrx_word' id='word_1_153' title='bbox 1925 807 2108 878; x_wconf 79' lang='lat' dir='ltr'><strong>ginem</strong></span> <span class='ocrx_word' id='word_1_154' title='bbox 2151 817 2208 864; x_wconf 90' lang='lat' dir='ltr'><strong>et</strong></span> <span class='ocrx_word' id='word_1_155' title='bbox 2235 807 2646 864; x_wconf 85' lang='lat' dir='ltr'><strong>similitudinem</strong></span> <span class='ocrx_word' id='word_1_156' title='bbox 2691 806 2971 865; x_wconf 83' lang='lat' dir='ltr'><strong>Creatoris</strong></span> <span class='ocrx_word' id='word_1_157' title='bbox 3013 810 3101 865; x_wconf 91' lang='lat' dir='ltr'><strong>sui</strong></span> <span class='ocrx_word' id='word_1_158' title='bbox 3149 809 3364 881; x_wconf 79' lang='lat' dir='ltr'><strong>pulchri</strong></span> <span class='ocrx_word' id='word_1_159' title='bbox 3395 809 3526 866; x_wconf 84' lang='lat' dir='ltr'><strong>lacti</strong></span> 
     </span>
    </p>
   </div>
   <div class='ocr_carea' id='block_1_22' title="bbox 1926 897 3520 973">
    <p class='ocr_par' dir='ltr' id='par_1_22' title="bbox 1926 897 3520 973">
     <span class='ocr_line' id='line_1_22' title="bbox 1926 897 3520 973; baseline 0.003 -19"><span class='ocrx_word' id='word_1_160' title='bbox 1926 897 2164 968; x_wconf 81' lang='lat' dir='ltr'><strong>fuerant,</strong></span> <span class='ocrx_word' id='word_1_161' title='bbox 2192 910 2249 957; x_wconf 90' lang='lat' dir='ltr'><strong>et</strong></span> <span class='ocrx_word' id='word_1_162' title='bbox 2277 902 2572 971; x_wconf 87' lang='lat' dir='ltr'><strong>compositi</strong></span> <span class='ocrx_word' id='word_1_163' title='bbox 2601 918 2614 956; x_wconf 90' lang='lat'>:</span> <span class='ocrx_word' id='word_1_164' title='bbox 2644 902 2736 973; x_wconf 90' lang='lat' dir='ltr'><strong>qui</strong></span> <span class='ocrx_word' id='word_1_165' title='bbox 2767 916 2862 958; x_wconf 86' lang='lat' dir='ltr'><strong>eas</strong></span> <span class='ocrx_word' id='word_1_166' title='bbox 2889 901 3192 959; x_wconf 81' lang='lat' dir='ltr'><strong>auferendo</strong></span> <span class='ocrx_word' id='word_1_167' title='bbox 3223 902 3294 957; x_wconf 86' lang='lat' dir='ltr'><strong>ab</strong></span> <span class='ocrx_word' id='word_1_168' title='bbox 3322 903 3426 967; x_wconf 88' lang='lat' dir='ltr'><strong>eis,</strong></span> <span class='ocrx_word' id='word_1_169' title='bbox 3449 902 3520 958; x_wconf 88' lang='lat' dir='ltr'><strong>ad</strong></span> 
     </span>
    </p>
   </div>
   <div class='ocr_carea' id='block_1_23' title="bbox 1926 994 3528 1068">
    <p class='ocr_par' dir='ltr' id='par_1_23' title="bbox 1926 994 3528 1068">
     <span class='ocr_line' id='line_1_23' title="bbox 1926 994 3528 1068; baseline 0.004 -19"><span class='ocrx_word' id='word_1_170' title='bbox 1926 1007 2193 1049; x_wconf 80' lang='lat' dir='ltr'><strong>summam</strong></span> <span class='ocrx_word' id='word_1_171' title='bbox 2222 1009 2320 1050; x_wconf 88' lang='lat' dir='ltr'><strong>eos</strong></span> <span class='ocrx_word' id='word_1_172' title='bbox 2346 994 2703 1067; x_wconf 78' lang='lat' dir='ltr'><strong>indigentiam</strong></span> <span class='ocrx_word' id='word_1_173' title='bbox 2732 997 3110 1068; x_wconf 81' lang='lat' dir='ltr'><strong>viiitstemque</strong></span> <span class='ocrx_word' id='word_1_174' title='bbox 3134 996 3408 1066; x_wconf 73' lang='lat' dir='ltr'><strong>perduxit.</strong></span> <span class='ocrx_word' id='word_1_175' title='bbox 3426 998 3528 1055; x_wconf 84' lang='lat' dir='ltr'><strong>His</strong></span> 
     </span>
    </p>
   </div>
   <div class='ocr_carea' id='block_1_24' title="bbox 1924 1091 3525 1165">
    <p class='ocr_par' dir='ltr' id='par_1_24' title="bbox 1924 1091 3525 1165">
     <span class='ocr_line' id='line_1_24' title="bbox 1924 1091 3525 1165; baseline 0.002 -19"><span class='ocrx_word' id='word_1_176' title='bbox 1924 1092 2087 1163; x_wconf 78' lang='lat' dir='ltr'><strong>igitur</strong></span> <span class='ocrx_word' id='word_1_177' title='bbox 2111 1092 2275 1148; x_wconf 86' lang='lat' dir='ltr'><strong>rebus</strong></span> <span class='ocrx_word' id='word_1_178' title='bbox 2301 1091 2553 1150; x_wconf 79' lang='lat' dir='ltr'><strong>homines</strong></span> <span class='ocrx_word' id='word_1_179' title='bbox 2575 1103 2985 1165; x_wconf 84' lang='lat' dir='ltr'><strong>comparantur,</strong></span> <span class='ocrx_word' id='word_1_180' title='bbox 3002 1094 3054 1148; x_wconf 91' lang='lat' dir='ltr'><strong>in</strong></span> <span class='ocrx_word' id='word_1_181' title='bbox 3073 1093 3270 1160; x_wconf 78' lang='lat' dir='ltr'><strong>Adam,</strong></span> <span class='ocrx_word' id='word_1_182' title='bbox 3299 1101 3363 1149; x_wconf 81' lang='lat' dir='ltr'><strong>ut</strong></span> <span class='ocrx_word' id='word_1_183' title='bbox 3383 1093 3525 1161; x_wconf 76' lang='lat' dir='ltr'><strong>disi,</strong></span> 
     </span>
    </p>
   </div>
   <div class='ocr_carea' id='block_1_25' title="bbox 1923 1183 3523 1257">
    <p class='ocr_par' dir='ltr' id='par_1_25' title="bbox 1923 1183 3523 1257">
     <span class='ocr_line' id='line_1_25' title="bbox 1923 1183 3523 1257; baseline 0.001 -16"><span class='ocrx_word' id='word_1_184' title='bbox 1923 1183 2136 1241; x_wconf 86' lang='lat' dir='ltr'><strong>seducti</strong></span> <span class='ocrx_word' id='word_1_185' title='bbox 2166 1197 2197 1239; x_wconf 86' lang='lat' dir='ltr'><strong>a</strong></span> <span class='ocrx_word' id='word_1_186' title='bbox 2239 1185 2488 1253; x_wconf 83' lang='lat' dir='ltr'><strong>diabolo,</strong></span> <span class='ocrx_word' id='word_1_187' title='bbox 2525 1201 2648 1257; x_wconf 71' lang='lat' dir='ltr'><strong>quae</strong></span> <span class='ocrx_word' id='word_1_188' title='bbox 2689 1187 2743 1240; x_wconf 94' lang='lat' dir='ltr'><strong>in</strong></span> <span class='ocrx_word' id='word_1_189' title='bbox 2785 1196 3038 1242; x_wconf 83' lang='lat' dir='ltr'><strong>creatura</strong></span> <span class='ocrx_word' id='word_1_190' title='bbox 3085 1187 3272 1243; x_wconf 90' lang='lat' dir='ltr'><strong>mundi</strong></span> <span class='ocrx_word' id='word_1_191' title='bbox 3322 1187 3523 1244; x_wconf 81' lang='lat' dir='ltr'><strong>viliora</strong></span> 
     </span>
    </p>
   </div>
   <div class='ocr_carea' id='block_1_26' title="bbox 1922 1277 3522 1351">
    <p class='ocr_par' dir='ltr' id='par_1_26' title="bbox 1922 1277 3522 1351">
     <span class='ocr_line' id='line_1_26' title="bbox 1922 1277 3522 1351; baseline 0.001 -17"><span class='ocrx_word' id='word_1_192' title='bbox 1922 1277 2205 1334; x_wconf 88' lang='lat' dir='ltr'><strong>videntur.</strong></span> <span class='ocrx_word' id='word_1_193' title='bbox 2241 1278 2349 1336; x_wconf 85' lang='lat' dir='ltr'><strong>Sed</strong></span> <span class='ocrx_word' id='word_1_194' title='bbox 2383 1280 2567 1348; x_wconf 88' lang='lat' dir='ltr'><strong>justus</strong></span> <span class='ocrx_word' id='word_1_195' title='bbox 2607 1280 2891 1345; x_wconf 82' lang='lat' dir='ltr'><strong>Dominus,</strong></span> <span class='ocrx_word' id='word_1_196' title='bbox 2923 1291 2980 1337; x_wconf 85' lang='lat' dir='ltr'><strong>et</strong></span> <span class='ocrx_word' id='word_1_197' title='bbox 3005 1283 3150 1338; x_wconf 86' lang='lat' dir='ltr'><strong>Deus</strong></span> <span class='ocrx_word' id='word_1_198' title='bbox 3180 1291 3394 1351; x_wconf 87' lang='lat' dir='ltr'><strong>noster,</strong></span> <span class='ocrx_word' id='word_1_199' title='bbox 3420 1296 3522 1338; x_wconf 85' lang='lat' dir='ltr'><strong>au-</strong></span> 
     </span>
    </p>
   </div>
   <div class='ocr_carea' id='block_1_27' title="bbox 1925 1369 3510 1444">
    <p class='ocr_par' dir='ltr' id='par_1_27' title="bbox 1925 1369 3510 1444">
     <span class='ocr_line' id='line_1_27' title="bbox 1925 1369 3510 1444; baseline 0.001 -18"><span class='ocrx_word' id='word_1_200' title='bbox 1925 1369 2157 1426; x_wconf 88' lang='lat' dir='ltr'><strong>ferendo</strong></span> <span class='ocrx_word' id='word_1_201' title='bbox 2201 1383 2232 1426; x_wconf 90' lang='lat' dir='ltr'><strong>a</strong></span> <span class='ocrx_word' id='word_1_202' title='bbox 2279 1370 2506 1426; x_wconf 77' lang='lat' dir='ltr'><strong>diabolo</strong></span> <span class='ocrx_word' id='word_1_203' title='bbox 2563 1371 2823 1442; x_wconf 58' lang='lat' dir='ltr'><strong>praedicta</strong></span> <span class='ocrx_word' id='word_1_204' title='bbox 2884 1373 3056 1442; x_wconf 86' lang='lat' dir='ltr'><strong>spolia</strong></span> <span class='ocrx_word' id='word_1_205' title='bbox 3123 1374 3510 1444; x_wconf 86' lang='lat' dir='ltr'><strong>captivorum:</strong></span> 
     </span>
    </p>
   </div>
   <div class='ocr_carea' id='block_1_28' title="bbox 1922 1462 3516 1537">
    <p class='ocr_par' dir='ltr' id='par_1_28' title="bbox 1922 1462 3516 1537">
     <span class='ocr_line' id='line_1_28' title="bbox 1922 1462 3516 1537; baseline 0.003 -19"><span class='ocrx_word' id='word_1_206' title='bbox 1922 1462 2075 1534; x_wconf 87' lang='lat' dir='ltr'><strong>ipsos</strong></span> <span class='ocrx_word' id='word_1_207' title='bbox 2115 1477 2334 1535; x_wconf 87' lang='lat' dir='ltr'><strong>quoque</strong></span> <span class='ocrx_word' id='word_1_208' title='bbox 2376 1464 2623 1534; x_wconf 86' lang='lat' dir='ltr'><strong>captivos</strong></span> <span class='ocrx_word' id='word_1_209' title='bbox 2670 1463 2934 1531; x_wconf 84' lang='lat' dir='ltr'><strong>liberans,</strong></span> <span class='ocrx_word' id='word_1_210' title='bbox 2969 1479 3105 1537; x_wconf 90' lang='lat' dir='ltr'><strong>quos</strong></span> <span class='ocrx_word' id='word_1_211' title='bbox 3151 1467 3406 1522; x_wconf 84' lang='lat' dir='ltr'><strong>inimicus</strong></span> <span class='ocrx_word' id='word_1_212' title='bbox 3459 1467 3516 1524; x_wconf 87' lang='lat' dir='ltr'><strong>ir.</strong></span> 
     </span>
    </p>
   </div>
   <div class='ocr_carea' id='block_1_29' title="bbox 1923 1555 3520 1630">
    <p class='ocr_par' dir='ltr' id='par_1_29' title="bbox 1923 1555 3520 1630">
     <span class='ocr_line' id='line_1_29' title="bbox 1923 1555 3520 1630; baseline 0.003 -18"><span class='ocrx_word' id='word_1_213' title='bbox 1923 1557 2204 1613; x_wconf 88' lang='lat' dir='ltr'><strong>interitum</strong></span> <span class='ocrx_word' id='word_1_214' title='bbox 2255 1555 2696 1630; x_wconf 63' lang='lat' dir='ltr'><strong>praeparaverat,</strong></span> <span class='ocrx_word' id='word_1_215' title='bbox 2748 1557 3052 1614; x_wconf 72' lang='lat' dir='ltr'><strong>Ecclesium</strong></span> <span class='ocrx_word' id='word_1_216' title='bbox 3121 1570 3365 1616; x_wconf 87' lang='lat' dir='ltr'><strong>sanctam</strong></span> <span class='ocrx_word' id='word_1_217' title='bbox 3415 1560 3520 1617; x_wconf 87' lang='lat' dir='ltr'><strong>sibi</strong></span> 
     </span>
    </p>
   </div>
   <div class='ocr_carea' id='block_1_30' title="bbox 1919 1650 3522 1723">
    <p class='ocr_par' dir='ltr' id='par_1_30' title="bbox 1919 1650 3522 1723">
     <span class='ocr_line' id='line_1_30' title="bbox 1919 1650 3522 1723; baseline 0.002 -16"><span class='ocrx_word' id='word_1_218' title='bbox 1919 1650 2165 1707; x_wconf 79' lang='lat' dir='ltr'><strong>exhibuit</strong></span> <span class='ocrx_word' id='word_1_219' title='bbox 2191 1665 2258 1707; x_wconf 83' lang='lat' dir='ltr'><strong>ex</strong></span> <span class='ocrx_word' id='word_1_220' title='bbox 2284 1651 2366 1706; x_wconf 89' lang='lat' dir='ltr'><strong>eis</strong></span> <span class='ocrx_word' id='word_1_221' title='bbox 2396 1669 2407 1704; x_wconf 90' lang='lat'><strong>:</strong></span> <span class='ocrx_word' id='word_1_222' title='bbox 2436 1651 2709 1706; x_wconf 83' lang='lat' dir='ltr'><strong>mandans</strong></span> <span class='ocrx_word' id='word_1_223' title='bbox 2735 1663 2854 1706; x_wconf 89' lang='lat' dir='ltr'><strong>eam</strong></span> <span class='ocrx_word' id='word_1_224' title='bbox 2877 1651 3099 1708; x_wconf 81' lang='lat' dir='ltr'><strong>lavacro</strong></span> <span class='ocrx_word' id='word_1_225' title='bbox 3129 1664 3286 1723; x_wconf 72' lang='lat' dir='ltr'><strong>aqua:</strong></span> <span class='ocrx_word' id='word_1_226' title='bbox 3316 1653 3371 1708; x_wconf 89' lang='lat' dir='ltr'><strong>in</strong></span> <span class='ocrx_word' id='word_1_227' title='bbox 3396 1667 3522 1710; x_wconf 85' lang='lat' dir='ltr'><strong>ver-</strong></span> 
     </span>
    </p>
   </div>
   <div class='ocr_carea' id='block_1_31' title="bbox 1921 1743 3521 1816">
    <p class='ocr_par' dir='ltr' id='par_1_31' title="bbox 1921 1743 3521 1816">
     <span class='ocr_line' id='line_1_31' title="bbox 1921 1743 3521 1816; baseline 0.001 -16"><span class='ocrx_word' id='word_1_228' title='bbox 1921 1744 2012 1810; x_wconf 91' lang='lat' dir='ltr'><strong>bo,</strong></span> <span class='ocrx_word' id='word_1_229' title='bbox 2039 1754 2202 1816; x_wconf 81' lang='lat' dir='ltr'><strong>atque</strong></span> <span class='ocrx_word' id='word_1_230' title='bbox 2219 1759 2339 1800; x_wconf 83' lang='lat' dir='ltr'><strong>eam</strong></span> <span class='ocrx_word' id='word_1_231' title='bbox 2364 1743 2484 1800; x_wconf 88' lang='lat' dir='ltr'><strong>sine</strong></span> <span class='ocrx_word' id='word_1_232' title='bbox 2507 1743 2745 1810; x_wconf 82' lang='lat' dir='ltr'><strong>macula,</strong></span> <span class='ocrx_word' id='word_1_233' title='bbox 2767 1753 2823 1800; x_wconf 91' lang='lat' dir='ltr'><strong>et</strong></span> <span class='ocrx_word' id='word_1_234' title='bbox 2851 1760 2986 1815; x_wconf 85' lang='lat' dir='ltr'><strong>ruga</strong></span> <span class='ocrx_word' id='word_1_235' title='bbox 3016 1745 3265 1801; x_wconf 77' lang='lat' dir='ltr'><strong>alliciens</strong></span> <span class='ocrx_word' id='word_1_236' title='bbox 3298 1764 3309 1798; x_wconf 78' lang='grc' dir='ltr'>ε</span> <span class='ocrx_word' id='word_1_237' title='bbox 3340 1746 3392 1802; x_wconf 93' lang='lat' dir='ltr'><strong>id</strong></span> <span class='ocrx_word' id='word_1_238' title='bbox 3416 1754 3521 1811; x_wconf 87' lang='lat' dir='ltr'><strong>est,</strong></span> 
     </span>
    </p>
   </div>
   <div class='ocr_carea' id='block_1_32' title="bbox 242 1829 3518 1912">
    <p class='ocr_par' dir='ltr' id='par_1_32' title="bbox 242 1829 3518 1912">
     <span class='ocr_line' id='line_1_32' title="bbox 242 1829 3518 1912; baseline 0 -18"><span class='ocrx_word' id='word_1_239' title='bbox 242 1840 460 1895; x_wconf 88' lang='lat' dir='ltr'><strong>medium</strong></span> <span class='ocrx_word' id='word_1_240' title='bbox 490 1839 878 1912; x_wconf 84' lang='lat' dir='ltr'><strong>peccatoribus</strong></span> <span class='ocrx_word' id='word_1_241' title='bbox 914 1840 1076 1910; x_wconf 90' lang='lat' dir='ltr'><strong>:quia</strong></span> <span class='ocrx_word' id='word_1_242' title='bbox 1098 1853 1292 1911; x_wconf 85' lang='lat' dir='ltr'><strong>preces</strong></span> <span class='ocrx_word' id='word_1_243' title='bbox 1319 1853 1509 1896; x_wconf 90' lang='lat' dir='ltr'><strong>eorum</strong></span> <span class='ocrx_word' id='word_1_244' title='bbox 1551 1839 1814 1897; x_wconf 87' lang='lat' dir='ltr'><strong>Dominus</strong></span> <span class='ocrx_word' id='word_1_245' title='bbox 1844 1829 1892 1893; x_wconf 81' lang='grc' dir='ltr'><strong>Β</strong></span> <span class='ocrx_word' id='word_1_246' title='bbox 1922 1851 2112 1909; x_wconf 88' lang='lat' dir='ltr'><strong>puram</strong></span> <span class='ocrx_word' id='word_1_247' title='bbox 2164 1851 2194 1891; x_wconf 92' lang='lat' dir='ltr'><strong>a</strong></span> <span class='ocrx_word' id='word_1_248' title='bbox 2243 1848 2490 1906; x_wconf 83' lang='lat' dir='ltr'><strong>peccato,</strong></span> <span class='ocrx_word' id='word_1_249' title='bbox 2522 1849 2574 1892; x_wconf 88' lang='lat' dir='ltr'><strong>et</strong></span> <span class='ocrx_word' id='word_1_250' title='bbox 2617 1836 2972 1894; x_wconf 78' lang='lat' dir='ltr'><strong>confessione</strong></span> <span class='ocrx_word' id='word_1_251' title='bbox 3013 1837 3138 1892; x_wconf 90' lang='lat' dir='ltr'><strong>fidei</strong></span> <span class='ocrx_word' id='word_1_252' title='bbox 3185 1837 3518 1907; x_wconf 88' lang='lat' dir='ltr'><strong>simplicem,</strong></span> 
     </span>
    </p>
   </div>
   <div class='ocr_carea' id='block_1_33' title="bbox 240 1932 1088 2012">
    <p class='ocr_par' dir='ltr' id='par_1_33' title="bbox 240 1932 1088 2012">
     <span class='ocr_line' id='line_1_33' title="bbox 240 1932 1088 2012; baseline 0.001 -24"><span class='ocrx_word' id='word_1_253' title='bbox 240 1933 282 1988; x_wconf 91' lang='lat' dir='ltr'><strong>in</strong></span> <span class='ocrx_word' id='word_1_254' title='bbox 306 1932 389 1989; x_wconf 89' lang='lat' dir='ltr'><strong>die</strong></span> <span class='ocrx_word' id='word_1_255' title='bbox 415 1933 640 2012; x_wconf 76' lang='lat' dir='ltr'><strong>ultipnis</strong></span> <span class='ocrx_word' id='word_1_256' title='bbox 667 1948 773 1988; x_wconf 90' lang='lat' dir='ltr'><strong>non</strong></span> <span class='ocrx_word' id='word_1_257' title='bbox 806 1933 1088 2004; x_wconf 90' lang='lat' dir='ltr'><strong>suscipiet.</strong></span> 
     </span>
    </p>
   </div>
   <div class='ocr_carea' id='block_1_34' title="bbox 295 2027 1815 2099">
    <p class='ocr_par' dir='ltr' id='par_1_34' title="bbox 295 2027 1815 2099">
     <span class='ocr_line' id='line_1_34' title="bbox 295 2027 1815 2099; baseline 0.003 -19"><span class='ocrx_word' id='word_1_258' title='bbox 295 2027 387 2081; x_wconf 78' lang='lat' dir='ltr'><strong>Aut</strong></span> <span class='ocrx_word' id='word_1_259' title='bbox 420 2028 611 2098; x_wconf 78' lang='lat' dir='ltr'><strong>poterit</strong></span> <span class='ocrx_word' id='word_1_260' title='bbox 666 2028 719 2081; x_wconf 89' lang='lat' dir='ltr'><strong>in</strong></span> <span class='ocrx_word' id='word_1_261' title='bbox 771 2028 1117 2099; x_wconf 82' lang='lat' dir='ltr'><strong>omnipotente</strong></span> <span class='ocrx_word' id='word_1_262' title='bbox 1168 2028 1437 2093; x_wconf 82' lang='lat' dir='ltr'><strong>delectari,</strong></span> <span class='ocrx_word' id='word_1_263' title='bbox 1480 2037 1530 2084; x_wconf 88' lang='lat' dir='ltr'><strong>et</strong></span> <span class='ocrx_word' id='word_1_264' title='bbox 1571 2029 1815 2086; x_wconf 83' lang='lat' dir='ltr'><strong>invocare</strong></span> 
     </span>
    </p>
   </div>
   <div class='ocr_carea' id='block_1_35' title="bbox 237 2117 1815 2193">
    <p class='ocr_par' dir='ltr' id='par_1_35' title="bbox 237 2117 1815 2193">
     <span class='ocr_line' id='line_1_35' title="bbox 237 2117 1815 2193; baseline 0.004 -21"><span class='ocrx_word' id='word_1_265' title='bbox 237 2117 379 2174; x_wconf 65' lang='lat' dir='ltr'><strong>Dium</strong></span> <span class='ocrx_word' id='word_1_266' title='bbox 420 2121 562 2175; x_wconf 86' lang='lat' dir='ltr'><strong>omni</strong></span> <span class='ocrx_word' id='word_1_267' title='bbox 591 2123 854 2193; x_wconf 83' lang='lat' dir='ltr'><strong>tempore?</strong></span> <span class='ocrx_word' id='word_1_268' title='bbox 884 2120 932 2175; x_wconf 88' lang='lat' dir='ltr'><strong>ls</strong></span> <span class='ocrx_word' id='word_1_269' title='bbox 965 2123 1018 2176; x_wconf 93' lang='lat' dir='ltr'><strong>in</strong></span> <span class='ocrx_word' id='word_1_270' title='bbox 1059 2121 1172 2176; x_wconf 88' lang='lat' dir='ltr'><strong>Deo</strong></span> <span class='ocrx_word' id='word_1_271' title='bbox 1200 2121 1462 2177; x_wconf 86' lang='lat' dir='ltr'><strong>delectari</strong></span> <span class='ocrx_word' id='word_1_272' title='bbox 1513 2123 1733 2192; x_wconf 87' lang='lat' dir='ltr'><strong>poterit,</strong></span> <span class='ocrx_word' id='word_1_273' title='bbox 1759 2132 1815 2178; x_wconf 88' lang='lat' dir='ltr'><strong>et</strong></span> 
     </span>
    </p>
   </div>
   <div class='ocr_carea' id='block_1_36' title="bbox 235 2211 1810 2284">
    <p class='ocr_par' dir='ltr' id='par_1_36' title="bbox 235 2211 1810 2284">
     <span class='ocr_line' id='line_1_36' title="bbox 235 2211 1810 2284; baseline 0.004 -19"><span class='ocrx_word' id='word_1_274' title='bbox 235 2211 628 2281; x_wconf 86' lang='lat' dir='ltr'><strong>invocareeum,</strong></span> <span class='ocrx_word' id='word_1_275' title='bbox 647 2215 736 2283; x_wconf 88' lang='lat' dir='ltr'><strong>qui</strong></span> <span class='ocrx_word' id='word_1_276' title='bbox 762 2213 868 2270; x_wconf 89' lang='lat' dir='ltr'><strong>sibi</strong></span> <span class='ocrx_word' id='word_1_277' title='bbox 889 2213 1030 2269; x_wconf 87' lang='lat' dir='ltr'><strong>bene</strong></span> <span class='ocrx_word' id='word_1_278' title='bbox 1051 2215 1306 2270; x_wconf 87' lang='lat' dir='ltr'><strong>conscius</strong></span> <span class='ocrx_word' id='word_1_279' title='bbox 1329 2222 1478 2270; x_wconf 83' lang='lat' dir='ltr'><strong>recte</strong></span> <span class='ocrx_word' id='word_1_280' title='bbox 1506 2216 1810 2284; x_wconf 79' lang='lat' dir='ltr'><strong>praesumit,</strong></span> 
     </span>
    </p>
   </div>
   <div class='ocr_carea' id='block_1_37' title="bbox 232 2305 1809 2379">
    <p class='ocr_par' dir='ltr' id='par_1_37' title="bbox 232 2305 1809 2379">
     <span class='ocr_line' id='line_1_37' title="bbox 232 2305 1809 2379; baseline 0.003 -18"><span class='ocrx_word' id='word_1_281' title='bbox 232 2314 276 2361; x_wconf 85' lang='lat' dir='ltr'><strong>et</strong></span> <span class='ocrx_word' id='word_1_282' title='bbox 299 2305 384 2376; x_wconf 92' lang='lat' dir='ltr'><strong>qui</strong></span> <span class='ocrx_word' id='word_1_283' title='bbox 413 2321 474 2362; x_wconf 86' lang='lat' dir='ltr'><strong>se</strong></span> <span class='ocrx_word' id='word_1_284' title='bbox 498 2305 662 2363; x_wconf 83' lang='lat' dir='ltr'><strong>talem</strong></span> <span class='ocrx_word' id='word_1_285' title='bbox 694 2305 1027 2376; x_wconf 79' lang='lat' dir='ltr'><strong>exhibuerit,</strong></span> <span class='ocrx_word' id='word_1_286' title='bbox 1061 2315 1117 2362; x_wconf 91' lang='lat' dir='ltr'><strong>ut</strong></span> <span class='ocrx_word' id='word_1_287' title='bbox 1143 2307 1386 2379; x_wconf 88' lang='lat' dir='ltr'><strong>quolibet</strong></span> <span class='ocrx_word' id='word_1_288' title='bbox 1414 2321 1661 2379; x_wconf 90' lang='lat' dir='ltr'><strong>tempore</strong></span> <span class='ocrx_word' id='word_1_289' title='bbox 1694 2325 1809 2366; x_wconf 86' lang='lat' dir='ltr'><strong>tue-</strong></span> 
     </span>
    </p>
   </div>
   <div class='ocr_carea' id='block_1_38' title="bbox 231 2400 628 2456">
    <p class='ocr_par' dir='ltr' id='par_1_38' title="bbox 231 2400 628 2456">
     <span class='ocr_line' id='line_1_38' title="bbox 231 2400 628 2456; baseline 0.003 -3"><span class='ocrx_word' id='word_1_290' title='bbox 231 2409 398 2454; x_wconf 87' lang='lat' dir='ltr'><strong>reatur</strong></span> <span class='ocrx_word' id='word_1_291' title='bbox 425 2400 628 2456; x_wconf 85' lang='lat' dir='ltr'><strong>audiri.</strong></span> 
     </span>
    </p>
   </div>
   <div class='ocr_carea' id='block_1_39' title="bbox 288 2490 1807 2566">
    <p class='ocr_par' dir='ltr' id='par_1_39' title="bbox 288 2490 1807 2566">
     <span class='ocr_line' id='line_1_39' title="bbox 288 2490 1807 2566; baseline 0.003 -21"><span class='ocrx_word' id='word_1_292' title='bbox 288 2490 485 2547; x_wconf 82' lang='lat' dir='ltr'><strong>Docebo</strong></span> <span class='ocrx_word' id='word_1_293' title='bbox 505 2508 594 2546; x_wconf 69' lang='lat' dir='ltr'><strong>eos</strong></span> <span class='ocrx_word' id='word_1_294' title='bbox 623 2509 717 2564; x_wconf 84' lang='lat' dir='ltr'><strong>per</strong></span> <span class='ocrx_word' id='word_1_295' title='bbox 744 2509 953 2548; x_wconf 83' lang='lat' dir='ltr'><strong>manum</strong></span> <span class='ocrx_word' id='word_1_296' title='bbox 992 2491 1092 2548; x_wconf 86' lang='lat' dir='ltr'><strong>Dei</strong></span> <span class='ocrx_word' id='word_1_297' title='bbox 1116 2509 1231 2562; x_wconf 78' lang='lat' dir='ltr'><strong>quw</strong></span> <span class='ocrx_word' id='word_1_298' title='bbox 1256 2495 1572 2566; x_wconf 82' lang='lat' dir='ltr'><strong>omnipotens</strong></span> <span class='ocrx_word' id='word_1_299' title='bbox 1601 2495 1807 2562; x_wconf 78' lang='lat' dir='ltr'><strong>habeat,-</strong></span> 
     </span>
    </p>
   </div>
   <div class='ocr_carea' id='block_1_40' title="bbox 229 2585 1813 2660">
    <p class='ocr_par' dir='ltr' id='par_1_40' title="bbox 229 2585 1813 2660">
     <span class='ocr_line' id='line_1_40' title="bbox 229 2585 1813 2660; baseline 0.003 -21"><span class='ocrx_word' id='word_1_300' title='bbox 229 2601 303 2639; x_wconf 82' lang='lat' dir='ltr'><strong>nec</strong></span> <span class='ocrx_word' id='word_1_301' title='bbox 330 2585 667 2641; x_wconf 75' lang='lat' dir='ltr'><strong>abscondam.</strong></span> <span class='ocrx_word' id='word_1_302' title='bbox 701 2585 835 2642; x_wconf 83' lang='lat' dir='ltr'><strong>Ecce</strong></span> <span class='ocrx_word' id='word_1_303' title='bbox 881 2602 970 2643; x_wconf 78' lang='lat' dir='ltr'><strong>vos</strong></span> <span class='ocrx_word' id='word_1_304' title='bbox 1013 2603 1187 2644; x_wconf 78' lang='lat' dir='ltr'><strong>omnes</strong></span> <span class='ocrx_word' id='word_1_305' title='bbox 1228 2590 1414 2658; x_wconf 84' lang='lat' dir='ltr'><strong>nostis,</strong></span> <span class='ocrx_word' id='word_1_306' title='bbox 1447 2600 1494 2643; x_wconf 87' lang='lat' dir='ltr'><strong>et</strong></span> <span class='ocrx_word' id='word_1_307' title='bbox 1533 2589 1658 2660; x_wconf 80' lang='lat' dir='ltr'><strong>quid</strong></span> <span class='ocrx_word' id='word_1_308' title='bbox 1699 2588 1813 2644; x_wconf 83' lang='lat' dir='ltr'><strong>sine</strong></span> 
     </span>
    </p>
   </div>
   <div class='ocr_carea' id='block_1_41' title="bbox 227 2683 1811 2756">
    <p class='ocr_par' dir='ltr' id='par_1_41' title="bbox 227 2683 1811 2756">
     <span class='ocr_line' id='line_1_41' title="bbox 227 2683 1811 2756; baseline 0.003 -22"><span class='ocrx_word' id='word_1_309' title='bbox 227 2697 364 2736; x_wconf 82' lang='lat' dir='ltr'><strong>causa</strong></span> <span class='ocrx_word' id='word_1_310' title='bbox 413 2693 546 2736; x_wconf 80' lang='lat' dir='ltr'><strong>uana</strong></span> <span class='ocrx_word' id='word_1_311' title='bbox 587 2683 896 2753; x_wconf 83' lang='lat' dir='ltr'><strong>loquimini?</strong></span> <span class='ocrx_word' id='word_1_312' title='bbox 943 2683 1072 2739; x_wconf 75' lang='lat' dir='ltr'><strong>Ilwc</strong></span> <span class='ocrx_word' id='word_1_313' title='bbox 1116 2693 1191 2739; x_wconf 89' lang='lat' dir='ltr'><strong>est</strong></span> <span class='ocrx_word' id='word_1_314' title='bbox 1225 2699 1345 2756; x_wconf 82' lang='lat' dir='ltr'><strong>pars</strong></span> <span class='ocrx_word' id='word_1_315' title='bbox 1391 2685 1613 2739; x_wconf 76' lang='lat' dir='ltr'><strong>hominis</strong></span> <span class='ocrx_word' id='word_1_316' title='bbox 1659 2684 1811 2753; x_wconf 80' lang='lat' dir='ltr'><strong>impii</strong></span> 
     </span>
    </p>
   </div>
   <div class='ocr_carea' id='block_1_42' title="bbox 226 2771 1810 2847">
    <p class='ocr_par' dir='ltr' id='par_1_42' title="bbox 226 2771 1810 2847">
     <span class='ocr_line' id='line_1_42' title="bbox 226 2771 1810 2847; baseline 0.003 -22"><span class='ocrx_word' id='word_1_317' title='bbox 226 2773 348 2844; x_wconf 75' lang='lat' dir='ltr'><strong>apud</strong></span> <span class='ocrx_word' id='word_1_318' title='bbox 374 2771 564 2839; x_wconf 86' lang='lat' dir='ltr'><strong>Deum,</strong></span> <span class='ocrx_word' id='word_1_319' title='bbox 600 2782 650 2828; x_wconf 90' lang='lat' dir='ltr'><strong>et</strong></span> <span class='ocrx_word' id='word_1_320' title='bbox 679 2771 958 2830; x_wconf 72' lang='lat' dir='ltr'><strong>htrreditas</strong></span> <span class='ocrx_word' id='word_1_321' title='bbox 977 2775 1339 2841; x_wconf 75' lang='lat' dir='ltr'><strong>uiolentorum,</strong></span> <span class='ocrx_word' id='word_1_322' title='bbox 1369 2785 1521 2847; x_wconf 82' lang='lat' dir='ltr'><strong>quam</strong></span> <span class='ocrx_word' id='word_1_323' title='bbox 1548 2775 1614 2830; x_wconf 82' lang='lat' dir='ltr'><strong>ob</strong></span> <span class='ocrx_word' id='word_1_324' title='bbox 1643 2776 1810 2829; x_wconf 83' lang='lat' dir='ltr'><strong>omni-</strong></span> 
     </span>
    </p>
   </div>
   <div class='ocr_carea' id='block_1_43' title="bbox 223 2867 1807 2939">
    <p class='ocr_par' dir='ltr' id='par_1_43' title="bbox 223 2867 1807 2939">
     <span class='ocr_line' id='line_1_43' title="bbox 223 2867 1807 2939; baseline 0.002 -18"><span class='ocrx_word' id='word_1_325' title='bbox 223 2877 406 2937; x_wconf 85' lang='lat' dir='ltr'><strong>patente</strong></span> <span class='ocrx_word' id='word_1_326' title='bbox 435 2867 737 2936; x_wconf 78' lang='lat' dir='ltr'><strong>suscipienl.</strong></span> <span class='ocrx_word' id='word_1_327' title='bbox 771 2868 866 2922; x_wconf 88' lang='lat' dir='ltr'><strong>Illa</strong></span> <span class='ocrx_word' id='word_1_328' title='bbox 892 2868 1025 2924; x_wconf 92' lang='lat' dir='ltr'><strong>dicit</strong></span> <span class='ocrx_word' id='word_1_329' title='bbox 1053 2883 1179 2939; x_wconf 64' lang='lat' dir='ltr'><strong>quae</strong></span> <span class='ocrx_word' id='word_1_330' title='bbox 1206 2869 1370 2924; x_wconf 86' lang='lat' dir='ltr'><strong>habet</strong></span> <span class='ocrx_word' id='word_1_331' title='bbox 1396 2868 1539 2923; x_wconf 89' lang='lat' dir='ltr'><strong>Deus</strong></span> <span class='ocrx_word' id='word_1_332' title='bbox 1561 2869 1617 2924; x_wconf 91' lang='lat' dir='ltr'><strong>in</strong></span> <span class='ocrx_word' id='word_1_333' title='bbox 1643 2882 1807 2924; x_wconf 89' lang='lat' dir='ltr'><strong>manu</strong></span> 
     </span>
    </p>
   </div>
   <div class='ocr_carea' id='block_1_44' title="bbox 223 2959 1436 3032">
    <p class='ocr_par' dir='ltr' id='par_1_44' title="bbox 223 2959 1436 3032">
     <span class='ocr_line' id='line_1_44' title="bbox 223 2959 1436 3032; baseline 0.004 -19"><span class='ocrx_word' id='word_1_334' title='bbox 223 2969 277 3014; x_wconf 82' lang='lat' dir='ltr'><strong>ac</strong></span> <span class='ocrx_word' id='word_1_335' title='bbox 297 2969 590 3030; x_wconf 82' lang='lat' dir='ltr'><strong>petestate,</strong></span> <span class='ocrx_word' id='word_1_336' title='bbox 618 2968 675 3016; x_wconf 88' lang='lat' dir='ltr'><strong>et</strong></span> <span class='ocrx_word' id='word_1_337' title='bbox 706 2961 758 3016; x_wconf 90' lang='lat' dir='ltr'><strong>in</strong></span> <span class='ocrx_word' id='word_1_338' title='bbox 791 2959 1022 3017; x_wconf 81' lang='lat' dir='ltr'><strong>secretis</strong></span> <span class='ocrx_word' id='word_1_339' title='bbox 1051 2962 1272 3032; x_wconf 86' lang='lat' dir='ltr'><strong>judiciis</strong></span> <span class='ocrx_word' id='word_1_340' title='bbox 1301 2962 1436 3018; x_wconf 86' lang='lat' dir='ltr'><strong>suis.</strong></span> 
     </span>
    </p>
   </div>
   <div class='ocr_carea' id='block_1_45' title="bbox 282 3049 1806 3126">
    <p class='ocr_par' dir='ltr' id='par_1_45' title="bbox 282 3049 1806 3126">
     <span class='ocr_line' id='line_1_45' title="bbox 282 3049 1806 3126; baseline 0.003 -20"><span class='ocrx_word' id='word_1_341' title='bbox 282 3049 336 3106; x_wconf 87' lang='lat' dir='ltr'><strong>Si</strong></span> <span class='ocrx_word' id='word_1_342' title='bbox 357 3050 698 3123; x_wconf 77' lang='lat' dir='ltr'><strong>multiplicati</strong></span> <span class='ocrx_word' id='word_1_343' title='bbox 721 3051 918 3122; x_wconf 78' lang='lat' dir='ltr'><strong>fuerint</strong></span> <span class='ocrx_word' id='word_1_344' title='bbox 944 3053 1046 3122; x_wconf 80' lang='lat' dir='ltr'><strong>ﬁlii</strong></span> <span class='ocrx_word' id='word_1_345' title='bbox 1085 3056 1217 3126; x_wconf 83' lang='lat' dir='ltr'><strong>ejus,</strong></span> <span class='ocrx_word' id='word_1_346' title='bbox 1249 3053 1305 3108; x_wconf 85' lang='lat' dir='ltr'><strong>in</strong></span> <span class='ocrx_word' id='word_1_347' title='bbox 1347 3053 1527 3125; x_wconf 84' lang='lat' dir='ltr'><strong>gladio</strong></span> <span class='ocrx_word' id='word_1_348' title='bbox 1569 3061 1724 3110; x_wconf 85' lang='lat' dir='ltr'><strong>erunt</strong></span> <span class='ocrx_word' id='word_1_349' title='bbox 1756 3065 1806 3110; x_wconf 86' lang='lat' dir='ltr'><strong>et</strong></span> 
     </span>
    </p>
   </div>
   <div class='ocr_carea' id='block_1_46' title="bbox 221 3141 1806 3215">
    <p class='ocr_par' dir='ltr' id='par_1_46' title="bbox 221 3141 1806 3215">
     <span class='ocr_line' id='line_1_46' title="bbox 221 3141 1806 3215; baseline 0.004 -21"><span class='ocrx_word' id='word_1_350' title='bbox 221 3151 414 3214; x_wconf 75' lang='lat' dir='ltr'><strong>nepotes</strong></span> <span class='ocrx_word' id='word_1_351' title='bbox 437 3146 554 3215; x_wconf 82' lang='lat' dir='ltr'><strong>ejus</strong></span> <span class='ocrx_word' id='word_1_352' title='bbox 581 3159 683 3197; x_wconf 89' lang='lat' dir='ltr'><strong>non</strong></span> <span class='ocrx_word' id='word_1_353' title='bbox 713 3143 1087 3198; x_wconf 79' lang='lat' dir='ltr'><strong>saturabuntur</strong></span> <span class='ocrx_word' id='word_1_354' title='bbox 1114 3159 1266 3214; x_wconf 81' lang='lat' dir='ltr'><strong>pane.</strong></span> <span class='ocrx_word' id='word_1_355' title='bbox 1303 3141 1360 3198; x_wconf 83' lang='lat' dir='ltr'><strong>In</strong></span> <span class='ocrx_word' id='word_1_356' title='bbox 1393 3143 1516 3199; x_wconf 85' lang='lat' dir='ltr'><strong>filiis</strong></span> <span class='ocrx_word' id='word_1_357' title='bbox 1553 3156 1604 3200; x_wconf 86' lang='lat' dir='ltr'><strong>et</strong></span> <span class='ocrx_word' id='word_1_358' title='bbox 1637 3159 1806 3215; x_wconf 84' lang='lat' dir='ltr'><strong>nepo-</strong></span> 
     </span>
    </p>
   </div>
   <div class='ocr_carea' id='block_1_47' title="bbox 1920 1930 3522 2004">
    <p class='ocr_par' dir='ltr' id='par_1_47' title="bbox 1920 1930 3522 2004">
     <span class='ocr_line' id='line_1_47' title="bbox 1920 1930 3522 2004; baseline 0.002 -19"><span class='ocrx_word' id='word_1_359' title='bbox 1920 1931 2164 2002; x_wconf 89' lang='lat' dir='ltr'><strong>pretioso</strong></span> <span class='ocrx_word' id='word_1_360' title='bbox 2212 1930 2391 1987; x_wconf 81' lang='lat' dir='ltr'><strong>induit</strong></span> <span class='ocrx_word' id='word_1_361' title='bbox 2431 1931 2786 1986; x_wconf 84' lang='lat' dir='ltr'><strong>vestimento.</strong></span> <span class='ocrx_word' id='word_1_362' title='bbox 2830 1933 3137 2004; x_wconf 81' lang='lat' dir='ltr'><strong>Argentum</strong></span> <span class='ocrx_word' id='word_1_363' title='bbox 3184 1932 3354 1988; x_wconf 90' lang='lat' dir='ltr'><strong>etiam</strong></span> <span class='ocrx_word' id='word_1_364' title='bbox 3409 1948 3522 2002; x_wconf 91' lang='lat' dir='ltr'><strong>quo</strong></span> 
     </span>
    </p>
   </div>
   <div class='ocr_carea' id='block_1_48' title="bbox 1917 2024 3521 2096">
    <p class='ocr_par' dir='ltr' id='par_1_48' title="bbox 1917 2024 3521 2096">
     <span class='ocr_line' id='line_1_48' title="bbox 1917 2024 3521 2096; baseline 0 -15"><span class='ocrx_word' id='word_1_365' title='bbox 1917 2025 2190 2096; x_wconf 88' lang='lat' dir='ltr'><strong>perspicui</strong></span> <span class='ocrx_word' id='word_1_366' title='bbox 2212 2026 2438 2096; x_wconf 87' lang='lat' dir='ltr'><strong>quique,</strong></span> <span class='ocrx_word' id='word_1_367' title='bbox 2469 2033 2526 2080; x_wconf 91' lang='lat' dir='ltr'><strong>ut</strong></span> <span class='ocrx_word' id='word_1_368' title='bbox 2545 2024 2656 2095; x_wconf 86' lang='lat' dir='ltr'><strong>jam</strong></span> <span class='ocrx_word' id='word_1_369' title='bbox 2674 2026 2894 2081; x_wconf 89' lang='lat' dir='ltr'><strong>locutus</strong></span> <span class='ocrx_word' id='word_1_370' title='bbox 2918 2040 3063 2091; x_wconf 86' lang='lat' dir='ltr'><strong>sum,</strong></span> <span class='ocrx_word' id='word_1_371' title='bbox 3091 2034 3146 2081; x_wconf 87' lang='lat' dir='ltr'><strong>et</strong></span> <span class='ocrx_word' id='word_1_372' title='bbox 3174 2025 3309 2081; x_wconf 87' lang='lat' dir='ltr'><strong>clari</strong></span> <span class='ocrx_word' id='word_1_373' title='bbox 3333 2026 3521 2082; x_wconf 88' lang='lat' dir='ltr'><strong>mundi</strong></span> 
     </span>
    </p>
   </div>
   <div class='ocr_carea' id='block_1_49' title="bbox 1917 2118 3521 2192">
    <p class='ocr_par' dir='ltr' id='par_1_49' title="bbox 1917 2118 3521 2192">
     <span class='ocr_line' id='line_1_49' title="bbox 1917 2118 3521 2192; baseline 0.001 -17"><span class='ocrx_word' id='word_1_374' title='bbox 1917 2121 2075 2192; x_wconf 89' lang='lat' dir='ltr'><strong>hujus</strong></span> <span class='ocrx_word' id='word_1_375' title='bbox 2111 2121 2492 2192; x_wconf 86' lang='lat' dir='ltr'><strong>intelliguntur</strong></span> <span class='ocrx_word' id='word_1_376' title='bbox 2524 2139 2534 2173; x_wconf 94' lang='lat'>:</span> <span class='ocrx_word' id='word_1_377' title='bbox 2573 2121 2839 2176; x_wconf 88' lang='lat' dir='ltr'><strong>innocens</strong></span> <span class='ocrx_word' id='word_1_378' title='bbox 2880 2122 3068 2190; x_wconf 81' lang='lat' dir='ltr'><strong>Agnus</strong></span> <span class='ocrx_word' id='word_1_379' title='bbox 3095 2118 3213 2187; x_wconf 88' lang='lat' dir='ltr'><strong>Dei,</strong></span> <span class='ocrx_word' id='word_1_380' title='bbox 3236 2128 3294 2176; x_wconf 85' lang='lat' dir='ltr'><strong>et</strong></span> <span class='ocrx_word' id='word_1_381' title='bbox 3323 2121 3521 2176; x_wconf 88' lang='lat' dir='ltr'><strong>imma-</strong></span> 
     </span>
    </p>
   </div>
   <div class='ocr_carea' id='block_1_50' title="bbox 1914 2211 3522 2280">
    <p class='ocr_par' dir='ltr' id='par_1_50' title="bbox 1914 2211 3522 2280">
     <span class='ocr_line' id='line_1_50' title="bbox 1914 2211 3522 2280; baseline -0.001 -10"><span class='ocrx_word' id='word_1_382' title='bbox 1914 2215 2130 2270; x_wconf 89' lang='lat' dir='ltr'><strong>culatus</strong></span> <span class='ocrx_word' id='word_1_383' title='bbox 2153 2213 2382 2280; x_wconf 78' lang='lat' dir='ltr'><strong>dividit,</strong></span> <span class='ocrx_word' id='word_1_384' title='bbox 2417 2227 2542 2267; x_wconf 88' lang='lat' dir='ltr'><strong>cum</strong></span> <span class='ocrx_word' id='word_1_385' title='bbox 2584 2213 2878 2268; x_wconf 87' lang='lat' dir='ltr'><strong>credentes</strong></span> <span class='ocrx_word' id='word_1_386' title='bbox 2907 2211 2966 2266; x_wconf 91' lang='lat' dir='ltr'><strong>in</strong></span> <span class='ocrx_word' id='word_1_387' title='bbox 3008 2213 3226 2268; x_wconf 82' lang='lat' dir='ltr'><strong>beatam</strong></span> <span class='ocrx_word' id='word_1_388' title='bbox 3256 2213 3425 2268; x_wconf 84' lang='lat' dir='ltr'><strong>vitam</strong></span> <span class='ocrx_word' id='word_1_389' title='bbox 3464 2221 3522 2268; x_wconf 92' lang='lat' dir='ltr'><strong>et</strong></span> 
     </span>
    </p>
   </div>
   <div class='ocr_carea' id='block_1_51' title="bbox 1913 2304 3517 2375">
    <p class='ocr_par' dir='ltr' id='par_1_51' title="bbox 1913 2304 3517 2375">
     <span class='ocr_line' id='line_1_51' title="bbox 1913 2304 3517 2375; baseline -0.001 -13"><span class='ocrx_word' id='word_1_390' title='bbox 1913 2317 2178 2362; x_wconf 68' lang='lat' dir='ltr'><strong>aeternam</strong></span> <span class='ocrx_word' id='word_1_391' title='bbox 2224 2305 2457 2374; x_wconf 85' lang='lat' dir='ltr'><strong>gloriam</strong></span> <span class='ocrx_word' id='word_1_392' title='bbox 2510 2305 2704 2370; x_wconf 81' lang='lat' dir='ltr'><strong>mittit,</strong></span> <span class='ocrx_word' id='word_1_393' title='bbox 2737 2305 3134 2360; x_wconf 86' lang='lat' dir='ltr'><strong>etincredulos</strong></span> <span class='ocrx_word' id='word_1_394' title='bbox 3163 2305 3217 2358; x_wconf 91' lang='lat' dir='ltr'><strong>in</strong></span> <span class='ocrx_word' id='word_1_395' title='bbox 3250 2304 3517 2375; x_wconf 91' lang='lat' dir='ltr'><strong>perditio-</strong></span> 
     </span>
    </p>
   </div>
   <div class='ocr_carea' id='block_1_52' title="bbox 1915 2397 3515 2470">
    <p class='ocr_par' dir='ltr' id='par_1_52' title="bbox 1915 2397 3515 2470">
     <span class='ocr_line' id='line_1_52' title="bbox 1915 2397 3515 2470; baseline -0.001 -15"><span class='ocrx_word' id='word_1_396' title='bbox 1915 2415 2037 2456; x_wconf 89' lang='lat' dir='ltr'><strong>nem</strong></span> <span class='ocrx_word' id='word_1_397' title='bbox 2069 2398 2254 2454; x_wconf 89' lang='lat' dir='ltr'><strong>mittit.</strong></span> <span class='ocrx_word' id='word_1_398' title='bbox 2281 2397 2409 2455; x_wconf 86' lang='lat' dir='ltr'><strong>Sive</strong></span> <span class='ocrx_word' id='word_1_399' title='bbox 2455 2408 2741 2469; x_wconf 86' lang='lat' dir='ltr'><strong>argentum</strong></span> <span class='ocrx_word' id='word_1_400' title='bbox 2798 2398 2945 2454; x_wconf 79' lang='lat' dir='ltr'><strong>clara</strong></span> <span class='ocrx_word' id='word_1_401' title='bbox 2991 2407 3046 2454; x_wconf 88' lang='lat' dir='ltr'><strong>et</strong></span> <span class='ocrx_word' id='word_1_402' title='bbox 3072 2399 3373 2470; x_wconf 82' lang='lat' dir='ltr'><strong>splendens</strong></span> <span class='ocrx_word' id='word_1_403' title='bbox 3400 2402 3515 2455; x_wconf 83' lang='lat' dir='ltr'><strong>elo-</strong></span> 
     </span>
    </p>
   </div>
   <div class='ocr_carea' id='block_1_53' title="bbox 1915 2490 3514 2563">
    <p class='ocr_par' dir='ltr' id='par_1_53' title="bbox 1915 2490 3514 2563">
     <span class='ocr_line' id='line_1_53' title="bbox 1915 2490 3514 2563; baseline 0 -15"><span class='ocrx_word' id='word_1_404' title='bbox 1915 2494 2134 2562; x_wconf 81' lang='lat' dir='ltr'><strong>quentia</strong></span> <span class='ocrx_word' id='word_1_405' title='bbox 2161 2493 2463 2557; x_wconf 62' lang='lat' dir='ltr'><strong>saecularis,</strong></span> <span class='ocrx_word' id='word_1_406' title='bbox 2489 2507 2518 2545; x_wconf 72' lang='grc' dir='ltr'>ι</span> <span class='ocrx_word' id='word_1_407' title='bbox 2555 2492 2762 2547; x_wconf 90' lang='lat' dir='ltr'><strong>mundo</strong></span> <span class='ocrx_word' id='word_1_408' title='bbox 2792 2505 2887 2563; x_wconf 88' lang='lat' dir='ltr'><strong>per</strong></span> <span class='ocrx_word' id='word_1_409' title='bbox 2913 2490 3197 2547; x_wconf 84' lang='lat' dir='ltr'><strong>Christum</strong></span> <span class='ocrx_word' id='word_1_410' title='bbox 3225 2491 3475 2548; x_wconf 77' lang='lat' dir='ltr'><strong>aufertur</strong></span> <span class='ocrx_word' id='word_1_411' title='bbox 3502 2513 3514 2548; x_wconf 89' lang='lat'><strong>:</strong></span> 
     </span>
    </p>
   </div>
   <div class='ocr_carea' id='block_1_54' title="bbox 1915 2583 3512 2654">
    <p class='ocr_par' dir='ltr' id='par_1_54' title="bbox 1915 2583 3512 2654">
     <span class='ocr_line' id='line_1_54' title="bbox 1915 2583 3512 2654; baseline -0.003 -12"><span class='ocrx_word' id='word_1_412' title='bbox 1915 2594 1974 2642; x_wconf 93' lang='lat' dir='ltr'><strong>ut</strong></span> <span class='ocrx_word' id='word_1_413' title='bbox 2016 2585 2356 2641; x_wconf 85' lang='lat' dir='ltr'><strong>credentium</strong></span> <span class='ocrx_word' id='word_1_414' title='bbox 2411 2583 2686 2649; x_wconf 85' lang='lat' dir='ltr'><strong>facundia,</strong></span> <span class='ocrx_word' id='word_1_415' title='bbox 2739 2584 2932 2639; x_wconf 83' lang='lat' dir='ltr'><strong>nitenti</strong></span> <span class='ocrx_word' id='word_1_416' title='bbox 2984 2591 3039 2640; x_wconf 90' lang='lat' dir='ltr'><strong>et</strong></span> <span class='ocrx_word' id='word_1_417' title='bbox 3091 2598 3227 2654; x_wconf 87' lang='lat' dir='ltr'><strong>puro</strong></span> <span class='ocrx_word' id='word_1_418' title='bbox 3265 2585 3512 2654; x_wconf 89' lang='lat' dir='ltr'><strong>eloquio,</strong></span> 
     </span>
    </p>
   </div>
   <div class='ocr_carea' id='block_1_55' title="bbox 1911 2677 3511 2749">
    <p class='ocr_par' dir='ltr' id='par_1_55' title="bbox 1911 2677 3511 2749">
     <span class='ocr_line' id='line_1_55' title="bbox 1911 2677 3511 2749; baseline 0.001 -15"><span class='ocrx_word' id='word_1_419' title='bbox 1911 2680 2035 2748; x_wconf 87' lang='lat' dir='ltr'><strong>ejus</strong></span> <span class='ocrx_word' id='word_1_420' title='bbox 2084 2677 2443 2749; x_wconf 83' lang='lat' dir='ltr'><strong>Evangelium</strong></span> <span class='ocrx_word' id='word_1_421' title='bbox 2496 2677 2804 2744; x_wconf 78' lang='lat' dir='ltr'><strong>vestiatur;</strong></span> <span class='ocrx_word' id='word_1_422' title='bbox 2863 2677 2991 2747; x_wconf 83' lang='lat' dir='ltr'><strong>quia</strong></span> <span class='ocrx_word' id='word_1_423' title='bbox 3045 2677 3511 2748; x_wconf 87' lang='lat' dir='ltr'><strong>quemadmodum</strong></span> 
     </span>
    </p>
   </div>
   <div class='ocr_carea' id='block_1_56' title="bbox 1911 2772 3513 2833">
    <p class='ocr_par' dir='ltr' id='par_1_56' title="bbox 1911 2772 3513 2833">
     <span class='ocr_line' id='line_1_56' title="bbox 1911 2772 3513 2833; baseline -0.003 0"><span class='ocrx_word' id='word_1_424' title='bbox 1911 2779 2110 2833; x_wconf 75' lang='lat' dir='ltr'><strong>animm</strong></span> <span class='ocrx_word' id='word_1_425' title='bbox 2152 2776 2430 2831; x_wconf 90' lang='lat' dir='ltr'><strong>hominum</strong></span> <span class='ocrx_word' id='word_1_426' title='bbox 2474 2772 2739 2829; x_wconf 85' lang='lat' dir='ltr'><strong>virtutum</strong></span> <span class='ocrx_word' id='word_1_427' title='bbox 2772 2774 3014 2830; x_wconf 88' lang='lat' dir='ltr'><strong>vestibus</strong></span> <span class='ocrx_word' id='word_1_428' title='bbox 3057 2772 3356 2828; x_wconf 90' lang='lat' dir='ltr'><strong>induuntur</strong></span> <span class='ocrx_word' id='word_1_429' title='bbox 3389 2791 3400 2827; x_wconf 90' lang='lat'><strong>:</strong></span> <span class='ocrx_word' id='word_1_430' title='bbox 3437 2773 3513 2828; x_wconf 88' lang='lat' dir='ltr'><strong>ita</strong></span> 
     </span>
    </p>
   </div>
   <div class='ocr_carea' id='block_1_57' title="bbox 1910 2866 3511 2939">
    <p class='ocr_par' dir='ltr' id='par_1_57' title="bbox 1910 2866 3511 2939">
     <span class='ocr_line' id='line_1_57' title="bbox 1910 2866 3511 2939; baseline -0.004 -12"><span class='ocrx_word' id='word_1_431' title='bbox 1910 2881 1966 2927; x_wconf 86' lang='lat' dir='ltr'><strong>et</strong></span> <span class='ocrx_word' id='word_1_432' title='bbox 1997 2883 2189 2926; x_wconf 87' lang='lat' dir='ltr'><strong>sensus</strong></span> <span class='ocrx_word' id='word_1_433' title='bbox 2217 2869 2345 2924; x_wconf 90' lang='lat' dir='ltr'><strong>dum</strong></span> <span class='ocrx_word' id='word_1_434' title='bbox 2371 2867 2768 2939; x_wconf 65' lang='lat' dir='ltr'><strong>prmdlcntione</strong></span> <span class='ocrx_word' id='word_1_435' title='bbox 2800 2866 3303 2939; x_wconf 77' lang='lat' dir='ltr'><strong>Evangelizantium</strong></span> <span class='ocrx_word' id='word_1_436' title='bbox 3331 2882 3511 2922; x_wconf 82' lang='lat' dir='ltr'><strong>enun-</strong></span> 
     </span>
    </p>
   </div>
   <div class='ocr_carea' id='block_1_58' title="bbox 1912 2957 3511 3031">
    <p class='ocr_par' dir='ltr' id='par_1_58' title="bbox 1912 2957 3511 3031">
     <span class='ocr_line' id='line_1_58' title="bbox 1912 2957 3511 3031; baseline -0.003 -14"><span class='ocrx_word' id='word_1_437' title='bbox 1912 2963 2139 3026; x_wconf 85' lang='lat' dir='ltr'><strong>tiantur,</strong></span> <span class='ocrx_word' id='word_1_438' title='bbox 2172 2960 2577 3031; x_wconf 86' lang='lat' dir='ltr'><strong>quodammodo</strong></span> <span class='ocrx_word' id='word_1_439' title='bbox 2607 2959 2955 3015; x_wconf 83' lang='lat' dir='ltr'><strong>sermonibus</strong></span> <span class='ocrx_word' id='word_1_440' title='bbox 2978 2960 3315 3015; x_wconf 76' lang='lat' dir='ltr'><strong>veStiuntur.</strong></span> <span class='ocrx_word' id='word_1_441' title='bbox 3350 2957 3511 3014; x_wconf 62' lang='lat' dir='ltr'><strong>IEdi~</strong></span> 
     </span>
    </p>
   </div>
   <div class='ocr_carea' id='block_1_59' title="bbox 1909 3051 3510 3118">
    <p class='ocr_par' dir='ltr' id='par_1_59' title="bbox 1909 3051 3510 3118">
     <span class='ocr_line' id='line_1_59' title="bbox 1909 3051 3510 3118; baseline 0 -10"><span class='ocrx_word' id='word_1_442' title='bbox 1909 3053 2095 3110; x_wconf 86' lang='lat' dir='ltr'><strong>ticavit</strong></span> <span class='ocrx_word' id='word_1_443' title='bbox 2125 3055 2270 3108; x_wconf 90' lang='lat' dir='ltr'><strong>sicut</strong></span> <span class='ocrx_word' id='word_1_444' title='bbox 2301 3054 2446 3109; x_wconf 85' lang='lat' dir='ltr'><strong>tinea</strong></span> <span class='ocrx_word' id='word_1_445' title='bbox 2471 3052 2690 3108; x_wconf 90' lang='lat' dir='ltr'><strong>domum</strong></span> <span class='ocrx_word' id='word_1_446' title='bbox 2718 3067 2896 3118; x_wconf 83' lang='lat' dir='ltr'><strong>suam,</strong></span> <span class='ocrx_word' id='word_1_447' title='bbox 2923 3065 2978 3108; x_wconf 91' lang='lat' dir='ltr'><strong>et</strong></span> <span class='ocrx_word' id='word_1_448' title='bbox 3000 3052 3145 3107; x_wconf 84' lang='lat' dir='ltr'><strong>sicut</strong></span> <span class='ocrx_word' id='word_1_449' title='bbox 3173 3060 3359 3106; x_wconf 83' lang='lat' dir='ltr'><strong>custos</strong></span> <span class='ocrx_word' id='word_1_450' title='bbox 3379 3051 3510 3110; x_wconf 82' lang='lat' dir='ltr'><strong>fecit</strong></span> 
     </span>
    </p>
   </div>
   <div class='ocr_carea' id='block_1_60' title="bbox 1910 3144 3511 3214">
    <p class='ocr_par' dir='ltr' id='par_1_60' title="bbox 1910 3144 3511 3214">
     <span class='ocr_line' id='line_1_60' title="bbox 1910 3144 3511 3214; baseline -0.001 -12"><span class='ocrx_word' id='word_1_451' title='bbox 1910 3148 2311 3203; x_wconf 87' lang='lat' dir='ltr'><strong>umbracuium.</strong></span> <span class='ocrx_word' id='word_1_452' title='bbox 2349 3146 2419 3202; x_wconf 88' lang='lat' dir='ltr'><strong>Ut</strong></span> <span class='ocrx_word' id='word_1_453' title='bbox 2447 3147 2591 3202; x_wconf 86' lang='lat' dir='ltr'><strong>tinea</strong></span> <span class='ocrx_word' id='word_1_454' title='bbox 2622 3147 2920 3214; x_wconf 82' lang='lat' dir='ltr'><strong>consumit,</strong></span> <span class='ocrx_word' id='word_1_455' title='bbox 2952 3153 3009 3201; x_wconf 86' lang='lat' dir='ltr'><strong>et</strong></span> <span class='ocrx_word' id='word_1_456' title='bbox 3033 3144 3329 3202; x_wconf 85' lang='lat' dir='ltr'><strong>demolitur</strong></span> <span class='ocrx_word' id='word_1_457' title='bbox 3359 3144 3511 3201; x_wconf 63' lang='lat' dir='ltr'><strong>habio</strong></span> 
     </span>
    </p>
   </div>
   <div class='ocr_carea' id='block_1_61' title="bbox 221 3217 3511 3310">
    <p class='ocr_par' dir='ltr' id='par_1_61' title="bbox 221 3217 3511 3310">
     <span class='ocr_line' id='line_1_61' title="bbox 221 3217 3511 3310; baseline 0.002 -20"><span class='ocrx_word' id='word_1_458' title='bbox 221 3235 347 3290; x_wconf 86' lang='lat' dir='ltr'><strong>tibus</strong></span> <span class='ocrx_word' id='word_1_459' title='bbox 394 3237 665 3307; x_wconf 86' lang='lat' dir='ltr'><strong>reliquam</strong></span> <span class='ocrx_word' id='word_1_460' title='bbox 698 3252 916 3292; x_wconf 86' lang='lat' dir='ltr'><strong>omnem</strong></span> <span class='ocrx_word' id='word_1_461' title='bbox 956 3238 1336 3307; x_wconf 82' lang='lat' dir='ltr'><strong>posteritatem</strong></span> <span class='ocrx_word' id='word_1_462' title='bbox 1386 3239 1544 3294; x_wconf 74' lang='lat' dir='ltr'><strong>mala:</strong></span> <span class='ocrx_word' id='word_1_463' title='bbox 1573 3251 1803 3310; x_wconf 82' lang='lat' dir='ltr'><strong>genera-</strong></span> <span class='ocrx_word' id='word_1_464' title='bbox 1826 3217 1878 3285; x_wconf 69' lang='grc' dir='ltr'>ο</span> <span class='ocrx_word' id='word_1_465' title='bbox 1911 3241 2146 3296; x_wconf 88' lang='lat' dir='ltr'><strong>taculum</strong></span> <span class='ocrx_word' id='word_1_466' title='bbox 2174 3256 2364 3295; x_wconf 87' lang='lat' dir='ltr'><strong>suum:</strong></span> <span class='ocrx_word' id='word_1_467' title='bbox 2388 3240 2461 3294; x_wconf 84' lang='lat' dir='ltr'><strong>ita</strong></span> <span class='ocrx_word' id='word_1_468' title='bbox 2490 3248 2546 3294; x_wconf 92' lang='lat' dir='ltr'><strong>et</strong></span> <span class='ocrx_word' id='word_1_469' title='bbox 2571 3239 2825 3304; x_wconf 84' lang='lat' dir='ltr'><strong>diabolus</strong></span> <span class='ocrx_word' id='word_1_470' title='bbox 2847 3239 3068 3294; x_wconf 85' lang='lat' dir='ltr'><strong>domum</strong></span> <span class='ocrx_word' id='word_1_471' title='bbox 3096 3237 3300 3305; x_wconf 80' lang='lat' dir='ltr'><strong>perditi</strong></span> <span class='ocrx_word' id='word_1_472' title='bbox 3320 3238 3511 3310; x_wconf 87' lang='lat' dir='ltr'><strong>populi</strong></span> 
     </span>
    </p>
   </div>
   <div class='ocr_carea' id='block_1_62' title="bbox 220 3329 1803 3404">
    <p class='ocr_par' dir='ltr' id='par_1_62' title="bbox 220 3329 1803 3404">
     <span class='ocr_line' id='line_1_62' title="bbox 220 3329 1803 3404; baseline 0.004 -21"><span class='ocrx_word' id='word_1_473' title='bbox 220 3329 370 3386; x_wconf 83' lang='lat' dir='ltr'><strong>tionis</strong></span> <span class='ocrx_word' id='word_1_474' title='bbox 402 3330 668 3402; x_wconf 73' lang='lat' dir='ltr'><strong>signavit.</strong></span> <span class='ocrx_word' id='word_1_475' title='bbox 704 3332 1014 3403; x_wconf 87' lang='lat' dir='ltr'><strong>Aliquando</strong></span> <span class='ocrx_word' id='word_1_476' title='bbox 1048 3333 1099 3387; x_wconf 94' lang='lat' dir='ltr'><strong>in</strong></span> <span class='ocrx_word' id='word_1_477' title='bbox 1131 3332 1455 3404; x_wconf 84' lang='lat' dir='ltr'><strong>Scripturis,</strong></span> <span class='ocrx_word' id='word_1_478' title='bbox 1487 3343 1594 3389; x_wconf 85' lang='lat' dir='ltr'><strong>non</strong></span> <span class='ocrx_word' id='word_1_479' title='bbox 1626 3335 1803 3390; x_wconf 88' lang='lat' dir='ltr'><strong>solum</strong></span> 
     </span>
    </p>
   </div>
   <div class='ocr_carea' id='block_1_63' title="bbox 217 3424 1804 3495">
    <p class='ocr_par' dir='ltr' id='par_1_63' title="bbox 217 3424 1804 3495">
     <span class='ocr_line' id='line_1_63' title="bbox 217 3424 1804 3495; baseline 0.005 -19"><span class='ocrx_word' id='word_1_480' title='bbox 217 3424 406 3479; x_wconf 81' lang='lat' dir='ltr'><strong>carnali</strong></span> <span class='ocrx_word' id='word_1_481' title='bbox 435 3425 699 3495; x_wconf 79' lang='lat' dir='ltr'><strong>progenie</strong></span> <span class='ocrx_word' id='word_1_482' title='bbox 731 3441 745 3478; x_wconf 92' lang='lat'><strong>:</strong></span> <span class='ocrx_word' id='word_1_483' title='bbox 773 3438 963 3481; x_wconf 87' lang='lat' dir='ltr'><strong>verum</strong></span> <span class='ocrx_word' id='word_1_484' title='bbox 992 3425 1157 3482; x_wconf 85' lang='lat' dir='ltr'><strong>etiam</strong></span> <span class='ocrx_word' id='word_1_485' title='bbox 1193 3441 1408 3482; x_wconf 89' lang='lat' dir='ltr'><strong>morum</strong></span> <span class='ocrx_word' id='word_1_486' title='bbox 1441 3425 1804 3485; x_wconf 81' lang='lat' dir='ltr'><strong>similitudine</strong></span> 
     </span>
    </p>
   </div>
   <div class='ocr_carea' id='block_1_64' title="bbox 218 3515 698 3588">
    <p class='ocr_par' dir='ltr' id='par_1_64' title="bbox 218 3515 698 3588">
     <span class='ocr_line' id='line_1_64' title="bbox 218 3515 698 3588; baseline 0.01 -19"><span class='ocrx_word' id='word_1_487' title='bbox 218 3515 303 3571; x_wconf 88' lang='lat' dir='ltr'><strong>lilii</strong></span> <span class='ocrx_word' id='word_1_488' title='bbox 330 3517 698 3588; x_wconf 84' lang='lat' dir='ltr'><strong>appellantur.</strong></span> 
     </span>
    </p>
   </div>
   <div class='ocr_carea' id='block_1_65' title="bbox 282 3611 1806 3684">
    <p class='ocr_par' dir='ltr' id='par_1_65' title="bbox 282 3611 1806 3684">
     <span class='ocr_line' id='line_1_65' title="bbox 282 3611 1806 3684; baseline 0.004 -20"><span class='ocrx_word' id='word_1_489' title='bbox 282 3611 377 3678; x_wconf 84' lang='lat' dir='ltr'><strong>Qui</strong></span> <span class='ocrx_word' id='word_1_490' title='bbox 399 3611 588 3684; x_wconf 80' lang='lat' dir='ltr'><strong>reliqui</strong></span> <span class='ocrx_word' id='word_1_491' title='bbox 618 3613 812 3682; x_wconf 81' lang='lat' dir='ltr'><strong>fuerint</strong></span> <span class='ocrx_word' id='word_1_492' title='bbox 841 3629 906 3667; x_wconf 78' lang='lat' dir='ltr'><strong>ea:</strong></span> <span class='ocrx_word' id='word_1_493' title='bbox 930 3627 1011 3679; x_wconf 85' lang='lat' dir='ltr'><strong>eo,</strong></span> <span class='ocrx_word' id='word_1_494' title='bbox 1036 3614 1351 3683; x_wconf 74' lang='lat' dir='ltr'><strong>sepeliantur</strong></span> <span class='ocrx_word' id='word_1_495' title='bbox 1391 3615 1448 3669; x_wconf 88' lang='lat' dir='ltr'><strong>in</strong></span> <span class='ocrx_word' id='word_1_496' title='bbox 1495 3613 1724 3682; x_wconf 81' lang='lat' dir='ltr'><strong>interitu,</strong></span> <span class='ocrx_word' id='word_1_497' title='bbox 1755 3616 1806 3670; x_wconf 75' lang='lat' dir='ltr'><strong>et</strong></span> 
     </span>
    </p>
   </div>
   <div class='ocr_carea' id='block_1_66' title="bbox 217 3702 1805 3776">
    <p class='ocr_par' dir='ltr' id='par_1_66' title="bbox 217 3702 1805 3776">
     <span class='ocr_line' id='line_1_66' title="bbox 217 3702 1805 3776; baseline 0.006 -22"><span class='ocrx_word' id='word_1_498' title='bbox 217 3704 369 3759; x_wconf 70' lang='lat' dir='ltr'><strong>viduis</strong></span> <span class='ocrx_word' id='word_1_499' title='bbox 389 3702 535 3758; x_wconf 85' lang='lat' dir='ltr'><strong>illius</strong></span> <span class='ocrx_word' id='word_1_500' title='bbox 558 3721 662 3760; x_wconf 84' lang='lat' dir='ltr'><strong>non</strong></span> <span class='ocrx_word' id='word_1_501' title='bbox 697 3705 1116 3774; x_wconf 83' lang='lat' dir='ltr'><strong>plorabunt.tloc</strong></span> <span class='ocrx_word' id='word_1_502' title='bbox 1143 3705 1459 3776; x_wconf 76' lang='lat' dir='ltr'><strong>significare</strong></span> <span class='ocrx_word' id='word_1_503' title='bbox 1491 3706 1625 3762; x_wconf 87' lang='lat' dir='ltr'><strong>mihi</strong></span> <span class='ocrx_word' id='word_1_504' title='bbox 1654 3707 1805 3763; x_wconf 83' lang='lat' dir='ltr'><strong>vide-</strong></span> 
     </span>
    </p>
   </div>
   <div class='ocr_carea' id='block_1_67' title="bbox 220 3797 1805 3870">
    <p class='ocr_par' dir='ltr' id='par_1_67' title="bbox 220 3797 1805 3870">
     <span class='ocr_line' id='line_1_67' title="bbox 220 3797 1805 3870; baseline 0.004 -20"><span class='ocrx_word' id='word_1_505' title='bbox 220 3804 312 3862; x_wconf 88' lang='lat' dir='ltr'><strong>tur,</strong></span> <span class='ocrx_word' id='word_1_506' title='bbox 340 3797 490 3867; x_wconf 89' lang='lat' dir='ltr'><strong>quod</strong></span> <span class='ocrx_word' id='word_1_507' title='bbox 520 3811 621 3867; x_wconf 83' lang='lat' dir='ltr'><strong>per</strong></span> <span class='ocrx_word' id='word_1_508' title='bbox 663 3803 914 3867; x_wconf 86' lang='lat' dir='ltr'><strong>tempora</strong></span> <span class='ocrx_word' id='word_1_509' title='bbox 945 3797 1011 3852; x_wconf 87' lang='lat' dir='ltr'><strong>ad</strong></span> <span class='ocrx_word' id='word_1_510' title='bbox 1035 3809 1304 3853; x_wconf 81' lang='lat' dir='ltr'><strong>summum</strong></span> <span class='ocrx_word' id='word_1_511' title='bbox 1326 3806 1626 3870; x_wconf 78' lang='lat' dir='ltr'><strong>egestatem</strong></span> <span class='ocrx_word' id='word_1_512' title='bbox 1645 3839 1660 3867; x_wconf 92' lang='lat'><strong>,</strong></span> <span class='ocrx_word' id='word_1_513' title='bbox 1690 3799 1805 3857; x_wconf 82' lang='lat' dir='ltr'><strong>sive</strong></span> 
     </span>
    </p>
   </div>
   <div class='ocr_carea' id='block_1_68' title="bbox 216 3889 1806 3962">
    <p class='ocr_par' dir='ltr' id='par_1_68' title="bbox 216 3889 1806 3962">
     <span class='ocr_line' id='line_1_68' title="bbox 216 3889 1806 3962; baseline 0.004 -21"><span class='ocrx_word' id='word_1_514' title='bbox 216 3889 508 3957; x_wconf 85' lang='lat' dir='ltr'><strong>miseriam,</strong></span> <span class='ocrx_word' id='word_1_515' title='bbox 545 3891 726 3961; x_wconf 89' lang='lat' dir='ltr'><strong>proles</strong></span> <span class='ocrx_word' id='word_1_516' title='bbox 765 3889 914 3958; x_wconf 87' lang='lat' dir='ltr'><strong>impii</strong></span> <span class='ocrx_word' id='word_1_517' title='bbox 955 3891 1216 3958; x_wconf 88' lang='lat' dir='ltr'><strong>hominis,</strong></span> <span class='ocrx_word' id='word_1_518' title='bbox 1248 3891 1363 3946; x_wconf 87' lang='lat' dir='ltr'><strong>sive</strong></span> <span class='ocrx_word' id='word_1_519' title='bbox 1391 3892 1680 3962; x_wconf 76' lang='lat' dir='ltr'><strong>generatio</strong></span> <span class='ocrx_word' id='word_1_520' title='bbox 1709 3892 1806 3949; x_wconf 81' lang='lat' dir='ltr'><strong>de-</strong></span> 
     </span>
    </p>
   </div>
   <div class='ocr_carea' id='block_1_69' title="bbox 216 3981 1803 4056">
    <p class='ocr_par' dir='ltr' id='par_1_69' title="bbox 216 3981 1803 4056">
     <span class='ocr_line' id='line_1_69' title="bbox 216 3981 1803 4056; baseline 0.005 -20"><span class='ocrx_word' id='word_1_521' title='bbox 216 3981 453 4039; x_wconf 86' lang='lat' dir='ltr'><strong>ducenda</strong></span> <span class='ocrx_word' id='word_1_522' title='bbox 503 3985 596 4050; x_wconf 88' lang='lat' dir='ltr'><strong>sit,</strong></span> <span class='ocrx_word' id='word_1_523' title='bbox 627 3991 682 4040; x_wconf 90' lang='lat' dir='ltr'><strong>et</strong></span> <span class='ocrx_word' id='word_1_524' title='bbox 720 3984 899 4040; x_wconf 65' lang='lat' dir='ltr'><strong>viduae</strong></span> <span class='ocrx_word' id='word_1_525' title='bbox 943 3999 1132 4041; x_wconf 90' lang='lat' dir='ltr'><strong>eorum</strong></span> <span class='ocrx_word' id='word_1_526' title='bbox 1185 3999 1298 4056; x_wconf 83' lang='lat' dir='ltr'><strong>prae</strong></span> <span class='ocrx_word' id='word_1_527' title='bbox 1347 3987 1519 4043; x_wconf 90' lang='lat' dir='ltr'><strong>nimio</strong></span> <span class='ocrx_word' id='word_1_528' title='bbox 1560 3987 1803 4044; x_wconf 85' lang='lat' dir='ltr'><strong>instante</strong></span> 
     </span>
    </p>
   </div>
   <div class='ocr_carea' id='block_1_70' title="bbox 215 4075 1112 4146">
    <p class='ocr_par' dir='ltr' id='par_1_70' title="bbox 215 4075 1112 4146">
     <span class='ocr_line' id='line_1_70' title="bbox 215 4075 1112 4146; baseline 0.001 -17"><span class='ocrx_word' id='word_1_529' title='bbox 215 4076 305 4131; x_wconf 88' lang='lat' dir='ltr'><strong>sibi</strong></span> <span class='ocrx_word' id='word_1_530' title='bbox 329 4077 494 4143; x_wconf 89' lang='lat' dir='ltr'><strong>man,</strong></span> <span class='ocrx_word' id='word_1_531' title='bbox 527 4075 662 4133; x_wconf 86' lang='lat' dir='ltr'><strong>fiere</strong></span> <span class='ocrx_word' id='word_1_532' title='bbox 692 4092 801 4132; x_wconf 91' lang='lat' dir='ltr'><strong>non</strong></span> <span class='ocrx_word' id='word_1_533' title='bbox 837 4082 1112 4146; x_wconf 90' lang='lat' dir='ltr'><strong>poterunt.</strong></span> 
     </span>
    </p>
   </div>
   <div class='ocr_carea' id='block_1_71' title="bbox 278 4170 1805 4243">
    <p class='ocr_par' dir='ltr' id='par_1_71' title="bbox 278 4170 1805 4243">
     <span class='ocr_line' id='line_1_71' title="bbox 278 4170 1805 4243; baseline 0.001 -18"><span class='ocrx_word' id='word_1_534' title='bbox 278 4170 338 4225; x_wconf 84' lang='lat' dir='ltr'><strong>Si</strong></span> <span class='ocrx_word' id='word_1_535' title='bbox 358 4172 756 4240; x_wconf 79' lang='lat' dir='ltr'><strong>comportaverit</strong></span> <span class='ocrx_word' id='word_1_536' title='bbox 779 4171 928 4241; x_wconf 84' lang='lat' dir='ltr'><strong>quasi</strong></span> <span class='ocrx_word' id='word_1_537' title='bbox 959 4179 1152 4225; x_wconf 82' lang='lat' dir='ltr'><strong>terrain</strong></span> <span class='ocrx_word' id='word_1_538' title='bbox 1179 4183 1471 4243; x_wconf 84' lang='lat' dir='ltr'><strong>argentum,</strong></span> <span class='ocrx_word' id='word_1_539' title='bbox 1505 4178 1554 4227; x_wconf 83' lang='lat' dir='ltr'><strong>et</strong></span> <span class='ocrx_word' id='word_1_540' title='bbox 1571 4173 1704 4227; x_wconf 85' lang='lat' dir='ltr'><strong>sicut</strong></span> <span class='ocrx_word' id='word_1_541' title='bbox 1720 4174 1805 4228; x_wconf 79' lang='lat' dir='ltr'><strong>lu-</strong></span> 
     </span>
    </p>
   </div>
   <div class='ocr_carea' id='block_1_72' title="bbox 213 4252 1833 4337">
    <p class='ocr_par' dir='ltr' id='par_1_72' title="bbox 213 4252 1833 4337">
     <span class='ocr_line' id='line_1_72' title="bbox 213 4252 1833 4337; baseline 0.007 -25"><span class='ocrx_word' id='word_1_542' title='bbox 213 4272 313 4316; x_wconf 76' lang='lat' dir='ltr'><strong>tum</strong></span> <span class='ocrx_word' id='word_1_543' title='bbox 349 4263 723 4335; x_wconf 68' lang='lat' dir='ltr'><strong>prcpardoerit</strong></span> <span class='ocrx_word' id='word_1_544' title='bbox 772 4264 1087 4318; x_wconf 78' lang='lat' dir='ltr'><strong>vestimenta.</strong></span> <span class='ocrx_word' id='word_1_545' title='bbox 1127 4264 1496 4322; x_wconf 84' lang='lat' dir='ltr'><strong>insatiabilem</strong></span> <span class='ocrx_word' id='word_1_546' title='bbox 1536 4252 1833 4337; x_wconf 37' lang='lat' dir='ltr'><strong>cupiditab&#39;</strong></span> 
     </span>
    </p>
   </div>
   <div class='ocr_carea' id='block_1_73' title="bbox 215 4357 1802 4430">
    <p class='ocr_par' dir='ltr' id='par_1_73' title="bbox 215 4357 1802 4430">
     <span class='ocr_line' id='line_1_73' title="bbox 215 4357 1802 4430; baseline 0.003 -20"><span class='ocrx_word' id='word_1_547' title='bbox 215 4365 314 4412; x_wconf 86' lang='lat' dir='ltr'><strong>tem</strong></span> <span class='ocrx_word' id='word_1_548' title='bbox 345 4373 408 4413; x_wconf 85' lang='lat' dir='ltr'><strong>ac</strong></span> <span class='ocrx_word' id='word_1_549' title='bbox 433 4357 756 4428; x_wconf 80' lang='lat' dir='ltr'><strong>voraginem</strong></span> <span class='ocrx_word' id='word_1_550' title='bbox 783 4357 1073 4428; x_wconf 84' lang='lat' dir='ltr'><strong>quamdam</strong></span> <span class='ocrx_word' id='word_1_551' title='bbox 1095 4357 1442 4428; x_wconf 83' lang='lat' dir='ltr'><strong>inexplebilis</strong></span> <span class='ocrx_word' id='word_1_552' title='bbox 1465 4357 1626 4428; x_wconf 84' lang='lat' dir='ltr'><strong>hujus</strong></span> <span class='ocrx_word' id='word_1_553' title='bbox 1649 4359 1802 4430; x_wconf 90' lang='lat' dir='ltr'><strong>impii</strong></span> 
     </span>
    </p>
   </div>
   <div class='ocr_carea' id='block_1_74' title="bbox 213 4447 358 4504">
    <p class='ocr_par' dir='ltr' id='par_1_74' title="bbox 213 4447 358 4504">
     <span class='ocr_line' id='line_1_74' title="bbox 213 4447 358 4504; baseline 0.014 -2"><span class='ocrx_word' id='word_1_554' title='bbox 213 4447 358 4504; x_wconf 87' lang='lat' dir='ltr'><strong>dicit.</strong></span> 
     </span>
    </p>
   </div>
   <div class='ocr_carea' id='block_1_75' title="bbox 279 4539 1798 4616">
    <p class='ocr_par' dir='ltr' id='par_1_75' title="bbox 279 4539 1798 4616">
     <span class='ocr_line' id='line_1_75' title="bbox 279 4539 1798 4616; baseline 0.006 -23"><span class='ocrx_word' id='word_1_555' title='bbox 279 4539 608 4615; x_wconf 69' lang='lat' dir='ltr'><strong>Prteparault</strong></span> <span class='ocrx_word' id='word_1_556' title='bbox 635 4543 868 4613; x_wconf 85' lang='lat' dir='ltr'><strong>quidem,</strong></span> <span class='ocrx_word' id='word_1_557' title='bbox 901 4544 991 4598; x_wconf 82' lang='lat' dir='ltr'><strong>sed</strong></span> <span class='ocrx_word' id='word_1_558' title='bbox 1018 4544 1196 4616; x_wconf 81' lang='lat' dir='ltr'><strong>justus</strong></span> <span class='ocrx_word' id='word_1_559' title='bbox 1216 4541 1459 4599; x_wconf 75' lang='lat' dir='ltr'><strong>vestietur</strong></span> <span class='ocrx_word' id='word_1_560' title='bbox 1488 4543 1616 4614; x_wconf 83' lang='lat' dir='ltr'><strong>illis,</strong></span> <span class='ocrx_word' id='word_1_561' title='bbox 1643 4555 1688 4599; x_wconf 86' lang='lat' dir='ltr'><strong>et</strong></span> <span class='ocrx_word' id='word_1_562' title='bbox 1712 4563 1798 4602; x_wconf 85' lang='lat' dir='ltr'><strong>ar-</strong></span> 
     </span>
    </p>
   </div>
   <div class='ocr_carea' id='block_1_76' title="bbox 1908 3331 3510 3403">
    <p class='ocr_par' dir='ltr' id='par_1_76' title="bbox 1908 3331 3510 3403">
     <span class='ocr_line' id='line_1_76' title="bbox 1908 3331 3510 3403; baseline -0.001 -13"><span class='ocrx_word' id='word_1_563' title='bbox 1908 3334 1993 3390; x_wconf 85' lang='lat' dir='ltr'><strong>sui</strong></span> <span class='ocrx_word' id='word_1_564' title='bbox 2025 3333 2076 3389; x_wconf 92' lang='lat' dir='ltr'><strong>in</strong></span> <span class='ocrx_word' id='word_1_565' title='bbox 2113 3333 2393 3388; x_wconf 91' lang='lat' dir='ltr'><strong>interitum</strong></span> <span class='ocrx_word' id='word_1_566' title='bbox 2414 3333 2531 3402; x_wconf 86' lang='lat' dir='ltr'><strong>ejus</strong></span> <span class='ocrx_word' id='word_1_567' title='bbox 2559 3331 2794 3388; x_wconf 71' lang='lat' dir='ltr'><strong>mdiiicat</strong></span> <span class='ocrx_word' id='word_1_568' title='bbox 2826 3350 2840 3389; x_wconf 90' lang='lat'><strong>:</strong></span> <span class='ocrx_word' id='word_1_569' title='bbox 2869 3331 2960 3403; x_wconf 85' lang='lat' dir='ltr'><strong>qui</strong></span> <span class='ocrx_word' id='word_1_570' title='bbox 2984 3331 3381 3388; x_wconf 82' lang='lat' dir='ltr'><strong>habitationem</strong></span> <span class='ocrx_word' id='word_1_571' title='bbox 3402 3333 3510 3388; x_wconf 81' lang='lat' dir='ltr'><strong>sibi</strong></span> 
     </span>
    </p>
   </div>
   <div class='ocr_carea' id='block_1_77' title="bbox 1910 3426 3511 3498">
    <p class='ocr_par' dir='ltr' id='par_1_77' title="bbox 1910 3426 3511 3498">
     <span class='ocr_line' id='line_1_77' title="bbox 1910 3426 3511 3498; baseline 0 -16"><span class='ocrx_word' id='word_1_572' title='bbox 1910 3429 2323 3498; x_wconf 88' lang='lat' dir='ltr'><strong>temporariam,</strong></span> <span class='ocrx_word' id='word_1_573' title='bbox 2365 3436 2422 3481; x_wconf 86' lang='lat' dir='ltr'><strong>et</strong></span> <span class='ocrx_word' id='word_1_574' title='bbox 2477 3426 2741 3496; x_wconf 85' lang='lat' dir='ltr'><strong>paulatim</strong></span> <span class='ocrx_word' id='word_1_575' title='bbox 2797 3426 3089 3481; x_wconf 86' lang='lat' dir='ltr'><strong>solubilem</strong></span> <span class='ocrx_word' id='word_1_576' title='bbox 3154 3427 3511 3496; x_wconf 65' lang='lat' dir='ltr'><strong>praeparavit,</strong></span> 
     </span>
    </p>
   </div>
   <div class='ocr_carea' id='block_1_78' title="bbox 1909 3518 3512 3590">
    <p class='ocr_par' dir='ltr' id='par_1_78' title="bbox 1909 3518 3512 3590">
     <span class='ocr_line' id='line_1_78' title="bbox 1909 3518 3512 3590; baseline 0 -14"><span class='ocrx_word' id='word_1_577' title='bbox 1909 3534 2268 3590; x_wconf 82' lang='lat' dir='ltr'><strong>possessorus</strong></span> <span class='ocrx_word' id='word_1_578' title='bbox 2295 3528 2499 3575; x_wconf 76' lang='lat' dir='ltr'><strong>:ieterna</strong></span> <span class='ocrx_word' id='word_1_579' title='bbox 2531 3518 2821 3590; x_wconf 84' lang='lat' dir='ltr'><strong>supplicia.</strong></span> <span class='ocrx_word' id='word_1_580' title='bbox 2861 3519 2963 3574; x_wconf 90' lang='lat' dir='ltr'><strong>llic</strong></span> <span class='ocrx_word' id='word_1_581' title='bbox 2992 3528 3080 3574; x_wconf 87' lang='lat' dir='ltr'><strong>est</strong></span> <span class='ocrx_word' id='word_1_582' title='bbox 3112 3533 3244 3589; x_wconf 89' lang='lat' dir='ltr'><strong>ergo</strong></span> <span class='ocrx_word' id='word_1_583' title='bbox 3287 3519 3380 3576; x_wconf 86' lang='lat' dir='ltr'><strong>ille</strong></span> <span class='ocrx_word' id='word_1_584' title='bbox 3406 3520 3512 3576; x_wconf 85' lang='lat' dir='ltr'><strong>im-</strong></span> 
     </span>
    </p>
   </div>
   <div class='ocr_carea' id='block_1_79' title="bbox 1911 3611 3509 3684">
    <p class='ocr_par' dir='ltr' id='par_1_79' title="bbox 1911 3611 3509 3684">
     <span class='ocr_line' id='line_1_79' title="bbox 1911 3611 3509 3684; baseline 0.002 -19"><span class='ocrx_word' id='word_1_585' title='bbox 1911 3613 2032 3684; x_wconf 86' lang='lat' dir='ltr'><strong>pius</strong></span> <span class='ocrx_word' id='word_1_586' title='bbox 2065 3611 2352 3684; x_wconf 87' lang='lat' dir='ltr'><strong>hypocrita</strong></span> <span class='ocrx_word' id='word_1_587' title='bbox 2379 3613 2472 3683; x_wconf 87' lang='lat' dir='ltr'><strong>qui</strong></span> <span class='ocrx_word' id='word_1_588' title='bbox 2521 3627 2689 3668; x_wconf 85' lang='lat' dir='ltr'><strong>avare</strong></span> <span class='ocrx_word' id='word_1_589' title='bbox 2718 3613 2881 3682; x_wconf 80' lang='lat' dir='ltr'><strong>rapit.</strong></span> <span class='ocrx_word' id='word_1_590' title='bbox 2911 3611 2968 3666; x_wconf 85' lang='lat' dir='ltr'><strong>In</strong></span> <span class='ocrx_word' id='word_1_591' title='bbox 3001 3628 3108 3666; x_wconf 85' lang='lat' dir='ltr'><strong>non</strong></span> <span class='ocrx_word' id='word_1_592' title='bbox 3153 3620 3509 3668; x_wconf 84' lang='lat' dir='ltr'><strong>convertente</strong></span> 
     </span>
    </p>
   </div>
   <div class='ocr_carea' id='block_1_80' title="bbox 1910 3703 3508 3775">
    <p class='ocr_par' dir='ltr' id='par_1_80' title="bbox 1910 3703 3508 3775">
     <span class='ocr_line' id='line_1_80' title="bbox 1910 3703 3508 3775; baseline 0.001 -17"><span class='ocrx_word' id='word_1_593' title='bbox 1910 3706 2059 3760; x_wconf 88' lang='lat' dir='ltr'><strong>nulla</strong></span> <span class='ocrx_word' id='word_1_594' title='bbox 2093 3720 2225 3775; x_wconf 82' lang='lat' dir='ltr'><strong>spes</strong></span> <span class='ocrx_word' id='word_1_595' title='bbox 2269 3705 2446 3760; x_wconf 73' lang='lat' dir='ltr'><strong>venite</strong></span> <span class='ocrx_word' id='word_1_596' title='bbox 2476 3705 2602 3771; x_wconf 87' lang='lat' dir='ltr'><strong>erit,</strong></span> <span class='ocrx_word' id='word_1_597' title='bbox 2626 3720 2752 3760; x_wconf 92' lang='lat' dir='ltr'><strong>cum</strong></span> <span class='ocrx_word' id='word_1_598' title='bbox 2795 3705 2958 3759; x_wconf 78' lang='lat' dir='ltr'><strong>etiam</strong></span> <span class='ocrx_word' id='word_1_599' title='bbox 3005 3717 3173 3774; x_wconf 82' lang='lat' dir='ltr'><strong>super</strong></span> <span class='ocrx_word' id='word_1_600' title='bbox 3204 3703 3341 3770; x_wconf 68' lang='lat' dir='ltr'><strong>haec,</strong></span> <span class='ocrx_word' id='word_1_601' title='bbox 3373 3719 3508 3774; x_wconf 81' lang='lat' dir='ltr'><strong>qua-</strong></span> 
     </span>
    </p>
   </div>
   <div class='ocr_carea' id='block_1_81' title="bbox 1908 3797 3504 3869">
    <p class='ocr_par' dir='ltr' id='par_1_81' title="bbox 1908 3797 3504 3869">
     <span class='ocr_line' id='line_1_81' title="bbox 1908 3797 3504 3869; baseline 0.001 -16"><span class='ocrx_word' id='word_1_602' title='bbox 1908 3800 2030 3853; x_wconf 87' lang='lat' dir='ltr'><strong>dam</strong></span> <span class='ocrx_word' id='word_1_603' title='bbox 2054 3799 2284 3854; x_wconf 80' lang='lat' dir='ltr'><strong>avaritia</strong></span> <span class='ocrx_word' id='word_1_604' title='bbox 2317 3799 2578 3854; x_wconf 65' lang='lat' dir='ltr'><strong>saeviente</strong></span> <span class='ocrx_word' id='word_1_605' title='bbox 2599 3799 2773 3869; x_wconf 83' lang='lat' dir='ltr'><strong>rapiat</strong></span> <span class='ocrx_word' id='word_1_606' title='bbox 2801 3798 3049 3853; x_wconf 85' lang='lat' dir='ltr'><strong>homines</strong></span> <span class='ocrx_word' id='word_1_607' title='bbox 3089 3797 3155 3852; x_wconf 87' lang='lat' dir='ltr'><strong>ad</strong></span> <span class='ocrx_word' id='word_1_608' title='bbox 3199 3798 3504 3854; x_wconf 89' lang='lat' dir='ltr'><strong>interitum.</strong></span> 
     </span>
    </p>
   </div>
   <div class='ocr_carea' id='block_1_82' title="bbox 1907 3890 3508 3963">
    <p class='ocr_par' dir='ltr' id='par_1_82' title="bbox 1907 3890 3508 3963">
     <span class='ocr_line' id='line_1_82' title="bbox 1907 3890 3508 3963; baseline 0.001 -17"><span class='ocrx_word' id='word_1_609' title='bbox 1907 3892 2007 3960; x_wconf 86' lang='lat' dir='ltr'><strong>Qui</strong></span> <span class='ocrx_word' id='word_1_610' title='bbox 2052 3892 2257 3947; x_wconf 87' lang='lat' dir='ltr'><strong>idcirco</strong></span> <span class='ocrx_word' id='word_1_611' title='bbox 2303 3893 2590 3963; x_wconf 86' lang='lat' dir='ltr'><strong>hypocrita</strong></span> <span class='ocrx_word' id='word_1_612' title='bbox 2630 3892 2872 3946; x_wconf 89' lang='lat' dir='ltr'><strong>dicitur:</strong></span> <span class='ocrx_word' id='word_1_613' title='bbox 2905 3891 3029 3961; x_wconf 87' lang='lat' dir='ltr'><strong>quia</strong></span> <span class='ocrx_word' id='word_1_614' title='bbox 3059 3905 3120 3946; x_wconf 87' lang='lat' dir='ltr'><strong>se</strong></span> <span class='ocrx_word' id='word_1_615' title='bbox 3157 3890 3508 3959; x_wconf 76' lang='lat' dir='ltr'><strong>transﬁgurat</strong></span> 
     </span>
    </p>
   </div>
   <div class='ocr_carea' id='block_1_83' title="bbox 1907 3983 3507 4054">
    <p class='ocr_par' dir='ltr' id='par_1_83' title="bbox 1907 3983 3507 4054">
     <span class='ocr_line' id='line_1_83' title="bbox 1907 3983 3507 4054; baseline -0.001 -16"><span class='ocrx_word' id='word_1_616' title='bbox 1907 3985 1959 4038; x_wconf 90' lang='lat' dir='ltr'><strong>in</strong></span> <span class='ocrx_word' id='word_1_617' title='bbox 1990 3985 2242 4054; x_wconf 78' lang='lat' dir='ltr'><strong>angelum</strong></span> <span class='ocrx_word' id='word_1_618' title='bbox 2275 3985 2417 4039; x_wconf 84' lang='lat' dir='ltr'><strong>lucis</strong></span> <span class='ocrx_word' id='word_1_619' title='bbox 2451 4003 2461 4036; x_wconf 92' lang='lat'>:</span> <span class='ocrx_word' id='word_1_620' title='bbox 2492 3984 2647 4052; x_wconf 85' lang='lat' dir='ltr'><strong>cujus</strong></span> <span class='ocrx_word' id='word_1_621' title='bbox 2690 3984 2854 4040; x_wconf 79' lang='lat' dir='ltr'><strong>etiam</strong></span> <span class='ocrx_word' id='word_1_622' title='bbox 2897 3983 3198 4038; x_wconf 88' lang='lat' dir='ltr'><strong>clamorem</strong></span> <span class='ocrx_word' id='word_1_623' title='bbox 3229 3995 3366 4036; x_wconf 65' lang='lat' dir='ltr'><strong>sora:</strong></span> <span class='ocrx_word' id='word_1_624' title='bbox 3409 3984 3507 4037; x_wconf 83' lang='lat' dir='ltr'><strong>de-</strong></span> 
     </span>
    </p>
   </div>
   <div class='ocr_carea' id='block_1_84' title="bbox 1908 4073 3504 4148">
    <p class='ocr_par' dir='ltr' id='par_1_84' title="bbox 1908 4073 3504 4148">
     <span class='ocr_line' id='line_1_84' title="bbox 1908 4073 3504 4148; baseline -0.001 -17"><span class='ocrx_word' id='word_1_625' title='bbox 1908 4078 2239 4148; x_wconf 86' lang='lat' dir='ltr'><strong>precationis</strong></span> <span class='ocrx_word' id='word_1_626' title='bbox 2270 4091 2379 4132; x_wconf 91' lang='lat' dir='ltr'><strong>uon</strong></span> <span class='ocrx_word' id='word_1_627' title='bbox 2424 4081 2512 4132; x_wconf 87' lang='lat' dir='ltr'><strong>est</strong></span> <span class='ocrx_word' id='word_1_628' title='bbox 2544 4077 2811 4131; x_wconf 87' lang='lat' dir='ltr'><strong>Dominus</strong></span> <span class='ocrx_word' id='word_1_629' title='bbox 2856 4073 3145 4129; x_wconf 86' lang='lat' dir='ltr'><strong>auditurus</strong></span> <span class='ocrx_word' id='word_1_630' title='bbox 3171 4092 3184 4126; x_wconf 86' lang='lat'><strong>:</strong></span> <span class='ocrx_word' id='word_1_631' title='bbox 3210 4090 3332 4128; x_wconf 81' lang='lat' dir='ltr'><strong>cum</strong></span> <span class='ocrx_word' id='word_1_632' title='bbox 3361 4073 3504 4130; x_wconf 84' lang='lat' dir='ltr'><strong>intra</strong></span> 
     </span>
    </p>
   </div>
   <div class='ocr_carea' id='block_1_85' title="bbox 1904 4165 3504 4245">
    <p class='ocr_par' dir='ltr' id='par_1_85' title="bbox 1904 4165 3504 4245">
     <span class='ocr_line' id='line_1_85' title="bbox 1904 4165 3504 4245; baseline -0.003 -15"><span class='ocrx_word' id='word_1_633' title='bbox 1904 4187 2192 4245; x_wconf 70' lang='lat' dir='ltr'><strong>pinnarum</strong></span> <span class='ocrx_word' id='word_1_634' title='bbox 2219 4169 2498 4241; x_wconf 86' lang='lat' dir='ltr'><strong>angustias</strong></span> <span class='ocrx_word' id='word_1_635' title='bbox 2521 4169 2689 4226; x_wconf 82' lang='lat' dir='ltr'><strong>fuerit</strong></span> <span class='ocrx_word' id='word_1_636' title='bbox 2712 4177 3047 4226; x_wconf 84' lang='lat' dir='ltr'><strong>coarctatus.</strong></span> <span class='ocrx_word' id='word_1_637' title='bbox 3069 4165 3126 4223; x_wconf 82' lang='lat' dir='ltr'><strong>in</strong></span> <span class='ocrx_word' id='word_1_638' title='bbox 3149 4169 3262 4224; x_wconf 85' lang='lat' dir='ltr'><strong>Deo</strong></span> <span class='ocrx_word' id='word_1_639' title='bbox 3283 4183 3504 4238; x_wconf 78' lang='lat' dir='ltr'><strong>quoque</strong></span> 
     </span>
    </p>
   </div>
   <div class='ocr_carea' id='block_1_86' title="bbox 1907 4260 3505 4332">
    <p class='ocr_par' dir='ltr' id='par_1_86' title="bbox 1907 4260 3505 4332">
     <span class='ocr_line' id='line_1_86' title="bbox 1907 4260 3505 4332; baseline -0.001 -12"><span class='ocrx_word' id='word_1_640' title='bbox 1907 4282 2015 4320; x_wconf 88' lang='lat' dir='ltr'><strong>non</strong></span> <span class='ocrx_word' id='word_1_641' title='bbox 2046 4265 2154 4320; x_wconf 90' lang='lat' dir='ltr'><strong>erit</strong></span> <span class='ocrx_word' id='word_1_642' title='bbox 2184 4264 2232 4320; x_wconf 91' lang='lat' dir='ltr'><strong>ei</strong></span> <span class='ocrx_word' id='word_1_643' title='bbox 2259 4263 2326 4319; x_wconf 88' lang='lat' dir='ltr'><strong>de</strong></span> <span class='ocrx_word' id='word_1_644' title='bbox 2360 4263 2507 4319; x_wconf 90' lang='lat' dir='ltr'><strong>bono</strong></span> <span class='ocrx_word' id='word_1_645' title='bbox 2540 4261 2898 4318; x_wconf 74' lang='lat' dir='ltr'><strong>conscientia:</strong></span> <span class='ocrx_word' id='word_1_646' title='bbox 2921 4260 3096 4332; x_wconf 87' lang='lat' dir='ltr'><strong>aliqua</strong></span> <span class='ocrx_word' id='word_1_647' title='bbox 3121 4260 3505 4319; x_wconf 78' lang='lat' dir='ltr'><strong>delectationis</strong></span> 
     </span>
    </p>
   </div>
   <div class='ocr_carea' id='block_1_87' title="bbox 1907 4356 3502 4428">
    <p class='ocr_par' dir='ltr' id='par_1_87' title="bbox 1907 4356 3502 4428">
     <span class='ocr_line' id='line_1_87' title="bbox 1907 4356 3502 4428; baseline -0.001 -12"><span class='ocrx_word' id='word_1_648' title='bbox 1907 4359 2099 4416; x_wconf 88' lang='lat' dir='ltr'><strong>fiducia</strong></span> <span class='ocrx_word' id='word_1_649' title='bbox 2138 4378 2150 4413; x_wconf 88' lang='lat'>:</span> <span class='ocrx_word' id='word_1_650' title='bbox 2179 4359 2277 4415; x_wconf 87' lang='lat' dir='ltr'><strong>sed</strong></span> <span class='ocrx_word' id='word_1_651' title='bbox 2308 4373 2408 4414; x_wconf 89' lang='lat' dir='ltr'><strong>nec</strong></span> <span class='ocrx_word' id='word_1_652' title='bbox 2449 4359 2502 4414; x_wconf 90' lang='lat' dir='ltr'><strong>in</strong></span> <span class='ocrx_word' id='word_1_653' title='bbox 2534 4357 2753 4413; x_wconf 82' lang='lat' dir='ltr'><strong>laudem</strong></span> <span class='ocrx_word' id='word_1_654' title='bbox 2783 4356 3152 4414; x_wconf 78' lang='lat' dir='ltr'><strong>confessionis</strong></span> <span class='ocrx_word' id='word_1_655' title='bbox 3187 4373 3312 4414; x_wconf 86' lang='lat' dir='ltr'><strong>eum</strong></span> <span class='ocrx_word' id='word_1_656' title='bbox 3343 4365 3502 4428; x_wconf 84' lang='lat' dir='ltr'><strong>pote-</strong></span> 
     </span>
    </p>
   </div>
   <div class='ocr_carea' id='block_1_88' title="bbox 1906 4440 3502 4526">
    <p class='ocr_par' dir='ltr' id='par_1_88' title="bbox 1906 4440 3502 4526">
     <span class='ocr_line' id='line_1_88' title="bbox 1906 4440 3502 4526; baseline -0.001 -16"><span class='ocrx_word' id='word_1_657' title='bbox 1906 4454 1973 4510; x_wconf 91' lang='lat' dir='ltr'><strong>rit</strong></span> <span class='ocrx_word' id='word_1_658' title='bbox 2005 4440 2331 4526; x_wconf 85' lang='lat' dir='ltr'><strong>provocare,</strong></span> <span class='ocrx_word' id='word_1_659' title='bbox 2363 4452 2453 4522; x_wconf 91' lang='lat' dir='ltr'><strong>qui</strong></span> <span class='ocrx_word' id='word_1_660' title='bbox 2487 4451 2541 4506; x_wconf 92' lang='lat' dir='ltr'><strong>in</strong></span> <span class='ocrx_word' id='word_1_661' title='bbox 2569 4450 2989 4506; x_wconf 84' lang='lat' dir='ltr'><strong>similitudinem</strong></span> <span class='ocrx_word' id='word_1_662' title='bbox 3023 4449 3502 4508; x_wconf 83' lang='lat' dir='ltr'><strong>innumerabilium</strong></span> 
     </span>
    </p>
   </div>
   <div class='ocr_carea' id='block_1_89' title="bbox 1909 4543 3505 4616">
    <p class='ocr_par' dir='ltr' id='par_1_89' title="bbox 1909 4543 3505 4616">
     <span class='ocr_line' id='line_1_89' title="bbox 1909 4543 3505 4616; baseline -0.004 -11"><span class='ocrx_word' id='word_1_663' title='bbox 1909 4551 2143 4606; x_wconf 70' lang='lat' dir='ltr'><strong>filiorum</strong></span> <span class='ocrx_word' id='word_1_664' title='bbox 2171 4562 2395 4603; x_wconf 88' lang='lat' dir='ltr'><strong>suorum</strong></span> <span class='ocrx_word' id='word_1_665' title='bbox 2417 4547 2602 4602; x_wconf 83' lang='lat' dir='ltr'><strong>divina</strong></span> <span class='ocrx_word' id='word_1_666' title='bbox 2627 4545 2898 4602; x_wconf 85' lang='lat' dir='ltr'><strong>sententia</strong></span> <span class='ocrx_word' id='word_1_667' title='bbox 2922 4545 3019 4600; x_wconf 84' lang='lat' dir='ltr'><strong>Dei</strong></span> <span class='ocrx_word' id='word_1_668' title='bbox 3041 4543 3226 4616; x_wconf 86' lang='lat' dir='ltr'><strong>gladio</strong></span> <span class='ocrx_word' id='word_1_669' title='bbox 3253 4545 3505 4604; x_wconf 76' lang='lat' dir='ltr'><strong>ferietur.</strong></span> 
     </span>
    </p>
   </div>
   <div class='ocr_carea' id='block_1_90' title="bbox 211 4615 3506 4712">
    <p class='ocr_par' dir='ltr' id='par_1_90' title="bbox 211 4615 3506 4712">
     <span class='ocr_line' id='line_1_90' title="bbox 211 4615 3506 4712; baseline 0.001 -23"><span class='ocrx_word' id='word_1_670' title='bbox 211 4644 416 4704; x_wconf 72' lang='lat' dir='ltr'><strong>gratum</strong></span> <span class='ocrx_word' id='word_1_671' title='bbox 457 4635 710 4690; x_wconf 85' lang='lat' dir='ltr'><strong>innocens</strong></span> <span class='ocrx_word' id='word_1_672' title='bbox 753 4635 966 4692; x_wconf 87' lang='lat' dir='ltr'><strong>dividet.</strong></span> <span class='ocrx_word' id='word_1_673' title='bbox 1005 4615 1071 4691; x_wconf 82' lang='lat' dir='ltr'><strong>Et</strong></span> <span class='ocrx_word' id='word_1_674' title='bbox 1104 4637 1365 4694; x_wconf 81' lang='lat' dir='ltr'><strong>Salomon</strong></span> <span class='ocrx_word' id='word_1_675' title='bbox 1397 4638 1468 4693; x_wconf 87' lang='lat' dir='ltr'><strong>ait</strong></span> <span class='ocrx_word' id='word_1_676' title='bbox 1499 4657 1511 4694; x_wconf 90' lang='lat'><strong>:</strong></span> <span class='ocrx_word' id='word_1_677' title='bbox 1547 4638 1653 4706; x_wconf 82' lang='lat' dir='ltr'><strong>Qui</strong></span> <span class='ocrx_word' id='word_1_678' title='bbox 1681 4655 1797 4694; x_wconf 87' lang='lat' dir='ltr'><strong>am-</strong></span> <span class='ocrx_word' id='word_1_679' title='bbox 1828 4615 1882 4675; x_wconf 80' lang='grc' dir='ltr'><strong>Ῐ)</strong></span> <span class='ocrx_word' id='word_1_680' title='bbox 1906 4643 2147 4712; x_wconf 75' lang='lat' dir='ltr'><strong>Nepotes</strong></span> <span class='ocrx_word' id='word_1_681' title='bbox 2191 4641 2382 4707; x_wconf 85' lang='lat' dir='ltr'><strong>etiam,</strong></span> <span class='ocrx_word' id='word_1_682' title='bbox 2419 4641 2470 4694; x_wconf 89' lang='lat' dir='ltr'><strong>in</strong></span> <span class='ocrx_word' id='word_1_683' title='bbox 2517 4637 2714 4710; x_wconf 87' lang='lat' dir='ltr'><strong>quibus</strong></span> <span class='ocrx_word' id='word_1_684' title='bbox 2762 4639 2842 4693; x_wconf 86' lang='lat' dir='ltr'><strong>illi</strong></span> <span class='ocrx_word' id='word_1_685' title='bbox 2884 4615 3270 4710; x_wconf 83' lang='lat' dir='ltr'><strong>intelliguntur</strong></span> <span class='ocrx_word' id='word_1_686' title='bbox 3308 4638 3400 4709; x_wconf 89' lang='lat' dir='ltr'><strong>qui</strong></span> <span class='ocrx_word' id='word_1_687' title='bbox 3433 4637 3506 4696; x_wconf 79' lang='lat' dir='ltr'><strong>ab</strong></span> 
     </span>
    </p>
   </div>
   <div class='ocr_carea' id='block_1_91' title="bbox 209 4727 1804 4804">
    <p class='ocr_par' dir='ltr' id='par_1_91' title="bbox 209 4727 1804 4804">
     <span class='ocr_line' id='line_1_91' title="bbox 209 4727 1804 4804; baseline 0.006 -24"><span class='ocrx_word' id='word_1_688' title='bbox 209 4727 405 4796; x_wconf 74' lang='lat' dir='ltr'><strong>pliﬁcat</strong></span> <span class='ocrx_word' id='word_1_689' title='bbox 435 4729 644 4784; x_wconf 76' lang='lat' dir='ltr'><strong>divitias</strong></span> <span class='ocrx_word' id='word_1_690' title='bbox 669 4738 789 4784; x_wconf 79' lang='lat' dir='ltr'><strong>suos</strong></span> <span class='ocrx_word' id='word_1_691' title='bbox 819 4743 936 4784; x_wconf 83' lang='lat' dir='ltr'><strong>cunt</strong></span> <span class='ocrx_word' id='word_1_692' title='bbox 958 4731 1133 4785; x_wconf 80' lang='lat' dir='ltr'><strong>usuris</strong></span> <span class='ocrx_word' id='word_1_693' title='bbox 1153 4732 1440 4786; x_wconf 78' lang='lat' dir='ltr'><strong>abundanti</strong></span> <span class='ocrx_word' id='word_1_694' title='bbox 1471 4747 1490 4786; x_wconf 88' lang='lat'><em>:</em></span> <span class='ocrx_word' id='word_1_695' title='bbox 1516 4734 1608 4804; x_wconf 91' lang='lat' dir='ltr'><strong>qui</strong></span> <span class='ocrx_word' id='word_1_696' title='bbox 1639 4735 1804 4791; x_wconf 83' lang='lat' dir='ltr'><strong>mise-</strong></span> 
     </span>
    </p>
   </div>
   <div class='ocr_carea' id='block_1_92' title="bbox 208 4828 1162 4895">
    <p class='ocr_par' dir='ltr' id='par_1_92' title="bbox 208 4828 1162 4895">
     <span class='ocr_line' id='line_1_92' title="bbox 208 4828 1162 4895; baseline 0.005 -22"><span class='ocrx_word' id='word_1_697' title='bbox 208 4828 360 4878; x_wconf 84' lang='lat' dir='ltr'><strong>retur</strong></span> <span class='ocrx_word' id='word_1_698' title='bbox 385 4833 688 4893; x_wconf 83' lang='lat' dir='ltr'><strong>pauperum</strong></span> <span class='ocrx_word' id='word_1_699' title='bbox 718 4830 1020 4895; x_wconf 81' lang='lat' dir='ltr'><strong>congregat</strong></span> <span class='ocrx_word' id='word_1_700' title='bbox 1049 4839 1162 4880; x_wconf 77' lang='lat' dir='ltr'><strong>eas.</strong></span> 
     </span>
    </p>
   </div>
   <div class='ocr_carea' id='block_1_93' title="bbox 277 4913 1804 4984">
    <p class='ocr_par' dir='ltr' id='par_1_93' title="bbox 277 4913 1804 4984">
     <span class='ocr_line' id='line_1_93' title="bbox 277 4913 1804 4984; baseline 0.007 -17"><span class='ocrx_word' id='word_1_701' title='bbox 277 4913 585 4983; x_wconf 61' lang='lat' dir='ltr'><strong>zEdi/ieauit</strong></span> <span class='ocrx_word' id='word_1_702' title='bbox 613 4917 750 4969; x_wconf 80' lang='lat' dir='ltr'><strong>sicut</strong></span> <span class='ocrx_word' id='word_1_703' title='bbox 793 4916 931 4970; x_wconf 87' lang='lat' dir='ltr'><strong>tinea</strong></span> <span class='ocrx_word' id='word_1_704' title='bbox 955 4916 1167 4971; x_wconf 86' lang='lat' dir='ltr'><strong>domum</strong></span> <span class='ocrx_word' id='word_1_705' title='bbox 1197 4931 1369 4984; x_wconf 78' lang='lat' dir='ltr'><strong>suam,</strong></span> <span class='ocrx_word' id='word_1_706' title='bbox 1393 4925 1443 4974; x_wconf 79' lang='lat' dir='ltr'><strong>et</strong></span> <span class='ocrx_word' id='word_1_707' title='bbox 1469 4921 1603 4975; x_wconf 82' lang='lat' dir='ltr'><strong>sicut</strong></span> <span class='ocrx_word' id='word_1_708' title='bbox 1632 4932 1804 4977; x_wconf 83' lang='lat' dir='ltr'><strong>custos</strong></span> 
     </span>
    </p>
   </div>
   <div class='ocr_carea' id='block_1_94' title="bbox 208 5008 1803 5086">
    <p class='ocr_par' dir='ltr' id='par_1_94' title="bbox 208 5008 1803 5086">
     <span class='ocr_line' id='line_1_94' title="bbox 208 5008 1803 5086; baseline 0.008 -27"><span class='ocrx_word' id='word_1_709' title='bbox 208 5008 326 5077; x_wconf 70' lang='lat' dir='ltr'><strong>fecit</strong></span> <span class='ocrx_word' id='word_1_710' title='bbox 379 5009 760 5064; x_wconf 73' lang='lat' dir='ltr'><strong>umbraculum.</strong></span> <span class='ocrx_word' id='word_1_711' title='bbox 792 5010 888 5065; x_wconf 77' lang='lat' dir='ltr'><strong>liis</strong></span> <span class='ocrx_word' id='word_1_712' title='bbox 938 5011 1122 5068; x_wconf 78' lang='lat' dir='ltr'><strong>verbis</strong></span> <span class='ocrx_word' id='word_1_713' title='bbox 1172 5012 1274 5068; x_wconf 81' lang='lat' dir='ltr'><strong>hoc</strong></span> <span class='ocrx_word' id='word_1_714' title='bbox 1325 5015 1420 5081; x_wconf 88' lang='lat' dir='ltr'><strong>ait,</strong></span> <span class='ocrx_word' id='word_1_715' title='bbox 1450 5016 1591 5086; x_wconf 85' lang='lat' dir='ltr'><strong>quod</strong></span> <span class='ocrx_word' id='word_1_716' title='bbox 1643 5017 1803 5072; x_wconf 84' lang='lat' dir='ltr'><strong>homo</strong></span> 
     </span>
    </p>
   </div>
   <div class='ocr_carea' id='block_1_95' title="bbox 209 5098 1798 5175">
    <p class='ocr_par' dir='ltr' id='par_1_95' title="bbox 209 5098 1798 5175">
     <span class='ocr_line' id='line_1_95' title="bbox 209 5098 1798 5175; baseline 0.007 -24"><span class='ocrx_word' id='word_1_717' title='bbox 209 5098 408 5170; x_wconf 88' lang='lat' dir='ltr'><strong>impius</strong></span> <span class='ocrx_word' id='word_1_718' title='bbox 436 5101 636 5157; x_wconf 86' lang='lat' dir='ltr'><strong>frustra</strong></span> <span class='ocrx_word' id='word_1_719' title='bbox 670 5099 1005 5158; x_wconf 87' lang='lat' dir='ltr'><strong>laboraverit</strong></span> <span class='ocrx_word' id='word_1_720' title='bbox 1037 5119 1050 5155; x_wconf 88' lang='lat'><strong>:</strong></span> <span class='ocrx_word' id='word_1_721' title='bbox 1083 5103 1546 5175; x_wconf 84' lang='lat' dir='ltr'><strong>quandoquidem,</strong></span> <span class='ocrx_word' id='word_1_722' title='bbox 1572 5107 1656 5161; x_wconf 85' lang='lat' dir='ltr'><strong>vel</strong></span> <span class='ocrx_word' id='word_1_723' title='bbox 1686 5107 1798 5162; x_wconf 89' lang='lat' dir='ltr'><strong>cito</strong></span> 
     </span>
    </p>
   </div>
   <div class='ocr_carea' id='block_1_96' title="bbox 210 5193 1799 5262">
    <p class='ocr_par' dir='ltr' id='par_1_96' title="bbox 210 5193 1799 5262">
     <span class='ocr_line' id='line_1_96' title="bbox 210 5193 1799 5262; baseline 0.007 -17"><span class='ocrx_word' id='word_1_724' title='bbox 210 5193 614 5249; x_wconf 86' lang='lat' dir='ltr'><strong>transeuntibus</strong></span> <span class='ocrx_word' id='word_1_725' title='bbox 635 5193 824 5262; x_wconf 88' lang='lat' dir='ltr'><strong>rebus,</strong></span> <span class='ocrx_word' id='word_1_726' title='bbox 857 5193 938 5250; x_wconf 78' lang='lat' dir='ltr'><strong>vel</strong></span> <span class='ocrx_word' id='word_1_727' title='bbox 969 5195 1133 5250; x_wconf 87' lang='lat' dir='ltr'><strong>tineis</strong></span> <span class='ocrx_word' id='word_1_728' title='bbox 1156 5195 1599 5262; x_wconf 83' lang='lat' dir='ltr'><strong>demolientlbus,</strong></span> <span class='ocrx_word' id='word_1_729' title='bbox 1624 5207 1799 5256; x_wconf 87' lang='lat' dir='ltr'><strong>status</strong></span> 
     </span>
    </p>
   </div>
   <div class='ocr_carea' id='block_1_97' title="bbox 211 5282 1802 5360">
    <p class='ocr_par' dir='ltr' id='par_1_97' title="bbox 211 5282 1802 5360">
     <span class='ocr_line' id='line_1_97' title="bbox 211 5282 1802 5360; baseline 0.006 -23"><span class='ocrx_word' id='word_1_730' title='bbox 211 5282 352 5339; x_wconf 82' lang='lat' dir='ltr'><strong>illius</strong></span> <span class='ocrx_word' id='word_1_731' title='bbox 388 5284 582 5340; x_wconf 85' lang='lat' dir='ltr'><strong>domus</strong></span> <span class='ocrx_word' id='word_1_732' title='bbox 612 5293 992 5355; x_wconf 87' lang='lat' dir='ltr'><strong>comparatur.</strong></span> <span class='ocrx_word' id='word_1_733' title='bbox 1027 5287 1202 5344; x_wconf 83' lang='lat' dir='ltr'><strong>Aliter</strong></span> <span class='ocrx_word' id='word_1_734' title='bbox 1235 5306 1248 5340; x_wconf 87' lang='lat'><strong>:</strong></span> <span class='ocrx_word' id='word_1_735' title='bbox 1277 5286 1334 5345; x_wconf 79' lang='lat' dir='ltr'><strong>Si</strong></span> <span class='ocrx_word' id='word_1_736' title='bbox 1371 5291 1802 5360; x_wconf 85' lang='lat' dir='ltr'><strong>compurtaverit</strong></span> 
     </span>
    </p>
   </div>
   <div class='ocr_carea' id='block_1_98' title="bbox 208 5381 1807 5453">
    <p class='ocr_par' dir='ltr' id='par_1_98' title="bbox 208 5381 1807 5453">
     <span class='ocr_line' id='line_1_98' title="bbox 208 5381 1807 5453; baseline 0.006 -22"><span class='ocrx_word' id='word_1_737' title='bbox 208 5381 355 5447; x_wconf 71' lang='lat' dir='ltr'><strong>quisi</strong></span> <span class='ocrx_word' id='word_1_738' title='bbox 393 5388 590 5434; x_wconf 87' lang='lat' dir='ltr'><strong>terram</strong></span> <span class='ocrx_word' id='word_1_739' title='bbox 619 5387 931 5450; x_wconf 83' lang='lat' dir='ltr'><strong>argentum,</strong></span> <span class='ocrx_word' id='word_1_740' title='bbox 965 5391 1019 5433; x_wconf 86' lang='lat' dir='ltr'><strong>et</strong></span> <span class='ocrx_word' id='word_1_741' title='bbox 1046 5381 1185 5436; x_wconf 89' lang='lat' dir='ltr'><strong>sicut</strong></span> <span class='ocrx_word' id='word_1_742' title='bbox 1213 5382 1382 5437; x_wconf 90' lang='lat' dir='ltr'><strong>lutum</strong></span> <span class='ocrx_word' id='word_1_743' title='bbox 1416 5383 1807 5453; x_wconf 74' lang='lat' dir='ltr'><strong>praeparaverlt</strong></span> 
     </span>
    </p>
   </div>
   <div class='ocr_carea' id='block_1_99' title="bbox 209 5472 1802 5547">
    <p class='ocr_par' dir='ltr' id='par_1_99' title="bbox 209 5472 1802 5547">
     <span class='ocr_line' id='line_1_99' title="bbox 209 5472 1802 5547; baseline 0.008 -24"><span class='ocrx_word' id='word_1_744' title='bbox 209 5474 594 5528; x_wconf 81' lang='lat' dir='ltr'><strong>vestimentum</strong></span> <span class='ocrx_word' id='word_1_745' title='bbox 629 5486 642 5526; x_wconf 72' lang='grc' dir='ltr'><em>ε</em></span> <span class='ocrx_word' id='word_1_746' title='bbox 675 5472 1008 5543; x_wconf 66' lang='lat' dir='ltr'><strong>praeparabit</strong></span> <span class='ocrx_word' id='word_1_747' title='bbox 1045 5473 1290 5546; x_wconf 89' lang='lat' dir='ltr'><strong>quidem,</strong></span> <span class='ocrx_word' id='word_1_748' title='bbox 1323 5476 1419 5532; x_wconf 87' lang='lat' dir='ltr'><strong>sed</strong></span> <span class='ocrx_word' id='word_1_749' title='bbox 1457 5479 1636 5547; x_wconf 89' lang='lat' dir='ltr'><strong>justus</strong></span> <span class='ocrx_word' id='word_1_750' title='bbox 1681 5489 1802 5535; x_wconf 33' lang='lat' dir='ltr'><strong>vos;</strong></span> 
     </span>
    </p>
   </div>
   <div class='ocr_carea' id='block_1_100' title="bbox 209 5566 1806 5636">
    <p class='ocr_par' dir='ltr' id='par_1_100' title="bbox 209 5566 1806 5636">
     <span class='ocr_line' id='line_1_100' title="bbox 209 5566 1806 5636; baseline 0.005 -15"><span class='ocrx_word' id='word_1_751' title='bbox 209 5567 378 5622; x_wconf 81' lang='lat' dir='ltr'><strong>tictur</strong></span> <span class='ocrx_word' id='word_1_752' title='bbox 400 5566 529 5634; x_wconf 84' lang='lat' dir='ltr'><strong>illis,</strong></span> <span class='ocrx_word' id='word_1_753' title='bbox 551 5574 604 5622; x_wconf 88' lang='lat' dir='ltr'><strong>et</strong></span> <span class='ocrx_word' id='word_1_754' title='bbox 629 5575 920 5636; x_wconf 83' lang='lat' dir='ltr'><strong>argentum</strong></span> <span class='ocrx_word' id='word_1_755' title='bbox 953 5567 1218 5624; x_wconf 86' lang='lat' dir='ltr'><strong>innocens</strong></span> <span class='ocrx_word' id='word_1_756' title='bbox 1241 5568 1470 5625; x_wconf 63' lang='lat' dir='ltr'><strong>dixidet.</strong></span> <span class='ocrx_word' id='word_1_757' title='bbox 1492 5570 1806 5628; x_wconf 54' lang='lat' dir='ltr'><strong>mdiflcavlt</strong></span> 
     </span>
    </p>
   </div>
   <div class='ocr_carea' id='block_1_101' title="bbox 208 5660 1804 5729">
    <p class='ocr_par' dir='ltr' id='par_1_101' title="bbox 208 5660 1804 5729">
     <span class='ocr_line' id='line_1_101' title="bbox 208 5660 1804 5729; baseline 0.003 -14"><span class='ocrx_word' id='word_1_758' title='bbox 208 5660 351 5715; x_wconf 90' lang='lat' dir='ltr'><strong>sicut</strong></span> <span class='ocrx_word' id='word_1_759' title='bbox 386 5662 524 5716; x_wconf 89' lang='lat' dir='ltr'><strong>tinea</strong></span> <span class='ocrx_word' id='word_1_760' title='bbox 557 5660 778 5716; x_wconf 88' lang='lat' dir='ltr'><strong>domum</strong></span> <span class='ocrx_word' id='word_1_761' title='bbox 813 5675 990 5729; x_wconf 90' lang='lat' dir='ltr'><strong>suam,</strong></span> <span class='ocrx_word' id='word_1_762' title='bbox 1025 5670 1080 5718; x_wconf 86' lang='lat' dir='ltr'><strong>et</strong></span> <span class='ocrx_word' id='word_1_763' title='bbox 1109 5663 1252 5718; x_wconf 84' lang='lat' dir='ltr'><strong>sicut</strong></span> <span class='ocrx_word' id='word_1_764' title='bbox 1282 5673 1472 5719; x_wconf 89' lang='lat' dir='ltr'><strong>custos</strong></span> <span class='ocrx_word' id='word_1_765' title='bbox 1518 5662 1645 5719; x_wconf 75' lang='lat' dir='ltr'><strong>fecit</strong></span> <span class='ocrx_word' id='word_1_766' title='bbox 1680 5679 1804 5719; x_wconf 89' lang='lat' dir='ltr'><strong>um-</strong></span> 
     </span>
    </p>
   </div>
   <div class='ocr_carea' id='block_1_102' title="bbox 207 5753 1807 5826">
    <p class='ocr_par' dir='ltr' id='par_1_102' title="bbox 207 5753 1807 5826">
     <span class='ocr_line' id='line_1_102' title="bbox 207 5753 1807 5826; baseline 0.004 -18"><span class='ocrx_word' id='word_1_767' title='bbox 207 5753 512 5808; x_wconf 87' lang='lat' dir='ltr'><strong>bracuium.</strong></span> <span class='ocrx_word' id='word_1_768' title='bbox 561 5753 663 5809; x_wconf 83' lang='lat' dir='ltr'><strong>Hic</strong></span> <span class='ocrx_word' id='word_1_769' title='bbox 713 5766 845 5823; x_wconf 84' lang='lat' dir='ltr'><strong>ergo</strong></span> <span class='ocrx_word' id='word_1_770' title='bbox 894 5753 1118 5825; x_wconf 86' lang='lat' dir='ltr'><strong>impius,</strong></span> <span class='ocrx_word' id='word_1_771' title='bbox 1155 5771 1318 5826; x_wconf 90' lang='lat' dir='ltr'><strong>quem</strong></span> <span class='ocrx_word' id='word_1_772' title='bbox 1359 5756 1636 5813; x_wconf 88' lang='lat' dir='ltr'><strong>diabolum</strong></span> <span class='ocrx_word' id='word_1_773' title='bbox 1685 5773 1807 5814; x_wconf 88' lang='lat' dir='ltr'><strong>esse</strong></span> 
     </span>
    </p>
   </div>
   <div class='ocr_carea' id='block_1_103' title="bbox 207 5846 1807 5926">
    <p class='ocr_par' dir='ltr' id='par_1_103' title="bbox 207 5846 1807 5926">
     <span class='ocr_line' id='line_1_103' title="bbox 207 5846 1807 5926; baseline 0.005 -22"><span class='ocrx_word' id='word_1_774' title='bbox 207 5846 469 5919; x_wconf 86' lang='lat' dir='ltr'><strong>superius</strong></span> <span class='ocrx_word' id='word_1_775' title='bbox 493 5847 754 5915; x_wconf 76' lang='lat' dir='ltr'><strong>uisimus,</strong></span> <span class='ocrx_word' id='word_1_776' title='bbox 789 5847 841 5906; x_wconf 78' lang='lat' dir='ltr'><strong>in</strong></span> <span class='ocrx_word' id='word_1_777' title='bbox 875 5846 1326 5921; x_wconf 57' lang='lat' dir='ltr'><strong>prevaricstione</strong></span> <span class='ocrx_word' id='word_1_778' title='bbox 1359 5851 1490 5916; x_wconf 67' lang='lat' dir='ltr'><strong>Atla:</strong></span> <span class='ocrx_word' id='word_1_779' title='bbox 1535 5854 1807 5926; x_wconf 76' lang='lat' dir='ltr'><strong>pretiosos</strong></span> 
     </span>
    </p>
   </div>
   <div class='ocr_carea' id='block_1_104' title="bbox 1905 4729 3498 4800">
    <p class='ocr_par' dir='ltr' id='par_1_104' title="bbox 1905 4729 3498 4800">
     <span class='ocr_line' id='line_1_104' title="bbox 1905 4729 3498 4800; baseline -0.004 -11"><span class='ocrx_word' id='word_1_780' title='bbox 1905 4733 2012 4789; x_wconf 86' lang='lat' dir='ltr'><strong>illis</strong></span> <span class='ocrx_word' id='word_1_781' title='bbox 2041 4731 2383 4788; x_wconf 87' lang='lat' dir='ltr'><strong>seducuntur</strong></span> <span class='ocrx_word' id='word_1_782' title='bbox 2411 4745 2548 4800; x_wconf 86' lang='lat' dir='ltr'><strong>quos</strong></span> <span class='ocrx_word' id='word_1_783' title='bbox 2577 4734 2728 4799; x_wconf 89' lang='lat' dir='ltr'><strong>prius</strong></span> <span class='ocrx_word' id='word_1_784' title='bbox 2748 4729 3002 4785; x_wconf 82' lang='lat' dir='ltr'><strong>diabolus</strong></span> <span class='ocrx_word' id='word_1_785' title='bbox 3025 4731 3142 4800; x_wconf 82' lang='lat' dir='ltr'><strong>ipse</strong></span> <span class='ocrx_word' id='word_1_786' title='bbox 3171 4730 3498 4800; x_wconf 75' lang='lat' dir='ltr'><strong>deceperat:</strong></span> 
     </span>
    </p>
   </div>
   <div class='ocr_carea' id='block_1_105' title="bbox 1905 4824 3506 4898">
    <p class='ocr_par' dir='ltr' id='par_1_105' title="bbox 1905 4824 3506 4898">
     <span class='ocr_line' id='line_1_105' title="bbox 1905 4824 3506 4898; baseline -0.002 -15"><span class='ocrx_word' id='word_1_787' title='bbox 1905 4837 2158 4898; x_wconf 80' lang='lat' dir='ltr'><strong>ncpmes,</strong></span> <span class='ocrx_word' id='word_1_788' title='bbox 2192 4827 2433 4896; x_wconf 86' lang='lat' dir='ltr'><strong>inquam,</strong></span> <span class='ocrx_word' id='word_1_789' title='bbox 2461 4824 2578 4895; x_wconf 84' lang='lat' dir='ltr'><strong>ejus</strong></span> <span class='ocrx_word' id='word_1_790' title='bbox 2607 4839 2716 4880; x_wconf 89' lang='lat' dir='ltr'><strong>non</strong></span> <span class='ocrx_word' id='word_1_791' title='bbox 2747 4825 3146 4879; x_wconf 79' lang='lat' dir='ltr'><strong>saturabuntur</strong></span> <span class='ocrx_word' id='word_1_792' title='bbox 3178 4837 3317 4896; x_wconf 87' lang='lat' dir='ltr'><strong>pane</strong></span> <span class='ocrx_word' id='word_1_793' title='bbox 3341 4825 3506 4880; x_wconf 84' lang='lat' dir='ltr'><strong>visio-</strong></span> 
     </span>
    </p>
   </div>
   <div class='ocr_carea' id='block_1_106' title="bbox 1909 4919 3499 4990">
    <p class='ocr_par' dir='ltr' id='par_1_106' title="bbox 1909 4919 3499 4990">
     <span class='ocr_line' id='line_1_106' title="bbox 1909 4919 3499 4990; baseline -0.003 -13"><span class='ocrx_word' id='word_1_794' title='bbox 1909 4923 1990 4978; x_wconf 85' lang='lat' dir='ltr'><strong>nis</strong></span> <span class='ocrx_word' id='word_1_795' title='bbox 2045 4921 2171 4986; x_wconf 88' lang='lat' dir='ltr'><strong>Dei,</strong></span> <span class='ocrx_word' id='word_1_796' title='bbox 2206 4921 2392 4990; x_wconf 87' lang='lat' dir='ltr'><strong>utiquc</strong></span> <span class='ocrx_word' id='word_1_797' title='bbox 2433 4919 2630 4974; x_wconf 85' lang='lat' dir='ltr'><strong>famem</strong></span> <span class='ocrx_word' id='word_1_798' title='bbox 2686 4919 3036 4990; x_wconf 86' lang='lat' dir='ltr'><strong>inopiamque</strong></span> <span class='ocrx_word' id='word_1_799' title='bbox 3077 4920 3314 4990; x_wconf 82' lang='lat' dir='ltr'><strong>passuri.</strong></span> <span class='ocrx_word' id='word_1_800' title='bbox 3361 4919 3499 4986; x_wconf 85' lang='lat' dir='ltr'><strong>Quia</strong></span> 
     </span>
    </p>
   </div>
   <div class='ocr_carea' id='block_1_107' title="bbox 1906 5009 3505 5079">
    <p class='ocr_par' dir='ltr' id='par_1_107' title="bbox 1906 5009 3505 5079">
     <span class='ocr_line' id='line_1_107' title="bbox 1906 5009 3505 5079; baseline -0.003 -11"><span class='ocrx_word' id='word_1_801' title='bbox 1906 5027 2097 5068; x_wconf 83' lang='lat' dir='ltr'><strong>omnes</strong></span> <span class='ocrx_word' id='word_1_802' title='bbox 2122 5013 2296 5066; x_wconf 81' lang='lat' dir='ltr'><strong>sancti</strong></span> <span class='ocrx_word' id='word_1_803' title='bbox 2327 5009 2764 5079; x_wconf 84' lang='lat' dir='ltr'><strong>contemplantes</strong></span> <span class='ocrx_word' id='word_1_804' title='bbox 2793 5009 2990 5076; x_wconf 85' lang='lat' dir='ltr'><strong>Deum,</strong></span> <span class='ocrx_word' id='word_1_805' title='bbox 3022 5009 3308 5065; x_wconf 89' lang='lat' dir='ltr'><strong>reiiciendi</strong></span> <span class='ocrx_word' id='word_1_806' title='bbox 3339 5009 3408 5064; x_wconf 87' lang='lat' dir='ltr'><strong>ab</strong></span> <span class='ocrx_word' id='word_1_807' title='bbox 3438 5024 3505 5065; x_wconf 88' lang='lat' dir='ltr'><strong>eo</strong></span> 
     </span>
    </p>
   </div>
   <div class='ocr_carea' id='block_1_108' title="bbox 1905 5101 3505 5173">
    <p class='ocr_par' dir='ltr' id='par_1_108' title="bbox 1905 5101 3505 5173">
     <span class='ocr_line' id='line_1_108' title="bbox 1905 5101 3505 5173; baseline -0.003 -14"><span class='ocrx_word' id='word_1_808' title='bbox 1905 5113 2053 5167; x_wconf 89' lang='lat' dir='ltr'><strong>sunt,</strong></span> <span class='ocrx_word' id='word_1_809' title='bbox 2087 5112 2142 5157; x_wconf 86' lang='lat' dir='ltr'><strong>et</strong></span> <span class='ocrx_word' id='word_1_810' title='bbox 2173 5102 2430 5173; x_wconf 87' lang='lat' dir='ltr'><strong>pascendi</strong></span> <span class='ocrx_word' id='word_1_811' title='bbox 2463 5121 2474 5154; x_wconf 90' lang='lat'><strong>:</strong></span> <span class='ocrx_word' id='word_1_812' title='bbox 2507 5116 2616 5172; x_wconf 87' lang='lat' dir='ltr'><strong>quo</strong></span> <span class='ocrx_word' id='word_1_813' title='bbox 2647 5116 2790 5158; x_wconf 90' lang='lat' dir='ltr'><strong>nunc</strong></span> <span class='ocrx_word' id='word_1_814' title='bbox 2819 5103 2997 5171; x_wconf 85' lang='lat' dir='ltr'><strong>angeli</strong></span> <span class='ocrx_word' id='word_1_815' title='bbox 3029 5109 3366 5157; x_wconf 83' lang='lat' dir='ltr'><strong>saturantur.</strong></span> <span class='ocrx_word' id='word_1_816' title='bbox 3397 5101 3505 5157; x_wconf 84' lang='lat' dir='ltr'><strong>Rc-</strong></span> 
     </span>
    </p>
   </div>
   <div class='ocr_carea' id='block_1_109' title="bbox 1903 5192 3502 5266">
    <p class='ocr_par' dir='ltr' id='par_1_109' title="bbox 1903 5192 3502 5266">
     <span class='ocr_line' id='line_1_109' title="bbox 1903 5192 3502 5266; baseline -0.001 -18"><span class='ocrx_word' id='word_1_817' title='bbox 1903 5195 2096 5266; x_wconf 89' lang='lat' dir='ltr'><strong>iiquias</strong></span> <span class='ocrx_word' id='word_1_818' title='bbox 2128 5207 2344 5266; x_wconf 89' lang='lat' dir='ltr'><strong>quoque</strong></span> <span class='ocrx_word' id='word_1_819' title='bbox 2373 5192 2600 5259; x_wconf 88' lang='lat' dir='ltr'><strong>diaboli,</strong></span> <span class='ocrx_word' id='word_1_820' title='bbox 2625 5201 2929 5249; x_wconf 78' lang='lat' dir='ltr'><strong>extremam</strong></span> <span class='ocrx_word' id='word_1_821' title='bbox 2951 5193 3361 5264; x_wconf 85' lang='lat' dir='ltr'><strong>generationem</strong></span> <span class='ocrx_word' id='word_1_822' title='bbox 3385 5193 3502 5264; x_wconf 88' lang='lat' dir='ltr'><strong>ejus</strong></span> 
     </span>
    </p>
   </div>
   <div class='ocr_carea' id='block_1_110' title="bbox 1905 5287 3507 5362">
    <p class='ocr_par' dir='ltr' id='par_1_110' title="bbox 1905 5287 3507 5362">
     <span class='ocr_line' id='line_1_110' title="bbox 1905 5287 3507 5362; baseline -0.001 -16"><span class='ocrx_word' id='word_1_823' title='bbox 1905 5288 2216 5362; x_wconf 84' lang='lat' dir='ltr'><strong>intelligere</strong></span> <span class='ocrx_word' id='word_1_824' title='bbox 2247 5306 2563 5362; x_wconf 88' lang='lat' dir='ltr'><strong>possumus,</strong></span> <span class='ocrx_word' id='word_1_825' title='bbox 2596 5307 2716 5362; x_wconf 64' lang='lat' dir='ltr'><strong>quae</strong></span> <span class='ocrx_word' id='word_1_826' title='bbox 2750 5291 3028 5357; x_wconf 85' lang='lat' dir='ltr'><strong>similiter,</strong></span> <span class='ocrx_word' id='word_1_827' title='bbox 3063 5301 3121 5345; x_wconf 91' lang='lat' dir='ltr'><strong>ut</strong></span> <span class='ocrx_word' id='word_1_828' title='bbox 3163 5290 3280 5362; x_wconf 87' lang='lat' dir='ltr'><strong>ipse</strong></span> <span class='ocrx_word' id='word_1_829' title='bbox 3310 5287 3507 5345; x_wconf 84' lang='lat' dir='ltr'><strong>diabo-</strong></span> 
     </span>
    </p>
   </div>
   <div class='ocr_carea' id='block_1_111' title="bbox 1905 5375 3508 5455">
    <p class='ocr_par' dir='ltr' id='par_1_111' title="bbox 1905 5375 3508 5455">
     <span class='ocr_line' id='line_1_111' title="bbox 1905 5375 3508 5455; baseline -0.001 -17"><span class='ocrx_word' id='word_1_830' title='bbox 1905 5383 2012 5449; x_wconf 89' lang='lat' dir='ltr'><strong>lus,</strong></span> <span class='ocrx_word' id='word_1_831' title='bbox 2043 5392 2098 5438; x_wconf 89' lang='lat' dir='ltr'><strong>ct</strong></span> <span class='ocrx_word' id='word_1_832' title='bbox 2130 5383 2227 5437; x_wconf 90' lang='lat' dir='ltr'><strong>filii</strong></span> <span class='ocrx_word' id='word_1_833' title='bbox 2275 5398 2339 5437; x_wconf 87' lang='lat' dir='ltr'><strong>ac</strong></span> <span class='ocrx_word' id='word_1_834' title='bbox 2383 5390 2614 5452; x_wconf 87' lang='lat' dir='ltr'><strong>nepotes</strong></span> <span class='ocrx_word' id='word_1_835' title='bbox 2650 5382 2791 5453; x_wconf 81' lang='lat' dir='ltr'><strong>ejus,</strong></span> <span class='ocrx_word' id='word_1_836' title='bbox 2823 5375 2946 5438; x_wconf 81' lang='lat' dir='ltr'><strong>cum</strong></span> <span class='ocrx_word' id='word_1_837' title='bbox 2985 5389 3100 5437; x_wconf 88' lang='lat' dir='ltr'><strong>toto</strong></span> <span class='ocrx_word' id='word_1_838' title='bbox 3139 5398 3373 5453; x_wconf 86' lang='lat' dir='ltr'><strong>corpore</strong></span> <span class='ocrx_word' id='word_1_839' title='bbox 3411 5401 3508 5455; x_wconf 87' lang='lat' dir='ltr'><strong>pu—</strong></span> 
     </span>
    </p>
   </div>
   <div class='ocr_carea' id='block_1_112' title="bbox 1909 5471 3502 5548">
    <p class='ocr_par' dir='ltr' id='par_1_112' title="bbox 1909 5471 3502 5548">
     <span class='ocr_line' id='line_1_112' title="bbox 1909 5471 3502 5548; baseline 0.001 -18"><span class='ocrx_word' id='word_1_840' title='bbox 1909 5477 2017 5547; x_wconf 92' lang='lat' dir='ltr'><strong>puli</strong></span> <span class='ocrx_word' id='word_1_841' title='bbox 2044 5477 2127 5532; x_wconf 92' lang='lat' dir='ltr'><strong>sui</strong></span> <span class='ocrx_word' id='word_1_842' title='bbox 2158 5477 2211 5532; x_wconf 92' lang='lat' dir='ltr'><strong>in</strong></span> <span class='ocrx_word' id='word_1_843' title='bbox 2239 5477 2524 5532; x_wconf 81' lang='lat' dir='ltr'><strong>interitum</strong></span> <span class='ocrx_word' id='word_1_844' title='bbox 2555 5473 2906 5548; x_wconf 80' lang='lat' dir='ltr'><strong>sepelienlitt&#39;.</strong></span> <span class='ocrx_word' id='word_1_845' title='bbox 2935 5471 3046 5531; x_wconf 68' lang='lat' dir='ltr'><strong>fllzc</strong></span> <span class='ocrx_word' id='word_1_846' title='bbox 3070 5491 3284 5548; x_wconf 86' lang='lat' dir='ltr'><strong>quoque</strong></span> <span class='ocrx_word' id='word_1_847' title='bbox 3304 5477 3502 5545; x_wconf 61' lang='lat' dir='ltr'><strong>vidnte,</strong></span> 
     </span>
    </p>
   </div>
   <div class='ocr_carea' id='block_1_113' title="bbox 1907 5567 3510 5642">
    <p class='ocr_par' dir='ltr' id='par_1_113' title="bbox 1907 5567 3510 5642">
     <span class='ocr_line' id='line_1_113' title="bbox 1907 5567 3510 5642; baseline -0.001 -16"><span class='ocrx_word' id='word_1_848' title='bbox 1907 5569 1961 5626; x_wconf 89' lang='lat' dir='ltr'><strong>id</strong></span> <span class='ocrx_word' id='word_1_849' title='bbox 1992 5578 2096 5636; x_wconf 89' lang='lat' dir='ltr'><strong>est,</strong></span> <span class='ocrx_word' id='word_1_850' title='bbox 2122 5568 2318 5625; x_wconf 76' lang='lat' dir='ltr'><strong>animm</strong></span> <span class='ocrx_word' id='word_1_851' title='bbox 2349 5579 2484 5642; x_wconf 83' lang='lat' dir='ltr'><strong>qnas</strong></span> <span class='ocrx_word' id='word_1_852' title='bbox 2521 5571 2667 5626; x_wconf 87' lang='lat' dir='ltr'><strong>vitiis</strong></span> <span class='ocrx_word' id='word_1_853' title='bbox 2694 5571 2829 5637; x_wconf 91' lang='lat' dir='ltr'><strong>suis,</strong></span> <span class='ocrx_word' id='word_1_854' title='bbox 2863 5579 2919 5626; x_wconf 87' lang='lat' dir='ltr'><strong>et</strong></span> <span class='ocrx_word' id='word_1_855' title='bbox 2951 5567 3225 5626; x_wconf 85' lang='lat' dir='ltr'><strong>illecebris</strong></span> <span class='ocrx_word' id='word_1_856' title='bbox 3256 5571 3510 5640; x_wconf 82' lang='lat' dir='ltr'><strong>volupta-</strong></span> 
     </span>
    </p>
   </div>
   <div class='ocr_carea' id='block_1_114' title="bbox 1908 5663 3510 5737">
    <p class='ocr_par' dir='ltr' id='par_1_114' title="bbox 1908 5663 3510 5737">
     <span class='ocr_line' id='line_1_114' title="bbox 1908 5663 3510 5737; baseline -0.001 -14"><span class='ocrx_word' id='word_1_857' title='bbox 1908 5677 2022 5723; x_wconf 83' lang='lat' dir='ltr'><strong>tum</strong></span> <span class='ocrx_word' id='word_1_858' title='bbox 2049 5665 2297 5723; x_wconf 88' lang='lat' dir='ltr'><strong>diabolus</strong></span> <span class='ocrx_word' id='word_1_859' title='bbox 2327 5675 2713 5733; x_wconf 85' lang='lat' dir='ltr'><strong>enervavcrat,</strong></span> <span class='ocrx_word' id='word_1_860' title='bbox 2748 5664 3056 5737; x_wconf 88' lang='lat' dir='ltr'><strong>mollesque</strong></span> <span class='ocrx_word' id='word_1_861' title='bbox 3084 5663 3422 5733; x_wconf 88' lang='lat' dir='ltr'><strong>reddiderat,</strong></span> <span class='ocrx_word' id='word_1_862' title='bbox 3453 5669 3510 5722; x_wconf 88' lang='lat' dir='ltr'><strong>ut</strong></span> 
     </span>
    </p>
   </div>
   <div class='ocr_carea' id='block_1_115' title="bbox 1908 5757 3501 5831">
    <p class='ocr_par' dir='ltr' id='par_1_115' title="bbox 1908 5757 3501 5831">
     <span class='ocr_line' id='line_1_115' title="bbox 1908 5757 3501 5831; baseline -0.003 -12"><span class='ocrx_word' id='word_1_863' title='bbox 1908 5771 2129 5819; x_wconf 85' lang='lat' dir='ltr'><strong>omnem</strong></span> <span class='ocrx_word' id='word_1_864' title='bbox 2181 5757 2581 5831; x_wconf 85' lang='lat' dir='ltr'><strong>fortitudinem,</strong></span> <span class='ocrx_word' id='word_1_865' title='bbox 2643 5769 2697 5817; x_wconf 87' lang='lat' dir='ltr'><strong>et</strong></span> <span class='ocrx_word' id='word_1_866' title='bbox 2743 5761 3066 5818; x_wconf 83' lang='lat' dir='ltr'><strong>virilitatem</strong></span> <span class='ocrx_word' id='word_1_867' title='bbox 3133 5763 3501 5817; x_wconf 84' lang='lat' dir='ltr'><strong>amitterent:</strong></span> 
     </span>
    </p>
   </div>
   <div class='ocr_carea' id='block_1_116' title="bbox 1912 5853 3507 5924">
    <p class='ocr_par' dir='ltr' id='par_1_116' title="bbox 1912 5853 3507 5924">
     <span class='ocr_line' id='line_1_116' title="bbox 1912 5853 3507 5924; baseline -0.001 -12"><span class='ocrx_word' id='word_1_868' title='bbox 1912 5856 2060 5912; x_wconf 88' lang='lat' dir='ltr'><strong>nulla</strong></span> <span class='ocrx_word' id='word_1_869' title='bbox 2091 5853 2434 5913; x_wconf 84' lang='lat' dir='ltr'><strong>correctione</strong></span> <span class='ocrx_word' id='word_1_870' title='bbox 2460 5867 2524 5911; x_wconf 84' lang='lat' dir='ltr'><strong>ac</strong></span> <span class='ocrx_word' id='word_1_871' title='bbox 2563 5854 2945 5915; x_wconf 83' lang='lat' dir='ltr'><strong>satisfactione</strong></span> <span class='ocrx_word' id='word_1_872' title='bbox 2974 5853 3274 5924; x_wconf 80' lang='lat' dir='ltr'><strong>deflebant,</strong></span> <span class='ocrx_word' id='word_1_873' title='bbox 3304 5863 3362 5912; x_wconf 89' lang='lat' dir='ltr'><strong>ut</strong></span> <span class='ocrx_word' id='word_1_874' title='bbox 3392 5853 3507 5911; x_wconf 48' lang='lat' dir='ltr'><strong>si.</strong></span> 
     </span>
    </p>
   </div>
  </div>
