3948 6334
458 327 565 387 695

1248 328 1601 389 APPENDIX
1638 331 1733 387 AD
1770 328 2014 388 TOMUM
2053 328 2407 389 SEPTIMUM
2444 330 2503 389 S.
2543 330 2952 389 HIERONYMI.
3612 337 3704 395 698

449 458 560 505 tem
593 447 887 520 aliquando
902 449 1226 521 resipiseant
1253 451 1319 505 ad
1334 450 1529 516 Deum,
1558 466 1719 522 quem
1755 460 2032 524 tamquam
2063 453 2116 514 Α
2145 467 2443 523 numquam
2468 451 2544 507 sit
2570 452 2912 508 revocandus
2938 451 3008 508 ad
3039 453 3240 521 vitam,
3270 463 3327 512 et
3351 454 3457 516 illic
3480 454 3526 513 ei
3553 459 3701 527 ι)ωηί-

445 543 621 599 virum
655 545 981 613 amiserant,
1015 545 1166 600 vitiis
1202 544 1358 600 velut
1383 543 1652 601 adulteris
1688 544 2042 602 cohaerendo.

519 635 677 692 Diues
706 653 823 691 eum
857 637 1147 703 dorntierit,
1180 635 1312 691 nihil
1337 653 1510 693 secum
1555 638 1757 710 auferet
1788 654 1807 695 :
1846 638 2044 710 aperiet

448 728 631 784 oculos
665 745 807 796 suos,
836 739 883 783 et
910 729 1040 784 nihil
1068 729 1311 785 inveniet.
1341 729 1527 786 Multis
1562 730 1743 786 modis
1769 730 1926 786 dives
1956 730 2042 786 in-

447 821 717 891 telligitur
737 821 790 875 itt
812 820 1113 891 Scripturis
1141 819 1365 887 divinis.
1392 822 1486 878 Est
1508 821 1665 879 dives
1692 822 2045 880 facultatibus

450 914 684 970 terrenis
719 934 731 967 :
773 914 869 969 sed
899 914 946 969 si
976 914 1207 971 conﬁdit
1235 915 1289 970 in
1323 916 1457 987 ipsis
1476 916 1707 986 divitiis,
1734 918 1911 975 cadet.
1943 918 2046 975 Hic

442 1022 573 1079 ergo
596 1007 753 1063 dives
780 1023 904 1063 cum
934 1010 985 1063 in
1010 1024 1205 1064 somno
1232 1010 1424 1065 mortis
1450 1008 1638 1078 fuerit,
1670 1011 1805 1067 nihil
1831 1012 1900 1068 de
1930 1013 2045 1068 suis

444 1099 796 1156 facultatibus
821 1116 1007 1157 secum
1039 1101 1182 1157 feret
1214 1122 1225 1155 :
1256 1103 1517 1174 quoniam
1541 1104 1721 1161 nudus
1744 1107 1893 1161 venit
1921 1121 2046 1162 nas-

447 1192 668 1248 cendo:
700 1193 881 1249 nudus
923 1192 1221 1251 revertitur
1262 1197 1315 1251 in
1357 1205 1560 1252 terram
1603 1198 1912 1254 moriendo.
1949 1200 2045 1255 llic

441 1281 498 1337 in
534 1284 937 1340 resurrectione
964 1284 1175 1357 aperiet
1205 1286 1394 1342 oculos
1418 1302 1572 1354 suos,
1604 1295 1661 1343 et
1690 1288 1902 1344 nullum
1934 1305 2044 1345 me-

443 1374 610 1433 ritutn
650 1376 774 1432 boni
821 1378 1010 1448 operis
1045 1378 1306 1435 inveniet.
1335 1378 1648 1435 Judieorum
1694 1396 1911 1453 quoque
1945 1398 2045 1453 po-

443 1469 624 1539 pulus,
654 1481 880 1542 propter
911 1471 1327 1528 innumerabilia
1364 1473 1550 1529 divina
1578 1473 1841 1531 beneﬁcia
1867 1494 1879 1529 :
1913 1490 2039 1547 pro-

445 1564 731 1634 phetarum
771 1579 995 1636 quoque
1033 1568 1278 1637 oracula,
1304 1567 1422 1623 sive
1453 1566 1846 1638 promissiones
1875 1569 2044 1640 pluri-

445 1675 589 1728 mas,
617 1671 673 1715 et
718 1658 818 1716 Dei
863 1661 1034 1732 ipsius
1081 1660 1337 1733 frequens
1384 1662 1705 1733 alloquium,
1756 1663 1909 1719 dives
1956 1673 2043 1720 est

443 1753 644 1810 dictus.
679 1753 835 1810 Unde
868 1753 1078 1810 eisdem
1118 1754 1326 1810 Judaeis
1362 1754 1436 1809 ait
1472 1757 1734 1812 Dominus
1770 1756 1826 1811 in
1858 1756 2040 1812 Evan-

2148 546 2333 602 tentize
2356 547 2509 602 locus
2539 562 2650 601 non
2678 547 2803 603 erit-

2218 640 2636 714 Stringet-super
2677 657 2793 696 eum
2822 657 3011 698 manus
3053 659 3208 712 suas,
3232 651 3281 698 et
3318 643 3539 701 sibilabit
3572 664 3707 717 super

2143 731 2331 801 illum,
2375 732 2581 786 intuens
2631 731 2803 787 locum
2857 735 3000 803 eius.
3035 732 3148 789 Alii
3187 733 3465 802 dixerunt,
3514 733 3709 809 Planget

2144 842 2302 897 super
2330 842 2447 880 eum
2472 825 2708 881 manibus
2735 827 2877 897 suis,
2912 836 2961 881 et
3005 826 3177 884 trahet
3209 844 3325 884 eum
3366 829 3430 883 de
3467 828 3574 886 loco
3606 849 3709 888 suo.

2146 916 2375 974 Nutibus
2403 917 2730 989 quibusdam
2771 933 3063 991 corporum
3109 921 3470 977 humanorum
3491 964 3506 990 ,
3534 938 3711 980 censu-

2146 1023 2262 1066 ram
2290 1009 2629 1081 indignantis
2658 1010 2796 1081 Dei,
2820 1024 2876 1068 et
2917 1025 3107 1069 contra
3140 1023 3485 1084 peecatorem
3515 1016 3716 1074 divitem

2146 1101 2472 1170 irascentis,
2505 1101 2614 1159 hoc
2636 1117 2887 1158 sermone
2917 1103 3183 1160 describit
3215 1124 3228 1160 :
3254 1106 3344 1161 ubi
3376 1116 3432 1162 et
3454 1108 3558 1177 jam
3580 1108 3715 1180 quasi

2146 1193 2373 1249 sibilans
2425 1193 2631 1251 indicet
2682 1211 2847 1267 quam
2898 1207 3052 1254 atrox
3105 1198 3184 1254 illi
3238 1213 3525 1271 poenarum
3583 1202 3716 1260 locus

2144 1297 2472 1344 reservetur.
2534 1287 2620 1345 Ad
2674 1290 2843 1345 talem
2900 1290 3083 1347 locum
3144 1300 3202 1348 et
3258 1291 3429 1350 Judas
3484 1294 3718 1351 lscarioth

2145 1378 2300 1435 abiit.

2683 1450 2912 1510 CAPUT
2950 1454 3191 1511 XXVIII.

2214 1563 2390 1620 Habet
2439 1575 2716 1640 argentum
2761 1585 3008 1624 venarum
3058 1587 3276 1627 suarum
3331 1572 3621 1646 principia,
3680 1585 3722 1632 et

2145 1673 2277 1713 auro
2322 1659 2469 1715 locus
2495 1669 2607 1726 est,
2654 1660 2711 1716 in
2738 1678 2837 1731 quo
2881 1665 3163 1736 conﬂatur.
3213 1661 3443 1720 Ferrum
3493 1666 3555 1721 de
3597 1676 3721 1722 terra

2147 1752 2376 1823 tollitur,
2407 1765 2454 1809 et
2482 1756 2645 1825 lapis,
2665 1755 2866 1812 solutus
2896 1757 3103 1825 calore,
3128 1760 3181 1814 in
3210 1776 3281 1815 ws
3312 1762 3550 1818 vertitur.
3575 1764 3724 1821 Vide-

445 1849 589 1919 gelio
624 1867 636 1902 :
674 1848 767 1904 Va:
801 1848 943 1904 rubis
972 1849 1239 1905 divitibus.
1273 1848 1505 1920 Superbi
1548 1865 1767 1921 quoque
1804 1866 1912 1906 non
1945 1851 2040 1906 ba-
2073 1844 2121 1906 Β
2149 1856 2237 1904 tttr
2265 1846 2403 1903 mihi
2425 1850 2569 1919 quod
2595 1866 2692 1920 per
2713 1851 2944 1923 mnigma
2967 1863 3022 1909 et
3048 1853 3364 1924 parabolam
3384 1895 3401 1922 ,
3433 1856 3533 1912 sub
3554 1856 3724 1914 borum

444 1942 638 1997 bentes
691 1942 918 2011 spiritus
973 1951 1385 2013 paupertatem,
1433 1941 1631 1999 divites
1674 1944 2041 2013 appellantur.

445 2033 769 2106 Philosophi
799 2037 989 2101 etiam,
1013 2036 1281 2092 habentes
1312 2036 1647 2103 facundiam,
1673 2046 1729 2093 et
1754 2039 2042 2093 scientiam

442 2129 802 2194 mundialem,
844 2130 1040 2185 divites
1087 2142 1489 2199 nuncupantur.
1542 2128 1608 2184 Hi
1663 2142 1786 2184 cum
1848 2129 1903 2185 in
1956 2128 2045 2185 die

444 2224 866 2279 resurrectionis
916 2223 1119 2278 fuerint
1156 2222 1439 2293 suscitati,
1485 2220 1622 2277 nihil
1667 2221 1895 2277 remedii
1934 2237 2045 2293 quo

446 2317 731 2373 Salventur
756 2317 1055 2373 invenient.
1093 2316 1392 2372 llteretieus
1426 2315 1591 2373 etiam
1623 2317 1853 2388 quisque
1887 2316 2044 2373 dives

447 2412 553 2468 dici
584 2421 763 2483 potest
794 2431 806 2465 ε
839 2411 1095 2483 quoniam
1122 2411 1294 2467 multa
1324 2412 1493 2467 immo
1528 2396 1714 2466 omnia
1740 2410 1809 2467 de
1839 2423 2045 2467 sancta:

450 2504 712 2561 Ecclesia
760 2504 1299 2561 remunerationibus
1350 2519 1411 2560 se
1454 2503 1658 2559 habere
1717 2504 2041 2574 praesumit:

442 2600 828 2657 remissionem
861 2609 1249 2670 peccatorum,
1297 2597 1759 2671 signiﬁcationem
1794 2598 2043 2669 spiritus,

442 2696 637 2768 pignus
653 2697 817 2753 etiam
837 2694 1109 2751 Dominici
1138 2693 1409 2764 corporis,
1434 2703 1494 2749 et
1520 2693 1896 2749 Itzereditatem
1921 2708 2043 2749 cum

443 2790 654 2845 sanctis
697 2790 907 2861 angelis
949 2788 1104 2859 regni
1138 2786 1403 2844 caelestis.
1436 2787 1500 2842 lli
1539 2803 1672 2857 ergo
1704 2802 1894 2842 omnes
1932 2787 2047 2843 sive

444 2882 574 2955 quia
602 2883 785 2938 crucis
806 2882 1126 2937 scandalum
1161 2880 1461 2951 patiuntur,
1482 2880 1595 2936 sive
1619 2880 2046 2951 praesumptione

447 2977 633 3034 cordis
670 2977 780 3042 sui,
818 2985 878 3032 ut
912 2977 967 3032 in
1007 2991 1199 3032 errore
1238 2975 1543 3040 ambulent,
1573 2975 1826 3031 veritatis
1858 2975 2047 3033 trami-

448 3080 557 3128 tem
587 3070 952 3142 reliqucrunt.
980 3069 1107 3126 Sive
1128 3070 1252 3141 quia
1281 3070 1636 3125 obscuratum
1672 3070 1938 3126 habentes
1967 3070 2047 3125 in-

450 3164 751 3230 tellectum,
783 3165 1067 3236 proprium
1096 3164 1285 3219 libera:
1309 3163 1604 3219 voluntatis
1631 3162 1923 3219 arbitrium
1951 3182 1962 3216 :
1991 3165 2043 3219 in

2148 1940 2464 1996 nominibus
2489 1942 2832 1998 metallorum
2852 1988 2867 2014 ,
2894 1958 3076 2000 mores
3098 1945 3380 2002 hominum
3400 1988 3417 2013 ,
3443 1959 3495 2002 et
3516 1949 3726 2005 virtutes

2146 2036 2448 2090 animorum
2479 2035 2790 2102 describat,
2821 2038 3053 2095 minime
3074 2037 3284 2095 ordinis
3312 2041 3722 2112 observantiam,

2145 2128 2540 2200 prophetarum
2590 2145 2776 2199 more,
2827 2130 3161 2187 custodiens.
3220 2132 3452 2204 Argenti
3482 2150 3642 2201 vero,
3681 2145 3731 2193 et

2147 2222 2267 2278 auri
2295 2222 2620 2278 vocabulum
2647 2265 2663 2290 ,
2709 2223 3012 2280 secundum
3055 2226 3450 2281 auctoritatem
3502 2228 3731 2298 Scriptu-

2148 2330 2369 2383 rarum,
2423 2317 2580 2372 verbi
2626 2317 2907 2388 eloquium
2952 2326 3009 2374 et
3054 2333 3252 2375 sensus
3304 2319 3476 2375 animi
3507 2318 3732 2378 indicare

2149 2411 2343 2467 voluit.
2378 2410 2507 2468 Hazc
2533 2412 2867 2469 disserentes
2892 2429 2989 2469 nos
3017 2414 3089 2469 ita
3131 2413 3381 2473 dicamus
3409 2433 3427 2472 :
3459 2417 3731 2474 Habctar-

2148 2513 2371 2576 genium
2412 2520 2675 2560 venarum
2720 2520 2944 2561 suarum
2995 2507 3309 2578 principia,
3347 2519 3407 2564 et
3437 2524 3570 2565 auro
3596 2509 3734 2565 locus

2148 2608 2234 2654 est
2264 2598 2320 2654 in
2350 2614 2457 2668 quo
2484 2598 2776 2655 conflatur.
2810 2597 2976 2655 Vena:
3007 2601 3221 2673 argenti
3254 2618 3266 2655 :
3302 2602 3354 2657 id
3384 2614 3507 2670 εει,
3539 2603 3731 2658 initium

2148 2692 2351 2763 eloquii
2398 2693 2467 2748 ab
2515 2692 2713 2749 anima:
2742 2693 2996 2750 sensibus
3022 2699 3235 2750 oritur:
3260 2710 3463 2752 sensus
3504 2711 3630 2753 vero
3654 2711 3735 2751 au-

2147 2802 2278 2844 reus
2299 2829 2314 2854 ,
2346 2787 2579 2842 rationis
2618 2802 2684 2843 ac
2715 2789 2999 2859 sapientia:
3020 2787 3233 2859 judicio
3259 2788 3588 2856 fabricatur,
3616 2797 3737 2844 etut

2150 2882 2224 2938 sit
2255 2881 2500 2953 Optimus
2521 2922 2535 2944 .
2589 2882 2657 2938 ab
2687 2882 2812 2954 igne
2838 2883 3038 2940 divina:
3081 2885 3512 2941 examinationis
3552 2884 3737 2957 proba-

2151 2973 2302 3029 tione
2340 2973 2637 3029 conllatur.
2684 2974 2972 3032 Fortitudo
3013 2991 3182 3045 vero,
3208 2992 3339 3058 \qua:
3367 2976 3503 3034 ferri
3535 2978 3737 3033 nomine

2151 3068 2481 3139 appellatur,
2530 3077 2613 3125 est
2659 3085 2765 3140 qua
2800 3080 3036 3137 terram,
3067 3070 3121 3127 id
3153 3079 3273 3137 est,
3321 3071 3513 3127 carnis
3552 3078 3739 3127 nostris

2152 3162 2418 3216 malitiam
2463 3164 2517 3216 in
2552 3161 2711 3218 nobis
2754 3162 3002 3219 tollimus
3035 3180 3047 3218 :
3080 3164 3372 3220 adversum
3404 3180 3526 3221 eam
3563 3175 3739 3220 contra

448 3259 771 3316 inﬁdelitate
804 3259 1126 3329 perdurant.
1158 3258 1255 3315 Vel
1302 3259 1423 3330 quia
1476 3258 1874 3315 abominabiles
1920 3260 2047 3316 facti
2075 3240 2123 3305 C
2151 3269 2252 3309 nos
2304 3254 2659 3324 militantem,
2693 3263 2751 3311 et
2783 3265 2974 3311 contra
3026 3256 3201 3327 legem
3252 3258 3489 3327 spiritus
3524 3271 3741 3314 conver-

446 3362 621 3410 sunt:
660 3354 969 3409 exaltantes
1010 3368 1108 3408 cor
1146 3369 1307 3408 suum
1347 3362 1474 3423 post
1511 3351 1787 3408 somnium
1830 3355 2043 3422 mortis,

443 3448 501 3503 in
532 3446 942 3503 resurrectione
979 3446 1228 3517 aperient
1272 3445 1462 3501 oculos
1501 3460 1655 3512 suos,
1693 3456 1747 3502 et
1786 3445 1921 3502 nihil
1963 3446 2047 3503 in-

447 3540 695 3597 venient.

523 3634 886 3709 Apprehendet
913 3651 1031 3690 eum
1058 3634 1208 3706 quasi
1252 3650 1404 3706 aqua:
1430 3634 1608 3707 inapia
1636 3649 1655 3689 :
1685 3641 1833 3688 nocte
1862 3634 2047 3704 appri-

446 3737 551 3784 met
573 3744 693 3782 eum
722 3734 1016 3800 tempestas.
1048 3724 1299 3781 Subitam
1340 3734 1639 3796 egestatem
1665 3725 1938 3795 praedictis
1963 3725 2048 3779 di-

444 3823 649 3880 vitibus
668 3865 684 3887 .
715 3823 867 3879 velut
894 3837 1088 3892 aquam
1119 3830 1575 3893 superventuram
1609 3821 1918 3893 signiﬁcat,
1951 3822 2045 3894 qui

445 3916 665 3974 miseria
687 3962 703 3987 ,
726 3925 782 3972 et
814 3916 1090 3986 inopinata
1123 3914 1225 3969 sibi
1255 3916 1499 3987 angustia
1520 3955 1535 3981 ,
1557 3931 1680 3985 quae
1712 3919 2047 3985 tempestatis

447 4011 673 4067 nomine
724 4008 867 4064 dicta
902 4016 1018 4074 est,
1065 4018 1257 4073 nocte,
1293 4007 1345 4062 id
1375 4017 1493 4071 est,
1524 4017 1752 4076 repente
1780 4006 1911 4062 dum
1944 4024 2045 4063 ne-

449 4101 629 4157 sciunt
653 4099 1036 4171 opprimentur
1063 4115 1077 4153 :
1096 4099 1257 4168 juxta
1278 4097 1409 4152 illud
1436 4097 1684 4168 Apostoli
1710 4116 1723 4153 :
1752 4096 1880 4152 Cum
1899 4100 2047 4154 dixe-

446 4196 553 4251 rint
581 4212 689 4268 paa;
730 4202 780 4250 et
802 4193 1073 4261 securitas,
1106 4202 1228 4248 tunc
1272 4192 1575 4264 repentinus
1615 4193 1689 4247 eis
1727 4196 2046 4265 superveniet

448 4289 716 4343 interitus.

514 4378 689 4436 Tollet
711 4396 825 4434 eum
849 4389 1030 4434 ventus
1051 4395 1211 4435 urens
1228 4421 1243 4443 ,
1268 4387 1316 4432 et
1351 4380 1587 4450 auferet,
1635 4388 1683 4434 et
1712 4380 1851 4434 velut
1895 4380 2046 4437 turbo

446 4472 615 4542 rapiet
663 4487 779 4527 eum
826 4470 890 4525 de
933 4472 1049 4526 loco
1074 4486 1189 4527 suo.
1221 4471 1383 4526 Venti
1426 4472 1680 4538 nomine,
1711 4474 2043 4532 sententiam

445 4566 618 4634 dixit,
650 4581 759 4636 qua
785 4565 933 4620 velut
973 4565 1154 4635 pulvis
1185 4564 1416 4635 quisque
1440 4578 1632 4620 eorum
1664 4566 1987 4635 projteietur
2011 4583 2043 4623 a

443 4659 586 4716 facie
631 4667 813 4714 terrae.
839 4656 907 4712 Et
950 4665 1145 4711 ventus
1174 4654 1264 4710 hic
1292 4654 1490 4712 divinae
1535 4658 1828 4713 sententiae
1877 4674 2042 4714 urens

445 4754 668 4823 dicitur,
700 4767 769 4810 eo
812 4750 960 4824 quod
987 4751 1057 4807 ad
1089 4750 1350 4823 gehennae
1380 4750 1657 4808 nredinem
1699 4752 1880 4818 ducit,
1928 4754 2042 4811 sive

445 4845 746 4916 compellit.

517 4947 734 5003 Eminet
785 4963 942 5018 super
985 4964 1131 5016 eum,
1162 4958 1210 5002 et
1258 4964 1364 5003 non
1392 4958 1586 5020 parcet.
1617 4950 1825 5006 Ventus
1854 4952 2042 5022 utique

446 5048 735 5106 sententiae
766 5046 899 5113 Dei,
932 5048 1047 5104 sive
1092 5048 1210 5119 ipse
1254 5048 1401 5105 Deus
1444 5066 1541 5121 per
1568 5052 1896 5108 sententiam
1926 5052 2044 5123 jus-

440 5152 582 5209 titiae
609 5166 756 5219 suae,
789 5150 970 5206 mittet
996 5166 1164 5221 super
1192 5166 1317 5207 eum
1349 5167 1540 5222 patrias
1573 5172 1587 5208 :
1618 5154 1671 5209 id
1715 5165 1830 5223 est,
1869 5158 2039 5212 meri-

451 5268 566 5314 tum
609 5253 905 5311 facinorum
937 5246 1159 5309 suorum
1186 5255 1468 5327 suscipiet.
1501 5256 1616 5312 Non
1646 5259 1790 5313 enim
1821 5269 2039 5332 parcet,

449 5373 573 5415 cum
605 5356 799 5413 reddet
826 5356 876 5411 ei
908 5356 1206 5412 secundum
1240 5372 1406 5429 opera
1432 5374 1548 5414 sua.

517 5460 597 5516 De
622 5476 784 5515 manu
813 5461 926 5533 ejus
949 5459 1156 5531 fugiens
1183 5461 1371 5533 fugiet.
1403 5456 1472 5514 Et
1495 5475 1603 5516 non
1634 5462 1930 5530 tenebitur,
1966 5465 2050 5520 in-

438 5563 588 5636 quit,
613 5577 775 5618 manu
798 5561 896 5618 Dei
920 5570 981 5616 ut
1002 5562 1267 5627 salvetur,
1292 5560 1362 5617 de
1384 5577 1488 5634 qua
1511 5562 1658 5619 velut
1679 5562 1820 5636 fugae
1849 5566 2035 5638 modo,

438 5665 612 5721 veloci
646 5663 803 5734 lapsu
833 5663 885 5716 in
931 5662 1087 5716 ruina
1117 5660 1355 5718 decidet.
1401 5660 1560 5730 Quod
1604 5671 1787 5720 autem
1815 5665 1924 5730 ait,
1957 5667 2041 5723 fu-

444 5764 599 5838 giens
630 5762 818 5836 fugiet,
847 5762 963 5818 sive
991 5772 1052 5818 ut
1079 5762 1169 5818 alii
1199 5761 1485 5829 dixerunt,
1515 5765 1643 5838 fuga
1669 5766 1836 5838 fugiet
1860 5784 1881 5824 :
1907 5782 2035 5840 per.

442 5877 660 5926 euntem
710 5867 764 5923 in
810 5871 1128 5938 perpetuum
1173 5876 1511 5937 peccatorem
1550 5867 1826 5941 signiﬁcat
1861 5917 1874 5941 ,
1908 5873 2034 5945 quia

2150 3355 2396 3415 santem,
2425 3346 2607 3417 rigore
2657 3346 2857 3413 animi,
2888 3356 2946 3404 et
2979 3348 3183 3404 virtute
3211 3363 3604 3419 repugnemus.
3651 3347 3740 3402 La-

2150 3439 2296 3512 pidis
2322 3455 2543 3511 quoque
2570 3440 2793 3495 nomine
2823 3438 3008 3495 cordis
3038 3440 3305 3512 ﬁguratur
3333 3439 3574 3497 durities
3594 3482 3610 3507 ,
3631 3453 3740 3508 qua:

2151 3550 2249 3606 per
2276 3535 2518 3591 calorem
2551 3544 2607 3590 et
2656 3533 2926 3590 fervorem
2972 3533 3098 3590 ﬁdei
3148 3533 3399 3590 resoluta
3433 3533 3735 3591 mollescit:

2151 3637 2208 3683 ut
2238 3629 2475 3698 primum
2509 3628 2680 3698 possit
2719 3627 2772 3682 in
2823 3641 2886 3683 se
2925 3627 3090 3683 verba
3130 3626 3430 3683 scribentis
3483 3626 3737 3697 recipere.

2153 3719 2360 3775 Deinde
2386 3718 2609 3776 velutin
2641 3734 2719 3775 aes
2749 3718 2894 3791 quod
2925 3734 3185 3775 canorum
3218 3727 3304 3774 est
3323 3761 3340 3786 ,
3369 3720 3576 3776 merito
3599 3733 3741 3774 sanc-

2152 3812 2326 3870 titatis
2370 3812 2692 3885 proﬁciens,
2724 3814 2791 3868 ad
2825 3813 3013 3869 laudes
3040 3823 3097 3869 et
3119 3813 3324 3883 gratias
3372 3812 3492 3871 Deo
3523 3812 3739 3869 olferen-

2149 3904 2246 3961 das
2268 3946 2284 3971 ,
2317 3903 2442 3961 ﬁdei
2468 3905 2744 3962 soliditate
2771 3906 3078 3976 perveniet.

2225 3997 2453 4067 Tempus
2479 3999 2652 4070 posuit
2696 3998 2950 4067 tenebris,
2980 4007 3029 4052 et
3059 3998 3420 4053 uniuersorum
3464 3998 3619 4067 ﬁnem
3644 3996 3742 4069 ipse

2150 4092 2471 4146 considerat.
2523 4090 2580 4146 In
2620 4089 2923 4161 Scripturis
2973 4089 3215 4159 divinis,
3276 4099 3608 4160 peccatores
3657 4089 3745 4143 lio-

2151 4184 2328 4240 mines
2347 4226 2362 4251 ,
2389 4183 2670 4240 daemones
2698 4193 2755 4239 et
2782 4183 3102 4254 ignorantia:
3132 4191 3298 4254 atque
3326 4182 3738 4245 tribulationes.

2150 4278 2267 4333 sive
2320 4284 2571 4349 peccata,
2628 4292 2729 4349 pro
2778 4277 2973 4343 modo,
3007 4287 3062 4332 et
3090 4276 3228 4332 locis
3256 4276 3517 4332 tenebrae
3544 4290 3741 4332 nuncu-

2149 4386 2213 4443 pa
2223 4381 2368 4428 nlur.

2210 4464 2467 4537 Lapidem
2494 4471 2696 4537 quoque
2723 4463 2961 4536 caliginis
2984 4506 3000 4532 ,
3034 4473 3082 4518 et
3102 4462 3338 4517 umbram
3369 4462 3582 4519 mortis.
3606 4461 3745 4517 Hunc

2150 4560 2384 4631 lapidem
2422 4557 2794 4630 metaphoriee
2821 4558 3097 4614 diabolum
3139 4558 3241 4613 hoc
3284 4557 3416 4613 loco
3450 4556 3743 4625 intelligere

2070 4637 2124 4698 D
2150 4668 2441 4726 possumus
2474 4670 2489 4707 :
2517 4653 2611 4724 qui
2654 4660 2879 4722 propter
2904 4664 3124 4707 errores
3166 4664 3298 4706 suos
3327 4649 3537 4719 quibus
3583 4658 3742 4704 totum

2150 4747 2414 4803 mundum
2442 4745 2777 4812 involverat,
2811 4745 2952 4817 lapis
2980 4743 3230 4812 caliginis
3272 4741 3461 4798 dictus
3501 4749 3606 4798 est.
3649 4740 3742 4807 Qui

2148 4857 2272 4896 cum
2306 4840 2460 4895 fortis
2490 4846 2548 4894 et
2570 4846 2764 4908 potens
2785 4836 2894 4905 sit,
2922 4852 3018 4906 per
3046 4844 3299 4892 naturam
3323 4852 3438 4907 qua
3464 4842 3557 4892 est
3580 4850 3612 4889 a
3642 4834 3742 4889 Deo

2145 4932 2403 4990 conditus
2453 4949 2467 4985 :
2492 4931 2775 4988 conﬁdens
2804 4946 2911 5002 per
2934 4930 3247 5002 superbiam
3274 4929 3330 4986 in
3360 4930 3580 4986 virtute
3616 4941 3740 4992 sua,

2151 5034 2209 5081 et
2238 5040 2345 5080 non
2400 5025 2455 5079 in
2503 5023 2773 5092 Domino,
2803 5031 2859 5079 et
2888 5023 3000 5079 Deo
3027 5032 3285 5079 creatore
3335 5038 3480 5090 suo,
3510 5021 3745 5078 amiserit

2150 5118 2437 5191 sapientia:
2460 5118 2665 5187 lumen,
2683 5131 2985 5173 conversus
3007 5116 3060 5172 in
3085 5115 3368 5173 stultitiam
3391 5124 3454 5172 et
3476 5116 3743 5178 tenebras,

2152 5223 2208 5270 et
2231 5212 2435 5269 idcirco
2460 5210 2598 5281 lapis
2617 5211 2868 5282 caliginis
2888 5209 2998 5265 dici
3023 5211 3201 5280 potuit
3227 5228 3242 5267 :
3264 5210 3575 5266 secundum
3598 5208 3741 5273 illud,

2155 5306 2362 5364 Stultus
2381 5305 2434 5360 in
2464 5304 2687 5359 tenebris
2706 5301 2961 5359 ambulat.
2988 5302 3143 5359 Sicut
3170 5317 3305 5374 ergo
3335 5303 3483 5373 lapis
3507 5300 3743 5375 caliginis

2153 5396 2405 5453 diabolus
2456 5395 2766 5452 nominatur
2801 5413 2815 5449 :
2849 5395 2922 5448 ita
2967 5403 3020 5449 et
3071 5392 3260 5448 umbra
3294 5395 3499 5450 mortis
3526 5392 3740 5450 dicitur.

2151 5495 2419 5564 Quoniam
2450 5493 2503 5548 hi
2529 5492 2621 5565 qui
2648 5507 2709 5549 se
2736 5491 2806 5547 ab
2829 5505 2896 5547 eo
2921 5488 3140 5547 defendi
3171 5504 3235 5545 ac
3263 5491 3485 5561 protegi
3521 5496 3741 5560 putant:

2147 5589 2367 5647 aeternis
2396 5596 2458 5643 ut
2503 5585 2621 5658 ipse
2668 5582 2928 5640 diabolus
2970 5582 3237 5657 gehennm
3287 5583 3515 5654 ignibus
3547 5582 3746 5639 manci-

2148 5683 2309 5755 pandi
2337 5691 2487 5739 sunt.

2219 5777 2415 5833 Dividit
2471 5786 2666 5832 torrens
2710 5793 2745 5831 a
2786 5776 2977 5849 populo
3019 5774 3382 5849 peregrinante
3437 5790 3531 5829 eos
3555 5814 3574 5843 ,
3622 5789 3741 5844 quos

2147 5870 2334 5928 oblitus
2381 5879 2455 5926 est
2483 5886 2573 5940 pes
2599 5868 2796 5940 egentis
2836 5866 3081 5936 hominis,
3112 5878 3163 5923 et
3191 5865 3380 5925 invios.
3415 5868 3537 5924 Hoc
3565 5869 3689 5924 dicit
3723 5879 3736 5914 :
