3948 6334
167 358 250 414 697
1013 348 1495 409 COMMENTARII
1534 348 1600 405 IN
1643 346 1905 406 LIBRUM
1945 350 2083 410 JOB.
2127 350 2282 409 CAP.
2328 349 2570 409 XXVIII.

3330 344 3434 404 693

170 472 344 538 invios,
373 469 421 525 id
451 478 564 537 est,
595 479 844 527 errantes
864 500 884 536 ,t
906 479 964 525 et
992 469 1115 525 illos
1140 484 1276 539 quos
1298 467 1501 522 oblitus
1524 478 1607 521 est
1630 480 1722 536 pes
1750 468 1805 527 Α
1829 468 1981 525 venis
2024 479 2302 541 tamquam
2337 469 2645 525 animarum
2673 465 2998 535 seminibus,
3032 479 3225 522 sensus
3254 466 3435 537 magni

169 565 346 638 egentis
375 563 642 631 hominis,
673 562 952 633 separabit
988 572 1213 619 torrens
1259 576 1288 615 a
1320 559 1521 631 portula
1560 573 1722 630 pere-

168 662 414 735 grinante.
447 674 514 715 eo
562 658 707 728 quod
758 658 961 713 oblitus
1010 674 1197 713 eorum
1228 657 1301 710 sit
1328 666 1567 726 gressus.
1600 653 1727 710 Sive

169 768 376 827 pmscns
427 754 773 808 conversatio
802 751 1013 822 egentis
1045 750 1278 806 hominis
1322 751 1473 821 poti-is
1508 750 1729 805 nomine

169 848 435 921 signiﬁcata
466 857 572 902 est.
608 848 821 903 Oblitus
849 856 933 902 est
960 846 1129 909 dixit,
1166 862 1264 917 pro
1311 860 1376 901 eo
1407 844 1549 915 quod
1580 859 1727 914 prte-

170 946 335 1001 tnissus
370 958 567 1012 egens,
601 956 708 997 non
741 950 825 997 est
851 941 1017 997 Deum
1051 956 1147 1010 pro
1178 940 1483 1010 hujusmodi
1534 940 1731 1011 depre-

171 1049 328 1104 citus,
359 1052 479 1091 cum
532 1044 716 1092 tamen
746 1036 1093 1108 eleemosyna
1141 1034 1309 1089 Deum
1361 1044 1632 1105 precetur,
1676 1033 1728 1089 id

172 1139 270 1195 est,
299 1129 466 1200 ipsum
496 1144 634 1197 opus
657 1127 857 1184 bonum
882 1129 1023 1199 quod
1054 1127 1221 1184 homo
1239 1126 1429 1183 fecerit
1449 1168 1463 1194 ,
1496 1126 1727 1197 quadam

170 1224 578 1281 manifestatione
601 1223 690 1278 sui
717 1224 967 1295 loquatur
990 1223 1056 1278 ad
1089 1223 1276 1277 Deum.
1308 1222 1420 1276 lloc
1443 1236 1575 1289 ergo
1598 1221 1733 1277 dicit

171 1332 361 1376 sanctus
409 1318 509 1375 Job
531 1360 546 1383 ,
578 1318 724 1390 quod
775 1320 950 1374 invios
979 1319 1099 1373 sine
1130 1319 1214 1372 via
1246 1333 1397 1373 verte
1451 1317 1732 1389 religionis

168 1415 416 1482 virentes,
466 1424 519 1468 et
550 1416 640 1484 qui
694 1412 1124 1468 misericordiam
1184 1410 1553 1483 pauperibus,
1584 1412 1725 1479 quod

170 1519 238 1566 est
268 1506 460 1563 Christi
494 1508 755 1562 fratribus
787 1523 893 1563 non
925 1508 1197 1574 fecerunt,
1233 1517 1445 1562 torrens
1478 1504 1615 1577 ignis
1648 1520 1735 1561 se-

168 1612 324 1674 paret,
354 1601 510 1657 simul
538 1611 595 1657 et
620 1619 650 1657 a
682 1611 991 1657 sanctorum
1032 1602 1311 1657 consortio
1341 1601 1565 1656 dividet.
1601 1601 1734 1656 Sive

168 1695 241 1750 hic
262 1709 455 1764 egenus
502 1694 721 1765 proprie
749 1693 1007 1749 Salvator
1044 1701 1237 1748 noster
1268 1693 1612 1763 intelligitur,
1641 1692 1734 1762 qui

168 1797 363 1859 propter
388 1801 486 1840 nos
513 1802 718 1857 egenus
742 1828 757 1854 ,
788 1798 846 1841 et
885 1801 1089 1856 pauper
1120 1785 1292 1841 factus
1318 1794 1398 1839 est
1426 1801 1547 1839 cum
1577 1784 1733 1840 dives

165 1894 313 1939 esset.
344 1882 397 1938 lu
448 1884 589 1953 pede
644 1899 859 1952 quoque
906 1883 1059 1954 ejus,
1113 1882 1614 1955 dispensationem,
1648 1882 1730 1938 vel
1760 1868 1811 1931 Β

166 1976 465 2032 assumentis
497 1977 795 2041 hominem,
840 1978 923 2032 vel
958 1976 1218 2031 mundum
1250 1976 1606 2045 ingredientis
1636 1977 1731 2031 ad-

162 2083 307 2127 verte.
328 2071 479 2128 Unde
494 2074 763 2143 propheta
783 2074 859 2128 ait
887 2090 900 2128 :
928 2071 1101 2127 Existi
1116 2074 1167 2127 in
1183 2074 1404 2128 salutem
1427 2076 1609 2147 populi
1634 2080 1729 2131 tui.

164 2168 218 2223 lli
240 2183 357 2239 ergo
378 2169 471 2239 qui
500 2168 963 2240 dispensationem
990 2171 1184 2225 salutis
1209 2187 1321 2225 suae
1354 2172 1404 2224 in
1441 2171 1734 2242 Evangelio

165 2277 256 2316 non
282 2272 629 2332 receperunt,
663 2262 923 2319 oblivioni
948 2264 1057 2320 dati
1083 2274 1240 2334 sunt,
1266 2267 1357 2337 qui
1387 2266 1615 2323 credere
1636 2282 1735 2337 per

166 2355 389 2410 duritiam
438 2357 675 2426 propriae
721 2357 1017 2413 voluntatis
1066 2362 1376 2415 noluerunt.
1412 2362 1480 2417 Et
1528 2362 1734 2417 idcirco

166 2450 281 2505 invii
326 2449 447 2507 dicti
481 2461 647 2520 sunt,
677 2451 801 2523 quia
847 2452 1158 2521 Christum,
1206 2455 1298 2527 qui
1343 2466 1425 2511 est
1469 2457 1589 2523 via,
1626 2472 1731 2513 non

165 2554 489 2615 receperunt.

224 2637 371 2693 Terra
415 2640 477 2694 de
522 2656 627 2709 qua
676 2640 940 2695 oriebatur
970 2641 1153 2711 panis,
1204 2645 1257 2695 in
1290 2642 1405 2697 loco
1451 2660 1578 2709 suo,
1627 2646 1735 2715 igni

162 2736 383 2789 subversa
410 2745 500 2794 est.
537 2736 791 2791 Diversas
832 2752 920 2792 res
959 2747 1014 2792 et
1040 2739 1301 2794 obscuras
1329 2741 1643 2807 connectit,
1678 2751 1734 2797 ut

162 2843 273 2883 cum
322 2828 690 2898 superioribus
733 2830 988 2887 inferiora
1041 2848 1149 2888 non
1181 2833 1451 2889 lucreant.
1500 2834 1735 2891 Proinde

163 2921 284 2977 mihi
324 2922 555 2989 videtur,
608 2924 732 2995 quia
792 2926 894 2981 hoc
945 2927 1065 2981 loco
1117 2936 1321 2982 terram
1372 2927 1733 2983 Sodomorum

164 3016 445 3082 describat,
477 3019 639 3089 cujus
668 3018 1095 3089 abundantiam,
1128 3031 1179 3076 et
1211 3023 1580 3076 ammnitatcm
1610 3038 1735 3077 cum

163 3110 504 3166 admiratione
528 3111 827 3167 collaudet.
851 3112 1020 3168 Terra
1042 3113 1111 3170 de
1135 3130 1239 3184 qua
1271 3115 1553 3170 oriebatur
1584 3116 1736 3184 panis

164 3202 209 3257 in
239 3203 350 3259 loco
391 3218 521 3274 suo,
558 3205 667 3275 igni
698 3206 958 3262 subversa
989 3217 1094 3261 est.
1126 3207 1271 3263 Haec.
1290 3219 1434 3263 terra
1469 3218 1650 3279 potest
1682 3216 1737 3264 et

161 3295 327 3351 Judzea
356 3266 607 3369 intelligi:
638 3300 689 3353 in
719 3315 821 3370 qua
867 3302 1027 3371 panis
1057 3301 1190 3371 legis
1238 3302 1371 3368 Dei,
1405 3266 1499 3372 per
1530 3303 1732 3357 doctri-
1764 3266 1810 3331 C

164 3405 273 3445 nam
301 3392 695 3463 prophetarum
748 3395 966 3464 populis
1000 3395 1349 3463 nascebatur,
1404 3411 1508 3466 qua
1551 3413 1738 3452 amore

164 3483 249 3539 Dei
305 3501 395 3556 per
446 3487 609 3543 tidem
649 3487 858 3543 Christi
898 3489 1135 3545 carnalis
1176 3490 1316 3561 legis
1372 3490 1735 3562 intelligentia

160 3577 407 3636 subversa
440 3589 557 3649 est,
590 3588 646 3636 et
698 3581 750 3636 in
802 3591 980 3637 rectos
1013 3583 1293 3648 tramites,
1324 3592 1381 3639 et
1424 3585 1737 3653 spirituales

159 3682 335 3726 sensus
362 3674 655 3729 constituta
677 3718 691 3742 ,
725 3683 783 3729 ut
820 3674 931 3745 jam
963 3676 1304 3731 occidentem
1339 3677 1577 3733 litteram
1626 3695 1734 3734 non

159 3770 423 3832 sequatur.

219 3851 381 3908 Locus
417 3857 659 3928 sapphiri
686 3858 889 3926 lapides
920 3861 1032 3931 ejus
1056 3902 1069 3925 ,
1099 3870 1143 3912 et
1172 3859 1333 3930 gleba:
1359 3859 1497 3913 illius
1528 3876 1734 3914 aurum.

155 3939 251 3998 Per
276 3946 646 4012 metaphoram
678 3948 846 4016 dicit,
882 3949 1025 4020 quod
1060 3951 1113 4004 in
1157 3950 1413 4006 Sodomis
1460 3952 1737 4006 uberrima

157 4033 348 4091 luerint
386 4038 567 4093 omnia
600 4048 657 4095 et
703 4042 942 4109 optima,
977 4058 1095 4109 qum
1142 4043 1304 4098 etiam
1335 4059 1469 4097 auro
1500 4054 1555 4098 et
1608 4061 1737 4112 prc-

155 4128 299 4183 tiosis
327 4130 594 4200 lapidibus
626 4144 1039 4203 comparentur.
1066 4136 1241 4191 Locus
1258 4138 1501 4207 sapphiri
1531 4138 1740 4208 lapides

153 4219 404 4289 ejus.'Sic
434 4224 566 4279 dicit
596 4225 648 4280 ei
678 4226 937 4281 Dominus
970 4242 1066 4297 per
1091 4228 1411 4299 prophetam
1445 4247 1458 4284 :
1486 4229 1620 4283 Ecce
1645 4248 1739 4303 ego

151 4322 372 4369 sternam
414 4333 507 4386 per
536 4318 769 4372 ordinent
816 4318 1020 4391 lapides
1064 4330 1210 4384 tuos,
1254 4330 1303 4375 et
1329 4324 1561 4392 fundalto
1591 4334 1639 4378 te
1686 4328 1737 4378 iu

149 4409 428 4479 sapphiris,
469 4420 525 4466 et
554 4413 783 4481 reliqua.
820 4412 930 4469 lloc
960 4414 1110 4469 enim
1138 4415 1337 4470 decore
1369 4418 1737 4486 pretiosorum

149 4498 383 4570 lapidum
408 4547 422 4569 ,
476 4503 529 4559 id
579 4513 665 4559 est
688 4546 701 4569 ,
749 4507 993 4561 omnium
1023 4507 1240 4564 Christo
1269 4511 1611 4566 credentium
1644 4530 1740 4583 per

152 4592 314 4649 Deum
346 4594 595 4664 Patrem,
654 4607 781 4654 tunc
815 4599 1073 4656 adornata
1116 4613 1201 4658 est
1244 4603 1466 4672 Judzea,
1522 4607 1739 4675 quando

1830 563 2163 635 pretiosique
2201 573 2515 620 nascantur.

1903 660 2161 716 Semitam
2186 660 2447 732 ignoravit
2477 660 2608 715 avis.
2635 658 2831 714 Exitus
2861 656 3126 729 plurimos
3155 656 3210 711 in
3241 653 3433 711 eadem

1830 757 2056 827 regione
2088 756 2380 811 multitudo
2410 756 2775 811 habitatorum
2806 754 3043 819 fecerat,
3080 760 3136 807 et
3164 750 3287 806 ideo
3318 748 3432 805 for-

1831 866 1928 906 san
1959 850 2126 916 dixit,
2153 850 2299 921 quod
2327 851 2516 905 avibus
2536 865 2645 919 prrc
2670 847 2937 921 frequenti
2965 845 3249 902 hominum
3278 843 3433 914 copia

1832 945 2055 1001 semitas
2085 945 2358 1010 intuendi,
2394 945 2479 1001 vel
2505 944 2735 1001 facultas
2761 942 2875 998 illic
2897 938 3264 1014 respondendi
3288 938 3435 994 ince-

1833 1039 2066 1095 dendive
2102 1054 2210 1094 non
2243 1036 2428 1093 fuerit.

1908 1131 2021 1187 Nec
2040 1133 2258 1186 intuitus
2285 1141 2359 1187 est
2386 1148 2499 1186 eam
2530 1132 2717 1187 oculus
2740 1130 2979 1186 vulturis.
3005 1127 3140 1196 Quia
3168 1136 3276 1183 tam
3302 1142 3435 1183 con-

1833 1225 2019 1281 densis
2052 1225 2288 1289 frutetis,
2318 1236 2373 1280 et
2396 1225 2669 1294 contiguis
2697 1225 2988 1280 arboribus
3016 1223 3234 1281 consita
3266 1231 3380 1277 erat
3416 1238 3430 1276 :

1835 1328 1893 1373 ιιι
1916 1333 2034 1374 eam
2058 1332 2186 1374 aves
2205 1317 2440 1388 desuper
2462 1318 2707 1373 volantes
2725 1316 3025 1386 depascere
3048 1331 3156 1372 non
3180 1322 3427 1382 possent.

1835 1412 2099 1470 Semitam
2133 1411 2405 1483 ignoravit
2436 1411 2551 1465 avis
2588 1430 2600 1465 :
2646 1426 2747 1467 nec
2779 1410 3009 1466 intuitus
3038 1419 3121 1466 est
3148 1424 3266 1464 eam
3298 1422 3433 1463 ocu-

1837 1507 1920 1561 lus
1942 1506 2197 1562 vulturis.
2223 1504 2390 1560 Avem
2415 1516 2469 1561 et
2491 1506 2786 1570 vulturem,
2811 1506 2988 1575 ipsum
3010 1504 3287 1561 diabolum
3310 1518 3432 1559 cum

1838 1600 1950 1655 suis
1982 1613 2271 1671 possumus
2297 1599 2485 1654 dicere
2506 1644 2521 1668 ,
2546 1600 2636 1670 qui
2661 1598 2910 1654 semitam
2935 1597 3232 1669 spiritualis
3264 1595 3430 1652 intel-

1838 1695 2075 1766 ligentiac
2098 1694 2151 1749 in
2186 1694 2351 1766 Lege,
2386 1702 2442 1749 et
2471 1692 2753 1764 prophetis
2780 1709 2794 1746 :
2827 1691 2930 1747 hoc
2961 1700 3047 1746 est
3070 1734 3085 1756 ,
3113 1706 3233 1762 qua:
3263 1690 3315 1745 in
3342 1691 3438 1746 Ju-

1839 1789 2010 1844 daeam
2044 1789 2258 1845 occulte
2298 1788 2752 1859 praedicebantur,
2789 1800 2952 1842 nosse
2984 1786 3209 1841 minime
3240 1792 3430 1856 potue-

1838 1894 1983 1940 runt.
2011 1883 2119 1939 Nec
2146 1882 2343 1940 intueri
2376 1883 2557 1954 aliquo
2588 1880 2817 1953 vestigio
2844 1879 3090 1937 scientiae
3114 1880 3431 1947 valuerunt,

1836 1993 1866 2032 a
1916 1977 2129 2032 suculis
2176 1976 2601 2047 dispensatimtis
2643 1975 2841 2031 futura:
2882 1973 3202 2030 abscondita
3246 1986 3434 2027 sacra—

1837 2080 2041 2126 menta.
2090 2068 2167 2124 De
2216 2069 2413 2140 quibus
2448 2072 2525 2124 ait
2576 2069 2874 2140 Apostolus
2921 2086 2933 2123 :
2980 2066 3072 2121 Dei
3119 2066 3435 2137 sapientiam

1839 2166 2098 2238 loquimur
2142 2166 2197 2219 in
2252 2165 2533 2235 mysterio,
2583 2180 2703 2235 qua:
2758 2162 3062 2218 abscondita
3109 2171 3182 2215 est
3231 2175 3435 2231 :quam

1838 2277 1985 2316 nemo
2011 2259 2304 2331 principum
2328 2256 2486 2329 hujus
2499 2256 2679 2312 steculi
2704 2257 2962 2329 cognovit.
2988 2254 3252 2311 Semitam
3284 2253 3440 2323 igno-

1837 2358 1979 2413 ravit
2026 2356 2144 2411 avis
2178 2371 2189 2408 :
2219 2369 2321 2409 nec
2352 2354 2577 2408 intuitus
2624 2362 2710 2407 est
2760 2366 2882 2407 eam
2929 2350 3122 2405 oculus
3175 2349 3433 2405 vulturis.

1838 2449 2071 2506 Possunt
2089 2448 2175 2503 hic
2202 2447 2311 2503 duo
2341 2446 2524 2516 populi
2550 2444 2779 2516 intelligi
2809 2459 2917 2499 non
2943 2441 3181 2498 absurde
3207 2484 3222 2508 ,
3248 2440 3300 2496 id
3327 2440 3433 2510 est,

1836 2544 2145 2600 Judceorum
2196 2553 2251 2598 et
2281 2541 2542 2613 gentium.
2577 2538 2831 2595 Carnalis
2880 2552 3011 2609 ergo
3039 2536 3229 2592 Iudaea
3272 2535 3432 2591 fidem

1839 2640 1893 2695 in
1943 2639 2157 2695 Christo
2211 2654 2317 2692 non
2353 2636 2561 2691 habens
2594 2653 2605 2689 :
2641 2635 2736 2689 sed
2769 2632 2955 2704 potius
2986 2629 3123 2701 legis
3176 2629 3435 2701 operibus

1836 2736 2063 2800 vivens,
2095 2732 2345 2788 eumdem
2390 2728 2668 2786 Christum
2696 2743 2798 2799 pro
2832 2726 2989 2782 nobis
3021 2725 3221 2781 factum
3265 2724 3436 2779 semi-

1840 2842 1946 2886 tam
1969 2830 2084 2885 sive
2109 2830 2269 2893 viam,
2303 2843 2406 2899 qua
2442 2826 2652 2882 reditur
2680 2823 2746 2879 ad
2776 2824 3029 2894 patriam,
3063 2831 3121 2876 ut
3152 2816 3433 2876 incredula

1839 2924 2150 2996 ignoravit:
2197 2930 2422 2992 propter
2466 2921 2758 2975 elationem
2791 2933 2963 2982 suam,
2991 2929 3092 2987 qua
3124 2929 3185 2970 se
3212 2912 3436 2985 putabat

1842 3016 1976 3089 legis
2007 3015 2263 3086 operibus
2296 3029 2462 3087 posse
2488 3011 2797 3084 justilicari.
2827 3009 2958 3065 Avis
2986 3007 3129 3063 dicta
3165 3018 3270 3074 ρει,
3300 3006 3438 3061 levis

1840 3114 2045 3180 utique,
2075 3116 2131 3165 et
2154 3122 2288 3179 vaga
2323 3122 2336 3157 :
2363 3117 2525 3178 atque
2558 3106 2609 3160 in
2644 3104 2778 3176 ipsis
2808 3102 3067 3171 Operihus
3101 3100 3234 3169 legis
3264 3099 3437 3154 insta-

1840 3202 1985 3258 bilis.
2014 3200 2225 3257 Vulturi
2256 3215 2390 3256 vero
2431 3200 2671 3271 gentium
2715 3198 2946 3271 populus
2978 3195 3101 3251 ideo
3150 3190 3438 3249 assimilari

1841 3296 2055 3352 videtur
2085 3315 2098 3352 :
2124 3294 2379 3367 quoniam
2404 3310 2500 3365 per
2530 3307 2750 3349 errores
2784 3299 3123 3346 mortuorum
3156 3286 3435 3344 hominum

1840 3391 2224 3459 discurrebat,
2256 3400 2311 3445 et
2341 3390 2506 3445 rebus
2535 3388 2767 3444 mortuis
2814 3385 3163 3457 pascebatur.
3198 3383 3260 3438 lli
3306 3398 3439 3453 ergo

1840 3485 2117 3541 Chrismtn
2171 3483 2306 3555 legis
2340 3483 2519 3538 littera
2563 3481 2840 3536 obtectum
2863 3522 2877 3546 ,
2921 3486 2977 3534 et
3007 3488 3208 3532 terram
3243 3488 3439 3542 repro-

1842 3578 2119 3634 missionis
2142 3592 2240 3648 per
2265 3574 2545 3631 Christum
2593 3575 2867 3637 futuram,
2902 3570 3187 3642 opacitatis
3226 3568 3438 3638 signili-

1841 3674 2117 3729 cationum
2146 3669 2482 3726 umbraculis
2516 3682 2621 3722 non
2656 3674 2953 3737 potuerunt
2982 3664 3206 3718 omnino
3234 3660 3441 3731 perspi-

1841 3782 1987 3825 cere.
2021 3766 2279 3823 Semitam
2315 3762 2581 3833 ignoravit
2611 3761 2727 3815 avis
2760 3777 2772 3813 :
2804 3774 2902 3813 nec
2935 3756 3164 3811 intuitus
3195 3763 3278 3810 est
3315 3767 3435 3806 eam

1842 3860 2032 3917 oculus
2077 3858 2327 3913 vulturis.
2375 3856 2488 3913 Sub
2520 3854 2606 3908 his
2639 3851 2970 3916 nominibus,
3001 3849 3115 3902 avis
3142 3845 3255 3918 (Al.
3294 3842 3440 3915 auri)

1843 3965 1895 4009 et
1950 3950 2217 4015 vulturis,
2272 3948 2524 4003 inimicus
2580 3945 2838 4000 Ecclesia:
2893 3940 3299 4006 intelligamus,
3349 3935 3441 4004 qui

1845 4044 2084 4101 tenebris
2127 4044 2478 4097 obscuratum
2513 4040 2778 4094 habentes
2824 4035 3195 4096 intellectum”,
3230 4029 3441 4085 ItCSt'iC-

1844 4147 1968 4194 runt
2010 4137 2263 4191 semitam
2295 4132 2596 4189 vocationis
2625 4132 2742 4200 ejus
2769 4176 2783 4199 ,
2816 4144 2919 4199 qua
2946 4128 3011 4181 ad
3047 4125 3215 4179 Deum
3245 4121 3441 4177 ambu-

1846 4233 1963 4287 lans
1991 4246 2087 4301 per
2118 4228 2278 4283 fidem
2312 4226 2631 4282 revertitur.
2660 4224 2872 4295 Quique
2903 4220 3134 4275 diversis
3166 4216 3445 4272 erroribus

1844 4336 2186 4383 mortuorqu
2217 4324 2501 4382 hominum
2534 4320 2702 4393 rapti,
2740 4317 2894 4391 quasi
2929 4316 3116 4371 volare
3145 4311 3443 4368 arbitraudi

1844 4430 1992 4477 sunt.

1918 4514 2043 4569 Non
2067 4514 2390 4569 calcaverunt
2411 4527 2527 4565 eam
2548 4510 2646 4581 ﬁlii
2672 4510 2993 4563 institorum.
3024 4507 3141 4562 Hoc
3166 4505 3273 4570 ait,
3298 4501 3444 4575 quod

1847 4609 1919 4663 ita
1950 4608 2111 4662 fuerit
2140 4617 2289 4661 terra
2314 4605 2675 4662 Sodomorum
2709 4602 2960 4657 omnibus
3006 4600 3166 4655 bonis
3192 4598 3393 4655 referta
3430 4618 3442 4653 :

148 4687 389 4755 gentium
420 4690 658 4761 populus
683 4691 734 4746 ei
766 4707 861 4762 per
893 4694 1053 4749 fidem
1083 4694 1282 4751 Christi
1308 4708 1392 4753 est
1429 4700 1738 4770 copulatus.
1770 4668 1823 4729 D
1849 4714 1904 4759 ut
1936 4703 2139 4757 nullius
2163 4701 2356 4772 patriae
2383 4701 2600 4770 eguerit
2626 4697 3021 4754 mercimoniis.
3052 4695 3171 4751 Non
3201 4697 3445 4751 calcave-

148 4778 321 4837 Locus
354 4786 601 4855 sapphiri
634 4786 843 4856 lapides
866 4790 987 4856 ejus
1009 4831 1021 4851 ,
1056 4801 1110 4844 et
1131 4791 1308 4859 glebae
1339 4794 1483 4848 illius
1527 4810 1738 4850 aurum.

146 4872 377 4945 Lapides
408 4880 673 4947 pretiosi,
698 4890 751 4934 et
780 4896 971 4935 aurum
1003 4898 1109 4937 non
1144 4883 1197 4937 in
1228 4886 1429 4956 optima
1461 4897 1623 4951 terra,
1647 4891 1741 4944 sed

146 4966 193 5021 in
248 4974 507 5043 remotis,
563 4984 619 5029 et
647 4976 911 5046 squalidis
965 4977 1193 5033 inveniri
1247 4979 1530 5035 dicuntur.
1576 4982 1745 5053 Igitur

142 5067 436 5122 secundum
470 5066 617 5123 hunc
652 5069 869 5124 modum
902 5069 1087 5126 Iudaea
1119 5073 1327 5127 sterilis
1356 5073 1481 5138 fide,
1516 5088 1568 5130 et
1601 5076 1739 5132 infe-

142 5158 311 5212 cnnda
338 5160 660 5225 virtutibus,
691 5160 880 5216 habuit
904 5161 956 5216 in
979 5178 1037 5217 se
1070 5164 1169 5218 hos
1197 5164 1404 5234 lapides
1431 5167 1701 5235 pretiosos
1728 5184 1741 5221 :

145 5250 193 5304 id
232 5263 343 5313 est.
379 5254 719 5323 patriarchas
748 5263 806 5310 et
834 5255 1147 5326 prophetas,
1182 5266 1239 5312 et
1280 5273 1496 5313 onmem
1525 5271 1745 5315 sancto-

145 5360 259 5400 rum
297 5348 726 5404 multitudinem.
771 5349 947 5405 Locus
974 5350 1218 5421 sapphiri
1268 5353 1475 5423 lapides
1505 5354 1621 5424 ejus
1642 5397 1658 5423 ,
1690 5366 1748 5412 et

142 5441 314 5511 glebm
346 5442 465 5513 ejus
497 5458 719 5498 aurum.
764 5444 964 5501 Glebas
1013 5455 1220 5500 sancta:
1249 5456 1408 5502 terrm
1454 5449 1744 5519 Ecclesia),

142 5546 368 5591 sanctos
396 5538 515 5607 ejus
550 5547 772 5608 propter
808 5539 1195 5597 fecunditatem
1220 5542 1486 5598 bonorum
1517 5559 1743 5614 operum

141 5630 475 5700 appellavit.
522 5646 665 5701 quos
712 5632 878 5687 etiam
912 5642 967 5688 et
996 5646 1222 5706 propter
1269 5636 1566 5706 gratiarum
1600 5638 1743 5693 divi-

138 5725 353 5789 siones,
414 5724 602 5794 glebas
629 5734 851 5781 sanctus
897 5725 1140 5797 Spiritus
1171 5730 1347 5784 voluit
1376 5746 1692 5801 nitucupare
1730 5750 1741 5785 :

137 5834 243 5889 quo
298 5813 427 5873 auri
476 5818 673 5875 merito
710 5831 1088 5893 censerentur,
1144 5824 1197 5879 in
1230 5839 1463 5895 quarum
1510 5826 1739 5883 occultis

1846 4806 1973 4853 runt
1992 4812 2111 4852 eam
2137 4795 2234 4850 filii
2263 4794 2592 4848 institorum.
2623 4793 2910 4848 lustitores
2938 4792 3052 4846 sive
3079 4789 3449 4861 negotiatores
3504 4774 3513 4779 ’

1848 4890 2092 4963 praedicti
2146 4890 2543 4958 intelliguntur.
2573 4886 2706 4941 Nam
2754 4886 3127 4957 negetiatores
3154 4891 3281 4937 sunt
3319 4880 3445 4935 mali

1846 4999 1901 5043 et
1928 4984 2145 5056 superbi
2173 5002 2185 5037 :
2212 4982 2356 5053 quod
2382 4984 2542 5036 etiam
2568 4982 2632 5035 ad
2661 4981 2838 5051 ipsum
2864 4978 3142 5034 diabolum
3164 4975 3402 5046 pertinet
3432 4994 3442 5028 :

1847 5080 1934 5151 qui
1993 5076 2307 5147 superbiam
2364 5076 2625 5130 delictum
2684 5074 2977 5127 maximum
3019 5069 3320 5125 adiuvenit.
3380 5066 3448 5120 Et

1850 5172 2157 5242 negOIiator
2187 5178 2411 5239 propter
2442 5165 2843 5222 multitudinem
2876 5171 3224 5234 peccatorum
3256 5158 3445 5228 appel-

1849 5267 1993 5322 latus
2017 5274 2127 5328 est,
2152 5279 2273 5335 qua:
2301 5264 2416 5317 site
2444 5262 2509 5316 ad
2539 5275 2598 5316 se
2629 5261 2803 5330 ipsum
2824 5303 2839 5327 ,
2870 5258 2984 5312 sive
3013 5256 3079 5311 ad
3110 5251 3447 5325 perdendum

1851 5360 2133 5415 hominem
2164 5357 2476 5428 exquisivit.
2506 5356 2598 5410 Isti
2630 5354 2796 5426 igitur
2824 5350 3205 5423 promissionis
3245 5358 3449 5403 terram

1848 5467 1970 5522 quae
2004 5450 2305 5504 mansuetis
2329 5490 2345 5514 ,
2376 5457 2429 5503 et
2460 5448 2628 5502 corde
2674 5445 2972 5500 humilibus
3018 5452 3359 5505 reservatur,
3393 5446 3453 5493 ut

1850 5546 1904 5601 in
1927 5561 1991 5601 ea
2017 5544 2258 5600 habitent
2280 5586 2293 5607 ,
2325 5544 2542 5598 calcare
2566 5556 2672 5595 non
2702 5548 2989 5611 poterunt,
3014 5538 3138 5607 quia
3168 5550 3269 5590 nec
3295 5531 3449 5605 quasi

1851 5639 2080 5703 incolat,
2137 5655 2229 5709 per
2275 5653 2394 5693 eam
2447 5634 2765 5691 transeundi
2815 5632 3099 5689 habebunt
3147 5629 3448 5687 licentiam.

1850 5735 1981 5791 Item
2029 5735 2191 5789 aliter
2222 5751 2234 5788 :
2269 5733 2395 5788 Haec
2428 5733 2594 5803 igitur
2620 5731 2807 5786 Judzea
2832 5773 2846 5795 ,
2880 5728 2970 5785 cui
3003 5728 3091 5783 hic
3120 5726 3272 5797 panis
3319 5725 3455 5780 doc-

1851 5828 2007 5884 trinae
2054 5825 2491 5883 ministrantibus
2542 5824 2858 5897 prophetis,
2915 5829 2971 5876 et
3017 5817 3434 5885 sacerdotibus,
