3948 6334
495 328 600 387 69C)

1289 326 1638 385 APPENDIX
1677 326 1768 384 AD
1809 327 2052 386 TOMUM
2091 326 2443 387 SEPTIMUM
2482 330 2540 387 S.
2586 327 2985 388 HIERONYHI.
3651 339 3738 397 700

495 450 838 518 prxbebatur
875 450 928 504 in
982 449 1103 504 loco
1132 463 1274 504 suo:
1328 462 1432 504 suo
1461 449 1681 518 utique,
1713 456 1769 502 et
1799 463 1907 502 non
1951 447 2046 502 Dei
2075 463 2091 501 :
2120 443 2175 506 Α
2200 445 2462 503 liditatem
2490 463 2666 519 suam,
2713 456 2771 505 et
2818 447 3216 516 fortitudinem,
3262 449 3527 506 Christum
3569 468 3737 512 secun-

496 544 550 601 id
581 555 664 600 est
685 586 697 609 ,
747 546 798 599 in
830 544 952 599 loco
984 542 1367 598 delectationis
1394 558 1508 597 sum
1529 583 1543 608 ,
1589 542 1679 597 ubi
1727 541 2097 613 voluptatibus

496 648 664 709 atque
694 637 973 693 illecebris
997 635 1401 706 conﬂagrabat,
1430 635 1552 708 igne
1574 636 1831 692 vitiorum
1872 645 2095 692 suorum

499 732 698 788 ardens
729 732 991 787 subversa
1036 739 1121 785 cst
1153 729 1294 785 sicut
1343 728 1477 785 dicit
1517 729 1791 802 PrOpiteta
1834 748 1850 791 :
1908 731 2102 785 Omnes

498 824 860 879 adulterantes
880 861 897 890 ,
925 825 1056 877 sicut
1087 822 1322 876 clibanus
1343 823 1509 876 corda
1538 839 1751 889 coruos;
1781 831 1840 882 et
1871 823 1923 878 in
1951 823 2102 893 psal-

506 935 597 974 mo
649 918 717 974 de
773 932 835 973 ea
891 917 1094 973 dicitur
1141 933 1156 971 :
1202 917 1427 972 Incensa
1470 917 1577 992 igni
1606 929 1658 972 et
1685 917 1910 988 stt/fossa
1936 932 2101 974 manu

497 1012 680 1080 operis
726 1011 813 1066 sui
862 1012 1163 1080 exstirpata
1195 1012 1454 1076 omnino,
1488 1020 1543 1066 et
1568 1009 1767 1066 eﬂ‘ossa
1813 1022 1918 1067 est.
1948 1013 2102 1069 Licet

501 1105 674 1176 possit
713 1106 852 1176 ignis
881 1106 984 1162 iste
1013 1108 1179 1161 etiam
1227 1123 1391 1177 super
1415 1107 1623 1162 ultione
1647 1117 1996 1178 peccatorum
2021 1108 2100 1163 in-

501 1201 674 1272 telligi
696 1243 711 1267 ,
746 1201 890 1256 sicut
909 1200 1043 1256 dicit
1073 1202 1368 1272 Apostolus
1406 1217 1419 1255 :
1457 1200 1620 1257 I‘erra
1651 1213 1773 1272 qua:
1799 1203 2018 1273 spinas,
2046 1209 2104 1258 et

502 1292 734 1348 tribulos
769 1291 978 1362 profert
1006 1333 1019 1357 ,
1066 1293 1298 1362 reprobo
1329 1303 1450 1359 est,
1494 1303 1547 1348 et
1577 1293 1872 1350 maledicto
1914 1295 2102 1364 proxi-

499 1401 588 1441 ma
631 1402 645 1441 :
681 1387 837 1456 cujus
866 1389 1270 1443 consummatio
1300 1389 1352 1442 in
1393 1388 1854 1445 combustionem.
1894 1391 1968 1444 De
1993 1403 2103 1460 quo

502 1483 626 1552 igne
657 1483 751 1538 irai
803 1483 877 1538 ait
926 1483 1094 1537 David
1131 1500 1145 1539 :
1177 1482 1401 1539 luentes
1449 1500 1626 1538 eorum
1675 1485 1896 1538 comedit
1943 1484 2101 1557 ignis.

503 1577 622 1632 Non
673 1576 1029 1632 calcaverunt
1060 1592 1183 1632 eam
1216 1578 1306 1632 lilii
1341 1578 1676 1634 institorum.
1724 1577 1848 1632 Filii
1882 1577 2103 1633 institu-

500 1687 621 1726 rum
645 1713 660 1737 ,
695 1671 1072 1741 apostolorum
1095 1670 1382 1742 discipuli,
1415 1681 1470 1725 et
1497 1670 1781 1737 apostolici
1801 1671 1905 1726 viri
1945 1670 2104 1727 intel-

502 1763 704 1834 ligendi
737 1773 896 1828 sunt,
931 1764 1021 1834 qui
1064 1765 1321 1835 gentibus
1351 1763 1716 1836 Evangelium
1771 1765 2106 1836 prmdicave—

2199 539 2326 596 dum
2354 541 2651 610 hominem,
2691 559 2852 615 quem
2883 544 3200 615 assumpsit,
3256 544 3459 601 silicem
3507 562 3647 618 posse
3682 552 3742 608 εἰ·

2199 635 2466 706 gnilicari,
2490 637 2579 708 qui
2613 638 2779 693 etiam
2805 646 2957 709 petra
2983 649 3034 694 et
3067 639 3230 709 lapis,
3263 639 3532 709 pmphetis
3554 652 3602 697 et
3625 657 3739 713 apo-

2201 728 2355 784 stolis
2377 728 2553 785 dictus
2579 740 2684 787 est.
2715 731 2858 786 Deus
2886 746 3025 803 ergo
3044 731 3206 788 Pater
3233 732 3474 787 extcndit
3489 733 3549 789 ad
3562 735 3742 795 silicem

2203 838 2422 878 manum
2456 839 2632 890 suam,
2664 824 2716 879 id
2745 833 2848 892 est,
2880 824 3075 881 Filium
3115 841 3271 880 suum
3311 845 3324 881 :
3357 841 3450 897 per
3475 841 3619 898 quem
3642 831 3744 885 uni-

2203 932 2360 973 versa
2389 917 2632 972 condidit
2659 933 2673 970 :
2701 933 2861 988 quem
2888 919 3056 974 etiam
3088 919 3397 985 dexteram,
3437 936 3484 976 et
3509 921 3749 980 brachium

2205 1020 2382 1076 vocat,
2407 1025 2462 1068 et
2491 1011 2558 1067 ad
2587 1012 2992 1082 suscipiendum
3031 1013 3306 1069 hominem
3353 1012 3516 1080 misit,
3556 1025 3607 1070 ut
3633 1015 3754 1085 Apo-

2204 1105 2378 1161 stolus
2401 1105 2540 1160 dixit
2572 1123 2585 1160 :
2612 1103 2754 1160 Deus
2788 1104 2989 1161 Filium
3019 1122 3171 1162 suum
3206 1106 3348 1161 misit
3373 1107 3425 1160 in
3453 1107 3754 1163 similitudine

2205 1198 2377 1254 carnis
2407 1201 2619 1270 peccati.
2664 1200 2731 1255 Et
2759 1198 2967 1256 idcirco
2997 1200 3051 1255 in
3080 1202 3404 1256 extensione
3447 1215 3644 1267 manus,
3674 1201 3752 1258 Dei

2206 1291 2413 1361 Patris,
2442 1301 2501 1349 et
2520 1292 2642 1350 Filii
2665 1294 2782 1363 ejus
2811 1294 2877 1349 ad
2910 1309 3010 1349 nos
3036 1294 3338 1351 adventum
3366 1294 3639 1366 signiﬁcari
3672 1311 3755 1352 no-

2206 1385 2467 1453 verimus,
2498 1399 2563 1442 ac
2594 1400 2690 1456 per
2714 1402 2838 1442 eum
2870 1387 3014 1442 sicut
3048 1387 3332 1458 sequitur:

2279 1477 2538 1534 Subuertit
2565 1495 2599 1533 ιι
2618 1478 2883 1534 radicibus
2904 1488 3121 1535 montes.
3151 1479 3304 1548 Quos
3315 1495 3412 1551 per
3425 1479 3758 1550 metapbomm

2207 1574 2484 1630 daemones
2514 1574 2631 1629 sive
2678 1573 2934 1630 homines
2972 1575 3242 1646 superbos
3284 1590 3408 1631 esse
3449 1583 3588 1632 recte
3613 1577 3760 1633 senti-

2207 1680 2326 1722 mus
2360 1685 2374 1722 :
2420 1667 2544 1738 quis
2576 1665 2931 1738 principatus,
2965 1678 3019 1724 et
3063 1676 3368 1739 potestates
3400 1669 3568 1738 palam
3601 1669 3760 1725 trium-

2209 1759 2395 1831 phavit
2433 1759 2486 1816 in
2515 1761 2834 1830 semetipso.

498 1867 645 1914 runt.
705 1857 767 1913 Hi
816 1859 986 1929 igitur
1014 1857 1298 1926 Judaeum,
1337 1869 1540 1914 terram
1589 1858 1847 1915 videlicet
1897 1846 2178 1917 inﬁde-3
2275 1852 2342 1910 In
2367 1853 2523 1926 petris
2570 1854 2708 1909 rivos
2753 1853 2966 1909 excidit.
3016 1853 3178 1911 Duris
3223 1853 3441 1910 scilicet
3487 1855 3762 1925 primordiis

500 1949 634 2005 lium
658 1997 670 2016 ,
699 1957 759 2006 ut
788 1950 839 2005 ei
870 1951 1261 2006 annuntiarent
1289 1950 1646 2022 Evangelium
1665 1993 1680 2019 ,
1717 1962 1826 2007 non
1855 1952 2106 2008 calcave-

500 2051 649 2098 runt.
687 2043 762 2100 De
805 2043 1001 2112 quibus
1050 2044 1252 2100 dicitur
1304 2046 1355 2099 in
1405 2045 1630 2103 Actibus
1678 2045 2098 2116 apostolorum:

509 2136 666 2192 Vobis
694 2146 992 2207 oportuerat
1024 2139 1252 2210 primum
1294 2139 1502 2196 verbum
1535 2138 1632 2194 Dei
1656 2139 1830 2212 loqui,
1861 2141 1951 2196 sed
1978 2143 2104 2212 quia

501 2231 744 2302 indignos
767 2243 858 2286 vos
877 2230 1162 2304 judicnstis
1188 2242 1398 2288 (clerate
1420 2233 1539 2288 vitta
1557 2273 1572 2300 ,
1607 2249 1724 2288 ecce
1752 2235 2103 2290 convertimur

502 2324 574 2378 ad
614 2333 813 2397 gentes.
844 2324 938 2380 Sic
965 2325 1148 2395 itaque
1199 2325 1392 2380 factum
1425 2335 1511 2381 est
1560 2324 1679 2381 iSIis
1709 2324 2105 2397 Evangciizan-

504 2418 651 2472 tibus
678 2417 937 2486 verbum,
971 2427 1033 2473 ut
1061 2431 1220 2473 mons
1272 2415 1528 2473 Christus
1576 2419 1628 2472 in
1682 2432 1833 2474 mare
1857 2421 2101 2490 gentium

502 2512 1022 2581 transplantaretur.
1058 2511 1215 2567 Unde
1243 2523 1293 2566 et
1332 2513 1385 2566 in
1419 2513 1629 2583 psalmo
1661 2514 1734 2569 ait
1785 2526 1799 2568 :
1834 2514 1903 2570 Et
1930 2526 2104 2572 trans-

500 2608 735 2676 feretttur
761 2611 960 2659 montes
1010 2605 1062 2658 in
1092 2621 1182 2658 cor
1207 2607 1405 2662 maris:
1457 2605 1508 2662 id
1539 2615 1660 2675 est,
1691 2608 1776 2663 vel
1807 2609 2104 2680 prOpheta-

503 2711 655 2762 rum,
708 2696 797 2752 vel
844 2697 1312 2771 evangelistarum
1362 2701 1619 2765 oracula,
1674 2700 1741 2755 ad
1798 2701 2107 2761 credituros

500 2789 745 2860 gvntium
818 2789 1047 2859 populos
1120 2789 1539 2847 transferentur.
1594 2790 1713 2848 Non
1751 2793 2106 2852 calcaverunt

499 2895 619 2937 eam
652 2881 751 2938 lilii
783 2881 1120 2937 institorum.
1173 2882 1235 2938 ili
1269 2884 1553 2940 institores
1581 2886 1699 2943 sive
1727 2886 2106 2957 negotiatores

500 2973 722 3043 reprobi
751 2983 900 3044 sunt,
925 2983 980 3030 et
1011 2973 1170 3030 lattde
1192 2975 1432 3048 indigni,
1464 2978 1558 3048 qui
1589 2989 1809 3048 peccata
1839 2981 2102 3051 peccatis,

502 3067 654 3122 velut
682 3066 904 3123 divitias
934 3067 1037 3122 sibi
1065 3079 1406 3140 congregant
1432 3087 1446 3127 :
1478 3070 1546 3127 de
1569 3071 1767 3142 quibus
1793 3074 1871 3130 ait
1890 3072 2105 3144 Apoca-

498 3159 714 3232 lypsis:
749 3159 942 3215 Omnia
970 3161 1116 3218 clara
1143 3173 1191 3217 ct
1242 3165 1464 3238 pinguia
1510 3166 1776 3234 perierunt
1825 3183 1857 3220 α
1907 3176 1976 3224 te.
2035 3166 2101 3224 Hi

2207 1948 2473 2017 gentium,
2501 1954 2558 2001 ct
2580 1947 2744 2001 nimia
2771 1945 3093 2003 inﬁdelitate
3121 1947 3437 2004 constrictis
3470 1966 3485 2003 :
3522 1947 3765 2004 abundan-

2211 2041 2335 2096 tiam
2377 2041 2680 2112 gratiarum
2723 2057 2946 2098 suarttm
2991 2041 3217 2113 largitus
3244 2054 3351 2111 est,
3385 2054 3442 2099 ει
3483 2043 3618 2098 velut
3643 2044 3764 2100 rivos

2207 2147 2361 2203 aquae
2391 2130 2645 2202 ﬂuentes,
2677 2134 2904 2190 uberem
2945 2133 3158 2204 copiam
3192 2134 3562 2191 doctrinarum
3585 2135 3762 2192 tribuit.

2209 2226 2322 2281 liuc
2349 2226 2528 2298 ipsum
2581 2227 2929 2284 distribuisse
2973 2228 3322 2297 intelligitur,
3381 2230 3524 2300 quod
3569 2230 3766 2287 scidisse

2207 2330 2562 2388 memoratur,
2593 2321 2735 2378 sicut
2761 2323 2836 2376 ait
2864 2323 3160 2393 Apostolus
3192 2341 3205 2377 :
3235 2323 3341 2379 Alii
3370 2326 3508 2379 enim
3534 2342 3619 2391 per
3635 2325 3768 2395 spiri-

2207 2422 2314 2470 tum
2355 2415 2512 2469 datur
2539 2431 2706 2469 sermo
2734 2416 3027 2486 sapientior,
3073 2417 3166 2470 alii
3204 2433 3376 2472 sermo
3404 2419 3641 2474 scientia.
3683 2418 3766 2473 Alii

2207 2509 2464 2564 dixerunt
2489 2526 2502 2562 :
2538 2509 2703 2580 Ripas
2730 2511 3007 2579 [lautianm
3033 2510 3256 2582 disrupit
3291 2528 3309 2565 :
3339 2521 3396 2565 ut
3425 2511 3568 2567 illum
3588 2511 3767 2568 docui-

2209 2618 2332 2656 nam
2356 2601 2693 2673 spiritualcm
2715 2601 2897 2671 chis,
2928 2613 2979 2658 et
3009 2605 3398 2674 prophetarum
3428 2603 3497 2660 de
3511 2621 3609 2674 qua
3629 2603 3769 2660 Isaias

2205 2695 2278 2749 ait
2313 2711 2325 2748 :
2362 2693 2464 2762 Qui
2491 2695 2669 2758 sititis,
2692 2695 2762 2750 ite
2787 2696 2855 2749 ad
2883 2711 3092 2766 aquam,
3117 2711 3240 2767 quae
3267 2695 3323 2751 in
3352 2712 3460 2751 una
3482 2705 3633 2766 gente
3656 2706 3771 2749 tam-

2207 2802 2368 2858 quam
2397 2788 2540 2842 intra
2573 2787 2835 2858 quasdam
2869 2790 3149 2861 angustias
3178 2788 3478 2858 deﬂuebat,
3500 2805 3612 2859 qua:
3633 2789 3770 2844 etiant

2209 2879 2458 2936 Mosaicae
2484 2879 2616 2951 legis
2642 2883 2952 2952 praeceptis,
2984 2883 3134 2937 velut
3161 2882 3488 2953 quibusdam
3529 2882 3672 2952 quasi
3708 2879 3772 2936 ri-

2209 2990 2396 3044 parum
2422 2975 2668 3032 obicibus
2707 2977 3082 3032 claudebatur.
3118 2977 3510 3048 Huiuscemodi
3541 2975 3772 3041 disruptis

2207 3069 2526 3136 obstaculis,
2572 3071 2726 3141 quasi
2754 3070 2825 3128 de
2870 3071 3029 3129 alveo
3071 3073 3204 3143 legis
3241 3088 3409 3144 super
3436 3085 3644 3127 onmem
3681 3079 3776 3126 ter-

2209 3180 2322 3220 ram
2354 3163 2649 3236 Evangelio
2678 3165 2996 3222 abundante
3023 3167 3262 3223 diﬂ‘udit.
3296 3168 3478 3225 Aliter
3519 3177 3775 3237 possumus

503 3255 666 3324 igitur
718 3256 1086 3326 negotiatores
1138 3257 1281 3314 circa
1312 3259 1530 3316 divitias
1577 3270 1962 3330 peccatorum,
1996 3278 2105 3319 non
2131 3248 2182 3316 ο
2212 3257 2350 3314 hanc
2374 3268 2572 3314 terram
2618 3259 2915 3315 Ecclesium
2942 3260 3152 3316 dicere.
3194 3260 3351 3317 Unde
3380 3260 3458 3316 ait
3499 3258 3776 3331 propheta:

504 3347 793 3404 calmbunt
825 3349 1126 3406 Ecclesium
1147 3393 1160 3416 ,
1193 3351 1244 3407 id
1273 3363 1386 3421 est,
1421 3369 1531 3409 non
1565 3353 1884 3410 habitabant
1916 3357 1968 3412 in
1997 3372 2105 3412 ea:

509 3442 634 3512 quia
679 3453 923 3497 sanctam
975 3459 1092 3498 eam
1113 3488 1128 3512 ,
1162 3456 1217 3501 et
1247 3445 1649 3502 immaculatam
1681 3447 1944 3504 Dominus
1977 3463 2106 3521 pose

507 3533 731 3589 sidebit.

575 3626 688 3683 Nec
735 3631 1062 3700 pertransivit
1103 3647 1190 3698 per
1231 3648 1340 3686 eam
1389 3632 1571 3688 lea'na.
1619 3632 1701 3690 0b
1744 3635 2106 3703 frequentiam

500 3720 976 3779 innumerabilium
1005 3726 1325 3794 populorum
1357 3726 1408 3781 in
1431 3726 1688 3784 Sodomis
1717 3725 2105 3801 habitantium,

498 3817 688 3873 bestia:
721 3832 817 3885 per
841 3819 1082 3874 medium
1113 3819 1355 3890 regionis
1384 3821 1529 3877 illius
1558 3824 1794 3879 transire
1824 3838 1933 3882 non
1956 3835 2108 3896 pote-

499 3921 638 3967 rant.
671 3911 781 3967 Nec
812 3913 1163 3982 pertransivit
1196 3929 1292 3984 per
1321 3930 1440 3971 eam
1471 3916 1662 3972 lemne.
1698 3917 1896 3975 Leu-na
1931 3930 2110 3989 potest

497 4005 700 4061 diaboli
728 4005 1033 4064 dominatio
1065 4011 1258 4064 sentiri
1279 4048 1294 4075 ,
1328 4011 1444 4067 sive
1475 4012 1732 4082 superbia
1767 4013 2104 4073 Judasorunt.

496 4098 653 4166 Quod
668 4108 850 4155 autem
881 4101 1036 4170 dicit,
1067 4119 1173 4158 non
1197 4105 1576 4173 pcrtransivitt
1604 4105 1712 4162 hoc
1732 4107 1810 4163 ait
1841 4125 1856 4162 :
1887 4124 1998 4164 non
2024 4126 2107 4165 re-

498 4190 669 4246 cessit
681 4207 710 4246 a
724 4190 1035 4261 Judara,scd
1052 4196 1250 4252 ibidem
1266 4197 1502 4254 iniidelis
1515 4199 1773 4268 superbia
1789 4203 2104 4271 pertnausit.

494 4283 667 4340 Aliter
698 4295 898 4355 potest,
941 4296 998 4344 et
1023 4287 1092 4345 de
1137 4290 1381 4347 Ecclesia
1415 4292 1667 4364 intelligi.
1701 4294 1760 4350 In
1795 4295 1890 4350 illa
1923 4295 2110 4367 utique

493 4377 663 4448 gloria
692 4380 948 4436 virtutum
986 4397 1209 4438 suarum
1245 4385 1294 4440 in
1345 4385 1466 4442 loco
1512 4389 1835 4443 necessario
1887 4387 2108 4444 redem-

497 4475 702 4544 ptionis
732 4490 866 4541 suae,
913 4476 966 4531 in
999 4493 1106 4545 quo
1152 4493 1249 4548 per
1281 4480 1443 4537 iidem
1490 4490 1619 4549 stat,
1670 4481 1800 4552 igne
1847 4483 2108 4538 subversa

497 4575 627 4620 est:
662 4565 760 4622 illo
808 4568 994 4638 utique
1037 4569 1182 4640 igne,
1212 4571 1282 4627 de
1331 4588 1438 4643 quo
1495 4573 1616 4644 ipsc
1671 4574 1934 4630 Dominus
1987 4574 2104 4630 ait:

2214 3351 2539 3408 Fluminibus
2582 3353 2847 3408 scindetur
2880 3364 3041 3407 terra.
3088 3353 3274 3410 Scindi
3309 3369 3444 3410 vero
3489 3369 3606 3410 eam
3635 3362 3776 3420 atque

2209 3448 2470 3519 disrumpi
2499 3465 2565 3504 eo
2593 3449 2754 3504 modo
2792 3450 3137 3515 noverimus,
3180 3449 3406 3520 quando
3439 3464 3500 3505 se
3525 3448 3591 3504 ad
3628 3443 3778 3500 uisci-

2209 3541 2463 3614 piendutn
2495 3543 2720 3598 verbum
2743 3541 2863 3607 Dei,
2884 3542 3184 3614 capibilem
3219 3543 3453 3614 praebet.
3487 3543 3631 3597 lianc
3659 3553 3777 3608 quo-

2209 3652 2315 3708 que
2340 3637 2628 3708 quamdam
2660 3636 3071 3706 adapertionetn
3097 3636 3441 3707 capacitatis,
3468 3652 3588 3704 qua:
3616 3633 3669 3688 tit
3689 3645 3768 3698 per

2209 3731 2577 3787 obedientiam
2611 3741 2772 3786 terra:
2826 3731 3092 3786 rationem
3152 3730 3424 3795 habentis,
3490 3725 3774 3784 corumdetu

2212 3825 2492 3882 ﬂuminum
2523 3825 2758 3894 impetus
2783 3836 3100 3895 operantur.

2287 3918 2350 3973 Et
2377 3934 2524 3971 omne
2549 3918 2828 3988 pretiosum
2861 3917 2989 3971 vidit
3019 3915 3203 3970 oculus
3231 3915 3366 3985 ejus.
3403 3913 3621 3971 Edttctis
3645 3909 3782 3982 igitur

2212 4013 2342 4069 rivis
2365 4012 2660 4083 gratiarum
2703 4011 2826 4076 Dei,
2875 4011 3012 4066 vidit
3042 4011 3186 4068 Deus
3217 4025 3382 4082 quam
3432 4013 3709 4069 immensa,
3738 4009 3783 4060 ει

2210 4106 2626 4164 innumerabilia
2677 4107 2893 4178 pietatis
2946 4122 3059 4161 sum
3112 4105 3404 4162 beneficia.
3442 4102 3591 4161 Vidit
3625 4109 3782 4156 autem

2210 4199 2348 4256 dixit
2378 4217 2391 4255 :
2420 4215 2486 4256 eo
2539 4200 2683 4270 quod
2731 4212 2862 4255 ante
2909 4208 3268 4270 conspectum
3322 4198 3446 4268 eius
3497 4193 3782 4266 adintpletio

2212 4298 2329 4353 sive
2353 4294 2586 4351 eﬂ‘ectus
2615 4310 2726 4350 sua:
2760 4293 3081 4361 voluntatis,
3135 4292 3418 4350 exstiterit
3467 4292 3524 4347 in
3570 4287 3783 4346 Ecclesia

2287 4479 2565 4551 Profunda
2606 4495 2808 4552 quoque
2851 4480 3130 4550 ﬂuviorum
3163 4487 3433 4533 scrutatus
3481 4487 3579 4542 est,
3609 4483 3656 4529 et
3682 4471 3782 4527 abs-

2213 4576 2423 4632 condita
2453 4575 2698 4646 prodth
2725 4576 2780 4629 in
2811 4575 3000 4629 lucem.
3028 4573 3137 4630 ﬂos
3160 4573 3323 4644 igitur
3344 4571 3547 4628 ﬂuvios
3573 4583 3672 4625 n0a
3701 4565 3782 4620 ah-

499 4658 683 4730 Ignem
710 4663 821 4717 ueni
846 4665 1048 4718 mittere
1085 4665 1140 4720 in
1179 4675 1390 4723 terram.
1426 4643 1538 4723 lloc
1567 4667 1734 4740 igitur
1759 4672 1883 4741 igne
1909 4669 2103 4726 Eccle-
2133 4643 2188 4705 υ
2209 4667 2374 4728 surde
2402 4667 2647 4739 singulos
2669 4667 2838 4722 libros
2867 4665 3072 4722 veteris
3099 4665 3452 4721 lnstrnmenti
3495 4678 3618 4718 esse
3644 4657 3787 4714 senti-

498 4756 602 4820 sia,
636 4755 687 4810 id
729 4765 835 4821 est,
863 4768 1009 4814 terra
1043 4769 1383 4826 sanctorum,
1436 4763 1643 4819 amoris
1691 4764 1783 4818 Dei
1831 4765 2108 4820 desiderio

497 4848 757 4920 ﬂagrans,
790 4851 1128 4909 subvertitur
1162 4871 1176 4910 :
1211 4863 1267 4909 ut
1292 4871 1410 4910 eam
1436 4856 1677 4912 carnalis
1701 4857 2105 4927 concupiscen-

498 4943 572 4998 tia
607 4961 714 4999 non
749 4944 1050 5015 possideat.
1099 4946 1213 5002 lloc
1241 4947 1409 5018 igitur
1455 4948 1618 5004 modo
1646 4951 2005 5016 subvertitur,
2052 4958 2110 5008 ut

497 5036 551 5096 in
573 5051 716 5097 terra
741 5042 929 5096 carnis
955 5055 1066 5096 sua:
1102 5043 1308 5109 vivens,
1333 5045 1518 5100 carnis
1541 5044 1597 5102 in
1621 5060 1685 5100 ea
1716 5046 1847 5100 vitia
1870 5047 2109 5100 morian-

500 5142 608 5204 tur,
646 5144 704 5189 ut
739 5135 818 5190 ait
844 5135 1143 5206 Apostolus
1187 5153 1200 5191 :
1237 5137 1340 5205 Qui
1375 5139 1516 5194 enim
1556 5149 1688 5210 sunt.
1715 5138 1943 5204 Christi,
1985 5156 2106 5194 car-

501 5243 619 5282 nent
645 5245 791 5284 suam
815 5230 1190 5298 cruciﬁtrerunt
1220 5248 1336 5285 cum
1369 5234 1528 5297 uitiis,
1561 5242 1610 5287 ct
1651 5234 2104 5303 concupiscentiis.

501 5319 616 5378 Nec
637 5323 995 5393 pertransivit
1023 5339 1119 5394 per
1161 5339 1280 5380 eam
1312 5325 1505 5381 lea-na.
1563 5325 1697 5382 Sive
1749 5327 1850 5393 leo,
1905 5336 1963 5381 ut
2010 5326 2106 5384 alii

492 5416 773 5474 dixerunt.
801 5417 913 5473 Leo
945 5418 1035 5474 hic
1065 5435 1172 5473 tton
1196 5419 1438 5474 absurde
1465 5419 1725 5476 diabolus
1752 5419 2104 5490 intelligitur,

492 5510 586 5580 qui
621 5525 718 5580 per
741 5519 950 5566 sanctae
985 5511 1247 5568 Ecclesiae
1277 5522 1481 5569 terram
1507 5511 1744 5567 transire
1773 5525 1880 5568 non
1907 5515 2103 5583 potuit,

493 5621 560 5662 eo
588 5605 736 5676 quod
767 5606 1026 5678 gravibus
1076 5607 1558 5679 pct‘sccutiOuibus
1600 5623 1720 5663 eam
1750 5605 1973 5667 vincere
2000 5623 2104 5667 non

495 5699 753 5755 valuerit.

563 5791 644 5852 Ad
694 5791 893 5847 silicem
949 5793 1177 5850 extendit
1226 5811 1435 5868 menum
1478 5809 1652 5850 suam.
1685 5792 1917 5852 Videtur
1973 5793 2106 5854 mihi

522 5894 714 5944 auctus
746 5883 849 5942 Job
879 5884 1032 5943 aliud
1064 5889 1292 5962 :cnigtna
1327 5888 1646 5965 protulisse,
1677 5897 1733 5948 et
1765 5898 1988 5963 prepter
2015 5905 2108 5949 so-

2211 4774 2365 4816 mtts:
2395 4759 2448 4814 iu
2478 4772 2710 4830 quorum
2744 4755 2954 4828 magnis
2977 4755 3218 4812 latibulis
3242 4765 3403 4811 erant
3434 4753 3686 4810 Ecclesia:
3709 4762 3783 4802 sa-

2211 4865 2509 4921 cramenta,
2559 4869 2684 4924 qua:
2730 4853 2784 4908 in
2841 4863 3084 4923 tempore
3131 4849 3432 4908 Salvatoris
3478 4850 3623 4904 Deus
3650 4845 3786 4899 Patet

2211 4957 2487 5004 scrutatus
2516 4949 2588 5002 sit
2628 4965 2642 5003 :
2682 4946 2748 5002 sd
2790 4947 3165 5017 impletiouem
3216 4960 3405 5001 eorum
3453 4941 3633 4999 omnia
3684 4950 3784 5005 qua:

2215 5041 2468 5112 praedicta
2504 5049 2632 5096 sum
2671 5040 3050 5095 manifestans.
3085 5039 3214 5093 Sive
3241 5036 3366 5107 quiis
3393 5035 3678 5090 ﬂuviorum
3707 5043 3787 5081 uo-

2209 5137 2374 5202 tnine,
2404 5135 2734 5206 populorum
2766 5132 3144 5189 multitudines
3169 5128 3465 5200 aliquando
3493 5124 3786 5193 intelligun-

2211 5242 2340 5288 tur:
2381 5228 2846 5302 quemadmndum
2912 5226 3086 5283 Nsum
3144 5223 3410 5296 propheta
3467 5221 3588 5275 ait:
3643 5216 3791 5271 Porla‘

2209 5326 2487 5398 ﬂuviorum
2515 5335 2708 5396 aperta
2738 5332 2899 5379 sunt:
2931 5319 3204 5376 Profunda
3234 5317 3522 5374 ﬂuviorum
3544 5311 3786 5370 hocloco.

2207 5428 2422 5478 secreta
2451 5417 2802 5477 conscientia:
2828 5415 3111 5471 hominum
3151 5410 3501 5468 advertamus
3531 5425 3547 5460 :
3580 5412 3790 5499 ιιι-ιθιῖιιιιι

2210 5523 2503 5578 scrutatur,
2541 5521 2596 5568 et
2623 5511 2870 5582 cognitor
2906 5507 3054 5564 Deus
3087 5512 3193 5571 est,
3249 5503 3341 5573 qui
3394 5501 3446 5556 in
3495 5498 3588 5553 die
3622 5491 3790 5566 iudicii

2209 5605 2561 5677 producendo
2588 5602 2769 5660 omnia
2813 5609 3024 5658 secrete
3067 5596 3336 5661 sordium,
3368 5593 3568 5650 reddet
3599 5585 3786 5645 unicui-

2208 5717 2316 5775 que
2341 5699 2640 5757 secuudum
2666 5710 2833 5768 opera
2855 5710 2976 5751 sua.

2283 5793 2559 5865 Sapientia
2585 5806 2707 5846 vero
2734 5788 2821 5843 ubi
2852 5787 3133 5852 inuenitur,
3169 5793 3221 5840 et
3267 5781 3385 5855 quis
3424 5788 3501 5836 est
3547 5777 3693 5832 locus
3719 5775 3791 5826 in-

2215 5887 2516 5962 tciligentitv
2544 5883 2740 5957 ?Quod
2764 5881 2865 5940 hoc
2895 5878 3051 5954 quasi
3097 5879 3378 5952 inquirens
3405 5874 3504 5946 ait,
3534 5867 3793 5929 difﬁcilem
