3948 6334
197 358 268 412 τοι
1010 346 1481 410 COMMENTARII
1523 343 1588 407 tN
1628 340 1886 410 LIBRUM
1927 353 2066 410 iOii.
2111 354 2264 413 CAP.
2310 349 2546 416 xxvm.

3335 357 3441 422 102

200 481 358 540 rem,et
380 487 494 544 quze
509 473 1112 542 visinvcnitur,voluit
1140 472 1597 541 indicare,immo
1617 483 1739 544 qua:
1765 471 1819 534 Α
1846 481 1969 530 rasa
2001 473 2120 530 auri
2147 519 2160 545 ,
2215 475 2440 548 pretiosi
2487 475 2706 553 quique,
2751 487 2806 537 et
2848 482 2982 539 clari
3015 473 3395 555 intelliguntur
3426 495 3440 539 :

196 571 273 628 nisi
296 585 320 624 a
348 567 447 622 Deo
472 567 912 635 demonstrante,
939 583 1039 624 nec
1069 569 1299 624 inveniri
1330 573 1512 638 posset
1542 567 1611 622 ab
1640 566 1741 622 ho-

197 665 324 728 mine,
357 675 448 717 nec
475 661 686 718 haberi.
718 663 871 730 Quod
903 672 958 718 et
986 663 1102 734 ipse
1135 661 1240 719 Joh
1267 663 1322 719 in
1354 663 1734 735 subsequenti-

195 759 270 813 bus
291 752 584 820 declaravit,
616 756 691 810 ita
728 753 917 811 dicens
949 773 964 809 :
996 755 1064 812 Et
1092 756 1231 811 dixit
1275 755 1508 821 homini,
1553 755 1737 826 utique

194 852 302 906 Deos
327 866 339 902 :
363 847 498 904 Ecce
517 849 683 902 timor
705 849 919 904 Domini
971 849 1085 920 ipsa
1131 857 1215 904 est
1245 847 1533 920 sapientia,
1568 859 1620 902 et
1650 861 1736 903 re-

190 945 345 1001 cedere
367 959 395 998 a
428 943 572 997 maio
605 944 985 1016 intelligentia.

245 1037 389 1092 Nescit
413 1037 566 1089 homo
589 1039 812 1109 pretium
843 1041 972 1110 ejus.
1005 1038 1132 1094 llaec
1157 1037 1410 1104 dicendo,
1441 1039 1738 1094 inmstima-

189 1130 313 1186 bilem
339 1141 453 1184 esse
483 1128 808 1199 sapientiora
838 1130 1049 1186 timoris
1081 1131 1174 1188 Dei
1205 1131 1563 1202 signiﬁcavit.

241 1223 331 1278 Nec
350 1223 604 1278 invenitur
632 1225 685 1278 in
717 1235 855 1278 terra
883 1227 1108 1280 suaviter
1135 1227 1432 1280 viventium.
1461 1227 1613 1281 lianc
1636 1225 1736 1297 igi-

185 1328 256 1378 ιιπ
291 1317 607 1388 sapientiam
655 1319 866 1374 timoris
921 1319 1011 1376 Dei
1061 1336 1166 1374 non
1217 1320 1382 1375 habet
1427 1322 1729 1392 quisquam,

183 1413 261 1468 nisi
284 1427 486 1467 carnem
516 1425 669 1466 suam
698 1413 1030 1470 cruciﬂxerit
1057 1429 1178 1470 cum
1205 1414 1350 1469 vitiis
1374 1421 1429 1471 et
1449 1415 1733 1484 concupis-

184 1503 355 1571 centiis,
390 1504 491 1558 nisi
531 1503 725 1560 vixerit
760 1515 819 1560 ut
868 1506 1064 1562 Paulus
1111 1509 1413 1578 apostolus,
1459 1519 1514 1564 et
1543 1524 1732 1566 omnes

180 1598 334 1662 sancti,
362 1596 902 1668 inlribulalimtibutt,
928 1604 1420 1673 persecutiouibus,
1439 1605 1730 1675 angustiis,

178 1699 213 1747 rt
239 1691 516 1762 pressaris.
549 1693 614 1746 Et
644 1693 767 1749 ideo
797 1696 1042 1753 suaviter
1066 1695 1198 1752 dicti
1245 1707 1372 1753 sunt
1417 1698 1600 1755 vivere
1629 1699 1728 1769 illi,

177 1786 244 1856 qui
267 1784 400 1839 nullo
423 1784 560 1856 jugo
607 1785 914 1858 disciplina)
961 1792 1234 1858 tenentur,
1281 1802 1335 1848 et
1384 1789 1620 1848 ei'i‘renes
1669 1807 1730 1849 ac

175 1881 432 1952 pracipuos
469 1883 526 1938 in
557 1882 732 1940 labem
771 1894 1128 1956 prorumpunt
1157 1884 1436 1941 vitiorum.

223 1974 422 2044 digestis
442 1975 604 2043 dicit,
641 1993 741 2030 non
781 1977 934 2032 estin
966 1993 1065 2042 me,
1093 1990 1138 2032 et
1173 1995 1311 2032 mare
1343 1977 1595 2051 loquitur,
1628 1997 1729 2034 non

171 2077 440 2124 eumeum.
475 2068 752 2142 Abyssum
803 2068 907 2127 hoc
957 2071 1080 2127 loco
1132 2069 1404 2127 infernum
1460 2071 1731 2142 intelliga—

169 2177 287 2228 mus,
328 2164 463 2218 sicut
510 2161 648 2220 dicit
691 2163 980 2234 Apostolus
1014 2179 1028 2221 :
1066 2167 1165 2220 Aut
1203 2165 1318 2236 quis
1365 2163 1630 2220 descendit
1676 2165 1729 2218 in

169 2253 412 2325 abyssum!
442 2254 519 2310 Et
542 2269 694 2311 mare
723 2256 823 2312 hoc
852 2255 1137 2324 saeculum,
1183 2266 1241 2312 ut
1295 2256 1590 2313 Psalmista
1641 2270 1730 2312 ca-

167 2357 296 2402 nente
319 2349 676 2418 cognovimus
710 2367 723 2403 :
755 2348 869 2403 Hoc
892 2368 1030 2404 mare
1066 2367 1315 2423 magnum
1343 2359 1392 2405 et
1413 2351 1723 2420 spatiosum.

167 2436 380 2494 internus
408 2453 568 2510 ergo,
609 2447 664 2494 et.
714 2441 799 2496 hic
855 2442 1086 2497 mundus
1133 2443 1460 2514 sapientiam
1520 2442 1730 2498 timoris

166 2532 316 2590 Delse
343 2545 446 2589 non
479 2533 690 2590 habere
715 2543 1003 2595 testantur.
1055 2537 1194 2594 Loca
1237 2537 1371 2594 dicit
1416 2537 1585 2610 loqui,
1631 2554 1730 2610 pro

165 2627 330 2698 bisqui
358 2631 410 2684 in
441 2630 604 2697 locis,
633 2632 715 2688 vel
753 2632 963 2700 nmndi,
997 2635 1079 2691 vel
1115 2634 1414 2690 inferorum
1447 2644 1595 2690 sunt.
1631 2634 1729 2690 llic

160 2720 213 2775 de
239 2721 332 2778 illis
376 2723 649 2795 loquitur,
701 2724 1022 2795 quicaruali
1074 2726 1491 2783 Conversatione
1542 2727 1728 2783 mundi

158 2814 402 2874 illecebris
435 2819 790 2889 possidentur
821 2839 833 2875 :
868 2821 981 2876 inec
1009 2821 1178 2881 dictio
1210 2823 1592 2892 prosopopmia
1635 2838 1732 2893 ap-

161 2910 377 2978 pellatur,
406 2913 501 2967 uhi
538 2927 768 2983 persona
805 2915 1078 2986 loquentis
1107 2930 1228 2968 cum
1279 2915 1422 2984 loqui
1463 2931 1568 2968 non
1601 2930 1727 2985 pos-

157 3001 232 3068 sit,
257 3005 569 3072 assumitur,
601 3013 654 3060 et
685 3003 827 3074 quod
858 3006 1128 3068 continet.
1166 3023 1264 3076 pro
1294 3022 1360 3062 eo
1388 3003 1532 3078 quod
1562 3009 1731 3062 conti-

155 3104 304 3153 netur.
332 3098 596 3156 Continet
624 3098 841 3170 quidem
876 3098 962 3156 hic
997 3100 1253 3169 tnuudus,
1304 3099 1386 3156 vel
1439 3101 1724 3156 infernus:

153 3191 435 3247 continetur
465 3202 658 3248 autem
697 3192 877 3248 homo.
915 3191 1062 3248 lianc
1096 3208 1230 3264 ergo
1261 3189 1586 3264 sapientiam
1619 3211 1724 3248 non

152 3282 285 3340 habet
314 3301 462 3342 mare
499 3286 686 3342 mundi
736 3289 914 3349 istius,
952 3295 1149 3358 praeter
1195 3288 1362 3342 solam
1399 3287 1722 3358 Ecclesiam,

150 3392 252 3446 qua:
277 3389 498 3452 propter
530 3381 873 3438 saavientium
905 3381 1102 3437 tinctus
1135 3381 1512 3445 inimicorum,
1547 3381 1723 3436 insula

145 3470 315 3529 dicitur
340 3475 392 3531 in
410 3475 739 3548 Scripturis,
775 3475 1240 3547 quemadmodum
1271 3488 1322 3532 et
1345 3476 1593 3532 navicula
1631 3493 1725 3547 per

151 3566 346 3637 ﬁguram
379 3571 432 3625 in
466 3571 767 3642 Evangelio
792 3571 1126 3628 nominatur.

204 3659 312 3716 Non
337 3662 554 3718 dabitur
584 3681 772 3718 aurum
799 3663 1033 3718 obrizum
1063 3681 1158 3738 pro
1180 3681 1241 3720 ea
1274 3682 1292 3720 :
1324 3681 1414 3720 nec
1447 3664 1717 3738 appende-

146 3763 212 3805 tur
232 3768 500 3827 argentum
551 3758 607 3812 in
658 3759 1060 3813 commutatione
1101 3759 1235 3830 ejus.
1285 3757 1398 3813 Hoc
1445 3758 1539 3820 ait,
1579 3755 1724 3825 quod

144 3848 266 3904 nulla
295 3866 378 3906 res
411 3851 676 3923 quamvis
710 3853 945 3921 pretiosa
972 3850 1068 3920 sit,
1092 3851 1262 3922 possit
1286 3851 1411 3906 huic
1439 3852 1724 3922 sapientiae

143 3943 442 4011 Comparari.
478 3943 616 3999 Sive
647 3943 766 4014 quia
792 3955 980 3997 aurum
1001 3941 1387 4015 inScripturis,
1413 3943 1498 3999 vel
1529 3959 1725 4015 argen-

141 4039 254 4100 tum,
284 4035 538 4108 tropicus
567 4051 788 4104 sensus,
817 4047 867 4091 ct
903 4051 1091 4093 sermo
1135 4037 1475 4108 intelligitur,
1509 4037 1612 4094 hoc
1641 4038 1724 4094 di-

138 4124 214 4188 cit,
246 4128 571 4198 sapientiam
607 4129 766 4184 istam
797 4130 975 4185 nullus
1005 4145 1102 4198 pro
1131 4131 1324 4185 merito
1355 4131 1558 4186 sentire
1590 4147 1719 4203 poso

134 4223 223 4285 set,
249 4227 338 4277 aut
367 4223 587 4294 eloqui.

193 4311 305 4369 Non
332 4319 646 4386 conferetur
688 4316 859 4370 tinctis
891 4313 1065 4370 Ιηάὶω
1096 4316 1376 4381 coloribus,
1421 4333 1513 4371 nec
1557 4316 1724 4389 lapidi

131 4406 429 4466 sardoniclto
440 4411 850 4483 pretiosissima,
877 4409 956 4465 vet
979 4409 1248 4483 sapplriro.
1268 4410 1509 4467 Diversis
1535 4411 1719 4478 rebus;

133 4502 387 4571 pretiosis,
437 4503 561 4560 lucc
593 4503 863 4576 sapientia
907 4503 1090 4559 divina
1134 4503 1442 4576 prafertur.
1495 4501 1609 4560 Hoc
1643 4511 1722 4558 ta-

131 4607 235 4649 men
264 4595 580 4664 sciendum,
621 4597 766 4669 quod
797 4598 1032 4654 maxime
1062 4599 1114 4652 in
1163 4599 1472 4654 meridiano
1497 4597 1718 4654 climate

1845 567 1934 638 qui
1974 568 2026 624 in
2069 567 2172 625 hoc
2217 569 2416 627 smcnlo
2449 573 2677 632 nomine
2705 573 3018 648 dignitatis,
3047 585 3103 633 et
3129 572 3441 632 divitiarum

1841 660 2016 730 gloria
2040 660 2327 727 splendent
2363 683 2375 718 :
2401 665 2459 720 hi
2490 663 2676 736 utique
2701 662 2806 724 non
2841 669 3107 726 habentes
3138 681 3284 726 verte
3316 665 3445 726 reii-

1841 753 2312 823 gionistimorem,
2341 773 2437 828 pro
2465 759 2636 816 nihilo
2666 759 3011 819 habebuntur
3037 779 3050 818 :
3075 777 3139 820 eo
3166 761 3309 836 quod
3331 773 3440 820 non

1842 855 2067 915 possunt
2091 849 2238 904 velut
2267 863 2365 920 pro
2394 854 2590 908 merito
2615 851 2808 924 gloria:
2847 867 2984 925 sum,
3033 849 3101 912 ad
3134 863 3441 912 commuta-

1842 939 2043 994 tionem
2077 942 2361 1011 saplentize
2392 945 2684 1015 singularis
2712 947 2996 1003 accedere.

1915 1035 2135 1090 Excelsa
2162 1043 2210 1090 et
2230 1039 2510 1093 eminentia
2527 1053 2630 1095 non
2651 1039 3188 1096 commemorabuntur
3216 1041 3269 1096 in
3299 1055 3440 1098 com-

1838 1132 2108 1204 paratione
2133 1132 2269 1201 ejus.
2295 1131 2473 1187 Etiam
2506 1134 2548 1188 si
2589 1135 2806 1190 excelsa
2856 1137 2990 1202 sint,
3040 1145 3096 1193 et
3144 1131 3439 1207 plurimum

1837 1222 2137 1278 eminentia
2170 1233 2531 1294 qumcumque
2582 1224 2634 1279 in
2662 1227 2929 1282 creaturis
2983 1235 3154 1282 sunt:
3205 1234 3265 1281 ut
3314 1236 3444 1285 sunt

1839 1319 1999 1372 etiam
2025 1317 2284 1388 angelicae
2311 1323 2632 1388 potestates,
2661 1321 2880 1376 minima
2909 1321 3114 1390 omnia,
3140 1321 3307 1377 immo
3337 1335 3439 1394 po-

1840 1412 1945 1465 tius
1975 1408 2192 1480 indigna
2229 1412 2488 1466 memoria
2523 1417 2704 1480 erunt,
2736 1413 2789 1468 in
2833 1415 3240 1485 comparatione
3266 1413 3433 1481 illius,

1837 1517 1957 1574 quae
1979 1502 2106 1558 fecit
2133 1517 2349 1558 omnem
2380 1509 2687 1560 creaturam
2712 1506 3032 1562 rationalem
3069 1505 3178 1562 Deo
3199 1505 3436 1578 placere,

1837 1597 1995 1666 eique
2025 1606 2216 1652 sancto
2245 1612 2432 1653 arnore
2461 1598 2741 1671 conjungi.
2777 1599 2845 1654 Et
2865 1598 2988 1654 ideo
3021 1597 3303 1670 przetcrtur
3329 1599 3436 1656 illis

1837 1688 2201 1744 eminentibus
2229 1690 2465 1746 excelsis
2501 1690 2714 1746 timoris
2759 1689 3068 1762 huiusmodi
3117 1691 3386 1762 sapientia
3417 1703 3433 1746 :

1835 1782 1958 1853 quia
1989 1784 2106 1838 sine
2138 1783 2223 1838 illa
2261 1783 2393 1838 nihil
2428 1793 2552 1840 sunt
2607 1791 2732 1840 ante
2784 1785 2976 1851 Deum,
3019 1786 3161 1840 sicut
3210 1795 3264 1841 et
3319 1786 3435 1856 ipse

1758 1876 1804 1937 B
1832 1875 2082 1931 diabolus
2114 1877 2203 1945 qui
2226 1877 2429 1932 amisso
2462 1877 2658 1933 timore
2685 1877 2883 1934 divina:
2930 1877 3280 1948 reverentiae,
3311 1893 3435 1950 per-

1835 1966 1975 2022 didit
2005 1968 2391 2037 semetipsum.

1910 2057 2161 2114 Trahitur
2201 2070 2374 2116 autem
2405 2063 2661 2136 sapientia
2715 2064 2779 2119 de
2827 2063 3065 2119 occultis.
3103 2059 3228 2120 ilmc
3270 2064 3434 2136 igitur

1833 2152 2054 2212 aliunde
2084 2169 2189 2210 non
2223 2161 2404 2228 potest
2432 2158 2534 2213 nisi
2573 2157 2640 2214 de
2676 2158 2930 2229 supernis
2960 2159 3184 2228 assumi,
3224 2155 3339 2216 sive
3366 2158 3435 2217 de

1835 2249 2036 2304 intimis
2065 2250 2245 2305 cordis
2273 2249 2581 2318 affectibus,
2613 2252 2761 2307 dono
2791 2254 2964 2308 sancti
2991 2252 3228 2323 Spiritus
3259 2250 3432 2308 trahi-

1835 2353 1939 2411 tur,
1972 2352 2034 2400 ut
2067 2347 2335 2417 propheta
2379 2347 2495 2402 ait:
2532 2346 2604 2402 0s
2658 2361 2828 2402 meum
2869 2345 3071 2419 aperui,
3136 2357 3185 2402 et
3240 2349 3435 2403 attraxi

1831 2436 2072 2504 spiritum
2098 2476 2113 2503 ,
2152 2444 2210 2492 ut
2241 2437 2496 2494 videlicet
2523 2438 2699 2509 sapiat
2730 2439 2894 2494 homo
2925 2440 3090 2496 Deum
3122 2445 3177 2494 et
3218 2441 3428 2510 timeat,

1832 2546 1894 2587 ac
1928 2532 2186 2588 recedere
2216 2547 2244 2587 a
2285 2533 2429 2588 malo
2458 2533 2743 2605 intelligat.

1907 2627 2031 2682 Non
2053 2629 2408 2696 adwquabitur
2435 2629 2484 2684 ei
2511 2629 2746 2695 tapa‘zius
2768 2628 2832 2684 de
2862 2625 3142 2695 thiopia
3160 2671 3174 2695 ,
3203 2640 3295 2683 nec
3319 2627 3427 2683 tin-

1831 2732 1993 2777 ctura
2026 2723 2386 2777 mundissintte
2417 2723 2833 2794 componentur?
2879 2721 3122 2778 Diversis
3153 2721 3351 2786 modis,
3383 2728 3438 2777 et

1831 2813 2062 2869 diversis
2105 2814 2418 2868 nominibus
2449 2813 2583 2880 auri,
2642 2827 2704 2870 ac
2747 2813 3104 2884 supellectilis
3149 2813 3428 2885 pretiosae,

1829 2919 2049 2965 sanctus
2079 2909 2182 2964 Jolt
2206 2905 2361 2973 dicit,
2395 2910 2539 2979 quod
2573 2906 2734 2964 timor
2765 2907 2976 2964 Domini
3009 2923 3114 2963 non
3150 2906 3320 2978 possit
3349 2903 3429 2963 eis

1833 3005 1940 3058 nilo
1973 3003 2136 3058 modo
2167 3003 2493 3073 comparari.

1903 3095 2055 3152 Unde
2093 3112 2215 3172 ergo
2244 3097 2500 3169 sapientia
2531 3099 2686 3163 venit,
2719 3107 2763 3152 et
2791 3098 2907 3168 quis
2940 3105 3015 3153 est
3046 3095 3190 3152 locus
3227 3095 3426 3152 intelli-

1829 3190 2039 3261 gctttiw.
2085 3189 2435 3260 interrogans
2467 3189 2721 3262 requirit,
2769 3197 2822 3246 et
2853 3189 2983 3245 dicit
3015 3206 3028 3244 :
3076 3188 3221 3261 quod
3253 3189 3432 3246 omnis

1751 3265 1796 3327 (ἶ
1831 3291 2078 3338 creatura
2106 3283 2191 3337 vel
2223 3282 2459 3338 maxime
2481 3279 2802 3352 sapientiam
2836 3281 2973 3338 hanc
3008 3281 3244 3352 ignaret.

1903 3375 2214 3430 Abscondita
2243 3384 2318 3430 est
2351 3375 2415 3430 ab
2461 3375 2625 3430 oculis
2666 3375 2897 3430 omnium
2930 3373 3250 3430 virentium:
3283 3373 3425 3428 volu-

1829 3488 1938 3524 cres
1960 3485 2162 3540 quoque
2185 3468 2302 3524 ctzli
2346 3469 2492 3524 latet.
2529 3468 2837 3525 Viventium
2883 3469 3084 3524 mundo
3116 3467 3426 3540 intelligeno

1827 3565 1954 3620 dum
1983 3575 2087 3630 est,
2113 3564 2181 3620 de
2201 3564 2398 3634 quibus
2427 3563 2678 3635 superius
2710 3563 2808 3627 ait,
2835 3578 2957 3619 cum
2989 3559 3057 3618 de
3079 3561 3181 3617 hac
3210 3563 3430 3631 sapien-

1829 3659 1898 3713 tia
1933 3659 2270 3730 loqueretur,
2325 3671 2423 3713 ncc
2474 3657 2748 3713 Itthnitur
2779 3657 2831 3712 in
2885 3662 3032 3712 terra
3079 3658 3318 3713 suaviter
3351 3653 3431 3712 vi-

1830 3755 2092 3810 ventium.
2140 3754 2291 3822 Quod
2327 3763 2507 3807 autem
2551 3751 2707 3818 dixit,
2733 3751 2857 3823 quia
2889 3751 3002 3806 haec
3035 3750 3302 3820 sapientia
3337 3766 3431 3804 vo-

1827 3851 2008 3906 lucres
2037 3849 2159 3905 caeli
2193 3849 2410 3911 lateret,
2445 3846 2688 3918 superbi,
2721 3853 2774 3902 et
2807 3846 2974 3911 leves,
3001 3845 3115 3901 sive
3137 3846 3225 3914 qui
3256 3844 3426 3898 altum

1827 3944 2064 4013 sapiunt,
2099 3940 2246 4013 quod
2282 3941 2349 3996 ad
2376 3950 2644 3996 tumorem
2675 3939 3003 4009 arrogantia!
3033 3935 3294 4008 pertinet,
3341 3934 3426 3990 in-

1828 4035 2103 4107 telligendi
2134 4041 2279 4100 sunt,
2305 4035 2422 4090 sive
2453 4034 2680 4104 spiritus
2702 4032 2854 4101 mali,
2887 4030 2977 4102 qui
3005 4028 3306 4084 secundum
3333 4041 3428 4099 pa-

1826 4129 2070 4186 rabolam
2097 4127 2399 4200 Evangelii,
2425 4125 2636 4196 iactum
2680 4139 2868 4180 semen
2905 4121 3242 4180 Dominicum
3271 4120 3427 4191 juxta

1827 4226 1966 4278 viam
1997 4222 2311 4279 comedunt.
2347 4217 2455 4277 llos
2480 4221 2646 4292 igitur
2675 4220 2844 4276 latere
2870 4220 2947 4274 ait
2970 4219 3169 4274 bonum
3213 4216 3430 4274 timoris

1826 4319 1942 4376 Dei.

1900 4411 2156 4481 Perditio,
2188 4419 2238 4466 et
2262 4425 2402 4466 mors
2445 4408 2712 4479 dixerunt,
2755 4407 2969 4464 auribus
2998 4407 3190 4464 nostris
3219 4404 3424 4464 audiui-

1825 4523 1938 4561 mus
1968 4511 2160 4578 famam
2185 4509 2321 4579 ejus.
2355 4506 2541 4560 Potest
2590 4513 2821 4574 utroque
2853 4501 2954 4557 hoc
2989 4499 3210 4558 nomine
3240 4498 3428 4556 diabo-

1828 4603 1914 4658 lus
1940 4602 2072 4670 dici,
2107 4603 2222 4656 sive
2250 4602 2342 4656 ille
2371 4609 2524 4656 mors
2546 4599 2816 4670 appellari
2845 4609 3050 4668 poteSt,
3077 4607 3134 4654 ut
3155 4598 3238 4654 sui
3269 4597 3427 4654 satel-

130 4684 228 4742 lttec
256 4691 482 4745 metalla
519 4666 758 4760 pretiosa
809 4701 1122 4747 nascantur.
1178 4691 1244 4747 Et
1293 4698 1421 4764 quia
1473 4693 1523 4748 in
1571 4691 1721 4751 ludia
1750 4666 1804 4729 D
1829 4694 1954 4750 lites
1993 4666 2226 4764 perditio
2273 4666 2678 4766 nuncupentur.
2709 4691 2772 4747 ili
2804 4666 2935 4763 ergo
2963 4666 3237 4757 diuerunt,
3281 4689 3424 4762 quod

126 4790 293 4835 omnes
318 4781 604 4838 idolorum
652 4783 894 4839 cultores
926 4785 1304 4856 signiﬁcantur
1337 4803 1350 4841 :
1386 4785 1441 4840 in
1485 4801 1589 4857 qua
1623 4803 1717 4843 co-

124 4868 266 4939 lores,
298 4883 356 4928 ut
383 4874 532 4943 dixi,
576 4876 826 4946 pretiosi,
860 4876 944 4933 vel
973 4885 1292 4943 nascuntur,
1327 4879 1413 4935 vel
1445 4878 1586 4934 tiunt
1619 4897 1631 4934 :
1669 4882 1721 4937 id

125 4972 237 5029 puto
257 4979 423 5039 posse
448 4967 708 5040 intelligi,
736 4972 861 5042 quia
895 4969 952 5027 in
977 4971 1236 5043 gentibus
1277 4973 1366 5029 ubi
1404 4975 1567 5030 timor
1603 4975 1720 5032 veri

123 5055 201 5112 Dei
219 5075 324 5115 non
353 5071 462 5128 est,
503 5063 684 5119 fucata
716 5075 770 5118 et
802 5065 1206 5135 quodammodo
1255 5075 1469 5124 terrena
1525 5070 1720 5142 religio

119 5148 173 5203 sit
205 5169 218 5207 :
249 5168 370 5226 qua:
398 5157 511 5212 sub
538 5162 1068 5227 prtetextunominis
1097 5159 1187 5217 Del
1211 5161 1260 5216 in
1298 5179 1543 5219 errorum
1566 5181 1718 5221 men-

118 5241 278 5312 dacio,
308 5249 550 5306 diverso
593 5266 657 5307 ac
687 5253 836 5307 v'ario
880 5268 1202 5311 sermonum
1237 5259 1422 5313 colore
1453 5259 1602 5314 velut
1633 5261 1716 5331 pi-

116 5346 251 5396 ctura
291 5344 683 5415 componitur,
717 5355 770 5402 et
815 5347 972 5416 quasi
1015 5347 1152 5421 lapis
1195 5353 1466 5423 pretiosus
1499 5355 1717 5425 eloquio

113 5433 410 5505 Splendeat,
437 5437 568 5494 sive
595 5439 819 5497 nomine
842 5440 1047 5514 fulgeat
1074 5444 1317 5512 deitatis,
1345 5458 1400 5501 et
1429 5446 1576 5501 ludia
1602 5451 1716 5506 sive

110 5523 260 5583 etiam
290 5528 616 5603 EthiOpia,
649 5534 1015 5603 nigredinem,
1067 5537 1148 5594 vel
1192 5540 1446 5596 tenebras
1477 5551 1719 5612 peccato-

112 5631 217 5674 rum
244 5623 578 5694 signiﬁcant
609 5643 624 5680 :
665 5641 789 5698 qua:
821 5628 1134 5698 specialiter
1164 5634 1214 5686 in
1246 5633 1511 5688 idolorum
1539 5633 1717 5690 cultu-

109 5713 176 5770 ris
204 5715 508 5776 habentur.

175 5809 295 5868 Non
320 5813 701 5882 adwquabitur
725 5816 772 5871 ei
794 5829 1001 5887 aurum,
1032 5820 1111 5875 vel
1129 5817 1336 5889 citrum,
1363 5839 1453 5877 nec
1475 5838 1712 5879 commu-

106 5901 448 5982 labanturpro
475 5925 538 5966 ea
565 5924 686 5967 rasa
709 5912 847 5969 auri.
876 5913 1082 5972 Aurum
1099 5914 1184 5973 vel
1209 5916 1433 5987 vitrum,
1468 5927 1521 5976 ct
1547 5915 1712 5977 etiam

1826 4791 2021 4847 famam
2055 4785 2261 4847 timoris
2285 4787 2377 4844 Dei
2411 4789 2684 4845 audierint
2714 4805 2726 4842 :
2763 4804 2868 4843 non
2899 4787 3042 4843 enim
3068 4801 3270 4858 negare
3298 4800 3424 4857 pose

1825 4892 1974 4955 sunt,
2006 4882 2132 4956 quia
2161 4898 2270 4939 non
2310 4879 2583 4939 audierint
2616 4882 2792 4950 illam,
2815 4897 2939 4938 cum
2985 4881 3039 4937 in
3078 4891 3286 4936 natura:
3311 4894 3425 4935 sum

1825 4979 1968 5034 bono
1992 4976 2216 5035 inditam
2238 4977 2586 5050 perceperint
2622 4995 2634 5032 :
2661 4976 2756 5034 sed
2778 4992 2874 5049 per
2897 4975 3286 5034 inobedientia:
3314 4989 3425 5029 tua-

1825 5074 1956 5142 lum,
1987 5089 2106 5129 eam
2133 5072 2332 5130 habere
2364 5073 2673 5130 noluerunt.

1899 5167 2035 5224 Deus
2065 5165 2305 5239 intelligit
2327 5166 2463 5221 viam
2503 5172 2639 5238 ejus,
2679 5175 2725 5220 et
2747 5166 2859 5237 ipse
2892 5165 3030 5220 norit
3058 5163 3227 5220 locum
3257 5163 3424 5220 illius.

1826 5262 1930 5317 Pro
1961 5271 2113 5317 certo
2141 5261 2240 5316 scit
2271 5259 2437 5330 Deus,
2464 5258 2610 5331 quod
2635 5259 2752 5315 haec
2775 5255 3039 5328 sapientia
3075 5262 3335 5326 properet
3357 5252 3425 5309 ad

1827 5357 2001 5412 locum
2047 5355 2239 5426 utique
2285 5353 2512 5426 quietis,
2536 5364 2591 5410 et
2642 5364 2918 5424 perpetem
2951 5353 3102 5423 pacis
3144 5369 3157 5406 :
3209 5351 3296 5405 ubi
3330 5365 3426 5419 per

1827 5454 1965 5508 hanc
1988 5452 2158 5523 ipsam
2192 5450 2518 5522 sapientiam
2569 5448 2782 5505 timoris
2812 5447 2919 5514 sui,
2966 5461 3133 5516 super
3176 5444 3424 5515 quietum

1824 5556 1880 5602 et
1933 5545 2230 5612 humilem,
2281 5553 2336 5599 et
2379 5551 2699 5599 trementem
2735 5553 3019 5596 sermones
3048 5553 3175 5597 suos
3207 5537 3425 5611 requie-

1825 5652 1982 5694 scere
2007 5635 2338 5693 delectetur.
2393 5635 2519 5692 Sive
2575 5633 2716 5689 Deus
2780 5632 3035 5703 intelligit
3090 5631 3230 5686 viam
3281 5627 3422 5702 ejus,

1822 5749 1945 5806 qu:e
1969 5727 2355 5804 prtedicatione
2386 5727 2671 5800 Evangelii
2705 5743 2801 5798 per
2847 5740 3040 5782 omnes
3072 5734 3247 5780 terras
3293 5738 3422 5796 pro-

1818 5827 1925 5882 lata
1955 5833 2058 5882 est.
2096 5818 2252 5884 Unde
2279 5831 2333 5878 et
2369 5819 2615 5896 sequitur
2646 5819 2714 5876 de
2746 5819 2855 5876 Deo
2885 5817 3075 5874 dicens
3112 5838 3122 5873 :

1893 5917 2016 6000 Ipse
2043 5917 2177 5974 enim
2213 5917 2342 5994 [inea
2373 5913 2558 5972 mutuli
2588 5915 2853 5990 intuetur,
2894 5921 2942 5972 et
2973 5912 3151 5971 omnia
3179 5928 3292 5986 qua!
3329 5908 3426 5971 suit
