3948 6334
453 276 563 336 703
1261 275 1612 334 APPENDIX
1651 275 1743 334 AD
1781 274 2028 333 TOMMM
2059 273 2414 334 SEPTIMUM
2454 275 2513 332 S.
2554 275 2956 334 lllERONYMl.
3628 285 3718 346 7M

453 398 581 454 calo
608 405 730 455 sunt
775 396 1003 470 respicit.
1047 394 1178 464 Quis
1207 394 1355 452 enim
1391 393 1639 465 ambigit,
1684 393 1852 448 Deum
1883 406 2049 448 nosse
2080 395 2128 452 A
2155 391 2289 446 riam
2319 391 2567 461 pristinae
2596 391 2893 461 felicitatis,
2927 392 2980 447 in
3009 407 3112 464 qua
3144 393 3439 466 aliquando
3459 437 3474 463 ,
3514 397 3719 456 Domino

456 492 624 551 etiam
650 506 713 547 ea
743 505 866 562 qua:
907 488 1090 544 futura
1128 487 1294 543 sunt?
1318 487 1416 544 sed
1448 486 1542 544 hic
1569 487 1748 558 potius
1789 487 1928 541 Deus
1960 500 2055 542 co-

454 587 639 658 gnitor
675 583 985 640 futurorum
1030 581 1164 637 illud
1197 581 1462 651 inspexit,
1504 581 1651 651 quod
1692 588 1879 653 postea
1917 580 2053 636 dixit

455 677 577 748 ejus
603 678 906 750 Apostolus
933 694 946 730 :
971 676 1101 732 Cum
1126 684 1298 732 autem
1323 676 1460 731 venit
1487 674 1761 749 plenitudo
1788 679 2052 750 temporis,

457 771 600 829 misit
629 770 766 826 Deus
789 769 988 825 Filium
1023 787 1197 825 suum.
1233 770 1349 826 Hoc
1399 770 1567 841 igitur
1588 768 1773 838 modo,
1821 770 2054 826 adventu

459 876 560 919 suo
590 877 692 919 nos
715 861 1013 928 visitando,
1046 863 1182 918 lines
1220 861 1410 918 mundi
1455 862 1686 918 intuitus
1716 873 1820 918 est.
1848 863 1903 918 lu
1935 864 2018 919 his
2038 905 2054 931 ,

458 953 704 1027 inquam,
743 955 1080 1027 temporibus
1112 955 1336 1025 nostris,
1365 955 1421 1011 in
1447 970 1588 1027 quos
1634 956 1964 1013 saeculorum
1993 956 2056 1012 li-

462 1063 563 1108 nes
589 1049 956 1107 devenerunt.

539 1143 644 1212 Qui
673 1146 796 1218 fecit
825 1147 988 1200 ventis
1019 1145 1242 1220 pondus,
1275 1156 1324 1201 et
1369 1163 1530 1219 aquas
1556 1148 1803 1222 appendit
1831 1148 1887 1203 in
1917 1165 2062 1204 men-

463 1251 609 1291 sura.
646 1235 869 1305 Quando
893 1238 1118 1309 ponebat
1141 1238 1334 1311 pluviis
1356 1239 1542 1312 legem,
1572 1249 1620 1294 et
1647 1241 1782 1295 viam
1817 1240 2060 1311 procellis

463 1329 787 1385 sonantibus.
839 1329 1186 1386 Manifestum
1231 1341 1334 1395 est,
1364 1330 1490 1403 quia
1521 1332 1698 1387 omnis
1727 1343 1978 1389 creatura
2009 1335 2060 1389 in

467 1436 630 1477 manu
671 1431 728 1478 et
769 1420 969 1478 virtute
1012 1425 1268 1494 potentiae
1329 1423 1474 1479 illius
1521 1433 1790 1481 teneatur.
1834 1425 2008 1483 Aliter
2045 1447 2057 1480 :

466 1515 615 1587 lpsas
636 1516 841 1586 gratias
875 1516 1112 1588 Spiritus
1140 1517 1336 1586 sancti,
1366 1519 1525 1589 quasi
1549 1519 1602 1576 in
1629 1522 1747 1592 ipso
1779 1521 1934 1577 initio
1969 1539 2066 1593 per

470 1611 754 1680 apostolos
793 1613 1005 1683 accepit
1055 1613 1301 1670 Ecclesia
1348 1617 1608 1685 :quando
1659 1615 1835 1673 lactus
1877 1629 1960 1674 est
1996 1620 2064 1675 de

467 1705 611 1761 coelo
659 1704 873 1759 sonitus
921 1713 1176 1777 tanquam
1223 1705 1573 1764 advenientis
1625 1709 1856 1781 spiritus
1903 1711 2066 1767 vehe-

2156 497 2542 556 prosperante,
2566 487 2817 558 degerat.

2233 580 2455 648 Quando
2475 579 2773 646 splendebat
2800 579 3012 635 lucerna
3039 585 3154 655 ejus
3193 598 3347 652 super
3366 593 3513 651 caput
3548 601 3716 641 meum.

2158 671 2342 728 Multis
2371 673 2546 728 modis
2580 672 2631 728 in
2657 673 2962 744 Scripturis
2991 673 3195 730 divinis
3225 675 3520 748 appellatur
3560 677 3722 736 lucer-

2159 783 2246 822 na.
2281 767 2380 823 llic
2409 783 2540 824 vero
2576 767 2893 837 potuiteam
2937 768 3040 824 Job
3083 785 3184 840 pro
3233 770 3409 841 gloria
3459 775 3722 843 temporali

2158 861 2382 930 dixisse,
2412 878 2570 934 quam
2599 879 2628 916 a
2653 863 2765 918 Deo
2796 874 3106 935 acceperat,
3140 875 3192 920 et
3231 879 3392 937 quam
3437 865 3490 922 in
3527 867 3727 926 honoris

2160 955 2427 1026 potentia,
2453 965 2508 1012 et
2537 955 2745 1011 divitiis
2771 957 3102 1028 possidebat.

2231 1047 2301 1104 Et
2323 1050 2392 1103 ad
2416 1051 2588 1105 lumen
2612 1053 2722 1124 ejus
2753 1052 3082 1107 ambulabant
3102 1052 3155 1106 in
3185 1052 3428 1110 tenebris.
3455 1053 3595 1110 Inter
3621 1071 3730 1127 pec—

2161 1149 2280 1196 cata
2337 1142 2548 1212 utique,
2605 1153 2659 1196 et
2706 1159 2769 1198 ea
2817 1159 2940 1215 quae
2996 1143 3360 1214 ignorabam,
3411 1148 3557 1216 quasi
3608 1149 3730 1204 inter

2162 1248 2391 1304 aspera,
2448 1243 2503 1290 et
2555 1234 2784 1290 obscura
2839 1236 2964 1290 vitm
3013 1236 3196 1307 hujus,
3235 1237 3306 1292 ad
3357 1239 3532 1294 lumen
3582 1241 3736 1296 virtu-

2164 1333 2299 1393 tum,
2329 1327 2416 1381 vel
2438 1327 2835 1383 consolationis
2864 1326 3012 1382 illius
3034 1329 3380 1386 inccdebam.

2238 1417 2387 1472 Sicut
2417 1419 2496 1487 [ui
2528 1419 2581 1474 in
2603 1419 2782 1475 diebus
2810 1419 3174 1477 adolescentia’
3212 1439 3357 1489 mete,
3387 1433 3435 1477 et
3454 1426 3648 1497 quando
3668 1442 3734 1482 ss-

2164 1519 2300 1564 creto
2322 1508 2465 1564 Deus
2486 1521 2598 1565 erat
2638 1513 2692 1566 in
2729 1513 3064 1569 tabernaculo
3112 1531 3244 1570 meo.
3271 1515 3550 1572 Secretnm
3575 1534 3734 1586 suum,

2167 1612 2407 1656 mentem
2436 1617 2589 1656 suam
2638 1603 2763 1659 ideo
2800 1604 2988 1661 dicere
3031 1606 3231 1674 voluit,
3263 1607 3388 1678 quia
3421 1607 3534 1665 illic
3569 1610 3738 1665 tumul-

2167 1702 2340 1748 tuosa:
2368 1695 2625 1750 vitiorum
2661 1697 2830 1753 turba:
2861 1698 3083 1753 minime
3112 1701 3554 1771 perstrepebant.

469 1796 924 1863 mentisNentos,
951 1798 1068 1854 sive
1091 1799 1317 1869 Spiritus
1340 1800 1621 1873 Scriptura
1653 1816 2064 1874 commemorat,

2246 1789 2468 1854 Quando
2495 1799 2604 1844 erat
2630 1790 2969 1864 Omnipotens
2989 1809 3210 1858 mecum,
3232 1795 3348 1849 etin
3365 1797 3627 1851 circumitu
3646 1813 3739 1852 mro

473 1903 613 1962 quos
662 1890 803 1944 Dens
830 1889 1116 1962 largiendo
1154 1893 1222 1950 de
1266 1895 1486 1950 arcanis
1528 1907 1868 1952 secretorum
1905 1899 2071 1955 coele-

473 1983 634 2040 stium
667 1981 976 2054 prolaturus
1009 1983 1324 2043 hominibus
1353 1997 1459 2055 est,
1501 1989 1800 2045 secundum
1831 1993 2071 2063 pr0phc-

477 2084 585 2130 tam
609 2075 881 2132 dicentem
909 2097 923 2132 ;
957 2077 1063 2143 Qui
1083 2081 1324 2150 producit
1350 2093 1524 2137 ventos
1557 2082 1619 2138 de
1649 2083 1908 2138 thesauris
1939 2086 2069 2141 suis.

475 2167 786 2239 Aliquando
815 2172 897 2225 lite
925 2170 1269 2229 diversitates
1294 2175 1614 2244 gratiarum,
1641 2175 1875 2248 Spiritus
1899 2178 2074 2233 sancti

474 2274 771 2319 censentur
815 2266 1059 2334 nomine,
1108 2269 1294 2326 dantis
1345 2269 1444 2325 has
1491 2273 1732 2342 gratias,
1769 2274 2072 2329 secundum

473 2355 610 2411 illud
639 2360 886 2428 Apostoli
931 2379 942 2416 :
997 2361 1226 2436 Spiritus
1278 2365 1650 2438 prephetarum
1692 2367 1913 2440 subjecti
1958 2377 2076 2422 sunt

475 2451 738 2522 prophetis
784 2468 803 2507 :
832 2455 923 2524 qui
968 2455 1134 2511 etiam
1181 2469 1405 2530 propter
1425 2461 1830 2530 operationem,
1863 2471 1916 2516 et
1946 2461 2078 2518 ell‘e-

479 2549 626 2595 ctum
651 2541 850 2598 divinae
877 2546 1326 2604 sanctiﬁcationis
1355 2564 1489 2614 suae.
1524 2551 1738 2622 pondus
1771 2553 1970 2609 habere
1993 2554 2078 2609 di-

480 2643 705 2701 euntur,
738 2647 797 2692 ut
826 2639 1128 2695 secundum
1162 2642 1597 2716 uniuscujusque
1627 2648 1770 2703 vires
1817 2646 2080 2717 praedica-

483 2735 632 2785 tores
662 2731 811 2786 verbi
843 2733 935 2788 Dei
959 2733 1084 2789 aliis
1115 2734 1199 2791 lac
1223 2736 1445 2804 darent,
1476 2739 1598 2793 aliis
1633 2739 1868 2795 solidum
1897 2741 2080 2797 cibum

483 2822 856 2894 porrigerent,
881 2825 971 2900 ubi
1013 2826 1282 2900 dicerent,
1312 2830 1395 2886 vel
1421 2831 1619 2901 quibus
1660 2831 1927 2887 dicerent.
1955 2833 2083 2889 lude

483 2917 564 2972 ait
591 2917 856 2987 propheta
889 2937 903 2974 :
937 2917 1088 2976 Dabo
1117 2921 1257 2976 vobis
1291 2924 1504 2980 imbrem
1540 2928 1849 2981 matutinum
1877 2936 1923 2980 et
1945 2944 2086 2981 sero-

483 3011 649 3065 tinum
678 3027 696 3065 :
729 3011 834 3068 hoc
862 3023 967 3080 est,
997 3029 1200 3070 novum
1235 3025 1290 3071 et
1316 3029 1470 3073 vetus
1507 3019 1937 3076 Tesmmentum.

559 3103 702 3160 Tunc
732 3108 859 3161 vidit
885 3107 1054 3176 illaut,
1081 3119 1131 3164 et
1158 3111 1438 3176 enarravit,
1471 3120 1518 3166 et
1544 3115 1878 3184 prazparavit,
1917 3123 1964 3168 et
2003 3115 2082 3169 in-

2174 1883 2323 1952 pueri
2362 1884 2483 1939 mei.
2525 1884 2758 1951 Quando
2811 1886 2977 1940 Deum
3033 1885 3270 1941 habebat
3313 1888 3368 1943 in
3417 1889 3740 1945 tabernaculo

2170 1987 2275 2028 Sltt)
2306 1992 2316 2028 :
2346 1975 2582 2030 virtutes
2608 1987 2736 2031 ante
2761 1991 2884 2032 eum
2910 1987 3057 2034 stare
3085 1987 3362 2048 tamquam
3401 1982 3547 2051 pueri
3582 1983 3743 2052 perhi-

2175 2064 2396 2132 bentur,
2428 2083 2549 2138 qua:
2570 2067 2694 2124 ideo
2724 2069 2948 2124 masculi
2976 2071 3351 2141 appellantur,
3380 2084 3595 2140 propter
3614 2076 3744 2145 vigo-

2174 2175 2288 2216 rem
2321 2169 2510 2216 contra
2561 2163 2690 2217 vitia
2734 2164 3032 2220 resistendi
3064 2184 3078 2219 :
3115 2165 3321 2221 talibus
3367 2167 3620 2223 ministris
3655 2167 3741 2224 Job

2176 2254 2372 2310 beatus
2415 2256 2779 2313 ambiebatur.

2253 2349 2475 2415 Quando
2497 2349 2730 2405 lavabam
2761 2353 2916 2422 pedes
2953 2370 3094 2409 meos
3136 2354 3345 2427 butyro.
3391 2356 3587 2412 Pedum
3610 2370 3745 2410 voca-

2180 2443 2308 2496 bulo
2337 2443 2393 2498 in
2431 2443 2740 2514 Scripturis
2767 2445 2967 2502 divinis
2991 2490 3006 2513 ,
3042 2448 3236 2502 modus
3280 2448 3498 2519 quidam
3528 2449 3746 2504 humana:

2179 2538 2610 2592 conversationis
2627 2538 2948 2609 plerumque
2962 2538 3358 2612 intelligendus
3371 2553 3471 2598 est.
3486 2541 3745 2605 Lavabam,

2182 2625 2377 2698 inquit,
2410 2630 2478 2683 ab
2503 2630 2654 2684 omni
2684 2632 2894 2702 peccati
2924 2633 3135 2688 macula
3167 2644 3326 2689 actus
3357 2649 3527 2702 meos,
3562 2647 3614 2690 et
3642 2651 3744 2690 cum

2183 2719 2493 2777 innocentia
2524 2733 2578 2776 et
2600 2723 2958 2793 simplicitate
2988 2727 3265 2782 versabar.

2258 2813 2323 2869 Et
2354 2825 2502 2885 petra
2527 2816 2774 2888 fundebat
2806 2820 2931 2872 mihi
2964 2821 3100 2875 rivos
3130 2821 3252 2876 olei.
3299 2821 3461 2877 Juxta
3490 2821 3622 2876 hunc
3647 2836 3751 2876 seu-

2185 2923 2303 2964 snm
2333 2910 2549 2982 Moyses
2582 2912 2657 2966 ait
2684 2930 2698 2969 :
2724 2913 2991 2968 Suxerunt
3019 2915 3121 2969 mel
3148 2915 3212 2970 de
3240 2926 3415 2988 petra,
3435 2925 3481 2970 et
3509 2916 3661 2970 oleum
3702 2914 3753 2968 de

2187 3004 2485 3074 ﬁrmissima
2527 3017 2727 3074 petra:
2775 3009 3080 3063 secundum
3133 3009 3554 3065 delectationem
3602 3009 3757 3064 volen-

2190 3097 2346 3165 tium,
2374 3112 2472 3153 ore
2504 3099 2771 3170 sapiebat.
2796 3099 2863 3155 Et
2893 3115 3016 3155 cum
3045 3110 3197 3172 petra
3246 3101 3338 3155 illa
3388 3101 3646 3156 Christum
3686 3115 3756 3153 sc-

485 3200 773 3270 vestigavit,
817 3210 865 3255 et
912 3202 1045 3256 dixit
1081 3204 1298 3259 homini.
1332 3203 1390 3260 ld
1422 3215 1526 3276 est,
1579 3207 1634 3262 in
1676 3208 1914 3263 Ectlesia
1962 3222 2082 3274 sua,

2206 3192 2428 3245 :nndnm
2456 3191 2776 3260 Apestolnm
2822 3193 3082 3264 ﬁguraret
3104 3237 3120 3262 ,
3153 3194 3278 3248 oleo
3307 3203 3488 3250 tamen
3519 3195 3615 3249 isto
3639 3192 3755 3248 dona

492 3291 637 3348 Deus
678 3293 915 3350 futuram
953 3295 1092 3352 hanc
1122 3297 1449 3368 sapientiam
1483 3311 1611 3357 ante
1639 3301 1912 3373 praevidit,
1940 3301 2082 3372 quod

489 3394 633 3442 totus
661 3387 894 3444 mundus
924 3389 1173 3447 timorem
1210 3391 1352 3448 illius
1376 3392 1660 3450 habiturus
1682 3403 1850 3450 esset.

566 3477 702 3535 Ecce
723 3482 876 3536 timor
904 3481 1138 3550 Domini,
1170 3485 1286 3554 ipsa
1314 3496 1388 3542 est
1403 3489 1691 3560 sapientia,
1721 3497 1768 3543 et
1789 3489 2027 3543 recedere
2055 3506 2087 3542 a

495 3578 662 3648 malo,
719 3579 1084 3655 intelligentia.
1139 3582 1292 3638 Alter
1347 3582 1511 3639 timor
1551 3594 1655 3651 est,
1691 3602 1759 3640 ne
1798 3587 2086 3657 quisquam

495 3669 664 3729 Deum
679 3671 912 3728 oll'endat
937 3692 950 3730 :
968 3674 1108 3731 alter
1124 3690 1257 3732 vero
1273 3677 1318 3731 si
1343 3675 1653 3735 olTenderit.
1672 3678 1768 3733 Ille
1792 3680 1942 3749 prior
1963 3696 2020 3733 sa
2031 3697 2090 3735 n-

491 3776 634 3831 ctus,
658 3775 715 3822 et
748 3767 1062 3836 laudabilis,
1091 3769 1194 3826 iste
1219 3770 1359 3826 alius
1389 3786 1497 3826 non
1533 3771 1740 3827 habens
1767 3771 2088 3829 charitatem

494 3859 590 3916 sed
618 3875 857 3930 poenam.
889 3863 1127 3919 Proinde
1155 3864 1221 3920 de
1246 3863 1351 3921 hoc
1382 3866 1716 3932 przedicabili
1745 3869 1938 3922 timore
1964 3867 2094 3923 dicit

494 3952 780 4010 PsalmiSIa
818 3972 831 4010 :
866 3955 1046 4010 Timor
1075 3955 1292 4011 Domini
1334 3970 1544 4012 sanctus
1576 3975 1880 4030 permanens
1910 3961 1964 4014 in
1999 3978 2096 4016 sa?-

498 4050 678 4103 culum
703 4051 907 4106 saeculi.
963 4051 1037 4106 De
1093 4051 1202 4107 alio
1251 4053 1444 4110 timore
1483 4055 1729 4125 loquitur
1763 4055 2092 4125 evangelista

497 4141 740 4199 Joannes
767 4145 822 4200 in
857 4146 1102 4216 Epistula
1157 4162 1251 4201 sua
1284 4148 1475 4205 dicens
1505 4169 1517 4204 :
1553 4150 1732 4206 Timor
1781 4169 1885 4207 nou
1927 4163 2001 4206 est
2042 4153 2097 4205 in

501 4235 778 4304 cbaritate,
801 4237 893 4292 sed
935 4243 1163 4310 perfecta
1191 4241 1421 4296 charitas
1452 4243 1596 4312 [oras
1633 4244 1788 4298 mittit
1841 4245 2095 4297 timorem.

502 4327 606 4396 Qui
657 4328 822 4386 timor
874 4331 1059 4405 utique
1117 4348 1332 4404 pmnam
1381 4334 1563 4404 habet,
1617 4336 1742 4408 quia
1791 4336 2101 4393 dilectionis

507 4421 760 4478 meritum
790 4440 900 4481 non
932 4426 1098 4482 habet
1135 4444 1149 4480 :

1082 4541 1311 4600 CAPUT
1340 4542 1533 4600 XXIX.

583 4673 800 4728 Addidit
830 4693 1035 4748 quoque
1059 4675 1160 4732 Job
1173 4696 1436 4734 assumens
1456 4681 1761 4748 parabolam
1774 4700 1939 4756 suam.
1961 4695 2008 4740 et
2027 4686 2108 4739 di-

507 4765 604 4822 xit.
637 4766 955 4823 Secundum
979 4770 1321 4841 superiorem
1353 4773 1595 4843 regulam
1619 4775 1786 4830 etiam
1812 4776 1930 4832 istic
1953 4777 2111 4833 intel-

511 4855 749 4929 ligentiae
782 4859 981 4915 lineam
1035 4862 1306 4928 ducimus,
1341 4875 1400 4918 ut
1425 4866 1644 4937 quando
1672 4867 1725 4922 id
1756 4869 1899 4938 quod
1929 4871 2113 4939 sequi-

512 4960 604 5009 tur
630 4954 682 5010 in
705 4955 1046 5012 Salvatorem
1077 4956 1272 5013 referri
1306 4975 1415 5014 non
1455 4964 1776 5017 eotavenerit
1800 5007 1814 5030 ,
1846 4964 1912 5018 ad
1945 4980 2112 5020 mem-

514 5048 736 5105 brorum
770 5047 914 5102 illins
944 5063 1263 5120 compagem
1297 5068 1520 5107 sensum
1559 5055 1924 5123 expositionis
1951 5070 2116 5110 cone-

515 5158 636 5198 mur
659 5143 962 5200 inﬂectere.
996 5144 1060 5200 Et
1083 5156 1236 5202 recte
1261 5147 1311 5202 id
1345 5149 1462 5205 lieri
1488 5153 1710 5220 poterit,
1740 5161 1797 5205 ut
1822 5154 1966 5222 quod
2000 5157 2116 5225 ipse

518 5235 786 5292 Dominus
824 5246 990 5305 caput
1039 5238 1293 5295 Ecclesia:
1346 5256 1459 5295 suae
1513 5243 1656 5296 inse
1708 5246 1955 5313 recipere
2010 5261 2116 5300 non

519 5338 719 5400 potest,
780 5328 849 5386 de
903 5330 1024 5402 ejus
1065 5344 1320 5402 corpore,
1372 5334 1516 5402 quod
1571 5347 1654 5390 est
1708 5337 2118 5403 Ecclesia,sen-

518 5424 705 5482 tiatur.

595 5516 726 5584 Quis
763 5519 894 5575 mihi
943 5521 1157 5588 tribuat,
1202 5523 1371 5578 utsim
1400 5527 1559 5597 juxta
1608 5541 1806 5580 menses
1850 5525 2116 5599 pristinos,

523 5614 809 5668 secundum
821 5615 932 5670 dies
951 5615 1139 5687 quibus
1164 5615 1302 5671 Deus
1325 5618 1647 5674 custodiebat
1671 5637 1750 5674 me
1769 5623 1794 5675 ?
1809 5623 1973 5693 Optat
1994 5636 2122 5692 ergo

527 5717 748 5765 sanctus
773 5708 878 5766 Job
904 5721 1065 5783 atque
1095 5713 1393 5785 desiderat,
1419 5724 1478 5771 ut
1500 5716 1610 5786 jam
1636 5715 1705 5774 de
1728 5716 1822 5772 illo
1843 5718 2122 5788 squalore,

524 5811 581 5861 et
607 5803 938 5861 cruciatibus
966 5805 1250 5877 liberetur,
1283 5822 1709 5884 revertaturque
1733 5813 1799 5869 ad
1829 5813 1979 5868 illam
2007 5813 2122 5884 glo—

2188 3285 2428 3356 Spiritus
2459 3286 2656 3349 sancti,
2689 3295 2911 3342 sanctus
2935 3285 3044 3342 Job
3072 3288 3303 3358 largiter
3344 3287 3447 3342 sibi
3487 3286 3644 3343 ell'usa
3683 3299 3756 3337 vo-

2187 3381 2290 3436 luit
2339 3381 2747 3437 demonstrare.
2778 3379 2874 3436 Hic
2899 3391 2980 3436 est
3011 3397 3143 3452 ergo
3173 3382 3358 3438 oleum
3391 3383 3584 3446 vivum,
3613 3388 3758 3436 etve-

2189 3491 2331 3540 rum,
2361 3476 2451 3547 qui
2481 3485 2565 3530 est
2589 3476 2826 3546 Spiritus
2856 3485 3082 3531 sanctus
3109 3476 3253 3531 Patri
3288 3483 3349 3531 et
3389 3476 3528 3531 Filio
3561 3472 3760 3530 consult-

2191 3572 2485 3627 stantialis.
2539 3572 2656 3627 lloc
2704 3587 2836 3642 ergo
2883 3572 3007 3627 oleo
3059 3581 3282 3627 sanctus
3332 3571 3438 3628 Job
3463 3567 3758 3632 abundabat,

2191 3681 2300 3737 quo
2329 3673 2385 3720 et
2411 3664 2696 3719 charitatis
2726 3663 3066 3734 pinguedine
3101 3663 3443 3735 replebatur.

2269 3757 2489 3824 Quando
2511 3757 2847 3830 procedebant
2869 3757 2939 3810 ad
2963 3767 3169 3825 portam
3197 3756 3442 3823 civitatis,
3477 3765 3522 3810 et
3548 3755 3598 3808 in
3623 3751 3763 3823 platea

2195 3854 2440 3927 parabam
2482 3851 2783 3906 cathedram
2821 3851 2970 3906 mihi.
3007 3850 3360 3906 Manifestum
3407 3857 3512 3916 est,
3541 3849 3656 3919 quia
3689 3843 3763 3898 .lu-

2198 3947 2438 4002 daeorum
2469 3945 2681 4015 judices
2716 3943 2769 3997 in
2806 3945 2981 4013 portis
3019 3941 3327 4010 sedebant,
3364 3947 3424 3995 ut
3465 3937 3764 3994 vindicarrnt

2202 4041 2487 4112 pepulnnt.

2286 4135 2537 4189 Videbunt
2577 4150 2658 4189 me
2695 4135 2933 4204 juvenes,
2964 4143 3012 4187 et
3067 4130 3538 4191 abscondebantur,
3583 4135 3768 4180 etseues

2203 4215 2538 4302 assurgentes
2566 4228 2794 4282 stabant.
2831 4226 3105 4299 Principes
3138 4223 3412 4278 cessabant
3444 4221 3600 4292 loqui.
3635 4227 3677 4271 et
3706 4217 3767 4268 di-

2203 4325 2366 4395 gitum
2397 4320 2810 4393 superponebant
2837 4320 2918 4374 ori
2949 4335 3063 4374 suo.
3109 4316 3297 4372 Vocem
3330 4331 3482 4370 suam
3510 4310 3769 4369 cohibebant

2207 4413 2384 4480 duces,
2431 4421 2479 4466 et
2509 4413 2692 4481 lingua
2713 4427 2890 4464 eorum
2921 4409 3122 4481 gutturi
3155 4423 3251 4463 suo
3280 4405 3598 4461 adhaerebat.
3625 4401 3770 4455 Reve-

2208 4506 2445 4561 rentiam
2489 4503 2586 4574 pii,
2617 4513 2674 4559 et
2703 4503 2875 4557 sancti
2934 4501 3168 4566 timoris,
3217 4517 3386 4571 quam
3421 4501 3470 4554 ei
3501 4513 3601 4552 non
3630 4491 3771 4548 solum

2129 4593 2186 4654 Ι)
2207 4599 2388 4653 omnis
2416 4606 2570 4664 setas,
2598 4612 2787 4652 verum
2807 4596 2972 4653 etiam
2997 4593 3272 4650 universae
3298 4599 3592 4663 potestates
3615 4583 3774 4642 metito

2209 4691 2553 4759 deferebant,
2585 4691 2669 4746 his
2704 4690 2995 4746 versiculis
3016 4687 3438 4746 demonstravit.

2285 4784 2440 4838 Auris
2461 4784 2681 4839 audiens
2711 4783 3038 4852 beati/itabat
3062 4799 3162 4847 me,
3197 4789 3244 4835 et
3265 4780 3448 4834 oculus
3470 4777 3637 4832 videns
3663 4771 3777 4826 testi-

2214 4877 2445 4930 monium
2477 4877 2720 4931 reddebat
2744 4875 2891 4941 mihi,
2924 4892 2986 4930 eo
3024 4875 3164 4947 quod
3203 4873 3503 4928 liberassem
3540 4879 3775 4940 paupernt!

2216 4970 2606 5041 vociferantem,
2637 4979 2686 5023 et
2707 4971 2988 5042 pupillum,
3017 4969 3103 5023 cui
3129 4985 3231 5022 non
3253 4978 3382 5022 esset
3422 4966 3645 5038 adjutor.
3673 4959 3778 5015 Ττιιη

2224 5071 2414 5118 sancta
2461 5069 2604 5125 erat,
2641 5073 2698 5116 nt
2718 5063 2814 5131 ait,
2845 5076 3088 5132 prmsens
3118 5058 3467 5115 conversatio
3494 5057 3627 5128 ejus,
3650 5061 3781 5122 quam

2218 5155 2359 5210 lama
2385 5154 2683 5210 referebat.

2292 5246 2598 5302 Benedictio
2645 5247 2864 5320 perituri
2895 5263 3049 5319 super
3076 5245 3438 5308 mereniebat,
3467 5252 3516 5297 et
3538 5256 3621 5296 cor
3647 5235 3782 5291 vidua

2223 5341 2523 5396 consolatus
2550 5357 2686 5394 sum.
2721 5339 2984 5409 Pupillus,
3018 5353 3228 5407 panper
3256 5349 3310 5393 et
3333 5339 3516 5396 vidua.
3542 5346 3689 5389 omne
3711 5340 3784 5396 $8-

2228 5451 2331 5490 nus
2380 5435 2669 5490 humilium
2709 5443 2875 5498 atque
2902 5433 3232 5488 altlictorum
3277 5432 3565 5502 signiﬁcat,
3592 5433 3783 5497 quorum

2223 5530 2430 5585 nullum
2461 5541 2685 5584 sanctus
2708 5527 2811 5584 Job
2843 5529 3128 5598 praeteriit,
3161 5527 3246 5582 vel
3276 5526 3544 5597 despexit.

2296 5623 2518 5679 Iustitia
2536 5624 2757 5678 indutus
2778 5640 2914 5683 sum.
2948 5631 2995 5676 et
3025 5624 3223 5678 vestivit
3250 5637 3327 5675 me
3353 5623 3486 5673 sicut
3506 5616 3784 5672 vestimento,

2225 5727 2271 5776 et
2306 5718 2604 5773 diademate
2621 5718 2832 5791 judicio
2872 5733 3006 5771 meo.
3034 5714 3556 5783 Justitia,judicium
3591 5714 3783 5764 rectum.

2227 5812 2632 5879 tniseriCordia,
2666 5815 2787 5866 haec
2814 5819 2968 5865 erant
2999 5809 3200 5864 animte
3223 5807 3374 5863 illius
3405 5804 3716 5860 indumenta.
