3948 6334
516 264 623 331 707

1299 262 1646 327 APPENDIX
1686 262 1779 327 AD
1818 262 2060 327 TOMUM
2099 252 2455 345 SEPTIMUM
2495 266 2553 326 S.
2598 266 3005 337 HIERONYMI.

3670 275 3763 333 708

515 385 685 441 missu
741 382 941 442 divinae
998 385 1289 458 potestatis
1341 386 1611 467 imposita
1665 395 1815 444 sunt.
1866 386 1983 459 Ipsa
2030 386 2417 454 cstAdontus
2447 387 2776 447 inferiorum
2811 399 2892 453 est
2920 386 3242 455 constituta,
3277 385 3331 447 id
3357 393 3460 455 est,
3489 401 3623 445 mors
3652 390 3764 461 ipsa,

515 479 664 532 enim
708 476 892 539 oriens
943 493 1009 543 ex
1059 479 1192 549 alto,
1226 479 1344 557 ipse
1374 479 1599 541 dextera
1646 490 1703 539 et
1739 482 1914 545 virtus
1942 479 2112 543 Altis-

512 568 666 626 slmi.

585 659 755 719 Pedes
784 680 923 720 meos
952 664 1335 734 subuerterant,
1362 674 1411 725 et
1437 678 1810 746 oppresserunt
1838 670 1987 746 quasi
2013 671 2118 741 tiu—

511 755 682 811 ctibus
708 755 907 817 semitis
936 757 1041 815 sui.
1076 757 1132 815 Id
1160 769 1269 829 est,
1300 759 1647 823 calamitates
1669 777 1808 823 mea:
1835 762 2114 835 frequenti

510 847 840 921 repetitione
887 866 976 909 tne
1020 849 1364 925 afﬂigentes,
1413 853 1566 917 velut
1614 855 1873 917 ﬂuctibus
1919 871 2117 919 omnes

511 940 629 1001 vias
659 951 840 1000 rectas
869 946 1313 1007 conversationis
1341 962 1477 1009 mete
1507 949 1925 1011 subverterunt.

585 1033 985 1113 Dissipaverunt
1028 1042 1219 1103 itinera
1268 1061 1405 1119 mea,
1451 1046 1690 1111 insidiati
1733 1058 1856 1113 sunt
1888 1048 2036 1118 mihi,
2066 1060 2117 1109 et

512 1132 924 1204 prteualuerunt,
958 1142 1007 1189 et
1034 1151 1141 1190 non
1173 1138 1274 1208 fuit
1304 1138 1395 1213 qui
1421 1141 1581 1213 ferret
1609 1141 1893 1201 auxilium.
1925 1142 1980 1203 ω
2010 1155 2115 1210 est,

512 1223 711 1282 itinera
761 1241 905 1293 mea,
956 1227 1158 1307 quibus
1206 1243 1307 1307 per
1356 1230 1498 1293 viam
1521 1232 1752 1307 justitiat
1782 1235 2118 1307 quotidianis

511 1316 855 1397 profectibus
905 1321 1227 1385 incedebant
1254 1367 1269 1394 ,
1326 1323 1536 1389 inimici
1592 1328 1701 1387 mei
1752 1330 2112 1393 ροιιιιιγιηγαο

511 1419 666 1479 runt,
701 1411 755 1469 in
802 1411 1083 1495 iniuriam
1110 1430 1286 1475 meam
1318 1432 1388 1474 ex
1416 1417 1717 1495 insperato.
1752 1420 1900 1479 velut
1926 1437 1998 1483 ex
2029 1421 2116 1485 its-

513 1501 676 1562 sidiis
723 1493 1104 1577 erumpentes,
1150 1511 1478 1585 negantibus
1509 1493 1655 1579 mihi
1683 1513 1948 1586 proximis
1979 1517 2118 1579 meis

512 1595 914 1654 consolationis
943 1600 1231 1657 auxilium.

587 1687 753 1758 Quasi
780 1700 938 1765 rupto
968 1708 1139 1761 muro,
1178 1704 1229 1748 et
1253 1706 1435 1771 aperta
1454 1700 1629 1772 janua
1664 1699 1933 1759 irruerunt
1961 1716 2118 1773 super

2218 497 2328 547 non
2359 482 2675 541 conditione
2701 482 2821 555 ejus
2851 490 3062 545 creata.
3117 479 3251 543 llluo
3302 495 3434 552 ergo
3473 489 3527 538 et
3567 497 3643 539 me
3673 493 3768 540 latt-

2217 593 2380 653 quam
2406 578 2716 649 peccatoris
2745 576 2879 637 Adae
2901 576 3097 645 (illum,
3127 574 3427 634 secundum
3453 574 3639 645 justam
3662 590 3770 634 seo-

2216 671 2447 735 tcntiam
2480 670 2633 727 abire
2664 669 2907 731 voluisti.

2298 764 2659 820 Verumtamen
2714 780 2817 818 non
2865 761 2935 817 ad
2976 762 3419 835 consumptiouem
3463 775 3648 817 eorum.
3684 762 3773 819 Be-

2219 858 2668 919 euncilistiuttetn
2695 856 2883 919 mundi
2911 855 3205 928 prophetat
3235 858 3289 914 iu
3310 854 3531 917 Christo
3553 856 3771 921 ευωηιη.

2220 950 2348 1015 dum
2389 952 2522 1009 dicit
2567 950 2821 1011 homines
2862 966 2972 1011 nou
3010 950 3063 1005 in
3097 958 3416 1021 perpetuam
3458 949 3779 1018 consumptis—

2222 1058 2350 1104 nem
2401 1043 2753 1117 redigendos,
2811 1043 2905 1105 sed
2955 1043 3253 1114 aliquando
3300 1042 3370 1099 sh
3417 1041 3603 1100 inlatis
3647 1059 3779 1099 revo-

2221 1138 2447 1199 candos.

2296 1231 2503 1289 Emittis
2532 1248 2738 1291 manum
2761 1241 2907 1289 tuam
2929 1248 2946 1287 :
2969 1239 3019 1289 et
3048 1231 3094 1289 si
3114 1230 3427 1297 corroserint,
3449 1230 3556 1297 ipse
3568 1229 3778 1286 salvebis.

2221 1322 2280 1380 Si
2331 1332 2452 1393 post
2499 1322 2961 1393 redemptionem,
3011 1337 3120 1393 qua
3172 1337 3271 1392 per
3312 1321 3478 1381 Μαίη
3521 1320 3573 1376 in
3597 1320 3783 1379 Christo

2222 1417 2518 1485 salvumur,
2572 1418 2769 1477 iterum
2820 1433 2918 1487 per
2958 1426 3251 1487 peccatum
3296 1415 3513 1472 ruerint
3550 1414 3783 1479 homines,

2222 1526 2385 1575 manu
2415 1510 2636 1582 pietatis
2665 1511 2959 1578 allevante.
2993 1525 3092 1585 per
3141 1508 3522 1580 pmnitentism
3559 1510 3665 1580 ipse
3698 1507 3786 1564 sst-

2221 1609 2394 1665 vahit.

2296 1700 2514 1759 Flebant
2564 1702 2832 1773 quondam
2877 1719 3032 1776 super
3078 1719 3161 1769 eo,
3208 1701 3301 1773 qui
3337 1701 3571 1771 afﬂictus
3595 1707 3789 1754 erstzst

513 1799 616 1851 me,
663 1792 712 1838 et
756 1783 826 1837 ad
872 1800 1012 1839 meas
1048 1787 1285 1842 miserias
1314 1789 1542 1845 devoluti
1579 1800 1720 1849 sunt.
1749 1782 1884 1853 Tam
1916 1792 2111 1862 veloci,
2140 1783 2192 1857 Β
2215 1794 2630 1866 contpatiebatur
2648 1798 2826 1853 animo
2854 1812 2970 1855 mea
2993 1796 3235 1868 pauperi.
3257 1792 3631 1866 Exspectabam
3658 1794 3786 1859 bona,

517 1876 734 1949 inquit.
777 1878 985 1950 impetu
1024 1880 1284 1951 praedicta
1325 1884 1466 1945 mala
1495 1900 1665 1955 super
1696 1901 1785 1943 me
1816 1888 2112 1954 irrlleruttl,

515 1976 580 2026 ut
608 1969 761 2026 nullo
800 1972 1095 2030 resistente
1142 1974 1448 2047 obstaculo,
1498 1976 1552 2037 in
1600 1993 1689 2037 me
1726 1978 1968 2052 desuper
1995 1980 2113 2035 vol-

516 2074 800 2122 verentur.

589 2158 856 2219 Reductus
903 2176 1019 2215 sum
1073 2162 1129 2217 in
1172 2162 1416 2221 nihilum.
1463 2162 1692 2225 Abstulit
1737 2165 1890 2239 quasi
1937 2174 2116 2223 ventus

514 2253 836 2315 desiderium
861 2270 1049 2329 meum,
1074 2265 1124 2312 et
1152 2258 1287 2315 velut
1320 2257 1473 2315 nubes
1496 2258 1797 2333 pertransiit
1818 2258 1959 2316 salus
1981 2276 2112 2317 mea.

515 2346 637 2418 Quo
668 2351 1139 2407 remuneratioues
1174 2360 1299 2409 tuas
1339 2367 1439 2423 pro
1467 2342 1853 2413 mandatorum
1896 2360 2115 2410 tuorum

516 2442 765 2500 custodia
818 2444 1206 2515 praestolabar,
1255 2447 1465 2519 pariter
1520 2461 1643 2503 cum
1696 2446 1910 2516 salute,
1962 2446 2118 2516 quasi

516 2536 668 2591 venti
703 2535 937 2607 impetu,
968 2549 1025 2594 et
1054 2539 1208 2609 quasi
1251 2538 1643 2599 transvolantis
1685 2540 1845 2597 nubis
1877 2538 1986 2615 [AL
2019 2554 2120 2601 no-

517 2627 629 2704 bis]
660 2630 952 2691 celeritate
985 2630 1235 2706 rapuisti,
1267 2630 1392 2704 quia
1425 2629 1598 2709 abripi
1631 2631 1955 2709 permisisti.

593 2718 742 2781 Tunc
772 2731 947 2777 autem
974 2721 1028 2783 in
1056 2723 1357 2798 memetipso
1385 2723 1657 2781 marcescit
1687 2723 1864 2779 animo
1901 2739 2038 2794 utea,
2071 2733 2119 2783 et

520 2814 787 2887 possident
836 2833 916 2872 me
957 2815 1067 2872 dies
1115 2817 1443 2889 afﬂictionis.
1496 2816 1806 2886 Marcescit,
1856 2815 1911 2875 id
1951 2826 2059 2885 est,
2088 2832 2117 2877 a

518 2912 708 2983 vigore
733 2927 846 2969 sua:
876 2909 1198 2971 intentionis
1229 2909 1566 2971 dissolvitur.

595 3000 764 3059 Nocte
793 3020 851 3059 os
880 3020 1051 3059 meum
1088 3003 1386 3077 perforatur
1415 3001 1705 3068 doloribus.
1735 3011 1784 3058 et
1809 3002 1897 3075 qui
1929 3017 2008 3056 me
2036 3016 2120 3056 co-

524 3095 758 3169 medunt,
791 3113 895 3154 non
921 3097 1203 3162 dormiunt.
1235 3095 1581 3157 Manifestum
1617 3103 1726 3165 est,
1752 3095 1875 3169 quia
1906 3109 2120 3155 vermes

2219 1897 2266 1949 et
2292 1895 2540 1945 venerunt
2585 1885 2711 1945 mihi
2749 1885 2911 1951 mala.
2951 1885 3294 1959 prwstolabar
3340 1884 3532 1950 lucent,
3565 1891 3613 1937 et
3637 1897 3789 1951 mtu-

2217 1989 2340 2037 runt
2388 1979 2635 2037 tenebris.
2673 1978 2902 2041 Factum
2933 1988 3042 2045 est.
3089 1988 3147 2033 ut
3172 1992 3276 2045 pro
3318 1976 3589 2034 bonorum
3627 1988 3793 2045 exspe-

2217 2074 2482 2141 ctatione,
2512 2088 2619 2145 qua
2652 2074 2890 2135 miseros
2917 2071 3269 2135 consolabar.
3299 2069 3447 2129 mala
3477 2083 3618 2126 nunc
3635 2066 3789 2124 omnia

2219 2165 2573 2233 suStiuerem,
2607 2175 2662 2225 et
2693 2181 2795 2236 pro
2826 2165 2950 2227 luco
2994 2163 3407 2236 prosperitatis,
3445 2159 3692 2220 tenebras
3726 2161 3792 2214 itt-

2220 2272 2499 2319 cut‘ret'cm
2534 2266 2961 2317 tormentorum.

2294 2350 2560 2409 Interiora
2617 2368 2733 2409 mea
2780 2350 3129 2420 eﬂerbueruut
3184 2350 3378 2419 absque
3440 2347 3551 2407 ulls
3599 2346 3790 2417 requie:

2220 2453 2575 2517 pratrenerunt
2623 2461 2703 2499 me
2750 2444 2860 2501 dies
2889 2443 3217 2515 afﬂictiouis.
3247 2441 3354 2500 Ubi
3380 2442 3481 2511 ait,
3524 2438 3660 2511 quod
3685 2451 3789 2494 ett-

2221 2536 2340 2595 dies
2367 2536 2681 2597 afﬂictionis
2726 2534 3117 2609 prteveneriut,
3149 2543 3282 2605 puto
3312 2550 3400 2605 qur
3425 2532 3461 2593 «ι
3491 2528 3793 2599 tempusju-

2222 2628 2348 2687 dicii
2396 2629 2639 2687 voluerit
2684 2628 2971 2686 iudicare:
3003 2643 3113 2698 quo
3138 2634 3482 2698 praeventum
3521 2640 3579 2685 se
3619 2623 3794 2679 hidros

2223 2723 2442 2781 videtur
2473 2722 2713 2789 dixisse.
2762 2724 2886 2794 quia
2936 2738 3061 2783 cum
3117 2721 3223 2782 sibi
3268 2720 3506 2782 necdum
3539 2726 3795 2777 venturam

2224 2819 2539 2890 putaverit:
2569 2816 2659 2879 ubi
2688 2817 2853 2873 etiam
2881 2830 3139 2887 magnum
3172 2814 3421 2875 dolorem
3452 2812 3795 2885 gehennarunt

2224 2910 2516 2982 signiticet,
2549 2910 2678 2965 dum
2705 2924 2833 2965 suas
2857 2910 2965 2965 illis
2990 2919 3280 2981 comparat
3310 2922 3524 2979 mas.

2298 3002 2521 3059 .llterens
2575 3002 2912 3068 incedebant,
2966 3004 3082 3061 sine
3131 3003 3311 3073 [urere
3362 3015 3705 3075 consurgens,
3753 2998 3798 3051 in

2226 3099 2377 3153 turba
2405 3096 2718 3155 clamabam.
2752 3097 2949 3157 Tristis
2995 3104 3051 3159 et
3092 3094 3328 3157 allectus
3375 3095 3664 3158 iniustitia,
3693 3094 3799 3164 quia

522 3191 617 3268 qui
644 3206 841 3250 carnes
867 3192 988 3265 ejus
1028 3191 1417 3260 comedehaut,
1454 3199 1647 3253 noctes
1682 3189 1958 3249 ducebant
1985 3204 2115 3260 pur-
2141 3175 2191 3249 (ἶ
2224 3205 2403 3265 preme
2432 3191 2687 3247 meritum
2714 3190 3048 3260 nesciebant,
3075 3201 3130 3251 et
3152 3191 3271 3247 sine
3293 3190 3505 3251 furoris
3528 3186 3799 3249 iracundia.

523 3284 740 3359 vigiles.

596 3373 665 3432 In
681 3373 1014 3431 multitudine
1025 3391 1207 3433 eorum
1219 3375 1545 3436 consumitur
1559 3374 1915 3435 vestimentum
1933 3391 2122 3445 meum,

526 3480 576 3528 et
604 3471 753 3545 quasi
801 3472 993 3543 capitio
1021 3472 1214 3529 tunica:
1253 3472 1618 3531 succinxerunt
1657 3487 1754 3526 me.
1785 3470 2124 3527 Scatentiutn

531 3565 805 3625 vermium
849 3565 1166 3636 multitudo,
1210 3578 1432 3637 semper
1458 3580 1518 3621 se
1544 3578 1918 3628 commovens,
1947 3571 2003 3618 et
2029 3576 2129 3633 per

524 3661 774 3720 diversos
803 3658 1096 3719 vulnerum
1147 3674 1396 3719 meorum
1445 3659 1600 3718 sinus
1643 3656 1987 3725 discurrens,
2034 3672 2129 3711 ve-

525 3765 665 3815 stem
694 3771 910 3831 quoque
936 3770 1141 3823 meam,
1167 3754 1296 3817 dum
1324 3768 1421 3827 per
1445 3768 1535 3811 me
1557 3768 1754 3823 repere
1782 3766 1891 3813 non
1917 3761 2125 3816 cessat,

522 3850 737 3911 attrivit
774 3868 788 3905 :
832 3864 999 3922 quem
1024 3856 1198 3907 totum
1229 3857 1397 3920 atque
1422 3863 1493 3905 ex
1522 3844 1672 3905 omni
1703 3857 1859 3921 parte
1886 3843 2129 3901 circum-

522 3947 733 4015 datum,
764 3956 820 4004 et
847 3944 1004 4018 quasi
1035 3944 1089 4005 in
1131 3957 1297 4004 unum
1328 3941 1527 4003 vulnus
1558 3939 1841 3999 redactum
1876 3939 2124 3997 incesta.

524 4042 624 4101 bili
653 4057 750 4098 esu
780 4039 1090 4113 haustuque
1129 4037 1449 4097 discruciat.

597 4134 947 4208 Comparatus
991 4150 1106 4188 sum
1157 4132 1288 4199 luto,
1337 4140 1387 4186 et
1436 4129 1754 4186 assimilatas
1785 4144 1898 4183 sum
1928 4127 2128 4199 fat-illa:

524 4240 574 4289 et
603 4229 786 4286 cineri.
812 4228 902 4307 Ad
931 4242 1197 4287 summam
1231 4226 1500 4285 vilitatem
1532 4222 1852 4300 perductum
1881 4238 1941 4279 se
1970 4221 2126 4289 dicit,

527 4325 618 4395 qui
644 4321 959 4385 vulneribus
984 4330 1039 4378 et
1068 4320 1246 4386 sanie,
1268 4319 1409 4376 sicut
1437 4318 1605 4375 lutum
1632 4324 2126 4388 computresceret,

526 4425 585 4474 et
608 4413 825 4474 foeteret
866 4433 880 4470 :
928 4411 1339 4475 exsiccatttibus
1364 4425 1557 4475 rursus
1586 4408 1766 4472 carnis
1797 4406 1917 4491 ejus
1941 4418 2129 4482 putre-

528 4510 737 4580 dinetn,
780 4508 1037 4567 sordibus
1065 4507 1328 4581 pulveris.

2226 3300 2376 3343 eram
2422 3285 2476 3342 in
2507 3299 2657 3355 spem
2692 3284 2855 3341 animi
2888 3285 3099 3343 virtute
3126 3297 3505 3355 consurgens;
3531 3281 3656 3353 quia
3678 3279 3803 3341 Deus

2227 3381 2489 3437 docuerat
2544 3396 2631 3439 me
2681 3381 3029 3453 patientiam,
3076 3389 3136 3437 ut
3181 3380 3571 3451 aequanimiter
3606 3378 3800 3441 (errem.

2226 3474 2441 3547 publica
2472 3473 2845 3533 satisfactione
2874 3475 3211 3543 vociferans,
3238 3481 3297 3529 et
3322 3487 3592 3531 exaratis.

2300 3565 2492 3623 Frater
2521 3568 2603 3639 fui
2630 3570 2951 3636 draconum,
2998 3577 3046 3623 et
3087 3566 3658 3647 sociusstrutltiouum.
3686 3563 3804 3619 Cru-

2232 3662 2379 3719 ciatu
2425 3677 2711 3732 poenarum
2758 3661 3006 3729 allectus,
3038 3660 3257 3719 dolores
3282 3676 3444 3721 meos
3474 3658 3654 3721 sibilis
3683 3667 3805 3717 teur

2230 3756 2488 3833 pet-altam
2513 3773 2527 3815 ;
2554 3754 3018 3827 quemadmodum
3044 3754 3226 3817 facere
3248 3754 3514 3815 dicuntur
3543 3753 3807 3813 dracones,

2225 3849 2451 3918 quattdo
2480 3848 2550 3905 ab
2597 3846 2912 3918 elephantis
2940 3849 3231 3921 capiuntur
3266 3864 3283 3902 :
3318 3859 3378 3903 ut
3406 3849 3673 3921 propheta
3701 3843 3804 3900 ait;

2230 3939 2452 4001 Faciam
2500 3944 2768 4015 planctum
2812 3944 2949 4001 velut
2995 3943 3514 4014 draconutuutuem
3547 3943 3739 4000 faciunt
3762 3949 3812 3995 ut

2230 4035 2366 4102 dixi,
2398 4037 2617 4107 quando
2646 4037 2715 4093 ah
2746 4036 3060 4104 elephantis
3099 4036 3533 4097 interﬁciuntur.
3567 4029 3813 4113 Eteocitts

2231 4130 2606 4191 Strutliionum
2650 4148 2664 4185 :
2711 4130 2893 4189 fatuus
2945 4129 3121 4190 factus
3167 4145 3292 4189 sum
3335 4139 3396 4186 et
3440 4128 3728 4198 insipiens,
3764 4130 3812 4177 ut

2233 4224 2496 4295 struthio,
2530 4225 2654 4281 avis
2685 4224 3034 4294 stultissima,
3067 4231 3129 4281 ut
3156 4239 3267 4296 pra:
3293 4222 3493 4281 dolore
3521 4221 3718 4279 frustra
3739 4232 3813 4277 me

2233 4319 2551 4379 existiment
2579 4318 2885 4377 laborasse.

2306 4413 2453 4471 Cutis
2479 4427 2591 4467 mea
2619 4410 2893 4487 denigrata
2919 4419 2995 4466 est
3016 4425 3171 4483 super
3197 4424 3303 4476 me,
3323 4419 3373 4467 et
3401 4424 3524 4467 ossa
3551 4422 3661 4463 mea
3682 4418 3814 4465 une-

2235 4513 2359 4561 runt
2394 4520 2501 4575 pro:
2546 4515 2807 4561 caumate.
2851 4502 2916 4563 Et
2945 4505 3050 4561 hoc
3077 4501 3144 4559 ad
3175 4516 3467 4572 poenarum
3499 4501 3623 4572 ejus
3644 4512 3814 4559 cumtto

601 4572 783 4661 Clamo
805 4602 876 4661 ad
902 4612 974 4674 te,
998 4614 1045 4659 et
1065 4572 1179 4658 'uan
1202 4600 1415 4663 exaudis
1441 4616 1519 4661 me
1545 4615 1562 4659 :
1587 4607 1692 4667 sto,
1720 4607 1771 4657 et
1796 4614 1899 4657 non
1918 4598 2132 4673 respicis
2155 4572 2214 4643 θ
2238 4600 2349 4657 lum
2394 4572 2755 4668 pertinebat,
2813 4605 2866 4653 ttt
2920 4598 2973 4653 in
3027 4606 3274 4657 stercore
3322 4596 3687 4661 constitutus,
3732 4605 3816 4663 per

529 4714 629 4754 me.
660 4696 719 4754 1n
745 4697 989 4754 clamore
1019 4695 1257 4758 intentio
1288 4705 1375 4757 est
1399 4693 1611 4757 orantis
1637 4692 1705 4753 ad
1735 4691 1929 4753 Deum.
1975 4690 2033 4751 In
2066 4708 2132 4749 eo

529 4806 669 4847 vero
697 4789 844 4863 quod
876 4799 1025 4849 stare
1053 4803 1113 4847 se
1157 4787 1434 4860 perhibet,
1471 4784 1944 4859 perseverantiam
1974 4798 2034 4843 se
2062 4783 2130 4843 ad

530 4883 703 4940 Deum
752 4880 958 4938 habere
1006 4878 1456 4943 indeclinabilem
1504 4878 1662 4935 dixit.
1712 4876 1936 4938 Fidaeia
1970 4876 2133 4951 justi-

529 4975 728 5037 tiarum
779 4988 1002 5037 suarum
1051 4973 1117 5035 ad
1152 4974 1319 5035 Deum
1362 4993 1377 5033 :
1425 4971 1545 5033 haec
1575 4972 1748 5033 libere
1771 4970 1874 5035 Joh
1911 4979 2133 5031 sanctus

529 5069 798 5143 loquitur.

605 5162 846 5220 Mutatus
873 5180 927 5219 es
959 5161 1088 5217 mihi
1117 5162 1171 5219 in
1215 5159 1496 5227 crudelem,
1541 5170 1590 5221 et
1635 5160 1689 5215 in
1720 5158 1921 5217 duritia
1948 5173 2132 5217 manus

528 5269 634 5316 tua:
658 5257 952 5317 aduersaris
975 5255 1126 5317 milii.
1146 5254 1372 5315 Eleuasti
1391 5271 1491 5325 me,
1507 5264 1552 5313 et
1577 5255 1727 5329 quasi
1747 5270 1902 5325 super
1929 5263 2131 5311 uentum

531 5368 732 5425 ponens
752 5351 934 5409 elisisti
960 5367 1040 5407 me
1060 5347 1232 5406 valde.
1262 5348 1417 5409 Pium
1447 5358 1505 5411 et.
1528 5347 1941 5411 misericordem
1959 5349 2128 5405 Deum

530 5461 655 5511 esse
683 5444 817 5509 dicit
859 5446 912 5502 in
940 5444 1219 5523 prosperis
1250 5442 1367 5503 suis
1393 5443 1595 5506 durum
1626 5452 1793 5512 atque
1821 5440 2128 5511 crudelem,

532 5555 658 5597 cum
705 5553 898 5595 manus
929 5537 1211 5606 duritiam,
1260 5547 1319 5604 et
1353 5551 1550 5618 graves
1580 5549 1770 5613 pmnas
1796 5534 2035 5600 sustinet
2078 5542 2135 5595 et

533 5642 770 5701 atroces.

606 5732 756 5799 Scio,
785 5730 907 5811 quia
952 5729 1105 5791 morti
1132 5728 1309 5793 trades
1350 5744 1450 5796 me,
1483 5728 1572 5791 ubi
1607 5726 1895 5792 constituta
1926 5736 1999 5787 est
2030 5725 2128 5785 do-

534 5832 649 5889 ttttts
696 5821 837 5885 omni
883 5820 1086 5883 virenti.
1129 5819 1259 5880 Post
1301 5819 1559 5885 delictum
1609 5818 1885 5894 parentis,
1931 5818 2128 5893 inquit,

2238 4696 2408 4755 multa
2453 4704 2735 4767 tempora,
2782 4691 2919 4754 solis
2965 4691 3385 4753 ardentissimus
3414 4705 3593 4763 usqne
3618 4688 3684 4749 ad
3710 4700 3816 4747 ossa

2236 4793 2517 4857 pateretur
2544 4784 2750 4839 radios.

2318 4879 2480 4935 Versa
2506 4888 2579 4935 est
2612 4880 2665 4934 in
2694 4879 2887 4934 luctum
2918 4877 3120 4937 cithara
3153 4894 3285 4947 nisa,
3316 4887 3365 4937 et
3391 4894 3652 4954 organum
3676 4889 3821 4933 eum

2234 4973 2291 5029 in
2317 4991 2486 5029 vocem
2517 4975 2782 5045 ﬂentium.
2810 4973 2905 5029 His
2934 4973 3132 5040 rebus,
3177 4972 3311 5029 dicit
3353 4974 3603 5037 felicium
3630 4972 3821 5030 dierum

2241 5082 2462 5123 suorum
2495 5077 2657 5137 atque
2690 5066 3069 5136 prosperitatis
3112 5061 3398 5132 laetitiam,
3444 5074 3504 5121 ct
3533 5062 3824 5141 jucundius

2241 5172 2350 5221 tem
2378 5163 2432 5218 in
2459 5162 2665 5217 luctum
2694 5173 2819 5216 esse
2846 5173 3191 5215 conversam.

2465 5390 2546 5451 Ad
2574 5388 2771 5449 Christi
2799 5293 3315 5462 persoitZtiinuertitur
3339 5388 3626 5460 expositio.

2311 5533 2441 5603 Quis
2471 5532 2603 5589 mihi
2644 5531 2862 5597 tribuam
2894 5538 2951 5585 ut
2992 5530 3091 5585 sius
3121 5533 3285 5604 juxta
3323 5545 3532 5586 tua-ses
3577 5528 3825 5603 pristinos,

2236 5638 2348 5691 etc.
2377 5628 2436 5691 in
2463 5636 2749 5697 assumpto
2775 5624 3005 5685 homine
3029 5625 3162 5682 .iesu
3184 5624 3426 5693 Clu-isto,
3454 5625 3517 5680 id
3544 5632 3652 5691 est,
3674 5621 3828 5679 Adsis

2236 5722 2504 5791 secunde,
2532 5722 2649 5781 sive
2672 5716 3013 5783 novissimo;
3045 5734 3149 5781 vox
3178 5727 3265 5781 est
3290 5718 3468 5782 Maus
3513 5712 3826 5790 protqalssti

2236 5818 2532 5885 recolenti:
2561 5814 2692 5889 quid
2723 5810 3051 5889 perdiderit,
3076 5820 3134 5871 et
3156 5812 3222 5873 ad
3250 5812 3627 5885 quotlbonum
3657 5809 3821 5875 redire
