3948 6334
195 277 268 335 700
292 270 297 276 ’

1029 265 1525 347 festissima"
1567 271 1632 344 ω
1673 259 1932 341 mum
1967 270 2112 341 tos.
2151 273 2309 337 car.
2351 263 2525 336 nx.

3327 279 3430 338 7l0

194 396 342 464 t'llpltll.
371 394 646 454 Amiserat
695 397 897 469 quippe
944 413 1040 468 per
1084 395 1472 460 inobcdientie
1503 393 1730 460 malum,
1757 385 1912 464 Acti
1941 431 1956 459 ,
2003 391 2094 461 qui
2142 392 2385 462 quotidie
2429 402 2615 450 uteute
2667 392 2954 448 elevantur
2998 393 3066 452 ad
3113 395 3336 464 caelum,
3380 406 3436 452 et

195 486 568 543 immortalitatis
617 488 848 554 bonum,
882 489 1231 562 paradisique
1266 487 1493 552 delicias
1533 505 1545 542 :
1591 487 1734 544 hanc

191 581 264 636 sibi
289 595 368 652 per
393 579 579 638 Jcsum
611 581 892 644 Christum
919 582 1210 646 Dominum
1240 592 1488 642 nostrum
1521 581 1734 638 instau-

192 675 270 734 rari
295 673 574 742 desiderat.
607 676 971 750 Suscipiendo
1005 693 1243 748 namque
1274 677 1326 732 in
1354 690 1410 732 se
1438 675 1530 730 Dei
1560 673 1732 733 Filius

191 765 378 823 hominis
421 765 617 840 lilium,
660 768 905 840 suscepit
951 767 1005 828 in
1041 783 1110 826 eo
1156 778 1212 834 et
1242 767 1462 826 humani
1514 763 1732 837 generis

190 873 355 930 preces.

243 954 429 1019 Quando
456 955 763 1026 splendebat
795 956 1006 1011 lucerna
1029 959 1141 1029 ejus
1165 971 1319 1028 super
1349 963 1509 1027 caput
1538 968 1728 1020 meum,

191 1057 224 1104 et
257 1047 309 1102 ad
349 1047 520 1106 lumen
569 1056 682 1116 ejus
731 1047 1064 1104 ambulabant
1112 1050 1166 1104 iu
1212 1048 1451 1108 tenebris.
1491 1045 1730 1112 Gloriam

191 1138 341 1194 divinze
361 1138 574 1211 gratiae,
609 1138 828 1198 nomine
863 1139 1108 1196 lucernae
1135 1153 1237 1211 qua
1269 1137 1321 1194 in
1355 1135 1604 1208 paradiso
1631 1133 1732 1189 llo-

191 1243 348 1300 ruetat,
370 1232 711 1308 signiﬁcavit.

245 1328 362 1384 Sicut
405 1328 485 1400 fui
532 1329 587 1386 in
631 1327 810 1384 diebus
844 1325 1213 1384 adolescentia:
1238 1339 1383 1392 metu,
1415 1325 1626 1394 quando
1655 1339 1735 1384 se—

191 1431 294 1478 creto
327 1419 457 1480 Deus
506 1429 616 1477 erat
660 1422 713 1476 in
762 1419 1097 1476 tabernaculo
1148 1435 1280 1478 utea.
1332 1417 1734 1479 Adolescentia;

190 1516 364 1574 nomine
404 1527 637 1592 possunt
688 1514 987 1588 primordia
1019 1514 1152 1578 Adre
1199 1513 1448 1584 intelligi,
1485 1513 1564 1576 vel
1615 1511 1732 1581 ipsa

189 1609 370 1666 felicitas
408 1625 422 1663 :
468 1609 560 1664 ubi
594 1619 723 1668 ante
752 1618 1056 1681 peccatum,
1087 1606 1325 1678 juvenili
1369 1607 1579 1678 vigore,
1613 1605 1735 1661 sine

189 1703 270 1758 ullo
294 1701 496 1764 delectu
541 1702 723 1758 mtatis
751 1717 970 1772 semper
998 1701 1206 1768 virens.
1241 1699 1394 1772 quasi
1436 1700 1489 1760 in
1537 1698 1733 1765 diutius

189 1793 528 1850 adolescentiae
565 1793 732 1854 fuisse
759 1792 981 1850 dicitur.

244 1888 440 1956 Quando
469 1898 582 1946 erat
610 1888 934 1960 omnipotens
965 1904 1182 1955 urceum,
1215 1897 1261 1941 et
1289 1887 1342 1948 in
1374 1887 1595 1948 circuitu
1626 1901 1737 1939 meo

188 1983 302 2054 pueri
323 1981 436 2036 mei.
465 1980 629 2038 Pueri
659 1981 852 2050 Adam,
886 1983 1111 2036 virtutes
1143 1982 1341 2042 anima:
1373 1978 1738 2051 intelligenda:

190 2083 303 2134 sunt.
331 2074 532 2132 Pueros
564 2083 746 2132 autem
777 2073 982 2130 Christi
1014 2074 1268 2144 angelos,
1316 2074 1408 2144 qui
1458 2072 1738 2132 minima-

188 2179 347 2228 vcrunt
372 2171 418 2230 ei
449 2171 501 2226 iu
533 2170 728 2228 diebus
757 2173 941 2228 carnis
969 2171 1113 2245 ejus,
1146 2170 1234 2228 vel
1271 2168 1576 2242 apostolos,
1619 2169 1739 2224 sive

184 2279 337 2320 attines
361 2276 578 2323 sanctos
611 2279 717 2321 non
750 2264 987 2328 absurde
1016 2264 1308 2326 sentimus.

243 2356 439 2422 Quando
470 2357 706 2414 levabant
731 2357 889 2433 pedes
918 2372 1055 2412 meos
1087 2357 1303 2427 butyro,
1353 2364 1401 2418 et
1438 2363 1590 2427 petra
1618 2360 1740 2427 [un-

184 2447 305 2502 debat
326 2448 444 2502 mihi
469 2447 606 2505 rivos
638 2449 758 2504 olei.
791 2448 962 2508 Pedes
993 2448 1160 2520 igitur
1186 2448 1511 2518 Salvat‘oris,
1541 2447 1741 2518 praedi-

183 2549 361 2597 catores
388 2543 632 2600 veritatis
656 2562 668 2597 :
691 2544 782 2612 qui
810 2541 862 2597 in
899 2543 1157 2598 universo
1185 2541 1388 2600 mundo
1415 2541 1742 2598 annuntiaut

183 2631 522 2704 Evangeliunt,
576 2633 924 2706 intelligendi
974 2643 1098 2692 sunt
1144 2633 1303 2688 :Hos
1361 2632 1528 2705 igitur
1573 2633 1742 2705 pedes

181 2740 288 2782 suos
309 2725 466 2784 Iesus
510 2727 765 2783 Christus
789 2769 803 2795 ,
835 2726 938 2784 Job
965 2737 1177 2796 noster,
1213 2725 1352 2786 lacte
1382 2726 1496 2782 sive
1543 2725 1742 2800 butyro

179 2821 294 2876 eluit
331 2831 488 2894 atque
536 2822 814 2886 abstersit.
867 2823 1089 2894 quando
1134 2837 1228 2882 eos
1258 2839 1287 2878 a
1321 2822 1739 2884 tribulationum

178 2915 417 2983 presseris
443 2915 691 2972 sinceros
713 2925 875 2988 atque
899 2915 1223 2988 purissimos
1245 2915 1515 2978 reddidit:
1539 2917 1743 2973 docens

178 3022 257 3063 eos
283 3024 373 3080 per
402 3011 649 3079 spiritum
681 3022 862 3078 suam,
895 3010 1160 3084 simplicis
1200 3011 1527 3070 innocentia.
1553 3013 1739 3076 vitam.

177 3097 271 3155 lloc
299 3100 456 3172 igitur
485 3102 648 3158 modo
677 3103 848 3174 pedes
874 3104 1249 3159 annuntiantis
1276 3119 1464 3174 pacem
1497 3103 1739 3175 Evange-

1834 489 1984 544 Stant
2013 483 2068 545 in
2099 483 2359 552 Domino,
2393 485 2500 542 lide
2531 485 2827 542 iutmobilis
2850 485 2998 540 vitm.

1907 574 2192 647 Principes
2223 577 2488 640 certabant
2513 579 2676 646 loqui.
2704 588 2749 634 et
2772 580 2992 650 digitum
3018 581 3437 653 super-ponebant

1835 669 1914 730 ori
1940 688 2038 733 suo
2077 687 2292 730 ποιοίη
2318 689 2472 730 suam
2501 672 2807 729 cohibebant
2835 675 2991 730 duces
3009 717 3023 739 ,
3054 683 3103 729 et
3132 673 3320 746 lingua
3345 692 3435 731 eo-

1834 777 1952 818 rum
1994 764 2188 834 gutturi
2216 780 2399 826 eorum
2437 765 2760 822 adhaerebat.
2817 765 2876 822 In
2923 766 3182 835 adventu,
3239 766 3436 838 inquit,

1833 867 1959 912 meo
1980 855 2218 914 omnium
2240 865 2554 916 sanctorum
2587 873 2834 914 meorum
2860 857 3146 930 pmphetia
3177 860 3438 916 conclusa

1835 957 1946 1015 est,
1999 957 2056 1010 et
2099 951 2334 1020 signata,
2367 951 2510 1023 quod
2543 953 2594 1008 in
2621 953 2900 1009 Zacharim
2927 953 3152 1011 silentio
3183 955 3440 1026 pra'llgu-

1837 1049 2013 1096 ratum
2046 1053 2149 1098 est.
2181 1044 2379 1104 Clausa
2411 1055 2492 1103 est
2520 1045 2740 1116 quidem
2772 1047 3057 1118 prophetia
3090 1049 3142 1104 in
3175 1051 3440 1121 mysterio

1834 1133 2328 1204 annuntistorum.
2375 1138 2472 1195 sed
2523 1139 2578 1196 in
2625 1151 3095 1202 sacramentorum
3156 1141 3440 1213 mysteriis

1837 1227 2104 1298 patefacta
2152 1239 2256 1288 est.
2301 1229 2588 1300 Principes
2628 1243 2685 1288 et
2733 1233 2907 1288 duces
2951 1233 3098 1288 illius
3127 1234 3312 1306 populi
3345 1233 3443 1290 Ju-

1837 1320 2081 1384 dmorum
2140 1322 2364 1384 luerunt
2418 1340 2602 1396 reges,
2656 1327 2969 1382 sacerdotes
3023 1337 3080 1382 et
3131 1335 3442 1399 prophetae.

1837 1414 1968 1478 Sive
2016 1418 2295 1488 principes
2340 1426 2400 1475 et
2447 1420 2652 1491 duces,
2705 1428 2958 1491 potentes
3007 1421 3209 1493 quiquo
3255 1421 3442 1479 mundi

1840 1507 1998 1570 istius
2020 1520 2184 1581 atque
2207 1512 2532 1583 eloquentes
2560 1523 2787 1582 [vestiunt
2817 1514 3074 1584 intelligi,
3103 1516 3192 1586 qui
3219 1526 3441 1586 propter

1842 1600 2128 1663 mendacia
2169 1603 2532 1674 seductionis,
2565 1605 2902 1677 principatus
2933 1608 2988 1662 in
3019 1608 3238 1680 populis
3270 1618 3441 1667 tene-

1841 1693 1986 1754 bant.
2025 1695 2089 1755 lli
2119 1698 2171 1752 itt
2198 1695 2432 1756 adventu
2463 1697 2668 1754 Christi
2696 1700 3094 1755 conticuerunt.

1765 1788 1813 1856 B
1912 1789 2070 1844 Auris
2124 1791 2344 1849 audiens
2400 1791 2730 1863 beati/reuocat
2789 1811 2886 1848 tua.
2938 1793 3197 1850 Gentium
3256 1796 3443 1862 utique

1851 1883 2107 1954 populus,
2141 1884 2208 1941 ad
2241 1901 2401 1956 quem
2425 1885 2787 1958 Evangelium
2831 1903 3031 1952 meum,
3061 1889 3438 1945 annuntitttutn

1847 1977 2237 2048 prmdicalione
2285 1986 2552 2049 pervenit.
2608 1981 2709 2051 Qui
2767 1998 2866 2051 pro
2915 1983 3293 2055 redemptione
3344 2000 3440 2040 sua

1839 2072 2056 2131 laudem
2083 2072 2366 2141 deferens,
2401 2076 2746 2147 beatilioabat
2775 2093 2866 2134 me
2898 2080 3104 2148 gratias
3134 2080 3364 2151 agendo.

1913 2166 1983 2222 Et
2015 2168 2200 2223 oculus
2230 2169 2432 2234 uideas,
2482 2171 2837 2226 testimonium
2883 2172 3130 2227 reddebat
3162 2175 3310 2228 mliti.
3343 2173 3448 2230 P0-

1843 2258 2005 2330 pulus
2035 2259 2292 2318 videlicet
2321 2260 2660 2333 induamini,
2709 2265 2795 2322 cui
2841 2281 2937 2336 per
2965 2269 3263 2338 prophetas
3290 2283 3446 2322 meos

1843 2351 2141 2423 praedictus
2183 2355 2414 2425 fueram,
2449 2356 2501 2411 in
2534 2359 2824 2427 praesentia
2852 2358 3121 2416 adventus
3152 2362 3256 2417 tnel
3288 2366 3444 2418 testl-

1842 2447 2085 2506 monium
2114 2447 2382 2503 reddebat
2405 2448 2564 2504 mihi.

1918 2540 1996 2596 Eo
2023 2541 2165 2613 quod
2189 2541 2492 2597 liberassem
2535 2559 2814 2614 pauperem
2845 2545 3235 2616 vociferantem,
3271 2555 3318 2600 et
3347 2563 3441 2616 pu~

1844 2634 2032 2705 plllunt
2075 2636 2158 2692 cui
2183 2651 2284 2690 tum
2315 2645 2423 2688 erat
2455 2634 2689 2707 adjutor.
2733 2635 2952 2707 Pauper
2980 2636 3069 2692 hic
3097 2647 3154 2693 et
3179 2638 3441 2708 pupillus,

1843 2735 2158 2785 sanctorum
2207 2728 2438 2799 populus
2486 2738 2571 2782 est
2621 2727 3016 2799 intelligendus
3052 2730 3186 2802 :qui
3221 2739 3445 2801 propter

1841 2819 2204 2880 humilitatem
2234 2819 2458 2891 spiritus
2488 2819 2866 2886 contribulati,
2897 2837 3103 2892 pattper
3124 2832 3208 2878 est
3231 2822 3439 2878 dictus.

1843 2913 2091 2985 Pupillus
2121 2929 2252 2971 vero
2301 2914 2506 2970 ideirco
2535 2914 2717 2970 dictus
2759 2925 2866 2981 est,
2899 2915 3025 2985 quia
3075 2926 3226 2987 pater
3250 2933 3441 2974 eorum

1842 3021 1946 3078 pro
1974 3019 2221 3080 tempore
2261 3009 2463 3064 absens
2495 3017 2584 3064 est
2619 3023 2634 3064 :
2674 3008 2770 3078 qui
2803 3008 2872 3063 ita
2905 3008 3183 3079 loquitur:
3211 3009 3334 3066 Non
3363 3028 3446 3067 re-

1846 3100 2080 3172 linquant
2104 3117 2192 3158 uas
2219 3099 2502 3170 orphauas.

177 3192 223 3248 lii
270 3173 691 3256 mandabantur.
743 3195 822 3254 Ne
872 3196 1210 3269 coinquinati
1271 3173 1456 3256 essent
1507 3173 1818 3254 caritatisc
1869 3194 1881 3204 ’
1919 3193 2220 3252 Benedictio
2246 3195 2417 3264 pueri,
2464 3194 2583 3250 sive
2621 3205 2679 3250 ut
2722 3195 2815 3250 alii
2857 3194 3140 3262 dixerunt,
3189 3197 3439 3268 perituri,

177 3287 432 3357 sapientia:
465 3289 619 3344 luto:
653 3288 846 3354 Petra,
878 3290 1070 3360 inquit,
1117 3289 1370 3348 fundebat
1419 3289 1550 3344 mihi
1595 3294 1742 3352 rivos

177 3380 284 3436 olei.
319 3381 454 3453 Ergo
485 3393 636 3454 petra
675 3382 944 3450 Ecclesia,
994 3381 1214 3439 [nudata
1264 3397 1427 3456 super
1462 3381 1742 3438 Christum

176 3472 520 3534 ﬁrmissimam
553 3484 788 3544 petram,
821 3474 891 3532 de
921 3491 982 3532 se
1010 3477 1244 3552 gratiam
1272 3475 1505 3550 Spiritus
1541 3474 1740 3538 sancti,

173 3565 302 3619 velut
333 3565 473 3622 rivos
505 3565 738 3622 effundit
775 3584 788 3622 :
830 3566 974 3640 quod
1016 3567 1070 3624 in
1116 3567 1463 3635 Pentecoste,
1497 3575 1549 3621 et
1581 3566 1744 3626 domo

173 3656 416 3727 Cornelii,
445 3671 500 3716 et
528 3662 581 3715 in
613 3661 719 3715 illis
750 3660 1037 3716 duodecim
1062 3705 1077 3728 ,
1134 3662 1248 3723 sive
1293 3661 1346 3718 in
1385 3661 1533 3724 omni
1565 3658 1744 3722 Eccle-

173 3750 238 3806 sia
260 3753 584 3810 declaratum
617 3765 721 3820 est,
753 3765 806 3811 et
834 3770 1004 3824 usque
1033 3753 1195 3811 hodie
1229 3754 1563 3818 declaratur.

236 3847 451 3916 Quando
478 3848 820 3922 procedebant
844 3851 911 3904 ad
937 3859 1141 3924 portant
1163 3850 1406 3916 civitatis,
1428 3860 1474 3908 et
1497 3850 1549 3910 in
1571 3850 1744 3923 platea

171 3943 400 4010 ponebant
429 3943 732 4002 cathedram
756 3944 902 4000 mihi.
933 3943 1090 4002 Velut
1113 3961 1205 4001 rex
1233 3961 1382 4018 ergo,
1407 3955 1462 4002 et
1483 3946 1744 4002 Dominus

171 4033 358 4101 primus
385 4035 622 4092 civitatis
651 4053 764 4092 sua:
793 4037 1074 4110 Ecclesiae,
1109 4039 1175 4094 ad
1209 4050 1424 4112 portam
1457 4039 1576 4112 ejus
1593 4039 1748 4096 (ξιιιεί-

169 4135 271 4180 stus
303 4129 542 4197 procedit
569 4146 583 4187 :
610 4128 664 4183 id
694 4140 799 4194 est,
829 4129 930 4186 sub
975 4139 1222 4200 tempore
1273 4133 1552 4190 initiorum
1584 4132 1702 4203 ejus
1728 4150 1741 4188 :

168 4222 369 4288 quando
403 4224 716 4296 ingressum
751 4239 950 4295 parans
990 4224 1203 4288 dicebat
1235 4226 1532 4286 omnibus;
1562 4225 1747 4283 Venite

167 4311 225 4363 ad
252 4330 329 4369 me
355 4331 530 4372 omnes
563 4319 654 4390 qui
685 4317 951 4384 laboratis,
986 4327 1035 4374 et
1062 4321 1260 4377 onerati
1291 4320 1436 4383 estis.
1469 4317 1746 4378 Cuthcdm

168 4415 333 4461 autem
383 4408 634 4464 eminens
688 4410 915 4465 scientia
964 4410 1166 4467 Christi
1219 4411 1570 4484 intelligenda
1621 4420 1743 4474 est:

163 4498 328 4566 platea
377 4514 556 4559 autem
603 4503 862 4572 civitatis,
916 4505 1004 4562 vel
1049 4506 1196 4579 quod
1230 4507 1446 4577 publice
1479 4506 1748 4578 praedicas

1843 3301 1996 3359 super
2025 3304 2105 3342 me
2133 3285 2381 3354 veniebat,
2416 3295 2463 3341 et
2511 3303 2601 3342 cor
2640 3287 2816 3342 vidua:
2845 3289 3144 3343 consolatus
3169 3305 3306 3343 sunt.
3340 3288 3443 3342 Pu-

1843 3381 2014 3452 pillus
2058 3383 2258 3449 ﬁdelis,
2305 3392 2362 3442 et
2405 3393 2632 3439 sanctus
2673 3400 2689 3438 :
2739 3400 2892 3456 puer,
2945 3393 3169 3455 πει-ονιθτ
3203 3386 3451 3456 recipro-

1843 3486 2021 3537 catam
2071 3477 2448 3536 innocentiam
2479 3487 2830 3549 nuncupatus
2858 3487 2964 3534 est.
3016 3477 3270 3534 Perditus
3313 3493 3448 3535 vero

1843 3569 1988 3631 idem
2029 3571 2334 3642 appellatus
2362 3582 2465 3639 est,
2509 3574 2640 3644 quia
2683 3572 2950 3644 sanguine
3002 3573 3218 3628 Domini
3267 3575 3454 3646 acqui-

1843 3663 1982 3723 situs
2009 3673 2116 3722 est.

1915 3757 2141 3818 Iustitia
2165 3759 2378 3817 inclutus
2405 3776 2543 3826 sitat,
2590 3770 2636 3814 et
2659 3760 2864 3815 vestivit
2886 3777 2966 3815 me
2997 3762 3130 3815 sicut
3155 3761 3454 3816 diademtr

1836 3853 2045 3924 judicio
2069 3869 2202 3908 meo.
2234 3852 2455 3912 iustitia
2493 3867 2627 3924 ergo
2660 3852 2782 3911 huc
2805 3853 3029 3923 pietatis
3055 3867 3215 3919 utea,
3239 3857 3319 3907 ait
3347 3852 3456 3914 Do-

1847 3945 2053 4012 minus,
2096 3945 2314 4007 vestivit
2356 3961 2444 4002 tne
2483 3945 2626 4002 sicut
2653 3945 3004 4002 vestimento.
3048 3946 3115 4004 Et
3141 3944 3452 4004 diademate

1845 4037 2048 4109 judicio
2079 4052 2225 4096 meo.
2260 4038 2395 4105 lloc,
2427 4037 2673 4108 inquam,
2713 4038 3064 4102 vestimento,
3099 4039 3152 4093 in
3200 4054 3309 4108 quo
3355 4054 3452 4108 per

1848 4132 2200 4204 Evangelium
2247 4131 2463 4201 justitia
2512 4131 2684 4200 patris
2711 4133 3043 4187 reveletur:
3097 4131 3150 4185 iu
3204 4131 3452 4189 Ecclesia

1849 4222 1987 4279 dicit
2033 4238 2093 4277 se
2123 4238 2246 4279 esse
2295 4223 2735 4280 circumdatum:
2783 4223 2936 4293 cujus
2983 4222 3211 4295 ﬁguram
3264 4225 3458 4281 habuit

1849 4318 2019 4383 vestis
2040 4317 2160 4386 ejus
2189 4316 2243 4376 in
2269 4322 2453 4378 monte
2483 4314 2793 4376 clnrilicati.

1924 4412 2122 4476 Oculus
2150 4413 2228 4484 fui
2271 4427 2429 4479 cwco,
2475 4419 2525 4467 et
2576 4428 2668 4482 pes
2693 4411 2910 4469 claudo.
2961 4409 3198 4478 Laurea,
3247 4413 3456 4484 inquit,

1852 4519 1973 4577 sum
2003 4505 2283 4577 peccaturi
2321 4505 2374 4568 in
2405 4504 2668 4567 vitiorum
2705 4518 2928 4565 suorum
2980 4506 3224 4562 tenebris
3265 4507 3459 4563 ambu-

164 4593 315 4662 verit,
352 4597 434 4652 vel
465 4597 771 4654 secundum
819 4575 1126 4662 Psalmist‘aa
1177 4575 1402 4660 sensum
1435 4575 1521 4660 est
1553 4601 1751 4660 intelli-
1775 4575 1833 4652 Ι)
1855 4575 2020 4670 lauti,
2062 4609 2118 4660 et
2163 4599 2221 4660 in
2265 4608 2672 4670 praceptorum
2702 4615 2952 4659 meorum
2982 4600 3202 4656 semitis
3249 4601 3459 4660 claudi-

158 4687 325 4753 genda
353 4707 368 4745 :
406 4693 569 4746 latam
603 4693 909 4748 mandatum
939 4703 1087 4750 tuum
1125 4696 1303 4750 nimis.
1337 4695 1492 4764 Quod
1525 4711 1632 4758 non
1664 4711 1753 4752 so-

161 4777 263 4834 lum
295 4783 349 4838 in
380 4786 650 4863 triplicem
683 4787 1108 4858 expositionem,
1143 4789 1237 4848 sed
1282 4790 1448 4846 etiam
1484 4792 1535 4848 in
1568 4790 1753 4862 dispu-

159 4875 415 4938 tationem
435 4881 749 4954 porrigitur.

227 4976 490 5038 Videbanl
537 4999 619 5039 nte
637 4987 876 5057 juvenes,
927 4994 972 5039 et
1001 4983 1476 5056 abscondebautur,
1517 4995 1565 5042 et
1612 5003 1754 5045 senes

153 5097 486 5158 assurgentes
536 5089 762 5144 stabant.
828 5087 920 5151 llis
981 5089 1172 5147 scribit
1220 5088 1464 5151 Joannes
1516 5090 1706 5152 (licens
1735 5131 1750 5156 ,

150 5180 329 5246 Scriba
377 5190 552 5254 nobis,
592 5193 836 5264 juvenes,
889 5191 1013 5260 quia
1069 5189 1234 5259 {artes
1267 5193 1417 5260 estis,
1464 5201 1512 5246 et
1559 5193 1756 5247 vicistis

142 5288 463 5362 malignum.
499 5292 561 5348 lli
595 5307 692 5362 per
721 5291 880 5348 ﬁdem
907 5292 1147 5356 Domini,
1185 5292 1527 5350 Salvntorem
1569 5293 1754 5350 vident

139 5385 192 5442 in
233 5393 456 5462 epit-im
479 5435 494 5461 ,
546 5404 604 5452 et
633 5396 686 5450 in
719 5405 862 5451 terra
894 5396 976 5451 sui
1007 5397 1262 5466 corporis
1299 5397 1712 5453 abscondantur
1738 5424 1752 5463 ;

136 5499 523 5567 reprimentes
561 5502 821 5559 videlicet
875 5513 1038 5577 atque
1081 5506 1132 5561 in
1181 5520 1240 5560 se
1287 5506 1577 5578 pugnando
1627 5509 1756 5568 vitia

133 5600 480 5661 cohibentes
509 5625 519 5660 :
546 5606 938 5669 mortiﬁcantes
979 5610 1306 5681 semctipsos
1333 5627 1362 5665 a
1399 5611 1663 5690 peccatis,
1704 5622 1761 5670 et

128 5707 625 5776 concupiscentiis
654 5711 838 5766 mundi
867 5729 879 5768 :
905 5712 1035 5769 hinc
1064 5714 1144 5770 ait
1169 5715 1465 5786 propheta:
1488 5715 1762 5778 Ascendite

1856 4692 1998 4747 cauti
2032 4691 2207 4747 factus
2255 4706 2374 4746 sum
2401 4706 2649 4763 gressus.
2682 4691 2840 4748 Unde
2888 4694 3004 4764 ipse
3044 4694 3125 4750 ait
3155 4710 3167 4748 :
3202 4693 3316 4766 Ego
3343 4711 3458 4750 sum

1855 4785 1956 4842 ria.

1929 4877 2093 4937 Pater
2123 4895 2264 4938 cram
2293 4894 2603 4950 pauperum,
2639 4879 2691 4936 id
2722 4889 2829 4948 est,
2859 4879 3146 4938 humilium
3173 4881 3365 4940 corde.

1933 4973 1998 5030 Et
2017 4989 2233 5030 causam
2263 4990 2379 5030 cunt
2410 4974 2720 5042 nesciebant,
2752 4974 3036 5048 diligenter
3057 4975 3457 5047 inuestigabam.

1859 5067 2008 5128 lianc
2039 5068 2204 5140 igitur
2231 5083 2452 5132 causam
2498 5071 2875 5138 peccaminum
2917 5069 3302 5128 misericonlia
3343 5070 3462 5140 piee

1859 5164 1990 5226 tatis
2021 5178 2154 5220 metu
2185 5162 2523 5229 indulturus,
2579 5161 3001 5232 diligentissime
3047 5164 3458 5232 perscrutabor,

1858 5265 1920 5312 ut
1967 5254 2208 5314 radicem
2265 5255 2553 5316 vulnerum
2605 5255 2853 5317 curando
2908 5256 3290 5326 perquirereut
3333 5274 3348 5310 :
3403 5265 3466 5313 ut.

1861 5358 2229 5423 peccatoreut,
2281 5349 2649 5420 investigante
2699 5365 2808 5416 me,
2856 5353 3218 5412 conﬁtentem
3272 5351 3463 5422 culpes

1861 5459 2012 5512 suas,
2059 5444 2129 5501 ab
2174 5444 2324 5503 omni
2378 5453 2610 5514 peccato
2661 5444 2910 5504 criminis
2959 5443 3276 5501 liberarem.
3333 5445 3466 5501 Sive

1863 5537 2027 5596 aliter
2075 5555 2089 5592 :
2150 5536 2391 5598 Nescivit
2443 5551 2642 5598 sarisas
2697 5536 2906 5606 peccati
2965 5536 3232 5594 Dominus
3273 5549 3466 5597 uoster

1863 5632 2025 5694 «Iesus
2055 5629 2346 5691 Christus:
2379 5645 2514 5700 auus
2547 5629 2617 5683 ab
2644 5645 2714 5692 eo
2735 5629 2912 5694 Judaei
2944 5631 3289 5702 ιιυωθιιθιιι.

1938 5723 2275 5782 Conterebam
2318 5721 2481 5790 molas
2508 5724 2696 5796 iniqui,
2731 5735 2778 5786 et
2809 5725 2874 5782 tle
2904 5725 3145 5782 dentibus
3174 5729 3287 5798 ejus
3319 5729 3464 5797 aufe-

127 5812 213 5858 ras
244 5807 299 5861 in
337 5820 579 5872 terram.
599 5813 775 5872 Senes
807 5831 933 5876 vero
963 5816 1056 5878 lilii
1090 5819 1478 5892 consummati,
1509 5821 1764 5894 etperl'e-
1870 5821 2044 5877 rebam
2091 5819 2339 5890 prrcdam.
2373 5818 2526 5876 Hunc
2556 5819 2803 5904 iniquum
2851 5820 3132 5881 diabolum
3158 5837 3283 5880 esse
3309 5835 3457 5882 recte
