3948 6334
501 261 601 318 7H

1253 263 1603 323 APPENDIX
1643 263 1734 322 AD
1773 262 2020 324 TOMUM
2071 262 2430 322 SEPTIMUM
2472 266 2530 321 S.
2573 261 2974 321 HIERONYMI.

3655 266 3738 326 71%

509 378 798 446 sentimus,
845 379 1004 448 cujus
1049 378 1242 436 dentes
1269 396 1332 435 ac
1380 382 1622 437 molares
1666 393 1791 436 sunt
1827 381 1894 436 ad
1921 381 2112 437 interi-
2141 386 2192 444 Α
2300 380 2475 436 Verbis
2505 381 2630 434 meis
2661 380 2796 434 nihil
2835 381 3028 434 addere
3064 378 3342 434 audebant.
3374 380 3568 436 Statuta
3596 385 3744 454 utique

515 473 772 528 mendum
804 473 932 529 Saevi
958 489 1024 529 ac
1047 485 1230 530 truces
1257 476 1422 531 animi
1449 485 1650 532 motus.
1680 475 1758 531 De
1782 476 2114 544 bujusmodi,

511 563 715 638 inquit,
750 566 1007 622 dentibus
1039 568 1184 623 velut
1228 569 1469 640 prmdam
1515 571 1786 642 captivam
1821 572 2117 624 humanum

510 673 688 729 genus
714 659 1010 729 abstraxit,
1037 661 1106 716 de
1138 663 1330 718 mortis
1359 665 1551 732 utique
1576 663 1703 718 illud
1731 663 1958 718 interitu
1987 663 2122 718 libe-

515 751 709 808 rando.
757 755 963 810 Omnes
994 754 1148 825 impii
1178 754 1373 812 dentes
1403 766 1530 811 sunt
1576 756 1804 812 diaboli.
1841 757 2028 814 Potest
2067 765 2124 812 et

515 843 812 901 hzereticus
842 845 1073 918 quisque
1111 847 1378 919 intelligi,
1427 848 1482 902 in
1533 847 1688 918 cujus
1726 849 1985 905 dentibus
2023 849 2123 903 do-

516 940 690 996 Ctrina
710 940 998 1010 perspicua
1018 941 1309 996 sentiatur.
1341 941 1395 995 In
1429 940 1732 998 molaribus
1756 958 1890 998 vero
1916 945 2122 998 lateant

519 1042 756 1100 remota,
782 1044 838 1090 et
865 1043 1099 1102 secreta,
1124 1045 1179 1090 et
1209 1035 1442 1091 nefanda
1477 1036 1762 1108 mysteria.

594 1126 950 1200 Dicebamque
980 1144 1000 1183 :
1031 1125 1284 1182 Innidalo
1310 1146 1421 1184 meo
1449 1129 1676 1195 moriar,
1711 1138 1758 1182 et
1785 1129 1920 1183 sicut
1947 1129 2124 1198 palma

524 1222 883 1293 multiplicabo
909 1221 1042 1277 dies.
1078 1221 1247 1278 Nidus
1277 1222 1494 1278 Domini
1522 1222 1845 1288 Salvatoris,
1874 1221 2124 1277 Ecclesia

524 1316 643 1386 ejus
667 1325 845 1384 potest
877 1314 1132 1386 intelligi.
1169 1315 1267 1370 Hic
1289 1315 1457 1386 igitur
1483 1315 1771 1384 Dominus,
1804 1316 1856 1370 in
1885 1315 2125 1370 Ecclesia

523 1407 684 1479 quasi
737 1408 930 1464 nidulo
976 1423 1102 1474 suo,
1149 1423 1309 1478 quem
1355 1406 1462 1461 sibi
1504 1406 1630 1462 leno
1659 1407 1844 1461 carnis
1874 1405 2128 1462 humana:

527 1503 831 1572 congessit,
863 1511 920 1559 et
965 1502 1018 1556 in
1049 1518 1156 1574 qua
1205 1511 1458 1572 procreat
1489 1517 1552 1556 ac
1595 1500 1742 1557 fovet
1785 1501 1951 1570 ﬁlios,
1989 1500 2127 1556 mori

528 1594 757 1663 dicitur,
789 1595 918 1651 dum
952 1595 1197 1650 membra
1242 1594 1380 1666 ejus,
1411 1610 1646 1663 quorum
1679 1593 1800 1664 ipse
1831 1601 1995 1663 caput
2022 1603 2127 1660 εει,

529 1688 682 1745 vitiis
732 1702 797 1744 ac
845 1687 1305 1758 concupiscentiis
1359 1685 1517 1757 hujus
1558 1686 1747 1742 saeculi
1798 1688 2129 1742 moriuntur.

2223 485 2278 530 et
2309 475 2526 531 decreta
2563 491 2669 530 non
2702 474 3076 530 convellentes
3115 473 3401 528 Ecclesize:
3449 474 3498 529 in
3536 493 3627 546 qua
3650 478 3749 534 lun-

2221 569 2540 625 damcntum
2573 579 2658 624 est
2688 568 2954 634 veritatis,
2983 567 3291 624 stabiliunt.
3334 569 3570 626 Haeretici
3603 586 3750 628 autem

2223 675 2278 720 et
2325 663 2679 728 schismatici,
2729 663 3161 733 priesumptione
3190 662 3469 734 superbize,
3515 679 3604 731 qua
3644 681 3755 734 pra:-

2224 764 2373 811 stant
2411 755 2648 820 caeteris,
2682 755 2864 811 verbis
2897 753 3134 823 Domini,
3163 753 3382 811 inventa
3417 754 3482 811 de
3504 755 3651 810 corde
3677 772 3756 810 suo

2225 859 2391 919 atque
2439 849 2711 919 superﬂua
2755 849 3004 919 dogmata
3042 847 3392 918 plenitudinis
3432 863 3758 919 superponere

2225 942 2544 998 tnoliuntur.

2301 1037 2369 1091 Et
2416 1055 2573 1110 super
2611 1037 2731 1093 illos
2773 1037 3007 1094 stillabat
3053 1039 3312 1109 eloquium
3361 1055 3535 1094 meum.
3583 1041 3758 1098 Sensim

2228 1130 2414 1203 utique
2464 1146 2648 1186 sermo
2677 1132 2944 1188 doctrina:
2976 1146 3134 1198 mere,
3179 1132 3452 1203 diligentia
3496 1149 3624 1200 mea,
3667 1135 3765 1189 dili-

2228 1224 2474 1294 gentium
2527 1240 2614 1279 me
2659 1226 2871 1280 viscera
2901 1225 3222 1295 penetrabat
3259 1241 3272 1277 :
3317 1225 3369 1280 in
3396 1241 3497 1293 quo
3536 1227 3763 1297 prolectus

2230 1317 2538 1370 animorum
2576 1317 2823 1387 quotidie
2871 1317 2921 1371 in
2954 1317 3247 1372 virtutibus
3280 1317 3639 1389 intelligendus
3679 1332 3763 1376 est.

2232 1406 2334 1464 Ubi
2366 1408 2519 1478 quasi
2560 1423 2590 1461 a
2637 1423 2801 1478 parva
2843 1408 2984 1463 stilla
3036 1409 3458 1480 principiorum,
3502 1411 3767 1481 pervenitur

2232 1499 2299 1555 ad
2329 1500 2495 1556 vitam
2529 1502 2742 1570 plenam
2778 1501 3155 1573 perfectionis,
3187 1511 3458 1573 tamquam
3485 1503 3546 1558 ad
3573 1504 3767 1574 pluviam

2234 1595 2437 1656 cordis,
2471 1605 2674 1652 terram
2693 1613 2849 1652 suam
2882 1599 3040 1669 copia
3073 1606 3429 1653 saturantem.

2311 1687 2694 1761 Exspectabam
2727 1706 2807 1742 me
2833 1690 2983 1759 quasi
3006 1688 3250 1762 plurium,
3285 1699 3332 1744 et
3364 1706 3418 1744 os
3448 1707 3590 1744 suum
3613 1692 3774 1758 aperie-

531 1781 792 1852 Sequitur
824 1798 837 1834 ί
887 1780 956 1836 Et
1000 1779 1142 1836 sicut
1188 1779 1369 1850 palma
1399 1779 1775 1850 multiplicabo
1815 1779 1932 1834 dies
1982 1777 2123 1847 ejus.
2163 1781 2211 1842 B
2239 1781 2360 1835 bant
2407 1783 2556 1854 quasi
2587 1785 2656 1836 ad
2695 1783 2907 1837 imbrem
2951 1785 3260 1840 serotinum.
3297 1783 3494 1839 Omnes
3522 1784 3672 1839 sancti
3696 1801 3771 1839 au-

533 1872 702 1945 lgitur
733 1880 858 1945 post
906 1872 1272 1928 humilitatem
1325 1870 1608 1938 Ecclesiae,
1640 1887 1802 1942 quam
1846 1871 1901 1924 in
1943 1869 2133 1925 nidulo

535 1966 791 2038 superius
822 1965 1088 2023 Dominus
1111 1963 1397 2030 indicavit,
1429 1963 1656 2035 gloriam
1682 1963 1989 2018 altitudinis
2017 1962 2137 2033 ejus

536 2061 594 2117 in
625 2061 806 2134 palma
837 2060 1035 2116 arbore
1061 2059 1232 2116 voluit
1259 2057 1554 2115 ostendere
1585 2075 1601 2114 :
1653 2057 1807 2128 cujus
1855 2058 2006 2112 radix
2050 2072 2138 2112 as-

541 2169 670 2225 pera
709 2153 928 2210 videtur
967 2152 1023 2208 in
1070 2161 1237 2219 terra,
1289 2154 1434 2208 unde
1476 2151 1640 2207 etiam
1675 2151 1895 2206 nidulus
1942 2149 2133 2221 appel-

539 2247 720 2302 latur:
771 2245 868 2303 sed
898 2246 1071 2303 comis
1105 2245 1329 2316 pulchra
1359 2245 1459 2300 sub
1482 2246 1648 2310 ctelo,
1694 2259 1817 2300 cum
1861 2259 1929 2299 ex
1957 2258 2140 2299 resur-

543 2341 790 2396 rectione
839 2339 1000 2396 fuerit
1025 2338 1356 2409 gloriﬁcata,
1389 2338 1586 2409 palma:
1617 2337 2006 2394 celsitudinem
2039 2338 2137 2393 ob-

543 2432 760 2500 tinebit,
786 2432 838 2489 id
861 2441 967 2500 est,
997 2433 1256 2487 virtutum
1278 2447 1508 2487 suarum
1537 2433 1734 2487 merita
1749 2438 2138 2502 consequetur,

543 2541 670 2596 qua:
701 2527 752 2579 iu
805 2525 985 2595 palma
1017 2524 1419 2596 signiﬁcantur.
1453 2522 1584 2578 Sive
1629 2523 1850 2578 nidulus
1901 2523 1990 2577 hic
2038 2537 2138 2592 po-

546 2622 705 2693 pulus
725 2621 1041 2678 Judaeorum
1067 2628 1248 2692 potest
1274 2618 1530 2690 intelligi.
1568 2617 1627 2674 In
1662 2618 1766 2675 hoc
1796 2616 1962 2688 igitur
1987 2615 2138 2684 nido,

546 2714 660 2786 pati
707 2723 764 2771 et
811 2715 952 2771 mori
994 2729 1095 2785 pro
1139 2713 1301 2770 nobis
1329 2712 1529 2778 voluit,
1577 2713 1722 2768 sicut
1765 2713 1842 2766 ait
1885 2710 2138 2766 Judazis:

547 2807 772 2877 Moriar,
817 2817 872 2864 et
913 2808 968 2865 in
999 2822 1192 2865 eorum
1225 2806 1505 2864 mentibus
1534 2807 1864 2878 cruciligar:
1917 2804 2008 2860 ubi
2050 2818 2140 2859 se-

545 2901 784 2959 cundum
813 2900 1092 2958 hominem
1124 2910 1509 2964 conversatus,
1555 2909 1610 2956 et
1635 2910 1796 2954 natus
1826 2914 1969 2965 sum,
1999 2905 2058 2952 et
2088 2897 2143 2953 in

545 2992 820 3066 gentibus.
846 2993 938 3049 ubi
968 2993 1148 3065 palma
1181 2991 1426 3050 victoriae
1458 3007 1618 3059 me:e,
1644 2992 1934 3062 crucisque
1971 2989 2144 3046 vexil-

544 3087 656 3144 lum
711 3097 956 3145 erectum
1011 3097 1120 3158 est,
1173 3087 1552 3159 multiplicabo
1602 3086 1741 3155 dies,
1788 3085 1976 3140 dicens
2018 3085 2138 3140 eis:

2243 1875 2396 1944 tiqui,
2423 1875 2763 1930 Salvatorem
2787 1874 2841 1929 in
2864 1890 3030 1930 carne
3041 1884 3329 1931 venturum
3351 1885 3772 1946 exspectaverunt,

2240 1977 2294 2020 et
2322 1981 2514 2022 omnes
2545 1982 2692 2021 nunc
2721 1968 2928 2038 pariter
2965 1967 3030 2022 ad
3052 1968 3318 2038 judicium
3362 1976 3629 2024 venturum
3651 1967 3776 2024 indu-

2243 2057 2484 2115 bitanter
2526 2069 2888 2130 ex5pectant:
2932 2060 2999 2116 ad
3036 2061 3195 2132 cujus
3231 2062 3460 2118 imbrem
3501 2063 3775 2128 serotinum,

2243 2153 2294 2207 id
2326 2163 2432 2223 est,
2469 2154 2851 2225 Evangelium,
2885 2171 2978 2212 ora
3026 2157 3273 2214 cordium
3321 2174 3539 2213 suorum
3570 2173 3694 2212 nunc
3725 2158 3780 2210 si-

2245 2248 2444 2305 tientes
2468 2250 2760 2320 aperiunt:
2795 2251 2920 2322 quia
2964 2253 3178 2306 meliora
3203 2263 3347 2319 sunt,
3377 2264 3437 2308 ut
3479 2252 3780 2308 Ecclesiastes

2245 2341 2336 2404 ait,
2369 2342 2650 2398 novissima
2685 2346 2954 2412 sermonis,
2985 2363 3142 2418 quan:
3180 2348 3389 2402 initium
3418 2351 3544 2419 ejus.

2316 2439 2378 2496 Si
2421 2442 2629 2509 quando
2664 2443 2894 2498 ridebam
2938 2445 3007 2498 ad
3042 2459 3150 2507 eos,
3192 2462 3299 2499 non
3326 2444 3608 2498 credebant.
3634 2442 3679 2497 ltl
3699 2448 3780 2507 est,

2243 2532 2416 2588 Judaei
2451 2550 2559 2589 non
2603 2537 2829 2593 credent
2871 2537 3002 2592 mihi
3034 2537 3191 2593 hilari
3222 2538 3425 2608 pietate
3449 2538 3626 2592 luturte
3651 2535 3784 2590 beati-

2247 2627 2450 2684 tudinis
2480 2629 2744 2697 lmtitiam,
2774 2641 2829 2687 et
2869 2640 3092 2688 mterna:
3137 2632 3332 2703 gaudia
3363 2632 3672 2703 promittenti
3699 2647 3710 2684 :
3742 2640 3785 2684 ct

2246 2732 2566 2792 peccatores
2594 2741 2689 2794 pro
2713 2734 2867 2780 reatu
2913 2727 3268 2781 conscientia:
3311 2742 3449 2795 sua},
3495 2727 3576 2782 vix
3603 2725 3786 2782 credent

2247 2817 2636 2875 misericordiae
2667 2835 2824 2888 mere,
2858 2830 2914 2875 et
2942 2820 3045 2878 sibi
3085 2821 3315 2876 salutem
3361 2820 3477 2878 dari
3517 2837 3661 2892 posse
3699 2835 3785 2886 pne

2248 2911 2619 2981 magnitudine
2648 2913 2942 2968 criminum
2974 2913 3352 2984 deSperabunt
3377 2933 3389 2968 :
3434 2930 3550 2972 cum
3577 2930 3665 2984 ego
3686 2928 3782 2968 con-

2249 3002 2588 3057 vertentibus
2614 3002 2681 3058 ad
2713 3019 2800 3060 me
2828 3005 3036 3074 majora
3065 3022 3226 3076 quam
3259 3021 3358 3078 spe
3389 3007 3590 3077 possint
3609 3019 3784 3075 capere,

2245 3093 2548 3150 collaturus
2579 3111 2720 3150 sum.

546 3180 680 3238 Ecce
704 3199 796 3254 ego
817 3181 1076 3237 uobiscum
1104 3198 1219 3236 sum
1258 3181 1500 3237 omnibus
1530 3179 1712 3236 diebus
1741 3195 1904 3251 usque
1929 3177 1997 3234 ad
2021 3194 2146 3233 con-
2171 3177 2215 3240 C
2320 3188 2388 3243 Et
2418 3190 2514 3245 lux
2549 3191 2722 3245 vultus
2755 3190 2853 3245 ntei
2884 3207 2986 3245 non
3022 3190 3236 3246 cadebat
3274 3192 3330 3246 in
3375 3203 3577 3247 terram.
3612 3189 3786 3250 Gtatia,

547 3276 947 3330 sammationem
969 3273 1169 3330 seaculi.

622 3368 804 3424 Radix
825 3386 939 3424 mea
965 3379 1144 3442 aperta
1170 3379 1246 3424 est
1277 3385 1426 3424 secus
1445 3385 1626 3441 aquas,
1663 3378 1711 3424 et
1743 3385 1828 3424 ros
1857 3369 2144 3423 morabitur

544 3464 603 3518 in
631 3463 885 3520 messione
911 3480 1048 3518 mea.
1081 3463 1157 3518 lta
1181 3463 1288 3518 erit
1319 3464 1371 3517 in
1403 3461 1716 3518 nationibus
1747 3463 1924 3529 radix,
1953 3463 2005 3518 id
2037 3470 2142 3532 est,

551 3558 691 3616 ﬁdes
717 3573 824 3628 qua
855 3557 988 3614 mihi
1020 3557 1226 3630 placeri
1265 3557 1414 3612 volui
1457 3575 1472 3611 :
1529 3566 1589 3612 ut
1625 3570 1820 3612 omnes
1872 3554 2049 3612 sancti
2089 3555 2144 3609 in

553 3655 849 3728 praeteritis
886 3655 1252 3726 placuerunt:
1301 3662 1358 3708 ut
1391 3662 1570 3723 pateat
1596 3652 1843 3723 gentium
1882 3651 2062 3722 aquis,
2090 3648 2143 3706 id

552 3758 658 3818 est,
689 3747 950 3821 populus,
992 3757 1054 3804 ut
1083 3748 1137 3804 in
1171 3762 1259 3803 me
1289 3745 1503 3804 scilicet
1528 3745 1780 3816 credant,
1817 3747 2013 3818 quibus
2041 3744 2148 3801 uti-

546 3859 656 3917 que
686 3842 740 3899 in
771 3843 1134 3901 retributione
1162 3851 1395 3908 aeterna,
1446 3856 1535 3897 ros
1563 3842 1776 3913 gratim,
1817 3851 1871 3896 et
1905 3841 2146 3895 muneris

552 3941 660 3996 erit
686 3955 776 3997 me
801 3939 1066 4012 largiente
1091 3939 1353 4010 prolluus.
1373 3937 1502 3995 Sive
1529 3937 1681 3991 radix
1701 3936 1990 3992 cltaritatis
2013 3952 2146 3991 meze

551 4039 716 4105 atque
745 4032 1078 4101 dilectionis,
1114 4044 1239 4103 qua:
1267 4031 1370 4086 lixa
1407 4038 1495 4087 est
1524 4030 1576 4085 in
1624 4030 1884 4087 cordibus
1911 4030 2146 4102 diligen-

551 4129 688 4181 tium
719 4141 847 4182 me:
881 4135 1070 4196 aperta
1120 4123 1302 4193 estin
1354 4123 1435 4180 eis
1476 4122 1545 4180 ad
1589 4138 1758 4198 aquas
1807 4123 2145 4196 eloquiormn

553 4232 802 4276 meorum
811 4256 826 4272 ο

625 4309 810 4367 Gloria
847 4327 963 4367 mea
1008 4329 1209 4386 semiper
1232 4314 1576 4370 innovabitur.
1607 4313 1706 4368 llic
1745 4311 1999 4384 gloriam,
2046 4311 2148 4367 Ec-

557 4403 782 4462 clesiam
811 4404 1120 4478 intelligere
1151 4421 1482 4475 possumus:
1509 4405 1695 4463 Gloria
1723 4404 1941 4474 quidem
1976 4403 2149 4459 Patris

557 4509 648 4557 est
673 4500 866 4568 Filius,
905 4501 995 4557 cui
1023 4501 1158 4558 dicit
1188 4501 1348 4558 Pater
1372 4519 1385 4558 :
1412 4500 1675 4574 Exsurge,
1701 4503 1874 4572 gloria
1900 4517 2036 4564 mea,
2062 4516 2150 4555 ea:-

2250 3284 2442 3355 iuquit,
2484 3285 2792 3356 praaseutize
2839 3301 2998 3350 mete,
3049 3301 3153 3356 qua
3198 3284 3405 3341 mundo
3454 3287 3686 3339 universo
3727 3283 3791 3335 in-

2250 3377 2424 3445 notui,
2468 3377 2682 3431 illustro
2729 3378 2897 3432 corda
2951 3377 3218 3442 lidelium,
3266 3379 3395 3450 quia
3445 3392 3544 3449 ego
3583 3391 3688 3430 sum
3723 3373 3791 3427 lux

2249 3468 2457 3534 tnundi,
2475 3478 2528 3524 et
2549 3469 2810 3541 quidquid
2832 3473 3135 3542 promisero
3159 3473 3597 3530 custodientibus
3619 3480 3793 3542 pactum

2249 3577 2448 3626 meum,
2484 3563 2697 3618 irritum
2728 3580 2835 3619 non
2864 3564 2967 3620 erit
3009 3582 3022 3618 :
3056 3565 3151 3621 sed
3187 3575 3362 3622 totum
3407 3567 3458 3622 in
3492 3579 3708 3636 tempore
3729 3577 3794 3616 re-

2249 3655 2559 3711 tributionis
2589 3657 2808 3726 implebi
2821 3668 2927 3714 tur.

2320 3749 2383 3807 Si
2411 3753 2694 3807 voluissem
2721 3753 2796 3807 ire
2835 3754 2902 3806 ad
2929 3769 3034 3817 eos,
3084 3755 3328 3809 sedebam
3355 3756 3568 3827 primus.
3607 3752 3796 3820 Cumque

2247 3844 2479 3901 sederem
2506 3847 2658 3918 quasi
2695 3862 2788 3901 rex.
2817 3847 3182 3901 circumstante
3219 3849 3473 3914 exercitu,
3503 3863 3635 3900 erant
3662 3856 3796 3897 tamen

2250 3942 2575 3996 mwrentium
2617 3937 2936 3995 consolator.
2970 3939 3046 3994 Ita
3076 3940 3429 3996 sentiendum
3457 3951 3557 4006 est,
3586 3939 3664 4008 qui
3701 3950 3796 3989 eum

2249 4033 2392 4102 apud
2423 4043 2643 4087 sanctos
2672 4047 2801 4087 suos
2835 4047 3087 4104 magnus,
3139 4041 3194 4087 et
3235 4031 3287 4086 in
3332 4031 3566 4087 excelsis
3607 4028 3795 4084 habitet.

2249 4129 2340 4200 qui
2370 4139 2424 4185 et
2449 4129 2627 4199 angeli
2676 4130 2991 4200 plerumque
3023 4128 3301 4191 dicuntur,
3332 4137 3386 4183 et
3417 4126 3486 4182 de
3525 4125 3702 4197 quibus
3735 4135 3798 4174 se-

2249 4225 2489 4279 cundum
2519 4222 2681 4277 aliam
2710 4223 3005 4278 editionem
3035 4221 3166 4278 dicit
3196 4240 3208 4275 :
3241 4220 3402 4276 Eram
3431 4219 3578 4294 quasi
3596 4233 3678 4272 rex
3698 4231 3799 4268 con—

2249 4318 2448 4371 cinctus
2498 4316 2721 4388 {ortibus
2773 4333 2791 4372 :
2835 4326 3192 4387 compunctos
3247 4324 3431 4370 tamen
3479 4321 3537 4370 et
3578 4309 3799 4367 CODll‘lluS

2250 4411 2418 4468 corde
2444 4427 2551 4467 non
2582 4411 2851 4482 despexit.

2328 4504 2487 4560 Nunc
2538 4516 2713 4559 autem
2765 4503 3004 4558 derident
3049 4519 3129 4557 me
3176 4505 3419 4576 juniores
3466 4511 3696 4573 tempore.
3724 4493 3802 4548 Lc-

559 4609 736 4669 surge.
765 4595 871 4651 Sed
898 4595 1062 4652 aliter
1093 4594 1340 4653 Ecclesia
1370 4597 1543 4669 gloria
1571 4569 1676 4663 est,
1702 4569 1833 4665 quae
1855 4594 2147 4666 justiﬁcata
2173 4569 2228 4633 D
2253 4599 2433 4670 gimus
2465 4598 2521 4654 in
2566 4597 2889 4670 Evangelio,
2923 4569 3386 4669 quemadmodum
3436 4569 3620 4652 irrisus
3653 4599 3738 4656 est,
3764 4595 3804 4641 cl

553 4696 642 4744 est
670 4703 766 4760 per
792 4691 1038 4760 gratiam.
1071 4734 1079 4741 .

628 4780 698 4837 Et
739 4798 892 4838 arcus
934 4801 1077 4841 metu
1103 4785 1158 4839 in
1185 4801 1347 4840 manu
1377 4801 1487 4841 mea
1513 4784 1902 4842 instaurabitur.
1948 4785 2148 4839 Arcum

563 4877 714 4936 hunc
733 4879 990 4935 virtutem
1017 4881 1330 4953 intelligere
1351 4896 1664 4952 possumus,
1679 4896 1784 4950 qua
1801 4895 1898 4951 pro
1913 4878 2152 4935 Ecclesia

557 4989 654 5031 sua
683 4988 860 5044 usque
896 4974 964 5030 ad
1009 4975 1173 5030 linem
1201 4977 1389 5030 saeculi
1423 4989 1665 5045 pugnare
1711 4989 1818 5028 non
1857 4972 2077 5028 desiuit.

635 5068 742 5137 Qui
770 5085 852 5124 me
900 5067 1204 5136 audiebant,
1238 5067 1602 5140 exspectabant
1625 5067 1954 5135 sententiam,
1995 5075 2044 5120 et
2074 5066 2155 5118 in-

557 5163 692 5219 tanti
716 5163 950 5219 tacebant
975 5161 1046 5216 ad
1092 5161 1372 5217 consilium
1423 5179 1612 5218 meum.
1651 5161 1908 5230 Quotidie
1959 5161 2158 5216 clamat

555 5256 808 5314 Christus
838 5274 934 5330 per
977 5257 1388 5327 dispensatores
1417 5255 1567 5312 verbi
1595 5255 1701 5321 sui,
1735 5265 1792 5310 ct
1837 5255 2156 5312 obedientes

558 5349 636 5416 ei,
669 5351 995 5405 sententiam
1037 5347 1378 5405 deﬁnitionis
1416 5349 1535 5418 ejus
1583 5357 1925 5418 exspectant.
1961 5349 2029 5403 Et
2075 5349 2158 5404 in-

560 5442 694 5498 tenti
743 5441 994 5499 tacebant
1037 5442 1104 5497 ad
1154 5442 1446 5499 consilium
1479 5456 1682 5495 meum.
1731 5443 1847 5498 lloc
1890 5441 2057 5497 verbo
2084 5441 2192 5498 si-.

558 5534 732 5602 lentii,
762 5545 1080 5592 sanctorum
1124 5535 1461 5607 signiﬁcatur
1497 5534 1832 5603 obedientia,
1884 5537 1974 5606 qui
2017 5535 2155 5591 tardi

556 5637 684 5686 sunt
715 5628 784 5686 ad
811 5629 1168 5702 loquendum,
1202 5629 1422 5686 veloces
1452 5636 1637 5685 autem
1687 5628 1752 5683 ad
1799 5627 2101 5684 faciendum
2136 5645 2150 5685 :

557 5724 699 5792 sive,
747 5725 872 5795 quia
901 5725 955 5780 in
993 5724 1113 5795 ipsa
1155 5724 1514 5796 inquisitione
1550 5723 1708 5797 legis,
1753 5724 1931 5779 sancti
1957 5722 2151 5779 intenti

555 5831 680 5876 esse
706 5817 987 5875 dicuntur.

2255 4692 2468 4747 illusus.

2330 4786 2567 4854 Quorum
2606 4805 2710 4842 non
2754 4784 3007 4860 dignabor
3037 4793 3209 4856 patres
3253 4799 3450 4853 ponere
3485 4799 3599 4837 cum
3633 4776 3803 4834 canibus

2257 4883 2425 4954 gregis
2450 4882 2571 4936 mei.
2605 4880 2724 4951 Ego
2748 4894 2911 4935 canes
2945 4879 3000 4932 in
3032 4877 3233 4932 bonam
3277 4885 3493 4946 partem
3523 4875 3686 4930 dictos
3717 4868 3804 4923 exi-

2258 4977 2440 5043 stimo,
2467 4976 2556 5047 qui
2587 4991 2808 5047 gregem
2837 4973 3048 5028 Domini
3079 4988 3108 5026 a
3133 4970 3329 5027 besriis
3358 4967 3719 5042 spiritualibus
3743 4959 3804 5013 ti-

2259 5071 2476 5142 gilando
2497 5070 2816 5126 defendunt.
2853 5067 2926 5122 De
2948 5065 3151 5137 quibus
3185 5065 3320 5120 dicit
3350 5063 3647 5135 propheta:
3674 5055 3806 5110 Canes

2261 5167 2416 5235 muti,
2443 5183 2544 5220 non
2568 5166 2792 5220 valentes
2813 5165 3034 5218 latrare.
3056 5161 3378 5217 Judteorum
3405 5172 3619 5229 quoque
3639 5161 3805 5224 patres.

2259 5259 2350 5329 qui
2388 5269 2516 5314 sunt
2548 5259 2735 5328 utique
2765 5256 3112 5322 sacerdotes,
3143 5253 3449 5327 principes,
3488 5247 3722 5320 pastorali
3757 5241 3808 5295 ab

2261 5355 2338 5409 eis
2361 5355 2561 5424 quippe
2590 5352 2770 5407 ablata
2795 5350 3083 5422 dignitate,
3117 5366 3222 5404 non
3253 5349 3437 5419 posui,
3470 5344 3546 5401 ait
3568 5341 3807 5398 Dominus,

2260 5459 2382 5499 cum
2430 5441 2638 5498 sanctis
2668 5442 2848 5513 gregis
2878 5440 3062 5495 ovium
3105 5454 3357 5494 meorum
3405 5434 3728 5496 custodibus,
3759 5425 3810 5481 ob

2260 5535 2524 5592 malitiam
2556 5535 2899 5591 inﬁdelitatis
2925 5548 3039 5588 sua:
3066 5550 3076 5585 :
3115 5547 3180 5587 ne
3209 5529 3527 5587 sacerdotio
3565 5527 3811 5596 iungantur

2258 5631 2414 5698 mihi,
2448 5629 2622 5700 abjeci
2664 5644 2782 5684 eos.
2830 5626 2986 5695 Quod
3021 5625 3186 5681 etiam
3220 5624 3272 5679 in
3323 5620 3628 5693 Evangelio
3654 5615 3767 5671 dicit
3804 5627 3812 5660 :

2257 5721 2542 5790 Auferetur
2570 5739 2601 5775 a
2645 5720 2788 5774 vobis
2816 5735 3035 5793 regnum
3082 5715 3202 5782 Dei,
3235 5725 3288 5771 et
3315 5715 3549 5785 reliqua.
3594 5709 3684 5768 Ubi
3723 5705 3813 5774 jam

2252 5815 2450 5887 incipit
2491 5815 2686 5873 tollere
2732 5828 2926 5886 panem
2962 5811 3221 5880 liliorum,
3251 5818 3308 5866 et
3351 5809 3574 5864 mittere
3598 5801 3814 5867 canibus,
