3948 6334
227 331 310 390 713
1087 327 1564 388 COMMENTARII
1600 328 1670 385 ΙΝ
1705 327 1794 385 Lll

1917 328 1966 388 M
2007 330 2147 389 JOB.
2197 331 2354 390 CAP.
2396 331 2566 390 XXX.
3355 335 3463 396 ⁸714

228 449 338 507 sicut
382 444 438 500 ad
464 459 582 502 eum
613 449 666 500 in
705 445 1000 517 Evangelio
1025 447 1127 503 sub
1170 458 1300 520 typo
1329 447 1593 504 Ecclesia:
1620 445 1756 501 dici-
1785 447 1839 508 Α
1869 464 1976 502 non
2005 459 2146 514 erat,
2178 451 2556 518 morabantur,
2584 452 2679 508 sed
2716 451 2877 508 etiam
2903 452 2958 508 in
2991 453 3247 512 cavernis
3275 462 3460 523 terrm,

227 538 477 596 tueram
505 549 549 593 et
596 539 768 594 catelli
810 541 970 595 edunt
1019 541 1082 595 de
1125 543 1272 596 micis
1303 560 1418 612 quae
1462 544 1656 598 cadunt
1697 544 1761 599 de
1863 549 1919 597 et
1960 558 2127 613 super
2156 545 2420 614 glaream,
2465 562 2563 617 per
2587 561 2750 618 quam
2793 557 2928 617 puto
2959 549 3254 604 carnaliter
3283 549 3462 620 legem

223 650 364 689 mensa
389 631 698 688 dominorum
727 651 960 690 suorum.
1866 635 2297 707 intelligendam,
2335 639 2421 695 ubi
2445 639 2579 695 nihil
2611 640 2810 712 pingue
2854 641 3129 712 spirituali
3155 643 3342 699 sensui
3367 641 3466 698 ad-

280 725 480 792 (luorum
505 724 667 778 virtus
697 742 950 781 manuum
976 736 1090 783 erat
1115 729 1247 784 mihi
1278 746 1373 800 pro
1402 730 1588 785 nihilo.
1637 730 1762 788 Haec
1867 731 2152 797 miscetur,
2207 747 2315 803 quo
2369 743 2560 804 posset
2611 734 2947 792 fecunditate
3003 735 3306 803 ubertatis,
3367 751 3467 809 per

224 818 365 873 virtus
391 832 632 872 manuum
685 830 804 874 erat
854 819 1195 892 Iudaeorum,
1242 833 1304 879 ut
1352 824 1631 880 mandatis
1677 840 1762 881 se-
1869 823 2030 878 fidem
2056 825 2200 880 ﬁlios
2229 828 2566 894 sanctitatis,
2596 838 2773 885 matre
2814 831 3014 901 gratia,
3047 840 3469 902 procrearezet

224 913 414 979 uiarum,
442 910 992 971 etobservationibus
1011 916 1376 972 deservireut.
1401 917 1531 973 Sive
1552 917 1604 972 in
1629 928 1763 974 tem-
1868 918 1939 972 ob
1964 919 2070 973 hoc
2096 917 2149 973 in
2183 920 2433 976 cavernis
2465 929 2628 976 terrae
2651 936 2776 978 esse
2806 923 3196 994 perhibentur,
3233 925 3468 982 terrenis

219 1023 328 1081 pore
351 1006 605 1077 passionis
632 1007 870 1077 Domini,
904 1021 1085 1080 potest
1111 1011 1200 1068 hic
1234 1012 1384 1068 locus
1408 1012 1661 1084 intelligi,
1687 1011 1763 1068 ita
1872 1010 2126 1066 videlicet
2153 1012 2407 1069 sensibus
2433 1013 2786 1072 inhaerentes.
2820 1015 2898 1072 De
2922 1018 3124 1088 quibus
3164 1017 3302 1075 llens
3334 1017 3473 1075 dicit

221 1112 267 1155 ιιι
292 1101 441 1156 virtus
477 1115 701 1170 operum
750 1103 1142 1174 praedictorum
1191 1121 1366 1176 usque
1415 1106 1482 1162 ad
1531 1115 1764 1162 mortem
1869 1103 2187 1173 Apostolus,
2219 1105 2453 1160 inimicos
2485 1108 2652 1162 crucis
2677 1106 2894 1163 Christi.
2927 1109 3137 1166 Aliter:
3168 1109 3473 1168 Torrentes

218 1196 470 1253 Salvatoris
497 1197 829 1266 pervenerit.
874 1197 975 1255 Vel
1007 1199 1079 1254 ita
1122 1199 1541 1270 intelligendum
1579 1215 1593 1252 :
1639 1216 1763 1256 cum
1870 1207 1999 1251 sunt
2023 1207 2364 1267 peccatores,
2396 1201 2488 1269 qui
2522 1200 2575 1255 in
2606 1200 2709 1258 boe
2737 1217 2890 1258 mare
2919 1205 3102 1259 saeculi
3129 1219 3228 1274 per
3250 1204 3473 1261 deserta

219 1289 258 1345 ei
282 1290 423 1343 vitam
455 1287 651 1346 flerent
677 1291 885 1346 fluitant
915 1305 1038 1347 esse
1077 1307 1176 1362 per
1199 1307 1441 1354 crucem.
1486 1291 1767 1364 triumpho
1873 1287 2082 1343 notitim
2110 1288 2393 1358 deﬂuunt;
2429 1291 2484 1347 hi
2513 1307 2644 1364 ergo
2675 1293 2729 1349 in
2754 1294 3005 1352 cavernis
3036 1311 3298 1354 sensuum
3328 1313 3478 1356 com-

218 1387 513 1458 resurgentis
537 1402 606 1443 ex
637 1387 892 1458 mortuis,
921 1387 988 1443 ad
1018 1387 1246 1444 nihilum
1273 1396 1570 1446 conatuum
1594 1387 1769 1460 pessi-
1872 1394 2194 1452 morantur,
2227 1401 2528 1456 eorumque
2554 1387 2898 1446 delectantur
2923 1391 3121 1448 ofﬁciis
3155 1393 3220 1450 ad
3243 1409 3477 1464 peccan-

217 1496 395 1537 [norum
419 1480 584 1536 virtus
611 1481 839 1538 redacta
861 1495 967 1539 est.
1875 1479 2003 1533 dum
2031 1496 2044 1530 :
2079 1478 2181 1548 ipsi
2211 1490 2338 1535 sunt
2371 1481 2626 1537 feneSIrae
2657 1481 2876 1550 domus,
2911 1500 3008 1555 per
3041 1502 3180 1557 quas
3215 1502 3363 1544 mors
3388 1488 3476 1544 in-

270 1575 329 1630 Et
371 1577 468 1631 vita
505 1577 621 1642 ipsa
659 1577 978 1650 putabantur
1005 1579 1236 1654 indigni,
1277 1589 1504 1651 egestate
1547 1588 1593 1634 et
1634 1579 1771 1650 {ante
1875 1570 2140 1642 greditur.
2167 1572 2298 1629 Sive
2317 1590 2550 1630 caverna
2579 1578 2856 1646 serpentis
2878 1589 2962 1634 est
2986 1590 3175 1650 pectus
3205 1593 3477 1652 nostrum,

217 1668 406 1724 steriles.
439 1669 707 1726 Vitiorum
738 1685 964 1726 suorum
1010 1681 1068 1728 et
1096 1673 1387 1728 criminum
1435 1672 1579 1744 turpi
1609 1687 1768 1742 eges-
1875 1667 2096 1736 quando
2128 1667 2186 1723 in
2218 1683 2285 1723 eo
2315 1679 2585 1725 venenata
2627 1671 2880 1739 consilia,
2908 1680 2966 1729 et
2986 1673 3299 1733 mortiferos
3323 1685 3482 1734 actus

215 1771 302 1818 tale
325 1762 518 1831 effecti,
567 1771 625 1820 et
666 1763 809 1821 fame
838 1764 1185 1835 eloquiorum
1237 1766 1332 1822 Dei
1373 1765 1497 1822 facti
1529 1764 1768 1834 steriles,
1879 1759 2251 1816 recondimus-
2283 1761 2389 1828 lusi
2419 1777 2551 1817 vero
2576 1762 2834 1820 similiter
2858 1780 3029 1837 super
3050 1768 3294 1838 glaream
3326 1767 3484 1826 habi-

216 1856 628 1925 etutendici,vita
651 1858 878 1930 insuper
902 1860 1162 1931 pralsenti
1186 1860 1391 1933 indigni
1415 1871 1545 1917 sunt
1573 1861 1769 1928 habili,
1801 1849 1852 1912 B
1878 1863 2017 1920 tant,
2058 1857 2150 1925 qui
2191 1866 2390 1913 terram
2430 1871 2608 1929 suam,
2656 1860 2802 1916 nulla
2849 1877 3163 1918 sermonum
3214 1864 3310 1921 Dei
3354 1863 3485 1920 dili-

212 1953 328 2008 sicut
357 1953 620 2024 propheta
643 1953 723 2009 ait
749 1955 818 2011 ad
844 1953 1018 2010 Deum
1043 1973 1057 2010 :
1091 1953 1351 2028 Disperge
1371 1956 1491 2010 illos
1516 1957 1571 2010 in
1593 1961 1778 2011 virtute
1883 1951 2066 2022 gentia
2098 1952 2310 2021 colunt,
2347 1962 2404 2007 ut
2434 1964 2656 2024 accepta
2687 1955 2943 2012 ubertate
2966 1956 3332 2028 pinguedinis,
3359 1972 3487 2031 pos-

217 2059 306 2103 tlttt.
335 2045 480 2105 Unde
519 2064 672 2105 nunc
696 2048 750 2104 in
783 2047 967 2106 medio
995 2049 1280 2106 nationum
1311 2059 1437 2106 sunt
1465 2049 1615 2106 velut
1644 2065 1779 2120 capo
1883 2043 1990 2100 sint
2019 2045 2228 2101 fructus
2259 2046 2438 2101 facere
2460 2048 2791 2103 sanctitatis.

215 2139 315 2205 tiri,
338 2140 494 2197 vitam
525 2142 796 2198 ducentes
823 2141 1180 2214 degenerem.

276 2235 368 2303 Qui
396 2235 646 2292 rodebant
672 2237 727 2292 in
762 2237 1064 2301 solitudine.
1093 2237 1391 2310 squalentes
1420 2237 1713 2294 calamitate
1733 2246 1782 2293 et

211 2333 417 2400 miseria,
444 2343 492 2390 et
537 2335 853 2390 mandabant
877 2335 1085 2403 herbas,
1113 2347 1161 2392 et
1189 2337 1430 2390 arborum
1462 2335 1702 2404 cortices,
1736 2342 1784 2389 et

214 2424 344 2480 radis:
364 2427 736 2498 juniperorum
760 2437 870 2483 erat
909 2427 1052 2482 cibus
1078 2427 1308 2482 illorum.
1331 2427 1662 2495 Plerumque
1691 2425 1783 2482 ubi

211 2515 334 2574 Deus
355 2536 461 2578 non
490 2521 726 2591 habitat,
756 2522 809 2578 id
842 2531 951 2590 est,
998 2538 1108 2579 non
1138 2522 1366 2590 colitur,
1395 2521 1637 2578 solitudo
1665 2521 1786 2578 sive

213 2625 402 2668 eremus
437 2614 794 2686 appellatur:
828 2615 882 2672 in
914 2631 1020 2687 qua
1061 2617 1365 2672 secundum
1394 2616 1785 2688 Apocalypsim

211 2705 407 2772 mulier,
442 2708 495 2764 id
523 2719 636 2772 est,
679 2711 994 2780 corruptela
1039 2709 1242 2768 sedere
1268 2711 1489 2767 dicitur.
1525 2709 1785 2768 Mandere

212 2798 338 2855 enim
384 2801 505 2858 sive
537 2803 763 2870 rodere,
795 2817 936 2873 opus
975 2811 1060 2859 est
1087 2802 1359 2872 dentium,
1396 2803 1650 2873 quoniam
1680 2819 1785 2860 vox

209 2894 476 2952 articulata
512 2895 773 2952 dentibus
798 2904 855 2952 et
885 2896 1091 2967 plcetro
1122 2895 1321 2967 linguae
1351 2895 1611 2962 eflicitur,
1664 2895 1788 2952 ideo

207 2982 281 3041 bis
320 2987 524 3056 verbis,
581 2987 829 3044 doctrina
872 2989 1261 3060 praedictorum
1304 2987 1663 3060 signiﬁcatur,
1695 2988 1790 3060 qui

207 3080 416 3150 populos
444 3090 734 3154 tamquam
783 3081 991 3138 herbas
1026 3092 1081 3138 et
1108 3081 1576 3139 infructuosarum
1627 3081 1793 3140 arbo-

205 3184 310 3227 rum
350 3174 569 3232 radices
613 3173 930 3232 mandendo
972 3183 1138 3247 atque
1176 3175 1440 3240 rodendo,
1473 3175 1528 3231 in
1571 3191 1791 3233 errores

1961 2137 2062 2204 Qui
2090 2139 2223 2192 inter
2252 2139 2615 2206 hujuscemodi
2643 2141 2989 2208 (relabantur;
3012 2155 3061 2198 et
3087 2161 3199 2200 esse
3228 2144 3323 2200 sub
3367 2161 3490 2201 seno

1892 2232 2027 2286 tibus
2055 2231 2271 2288 delicias
2300 2233 2687 2306 computabant.
2723 2235 2868 2292 Inter
2897 2236 3015 2292 haec
3045 2239 3184 2294 mala
3212 2256 3336 2311 qua:
3365 2248 3494 2297 sunt

1887 2323 2032 2381 dicta
2058 2327 2336 2396 superius,
2379 2326 2456 2384 ita
2501 2329 2839 2386 exsultantes
2867 2332 3068 2402 gaudio
3093 2333 3311 2402 vivunt,
3345 2344 3490 2390 tam-

1889 2433 2052 2490 quam
2081 2420 2125 2474 si
2157 2430 2471 2492 qutererent
2512 2423 2762 2478 virtutes.

1962 2511 2097 2567 Filii
2121 2514 2424 2581 stultorum,
2470 2524 2518 2570 et
2556 2515 2894 2587 ignobilium,
2929 2527 2976 2572 et
3013 2517 3066 2572 in
3109 2528 3250 2574 terra
3289 2520 3496 2592 penitus

1889 2622 1994 2661 non
2037 2617 2294 2677 parentes.
2329 2607 2408 2663 Ita
2437 2609 2585 2665 enim
2628 2620 2682 2666 et
2713 2609 2782 2666 de
2828 2627 3018 2667 eorum
3054 2613 3326 2683 patribus,
3363 2629 3494 2684 pro-

1894 2699 2057 2770 pheta
2075 2700 2188 2771 jam
2215 2711 2345 2758 ante
2374 2701 2704 2772 prmdixcrat
2733 2722 2746 2758 :
2779 2703 3064 2760 Generatio
3093 2723 3255 2774 prava
3297 2719 3344 2762 et
3373 2725 3497 2779 per-

1895 2809 2063 2861 versa,
2090 2795 2314 2867 populus
2341 2796 2552 2865 stultus,
2583 2807 2632 2852 et
2669 2813 2772 2852 non
2802 2798 3032 2870 sapiens,
3061 2797 3276 2855 alienati
3298 2817 3330 2854 a
3355 2810 3499 2856 terra

1893 2887 2192 2944 viventium.

1969 2979 2126 3036 Nunc
2156 2982 2209 3036 in
2237 2998 2416 3037 eorum
2459 2982 2720 3038 canticum
2752 2999 2926 3040 versus
2961 3002 3078 3041 sum
3113 2986 3208 3054 eis,
3239 2997 3288 3043 et
3325 2991 3500 3060 [actus

1901 3090 2015 3130 sum
2060 3075 2410 3148 proverbium.
2459 3077 2515 3132 ld
2562 3085 2667 3146 est,
2703 3078 2756 3133 in
2791 3079 2970 3150 primo
3015 3096 3296 3151 sermone,
3341 3094 3396 3140 et
3442 3086 3502 3142 in

1899 3183 2091 3224 eorum
2115 3183 2214 3226 ore
2239 3185 2339 3241 ego
2369 3185 2510 3238 sum,
2539 3182 2594 3228 et
2626 3173 2694 3228 ab
2725 3173 2808 3228 eis
2838 3172 3200 3231 delectatione
3226 3175 3503 3233 obtrecta-

201 3281 320 3323 suos
350 3269 715 3340 multiplices,
765 3268 920 3326 velut
960 3267 1015 3325 in
1046 3284 1205 3325 suum
1257 3284 1457 3340 corpus
1489 3269 1788 3340 trajiciunt.
1821 3251 1870 3319 Ο
1903 3263 2064 3320 tionis
2094 3278 2377 3320 assumor.

204 3358 400 3418 Etenim
431 3363 590 3435 pasci
619 3378 682 3420 se
709 3363 1074 3430 arbitrantur,
1115 3363 1161 3419 si
1190 3363 1260 3419 ab
1287 3361 1618 3432 hominibus,
1653 3380 1792 3436 quos

199 3453 328 3510 solet
356 3455 650 3528 Scriptura
694 3457 923 3514 arbores
967 3455 1267 3528 appellare,
1298 3457 1560 3528 quidquid
1594 3459 1796 3516 habent

201 3545 353 3604 rilale
378 3549 782 3607 subtraxerint.
831 3549 1134 3606 Radieihus
1178 3550 1560 3622 juniperorum
1595 3551 1795 3608 nihilo-

197 3640 365 3698 minus
395 3645 631 3700 aluntur
658 3661 672 3698 :
705 3644 964 3701 arborum
995 3645 1210 3701 scilicet
1236 3645 1399 3718 longa
1419 3655 1578 3702 aetate
1606 3647 1794 3704 viven-

199 3733 341 3803 tium,
374 3745 431 3792 et
475 3739 534 3794 in
563 3753 798 3810 quarum
842 3737 1002 3810 lignis
1029 3738 1202 3794 multo
1233 3738 1438 3795 diutius
1468 3741 1607 3812 ignis
1628 3756 1793 3812 quam

196 3826 244 3883 in
270 3832 488 3888 caeteris
515 3834 706 3888 durat.
739 3833 846 3888 Ista
873 3842 1002 3888 sunt
1025 3833 1194 3904 ligna,
1214 3849 1333 3906 qua:
1352 3835 1673 3890 arccuthina
1694 3851 1794 3908 ap-

196 3923 485 3990 pellantur.
537 3926 657 3982 Sub
687 3926 948 3982 arborum
982 3926 1178 3982 harum
1227 3928 1522 3998 vocabulo,
1569 3943 1795 4000 magnos

194 4029 430 4090 quosque
461 4019 695 4076 nomine
729 4020 783 4076 in
818 4019 1021 4092 populo
1047 4019 1283 4077 Judaico
1314 4021 1623 4093 intelligere
1669 4037 1798 4093 pos-

192 4124 392 4180 sumus,
421 4131 673 4187 quorunt
707 4114 956 4184 przedicti
996 4115 1257 4172 doctores
1297 4115 1491 4172 intima
1521 4116 1794 4173 viscerum

194 4202 588 4278 depascuntur,
625 4208 867 4266 iurando
896 4212 946 4266 ei
977 4209 1372 4282 praedicatione
1402 4211 1538 4283 legis
1565 4221 1793 4284 przeter-

190 4296 295 4366 itaa,
328 4301 546 4358 bonum
574 4303 767 4374 gratia:
794 4302 1021 4360 Christi.

259 4393 364 4464 Qui
394 4397 464 4452 de
497 4395 828 4452 convallibus
850 4397 951 4453 ista
972 4400 1251 4472 rapientes,
1283 4416 1402 4454 cum
1423 4398 1631 4471 singula
1653 4415 1799 4471 repe-

190 4486 390 4559 rissent,
425 4492 504 4545 ad
537 4506 603 4546 ea
625 4506 739 4544 cum
763 4491 991 4546 clamore
1017 4491 1316 4547 currebant.
1356 4492 1430 4548 De
1459 4492 1799 4548 convallibus

191 4582 368 4655 utique
392 4585 632 4652 herbas,
665 4593 724 4640 ut
750 4583 924 4651 fures,
957 4584 1104 4655 quod
1133 4585 1226 4640 alii
1250 4586 1612 4642 trauslatores
1645 4585 1800 4642 dise-

1969 3356 2348 3412 Abominantur
2378 3374 2478 3425 nte,
2517 3369 2563 3412 et
2598 3359 2803 3430 fugiunt
2834 3377 2866 3416 α
2899 3377 3000 3427 me,
3031 3371 3078 3416 et
3112 3363 3297 3434 faciem
3337 3379 3505 3420 meam

1895 3467 2080 3524 spuere
2125 3468 2230 3506 non
2275 3460 2527 3508 verentur.
2572 3452 2790 3508 Faciem
2840 3469 2977 3510 vero
3014 3466 3340 3526 consputatu
3390 3458 3504 3514 Do-

1899 3547 2030 3601 mini
2062 3546 2386 3613 Salvatoris,
2422 3545 2540 3616 ipsa
2573 3548 2756 3617 passio
2786 3547 2906 3619 ejus
2934 3548 3091 3606 nobis
3122 3547 3180 3604 in
3206 3549 3507 3624 Evangelia

1898 3641 2193 3698 manifeste
2219 3642 2580 3699 demonstrat.

1971 3735 2287 3791 Pharetram
2325 3736 2463 3790 enim
2501 3753 2648 3791 suam
2694 3738 2916 3808 aperuit,
2952 3745 3000 3792 et
3029 3739 3227 3809 afﬂixit
3257 3755 3358 3793 me.
3406 3738 3506 3795 Hic

1901 3833 2185 3904 pharetra,
2219 3831 2481 3887 diabolus
2508 3831 2734 3903 intelligi
2768 3841 2969 3902 potest.
3000 3831 3066 3886 Et
3095 3833 3350 3902 quoniam
3377 3847 3502 3887 cre-

1899 3929 2080 3984 dimus
2121 3928 2466 3983 Snlvatorem
2518 3942 2707 3982 verum
2763 3924 3044 3982 hominem
3099 3925 3503 3996 assumpsisse:

1900 4037 2007 4077 non
2033 4020 2330 4076 absurdum
2353 4029 2458 4087 est,
2486 4028 2543 4075 ut
2572 4018 2861 4075 credamus
2885 4017 3031 4088 quod
3061 4027 3115 4074 et
3135 4018 3354 4074 dolores
3381 4034 3508 4074 cor-

1901 4115 2052 4185 poris
2082 4112 2320 4168 voluerit
2363 4113 2417 4167 in
2464 4111 2714 4181 passione
2757 4110 2962 4167 sentire
2993 4129 3006 4164 :
3037 4110 3336 4166 secundum
3371 4111 3504 4168 illud

1901 4207 2182 4279 pr0phetaa
2215 4223 2228 4260 :
2269 4203 2394 4277 Ipse
2430 4205 2758 4276 inﬁrmitates
2802 4212 3007 4260 nostras
3040 4205 3281 4275 suscepit,
3324 4212 3370 4258 et
3407 4219 3505 4276 pro

1900 4299 2044 4354 nobis
2061 4299 2220 4354 dolet.

1973 4392 2042 4447 Et
2071 4394 2279 4465 frenum
2317 4392 2486 4464 posuit
2512 4391 2566 4446 in
2595 4407 2651 4445 os
2681 4407 2869 4445 meum.
2920 4389 3100 4444 lllatas
3143 4387 3504 4445 contumelias

1904 4487 2167 4561 patientia
2198 4483 2642 4541 demonstravit:
2676 4483 2819 4537 sicut
2845 4481 2965 4552 ipse
3007 4479 3176 4536 Filius
3206 4481 3262 4535 in
3294 4480 3508 4551 psalmo

1903 4585 1981 4637 ait
2006 4583 2074 4638 ad
2108 4581 2366 4636 Patrem:
2403 4578 2666 4643 Quoniam
2716 4587 2772 4632 tu
2819 4594 2871 4633 es
2912 4576 3163 4651 patientia
3210 4591 3345 4641 mea,
3390 4574 3508 4630 Do-

187 4686 330 4746 runt,
377 4689 440 4736 et
483 4681 741 4734 arborum
780 4679 1017 4746 cortices,
1064 4679 1304 4750 rapiunt.
1347 4678 1464 4734 Non
1510 4679 1654 4736 enim
1701 4697 1794 4734 eos
1821 4659 1878 4723 Ῑ)
1905 4677 2061 4731 mine.
2129 4676 2197 4731 Et
2251 4673 2307 4729 in
2366 4672 2696 4744 Evangelia,
2759 4673 3123 4744 interrogatus
3180 4671 3342 4728 Jesus
3396 4686 3505 4727 non

187 4784 316 4841 quos
343 4772 600 4836 herbas.
627 4773 864 4830 cortices
888 4782 943 4830 et
979 4773 1192 4829 radices
1221 4773 1477 4830 arborum
1508 4789 1605 4844 per
1625 4775 1799 4846 :enig-

182 4866 336 4922 matis
365 4866 802 4924 similitudinem
833 4865 1207 4922 intelleximus
1235 4907 1250 4932 ,
1281 4867 1335 4922 in
1395 4867 1630 4923 excelsis
1660 4867 1799 4924 locis

184 4967 346 5032 atque
378 4959 672 5016 similibus
704 4967 1006 5030 potuerunt
1031 4957 1282 5015 invenire
1320 4977 1334 5013 :
1365 4960 1459 5015 sed
1491 4961 1543 5015 iu
1575 4963 1802 5018 conval-

182 5052 343 5120 libus,
398 5054 723 5110 humilibus
772 5053 984 5108 scilicet
1020 5053 1179 5117 locis,
1222 5064 1277 5108 et
1323 5052 1375 5107 in
1411 5054 1665 5110 inferiora
1706 5056 1800 5111 dc-

178 5149 408 5218 pressis,
447 5148 552 5204 ubi
601 5147 893 5218 signiﬁcati
923 5156 1049 5202 sunt
1079 5147 1334 5203 carnales
1365 5147 1552 5218 populi
1591 5146 1799 5204 .ludrvo-

178 5257 294 5299 ratu
317 5261 330 5297 :
351 5257 611 5316 quorum
639 5240 955 5297 intellectus
981 5241 1036 5296 in
1060 5240 1365 5298 occidentis
1389 5241 1585 5298 litterae
1609 5258 1794 5311 sensu,

179 5339 330 5396 velut
385 5341 447 5396 in
507 5337 873 5394 inferioribus
917 5346 1310 5393 commoratur.
1347 5337 1488 5392 llinc
1536 5353 1632 5393 eos
1683 5339 1797 5408 pri-

175 5447 359 5488 mores
409 5447 624 5488 eorum
654 5429 1079 5500 depopulantur,
1105 5427 1232 5484 dum
1265 5428 1399 5484 caeci
1444 5430 1604 5484 caecis
1634 5431 1797 5485 duca-

177 5535 287 5583 tum
320 5527 620 5599 prmbent.

243 5620 312 5676 In
364 5621 610 5677 desertis
651 5619 953 5674 habitabant
1006 5618 1332 5683 torrentium,
1378 5628 1422 5673 et
1469 5618 1523 5672 in
1577 5619 1808 5673 cavernis

178 5727 332 5775 terra:
349 5737 370 5789 ;
407 5719 499 5774 vel
534 5735 692 5790 super
723 5716 976 5790 glaream,
1007 5717 1094 5787 qui
1125 5717 1260 5770 inter
1281 5715 1640 5787 hujuscemodi
1669 5715 1814 5770 ltela-

174 5815 396 5884 bantur,
433 5824 489 5870 et
521 5830 640 5870 esse
659 5813 753 5869 sub
779 5813 1007 5868 sentibus
1038 5813 1254 5867 delicias
1278 5812 1664 5881 computabant.
1696 5811 1812 5866 Non

177 5917 408 5985 tantum
459 5909 524 5966 in
575 5907 808 5964 desertis
849 5908 1271 5980 praedictorum,
1319 5906 1411 5963 ubi
1452 5907 1669 5966 cultura
1718 5906 1815 5966 Dei

577 6002 854 6069 Ps'rnon.
901 6000 1132 6070 XXVI.

1903 4769 2208 4841 respondit.

1977 4863 2057 4918 Ad
2103 4861 2368 4917 dexteram
2417 4861 2632 4916 orientis
2662 4859 2980 4915 calamitates
3010 4876 3158 4926 mete,
3189 4860 3335 4915 illico
3387 4875 3504 4912 sura

1904 4965 2164 5011 rexerant.
2200 4955 2255 5012 Id
2288 4965 2392 5019 est,
2421 4955 2490 5011 de
2518 4955 2796 5010 voluntate
2821 4954 3024 5019 Patris,
3047 4953 3112 5006 ad
3140 4952 3295 5022 cujus
3318 4951 3509 5007 dexte-

1906 5066 2024 5107 ram
2060 5049 2234 5106 Filius
2260 5048 2434 5105 sedet.
2469 5048 2569 5103 Vel
2601 5048 2703 5104 hoc
2730 5048 2826 5110 ait,
2873 5046 3015 5117 quod
3058 5046 3124 5100 ad
3171 5044 3370 5100 Filium
3406 5045 3505 5100 Dei

1907 5146 2072 5201 etiam
2119 5143 2187 5199 ad
2230 5159 2352 5199 eam
2402 5150 2636 5212 partem,
2665 5155 2766 5212 qua
2799 5138 3155 5209 impassihilis
3181 5147 3285 5203 est,
3315 5146 3510 5192 contu-

1907 5240 2070 5302 melia
2103 5239 2250 5311 passi
2283 5237 2522 5292 hominis
2547 5235 2808 5306 assumpti
2844 5232 3176 5304 pervenerit,
3202 5231 3503 5287 secundum

1907 5331 2528 5405 Apostolumdieentetn
2573 5347 2587 5385 :
2639 5328 2700 5383 Si
2743 5329 2881 5382 enim
2926 5327 3302 5399 cognovissent,
3355 5341 3507 5379 num-

1905 5447 2062 5502 quam
2105 5429 2276 5482 Deum
2316 5427 2600 5498 majestatis
2641 5423 3034 5491 cruciﬁxissent.
3081 5421 3351 5489 Quoniam
3396 5421 3513 5490 ipse

1912 5533 1998 5579 est
2030 5522 2255 5578 dextera
2297 5519 2500 5584 Patris,
2534 5533 2732 5573 manus
2777 5525 2832 5572 et
2863 5514 3173 5581 brachium,
3205 5531 3303 5583 per
3347 5529 3514 5584 quem

1912 5615 2054 5670 facta
2105 5615 2292 5669 omnia
2341 5612 2765 5684 gubernantur:
2799 5615 2857 5665 et
2905 5608 3160 5678 discipuli
3217 5608 3388 5678 magis
3437 5606 3510 5662 de

1917 5712 2131 5768 dextris
2164 5710 2312 5765 illius
2341 5716 2524 5774 erant,
2558 5722 2718 5776 quem
2749 5705 2801 5759 in
2836 5713 3081 5775 tempore
3111 5702 3380 5775 passionis
3410 5702 3512 5756 de-

1919 5804 2287 5874 reliquerunt.
2318 5801 2394 5855 De
2427 5799 2625 5870 quibus
2660 5799 2734 5853 ait
2761 5816 2772 5852 :
2803 5796 3209 5854 Considerabam
3238 5798 3305 5852 ad
3332 5796 3516 5854 dexte-

1920 5918 2058 5974 ram,
2082 5911 2131 5960 et
2160 5915 2265 5956 non
2291 5907 2403 5955 erat
2431 5897 2519 5969 qui
2549 5906 2877 5970 coquosceret
2901 5914 2998 5953 me.

2970 5991 3050 6056 23
