3948 6334
469 232 575 299 715

1273 224 1625 295 APPENDIX
1664 232 1757 292 AD
1795 222 2038 293 TOMUM
2076 222 2426 296 SEPTIMUM
2465 235 2525 296 S.
2565 228 2969 301 lllERONYMl.

3626 248 3714 313 ⁸118

542 355 711 412 Pedes
766 368 904 411 meos
954 351 1325 422 subuerterant,
1369 362 1420 409 et
1468 360 1857 426 oppresserunt.
1909 353 2072 420 Quasi
2098 352 2152 417 Α
2179 371 2352 412 meam
2383 373 2576 415 onmes
2604 361 2842 433 undique
2872 377 2959 419 me
2988 359 3139 419 velut
3162 359 3609 438 cxstrattgulantes
3628 332 3732 429 ιιι-ἵ

469 452 714 526 ﬂuctibus
753 451 945 506 semitis
973 452 1082 504 suis
1110 450 1485 521 dissipaverunt
1517 450 1702 505 itinera
1750 466 1882 505 mea.
1928 448 2071 505 Insi-
2128 476 2139 505 ι
2172 452 2595 521 cumdederunt,
2625 462 2682 510 et
2708 462 2777 511 ut
2800 470 2888 511 me
2917 454 3371 526 prmlocarentvin
3399 471 3578 528 morte,
3605 474 3727 520 tam-‘

471 547 602 601 dixti
628 555 744 599 sunt
774 544 919 612 mihi,
944 552 992 597 et
1022 543 1424 615 prwvaluerunt,
1455 550 1505 595 et
1536 558 1640 605 non
1666 543 1761 613 [uit
1788 543 1878 614 qui
1914 545 2070 615 ferret

469 639 751 705 auxilium,
791 640 939 709 quasi
980 645 1132 708 rupto
1172 651 1350 704 muro,
1392 643 1440 688 et
1474 646 1652 707 aperta
1682 637 1878 708 janua,
1921 649 1967 694 et
2001 637 2078 701 ad,

472 752 612 791 meas
637 732 870 787 miserias
902 727 1129 786 devoluti
1151 738 1292 783 sunt.
1320 727 1519 797 Pedes,
1553 728 1789 786 humana
1819 733 2072 793 subsunt.

470 837 570 901 tia,
604 847 762 901 quam
807 830 1223 899 cruciﬁxerunt,
1266 828 1497 900 intelligi
1539 836 1743 901 potest,
1791 827 1894 891 vel:
1918 836 2074 886 certe

475 926 885 999 evangelizandi
910 924 1178 989 ofﬁcium.
1218 924 1277 987 ln
1305 924 1587 994 ﬂuctibus,
1611 937 1827 981 autaros
1850 922 2073 985 Judteos

472 1038 605 1098 erga
636 1022 1026 1095 pra-dicatores
1058 1019 1339 1093 Evangelii
1366 1025 1472 1091 ,et
1509 1017 1781 1091 inquietos
1808 1033 1936 1077 esse
1968 1017 2074 1077 ide-

472 1125 765 1173 monstrat.
1088 1166 1091 1171 ,
1246 1154 1276 1187 Α
1554 1162 1557 1171 .

544 1210 936 1283 Dissipaverunt
957 1208 1113 1263 etiam
1128 1209 1315 1264 itinera
1334 1223 1470 1262 mea.
1494 1203 1893 1278 Prophetarum
1921 1217 2076 1260 meo-

470 1321 590 1362 rum
622 1302 888 1369 oraculis,
920 1302 1190 1359 adventus
1221 1302 1328 1371 mei
1369 1301 1623 1365 in,carne
1668 1298 1778 1361 illis
1820 1313 2073 1370 praiseno

473 1400 605 1469 tiam
634 1398 958 1468 pollicebar,
985 1406 1043 1452 et
1072 1399 1128 1451 in
1166 1394 1470 1451 visionibus
1499 1391 1898 1450 revelationum
1928 1405 2077 1461 sape

476 1495 766 1552 veniebam
795 1494 863 1548 ad
895 1507 1014 1549 eos.
1049 1490 1177 1547 Haec
1220 1491 1409 1561 utique
1440 1488 1641 1545 itinera
1670 1502 1791 1543 mea
1821 1486 2076 1542 incredu-

474 1589 630 1645 litate
674 1598 839 1657 atque
885 1585 1188 1656 impietatis
1234 1597 1349 1639 suae
1394 1581 1601 1637 scelere
1646 1580 2073 1650 dissipaverunt.

2172 564 2334 619 quam
2366 563 2461 604 ora
2488 547 2691 617 capitii,
2718 547 2951 605 fortibus
2977 548 3233 606 videlicet
3258 551 3477 622 laqueis,
3499 553 3722 615 falsorum

2174 641 2614 698 testimoniorum
2670 657 2757 698 me
2810 644 3122 710 cinxerunt,
3167 653 3224 700 et
3262 644 3401 700 intra
3451 651 3733 718 passionem‘

2174 754 2351 795 meam
2400 748 2459 795 et
2497 746 2739 808 crucem,
2789 739 2944 810 quasi
2993 740 3133 796 intra
3183 741 3417 797 tunicam
3463 757 3544 799 me
3577 743 3727 801 inclu-

2173 843 2383 892 serunt.

2242 925 2590 998 Comparatus
2623 944 2738 982 sum
2774 928 2908 996 luto,
2940 937 2989 984 et
3025 929 3346 985 assimilatas
3381 931 3560 1002 favillis
3585 941 3628 987 et
3667 932 3731 988 ci-

2174 1021 2303 1077 neri.
2330 1021 2438 1078 Per
2469 1032 2701 1079 mortem
2744 1037 2909 1094 quam
2934 1026 3130 1081 volens
3157 1024 3397 1095 suscepi,
3422 1033 3735 1095 comparatus

2174 1128 2298 1171 sum
2327 1114 2551 1182 vilibus,
2598 1124 2656 1171 et
2698 1125 2928 1187 peccato
2973 1116 3253 1186 obnoxiis,
3291 1126 3455 1187 atque
3493 1117 3551 1173 in
3583 1117 3732 1176 Adam

2175 1208 2275 1265 Dei
2308 1212 2584 1264 sententia
2615 1209 3020 1279 condemnatis,
3050 1224 3175 1267 cum
3207 1211 3328 1282 ipse
3369 1218 3611 1282 peccator
3639 1228 3734 1270 non

2175 1300 2301 1370 sim,
2334 1315 2513 1371 neque
2541 1301 2620 1356 ita
2644 1311 2703 1357 ut
2728 1316 2933 1359 omnes
2954 1312 3276 1372 peccatores
3303 1302 3492 1359 iuerint
3516 1313 3674 1359 natus.

2246 1393 2432 1450 Clamo
2459 1394 2528 1450 ad
2558 1403 2631 1464 te,
2648 1404 2700 1451 et
2721 1412 2824 1451 non
2846 1396 3064 1452 exaudis
3094 1412 3173 1452 nte
3194 1411 3214 1451 :
3234 1406 3336 1465 sto,
3361 1406 3411 1451 et
3433 1412 3531 1453 non
3555 1399 3738 1471 respicis

2174 1506 2278 1545 me.
2307 1490 2385 1546 Ita
2416 1498 2472 1547 et
2504 1491 2557 1546 in
2592 1490 2856 1549 vicesimo
2884 1490 3065 1563 primo
3094 1493 3330 1564 psalmo,
3361 1494 3414 1548 in
3452 1506 3608 1550 cruce
3646 1494 3740 1550 cla-

2178 1584 2347 1641 mavit
2376 1585 2445 1640 ad
2490 1583 2710 1642 Patrem
2738 1601 2751 1639 :
2777 1582 2923 1640 Deus
2970 1601 3134 1654 meus,
3166 1596 3236 1642 et
3276 1586 3521 1657 reliqua:
3549 1585 3611 1641 Et
3647 1587 3739 1641 cla-

476 1684 716 1741 Possunt
746 1684 911 1737 etiam
942 1680 1111 1752 pedes
1139 1677 1280 1749 ejus,
1306 1674 1695 1748 praedicatores
1724 1672 1809 1728 vel
1840 1669 2077 1743 apostoli
2178 1678 2332 1734 mabo
2359 1696 2459 1751 per.
2481 1679 2643 1745 diem,
2670 1681 2720 1736 et
2749 1696 2854 1735 non
2882 1679 3159 1749 exaudies,
3188 1688 3243 1736 et
3269 1688 3488 1737 catera.
3518 1679 3635 1736 Hac
3660 1680 3744 1752 igi-

474 1780 593 1852 ejus
625 1778 888 1847 intelligi.
917 1775 987 1831 Et
1016 1789 1121 1830 non
1164 1773 1262 1828 luit
1290 1773 1386 1843 qui
1418 1770 1591 1827 ferret
1629 1768 1916 1832 auxilium,
1947 1767 2074 1839 quia
2103 1757 2154 1820 B
2182 1784 2268 1830 ωι-
2310 1775 2475 1831 νει-δα
2520 1774 2781 1830 dicuntur
2826 1789 2896 1831 ex
2939 1788 3171 1846 persona
3213 1774 3480 1831 cruciﬁxi
3504 1792 3518 1829 ε
3543 1774 3672 1830 sicut
3696 1784 3745 1833 τι

476 1886 533 1934 et
555 1874 656 1948 ipsi
675 1870 954 1943 discipuli,
987 1869 1182 1925 relicto
1200 1884 1290 1934 eo,
1318 1864 1706 1937 confugerunt.
1731 1863 1898 1932 Quasi
1913 1871 2077 1933 rupto
2140 1870 2302 1938 talia,
2335 1886 2457 1940 quae
2489 1869 2603 1941 jam
2652 1870 2771 1925 dixi
2817 1872 3092 1941 superius.
3134 1870 3416 1937 Clamabo,
3459 1871 3641 1943 inquit,
3670 1887 3747 1944 per

474 1988 658 2038 muro,
692 1980 746 2025 et
790 1976 981 2037 aperta
1018 1964 1183 2034 janua
1228 1963 1515 2019 irruerunt
1554 1974 1719 2031 super
1767 1971 1877 2021 me,
1908 1964 1965 2012 et
2006 1955 2077 2011 ad

476 2080 628 2121 meas
676 2062 929 2117 miserias
981 2056 1223 2113 devoluti
1275 2066 1423 2122 sunt,
1476 2051 1529 2109 id
1578 2061 1685 2119 est,
1737 2065 1834 2121 per
1884 2063 2075 2111 necem

481 2171 656 2217 meam
702 2155 753 2209 in
786 2152 1001 2209 ruinam
1054 2164 1215 2205 suam
1250 2144 1391 2218 lapsi
1419 2152 1567 2212 sunt,
1602 2151 1667 2199 ut
1705 2143 1863 2211 quasi
1895 2152 2077 2197 trucu-

478 2246 771 2305 lentissimi
812 2246 1001 2305 hostes
1030 2251 1084 2298 et
1124 2238 1480 2304 ferocissimi,
1534 2236 1765 2308 irruptis
1795 2236 2079 2291 civitatum

483 2339 904 2405 munitionibus,
926 2335 1291 2407 domibusque
1314 2329 1577 2398 elfractis,
1603 2328 1658 2384 in
1687 2342 1878 2385 necem
1902 2342 2080 2387 meam

480 2448 678 2488 onmes
707 2431 909 2501 pariter
937 2425 1273 2499 prosilirent.
1303 2423 1545 2481 Miseria:
1583 2430 1765 2481 autem
1798 2419 2080 2491 passiones

481 2536 630 2595 sunt,
673 2525 912 2595 ﬂagella,
943 2521 1150 2592 illusio,
1186 2518 1426 2591 probra,
1479 2516 1677 2589 alapae,
1722 2524 1903 2587 sputa,
1935 2514 2082 2572 cola-

482 2624 599 2697 phi,
629 2621 801 2692 spinm
826 2626 883 2675 et
908 2615 1205 2689 ignominia
1234 2613 1439 2679 crucis.
1528 2674 1533 2680 ,
1764 2656 1769 2665 .
1802 2660 1805 2665 .

553 2713 818 2771 Reductus
843 2726 957 2766 sum
977 2709 1032 2762 in
1058 2704 1305 2779 nihilum.
1330 2703 1509 2763 Judati
1536 2703 1901 2777 deSpicientes
1926 2717 2080 2774 eum,

483 2822 586 2881 pro
616 2805 790 2862 nihilo
820 2803 1167 2861 habuerunt.
1226 2852 1231 2863 ,
1296 2848 1301 2857 .

558 2898 830 2955 Abstulisti
856 2896 1006 2970 quasi
1041 2902 1245 2950 ventum
1282 2891 1597 2948 desiderium
1628 2906 1817 2962 meum,
1849 2899 1898 2947 et
1933 2889 2086 2963 quasi

484 2993 641 3050 nubes
667 2990 963 3065 pertransiit
990 2989 1133 3051 salus
1153 3004 1290 3045 utea.
1315 2985 1522 3043 Ventus
1552 2999 1798 3056 prtesens
1825 2982 1946 3040 haec
1975 2984 2086 3041 vita

2177 1965 2315 2020 diem
2337 1964 2405 2020 ad
2435 1974 2521 2020 te:
2548 1965 2601 2021 id
2629 1976 2739 2033 est,
2771 1966 2826 2022 in
2856 1965 3525 2039 rebusprosperis'hujus
3543 1968 3675 2038 vita,
3700 1977 3749 2024 ut

2178 2075 2290 2117 non
2335 2068 2650 2116 mutentur:
2680 2076 2783 2119 nec
2810 2062 3062 2131 exaudis,
3107 2061 3390 2118 inrverbis
3437 2061 3743 2119 delictorum.

2178 2151 2439 2208 Clamabo
2466 2161 2523 2208 et
2560 2154 2613 2208 in
2646 2164 2828 2222 nocte,
2853 2153 2914 2210 id
2939 2164 3047 2220 est,
3090 2155 3146 2209 in
3183 2154 3444 2211 adversis
3469 2155 3588 2211 vitae
3612 2154 3749 2226 hujus

2180 2248 2456 2315 clamabo,
2483 2258 2541 2303 ut
2563 2257 2980 2321 prosperentur,
3001 2257 3061 2306 et
3079 2247 3349 2306 similiter
3370 2264 3481 2305 non
3500 2249 3749 2307 exauditus.

2180 2340 2372 2410 Neque
2399 2340 2506 2398 hoc
2534 2342 2672 2397 satis
2696 2341 2769 2397 ad
2800 2340 3169 2412 insipientiam
3198 2342 3358 2411 Inibi,
3394 2344 3493 2401 sed
3516 2345 3680 2415 potius
3705 2351 3755 2402 ut

2181 2433 2390 2505 sapiam
2419 2432 2547 2504 quid
2579 2433 2820 2491 clamare
2846 2449 2941 2491 me
2962 2435 3105 2491 velis
3127 2451 3152 2489 te
3178 2452 3286 2491 non
3310 2436 3514 2494 rverbis
3547 2434 3752 2494 delictoo‘

2180 2542 2301 2583 rum
2332 2543 2395 2583 ex
2425 2526 2704 2584 desiderio
2743 2527 3066 2598 temporalis
3106 2528 3256 2599 vitze,
3280 2529 3403 2587 reed
3444 2530 3618 2587 verbis
3641 2544 3756 2587 con-

2182 2621 2452 2678 versionis
2472 2620 2549 2677 ad
2579 2631 2635 2678 te
2660 2621 2713 2676 in
2742 2621 2911 2678 vitam
2944 2631 3232 2678 aeternam.

2257 2714 2492 2773 Mutatus
2522 2732 2578 2773 es
2608 2716 2738 2771 mihi
2781 2716 2836 2771 in
2866 2715 3153 2783 crudelem,
3195 2726 3247 2772 et
3274 2716 3332 2773 in
3374 2718 3567 2773 duritia
3598 2733 3757 2773 manus

2184 2819 2287 2865 tute
2311 2808 2601 2865 aduersaris
2629 2808 2779 2865 mihi.
2812 2807 2952 2865 Dum
2994 2809 3163 2866 Pater
3187 2810 3356 2867 unico
3388 2810 3528 2867 Filio
3550 2826 3653 2867 non
3679 2823 3759 2882 pe-

2184 2907 2381 2979 percit,
2411 2906 2508 2962 sed
2541 2920 2642 2977 pro
2668 2903 2833 2961 nobis
2860 2903 3119 2961 omnibus
3166 2903 3395 2961 tradidit
3437 2904 3584 2961 illum
3608 2920 3623 2960 :
3647 2918 3759 2961 cru-

2185 3004 2432 3061 delitatis
2454 3001 2676 3074 species
2700 2999 3018 3068 videbatur,
3045 2998 3193 3071 quod
3221 3008 3342 3056 erat
3372 3000 3479 3072 piae
3505 2999 3761 3072 dispensr

485 3096 665 3161 potest
697 3084 947 3155 intelligi,
977 3098 1100 3155 quas
1138 3083 1461 3154 plerumque
1489 3078 1671 3149 venti,
1701 3078 1819 3136 sive
1859 3076 2085 3149 Spiritus
2112 3146 2155 3161 _
2186 3096 2354 3153 ιῖοηίε
2381 3094 2631 3151 agemus,

483 3181 708 3238 nomine
733 3177 1100 3249 appellantur.
1133 3174 1213 3230 Ex
1242 3186 1478 3245 persona
1506 3185 1638 3243 ergo
1665 3170 1869 3227 veteris
1909 3168 2084 3226 bomi-
2108 3146 2158 3211 (ἶ
2261 3187 2490 3245 Emam
2519 3205 2629 3258 mei
2646 3195 2699 3244 ει
2736 3187 2888 3259 qu“,-
2925 3202 3083 3259 ηψπ
3119 3195 3326 3242 mnum
3361 3203 3573 3258 puum,
3607 3181 3762 3240 emis“

485 3277 572 3333 nis
595 3273 833 3343 suscepti
857 3270 911 3327 in
940 3270 1072 3335 Deo,
1102 3268 1270 3324 homo
1299 3266 1458 3323 Jesus
1482 3263 1737 3321 Christus
1764 3263 1885 3322 lucc
1912 3264 2087 3337 loqui—
2134 3273 2161 3317 π.
2188 3299 2268 3337 ,ηε
2296 3280 2489 3337 valide,
2520 3279 2678 3350 Quod
2699 3287 2815 3347 εει,
2855 3277 3081 3336 deus“
3111 3278 3166 3334 in
3195 3293 3390 3348 cruce,
3424 3290 3481 3336 οι
3521 3293 3624 3335 non
3664 3288 3766 3333 τη,

491 3383 597 3427 tur.
632 3368 967 3426 Desiderium
1012 3380 1146 3423 vero
1173 3364 1376 3421 veteris
1401 3362 1800 3425 bominisillud
1827 3370 1969 3428 erat,
2015 3377 2087 3420 ne

485 3469 654 3524 vitam
684 3464 825 3520 hanc
851 3460 1201 3533 temporalem
1231 3459 1531 3525 amitteret,
1557 3456 1704 3529 quod
1744 3455 1864 3527 ipse
1894 3454 2088 3513 Domi-

491 3575 595 3617 nus
626 3558 906 3630 proximus
946 3553 1197 3626 passioni
1235 3551 1598 3619 demonstrat,
1637 3548 1826 3606 dicens
1869 3548 1938 3604 ad
1978 3547 2086 3604 Pa-

490 3667 629 3713 trem
656 3672 670 3709 :
703 3652 956 3708 Transeat
985 3667 1017 3704 a
1051 3664 1132 3704 me
1170 3647 1309 3703 calix
1343 3647 1463 3702 iste.
1511 3638 1722 3714 Verum,
1752 3645 1943 3716 inquit,
1983 3661 2090 3702 non

493 3751 633 3824 quod
654 3767 747 3821 ego
770 3747 907 3817 volo,
936 3744 1027 3802 sed
1052 3742 1188 3815 quod
1216 3751 1297 3798 tu.

565 3842 726 3899 Nunc
762 3850 932 3897 autem
978 3839 1033 3893 in
1070 3836 1371 3908 menwtipso
1409 3834 1601 3890 arescit
1643 3834 1819 3889 anima
1861 3850 1993 3900 mea,
2040 3842 2089 3890 et

491 3935 760 4013 pssident
802 3951 883 3990 me
916 3934 1026 3989 dies
1059 3932 1386 4005 afﬂictionis.
1421 3930 1551 3987 Dies
1593 3928 1904 3989 afﬂictionis
1944 3930 2084 4002 ejus,

492 4035 609 4095 dies
640 4039 767 4087 sunt
794 4030 1089 4101 passionis.
1119 4026 1249 4084 Inde
1272 4028 1350 4083 ait
1372 4026 1625 4084 Salvator
1667 4026 1729 4085 in
1767 4024 2087 4098 Evangelio,

492 4127 678 4181 Tristis
709 4136 781 4179 est
810 4128 985 4180 anima
1005 4139 1118 4177 utea
1150 4138 1310 4194 usque
1338 4120 1409 4175 ad
1436 4132 1673 4178 mortem.

562 4219 733 4274 Nocte
772 4235 829 4272 os
860 4234 1030 4273 incum
1058 4219 1356 4288 perforatur
1392 4214 1683 4281 doloribus.
1706 4224 1755 4271 et
1783 4216 1873 4289 qui
1901 4233 1979 4272 me
2003 4233 2094 4272 co-

490 4315 728 4379 medunt,
762 4330 865 4367 non
909 4312 1192 4367 dormiunt.
1227 4309 1420 4377 Nocte,
1451 4310 1575 4382 quia
1618 4318 2091 4383 vespereicaptus,

498 4424 593 4477 per
623 4418 787 4463 totam
822 4415 1035 4462 noctem
1064 4403 1297 4471 scribis,
1326 4414 1383 4460 et
1413 4403 1750 4475 principibus
1775 4405 1879 4462 sub
1910 4404 2087 4461 inter-

493 4504 775 4573 rogatione
803 4499 1118 4571 quaestionis
1140 4498 1360 4554 auditus
1388 4504 1495 4555 est.
1526 4496 1627 4555 Vel
1660 4507 1880 4555 noctem
1916 4498 2089 4556 tristit-

488 4596 606 4662 tiae,
658 4608 713 4650 ct
763 4593 1058 4663 passionis,
1104 4593 1181 4648 ait
1227 4590 1494 4649 Dominus
1541 4588 1611 4646 ad
1652 4591 1955 4661 apostolos,
1994 4592 2088 4663 qui

2187 3374 2446 3432 dentibus
2470 3372 2701 3441 Judteis,
2733 3388 2822 3429 me
2846 3372 3093 3429 allisisti.
3144 3398 3147 3405 ·

2242 3468 2385 3528 χδοίο
2412 3470 2539 3540 quia
2566 3467 2719 3522 morti
2748 3465 2925 3521 trades
2949 3482 3029 3521 me
3049 3466 3187 3522 :zubi
3207 3466 3491 3522 constituta
3517 3475 3587 3521 est
3609 3463 3768 3518 domus

2190 3562 2332 3617 omni
2384 3561 2590 3615 uiuenti.
2650 3559 2788 3627 Quia
2840 3567 2971 3615 ante
3018 3557 3245 3614 Domini
3303 3557 3764 3625 resurrectionem,

2189 3654 2353 3711 etiam
2382 3653 2517 3724 justi
2542 3652 2598 3709 in
2627 3652 2828 3709 inferni
2855 3652 3109 3724 partibus
3127 3652 3293 3708 fuisse
3322 3651 3644 3709 creduntur.

2275 3745 2640 3803 Verumtamen
2667 3762 2775 3802 non
2811 3747 2882 3801 ad
2912 3746 3368 3818 consumptionem
3405 3761 3583 3800 eorum
3603 3741 3771 3799 emittis

2191 3857 2404 3897 manum
2433 3849 2600 3907 tuam,
2632 3849 2681 3895 et
2708 3840 2754 3895 si
2780 3839 3089 3905 canuerint,
3140 3840 3251 3911 ipse
3287 3837 3543 3894 saloabis.
3568 3834 3646 3893 Ad
3682 3835 3769 3889 hoc

2191 3938 2380 4010 utique
2426 3937 2591 3993 morti
2638 3934 2825 3990 trades
2856 3950 2965 4003 me,
2999 3943 3060 3989 ut
3102 3948 3211 3991 non
3258 3941 3656 3991 consumantur
3691 3927 3768 3985 de-

2190 4034 2304 4091 bita
2336 4047 2519 4105 poena,
2547 4029 2640 4102 qui
2667 4029 2857 4086 divina
2888 4028 3160 4086 sententia
3203 4028 3375 4084 morti
3417 4036 3635 4083 tutetute
3660 4028 3773 4078 sunt

2191 4125 2475 4198 deputati:
2499 4124 2607 4182 sed:
2630 4122 2812 4194 potius
2835 4129 3167 4180 meaimorte
3188 4120 3492 4177 solventur.
3514 4115 3661 4188 Quod
3688 4130 3773 4171 au-

2192 4229 2307 4279 tem
2331 4218 2465 4276 dicit
2490 4234 2503 4273 :
2531 4216 2590 4272 Si
2617 4216 2953 4282 corruerint,
2982 4216 3103 4286 ipso
3124 4212 3396 4270 salvabis:
3424 4222 3548 4284 post
3565 4207 3773 4282 gratiam

2192 4311 2476 4383 baptismi,
2506 4309 2813 4367 remedium
2837 4307 3032 4365 salutis
3057 4304 3538 4378 delinquentibus,
3562 4318 3656 4375 per

2195 4400 2866 4473 nitentiamrepromittit.
3056 4442 3059 4453 ι
3114 4426 3137 4437 ιι
3336 4430 3341 4433 ~
3404 4436 3409 4443 .
3454 4422 3459 4433 -
3622 4428 3623 4435 η

2254 4499 2490 4561 Flebant
2509 4496 2775 4569 quondam
2801 4508 2955 4568 super
2983 4509 3099 4549 eum
3117 4493 3207 4564 qui
3237 4492 3476 4565 afﬂictus
3500 4498 3628 4546 erat.
3653 4487 3776 4542 Dur

2194 4596 2297 4652 bus
2332 4602 2517 4650 autem
2565 4591 2637 4648 de
2672 4589 2860 4647 causis
2901 4589 3154 4646 Salvator
3188 4586 3498 4644 Jerusalem
3541 4580 3775 4640 deﬂebat.

496 4694 719 4759 propter
748 4684 1079 4755 dilectionis,
1113 4691 1172 4740 et
1215 4683 1505 4745 cltaritatis
1549 4699 1685 4741 meae
1714 4683 2091 4745 fortitudinem
2154 4680 2177 4709 τ
2199 4690 2317 4748 Una
2345 4698 2453 4759 est,
2482 4701 2592 4758 qua
2622 4698 2738 4756 -pro
2780 4684 3062 4742 conversis
3099 4681 3279 4751 flens,
3312 4682 3538 4739 Patrem
3583 4677 3774 4735 orabat.

493 4797 617 4837 ossa
672 4782 927 4836 dicuntur
966 4778 1220 4834 :aculeis
1276 4778 1507 4849 doloris,
1566 4779 1888 4849 timorisque
1937 4795 2093 4835 coma

492 4877 700 4949 puncti,
741 4890 919 4947 usque
953 4874 1021 4930 ad
1050 4873 1360 4946 negationis
1388 4888 1596 4930 noxam
1626 4872 1889 4946 perforati
1919 4886 2048 4933 sunt
2073 4894 2085 4933 :

493 4972 545 5028 id
575 4979 681 5041 est,
709 4970 1027 5041 penetravit,
1066 4968 1325 5031 virtutem
1372 4969 1543 5024 animi
1592 4983 1782 5026 eorum
1836 4970 2093 5028 titubatio

491 5065 640 5134 ﬁdei,
672 5072 733 5118 ut
756 5062 825 5117 ad
851 5064 1040 5118 horam
1072 5062 1391 5118 tentationis
1419 5063 1474 5118 in
1502 5062 1790 5120 charitatis
1815 5063 2093 5123 soliditate

489 5164 767 5213 natarent.
801 5155 880 5212 Illi
910 5170 1061 5224 vero,
1094 5155 1187 5225 qui
1216 5171 1305 5211 me
1330 5170 1503 5225 usque
1525 5156 1599 5217 ad
1626 5164 1857 5214 mortem
1902 5172 2094 5228 perse-

485 5253 704 5324 quendo
732 5250 987 5307 videntur
1013 5265 1364 5317 consumere,
1397 5266 1503 5307 non
1533 5250 1853 5313 dormiunt:
1885 5252 1939 5308 id
1982 5261 2087 5324 est,

490 5344 638 5401 Omni
669 5343 948 5415 vigilantia
978 5350 1177 5401 mentis
1206 5343 1490 5411 insistunt,
1520 5353 1581 5399 ut
1609 5342 1679 5400 ad
1702 5360 1791 5402 me
1820 5346 2091 5405 devoratu-

488 5438 617 5494 dum
652 5436 993 5508 perveniant.
1360 5495 1367 5500 ,

557 5529 626 5586 In
645 5532 982 5586 multitudine
995 5548 1171 5588 eorum
1193 5534 1515 5589 consumitur
1534 5534 1886 5590 vestimentum
1896 5551 2086 5595 meum.

483 5625 951 5682 Convenientibus
985 5626 1039 5681 in
1075 5644 1239 5683 ttnum
1278 5628 1504 5697 Judatis,
1534 5643 1668 5685 caro
1696 5644 1815 5685 mea
1840 5629 2087 5700 injuriis,

484 5719 673 5789 clavis,
706 5734 890 5785 cruce,
928 5730 1104 5775 morte
1125 5721 1506 5779 conlectaest.

2199 4785 2314 4841 Alia
2346 4799 2481 4839 vero
2510 4790 2615 4848 est,
2645 4795 2751 4852 qua
2788 4794 2888 4850 pro
2929 4793 3040 4834 non
3070 4775 3436 4834 credentibus
3482 4774 3670 4833 dolens
3695 4768 3777 4825 lle-

2194 4878 2289 4936 bat
2334 4894 2349 4932 :
2399 4874 2711 4947 pmvidens
2756 4873 2943 4944 utique
2990 4882 3067 4928 ιιι·
3097 4870 3358 4928 Deus-ob
3394 4862 3778 4925 incredulitatis

2195 4972 2456 5029 duritiam
2487 4969 2860 5041 perditionem
2878 4981 3098 5022 eorum.

2269 5067 2338 5121 Et
2377 5064 2783 5137 computiebatur
2832 5065 3010 5119 anima
3054 5076 3168 5116 mea
3218 5057 3462 5131 pauperi.
3514 5046 3776 5124 Quomodo

2195 5162 2391 5217 animae
2430 5171 2637 5217 sancta:
2680 5160 2736 5216 in
2782 5156 3082 5229 Scripturis
3125 5167 3396 5226 pauperes
3427 5148 3775 5222 appellantur,

2195 5268 2303 5311 non
2328 5252 2592 5310 habentes
2630 5250 2903 5324 superbiae
2944 5249 3223 5321 spiritum,
3256 5246 3344 5302 vel
3388 5253 3614 5316 peccata
3654 5250 3777 5294 tall-

2193 5364 2355 5422 quam
2404 5347 2593 5405 mundi
2623 5347 2784 5416 hujus
2809 5345 3051 5402 divitias.
3074 5394 3075 5397 η
3097 5343 3174 5399 lta
3218 5358 3251 5399 e
3294 5340 3580 5397 contrario
3606 5344 3777 5391 omnes

2196 5454 2516 5515 peccatores
2554 5456 2827 5514 pauperes
2853 5448 3278 5508 nuncupantur:
3308 5451 3374 5492 eo
3418 5432 3569 5505 quod
3608 5442 3779 5500 super-

2192 5536 2294 5592 biae
2330 5534 2523 5605 Spiritu
2579 5542 2838 5601 tumeant,
2874 5541 2928 5588 et
2992 5533 3106 5587 sint
3148 5529 3342 5601 inopes
3371 5518 3782 5584 sanctitate:dc

2188 5627 2469 5701 quibusin
2501 5627 2715 5698 psalmo.
2750 5627 2965 5680 canitur
2995 5642 3010 5679 :
3041 5622 3373 5680 Sotimus-iu
3404 5619 3626 5676 tenebris
3667 5622 3710 5670 et
3735 5613 3781 5665 in

2188 5720 2369 5775 umbra
2404 5719 2624 5775 mortis:
2654 5716 2871 5772 vinculis
2907 5717 3105 5790 ligatos
3128 5716 3185 5771 in
3210 5713 3612 5771 mendicitate-ei
3636 5709 3777 5781 (cm.

559 5812 627 5872 Et
674 5796 823 5885 quasi
864 5812 1054 5887 capitis
1085 5815 1273 5873 tunica:
1311 5814 1589 5873 cinxerunt
1632 5830 1733 5874 me.
1785 5814 1844 5878 In
1895 5831 2083 5891 necem
2185 5812 2271 5875 Ad
2303 5810 2588 5871 dedendos
2628 5766 3276 5885 bujusmodiapauperes,
3309 5812 3500 5882 utpote
3540 5800 3694 5864 divos
3726 5797 3783 5865 in
