3948 6334
438 279 543 343 719

1223 272 1571 340 specum);
1607 260 1700 337 An
1740 273 1986 337 't‘ottutt
2024 271 2375 337 SEPTIMUM
2416 281 2476 338 s.
2517 277 2920 341 lllERONYlll.

3604 287 3690 350 720

437 417 630 460 omnes
684 400 799 457 vias
867 396 1303 457 conversatimtis
1358 397 1641 464 humanae,
1697 404 2034 464 cunctosque
2058 393 2115 455 Α
2137 404 2289 448 ctura
2318 411 2415 449 sua
2445 395 2628 462 cadnl,
2660 407 2707 451 et
2743 397 3015 453 brachium
3041 414 3213 453 meum
3242 413 3360 452 cum
3383 400 3484 456 suis
3524 405 3691 462 05.55...

443 513 666 572 gressus
697 507 916 554 actuum
941 495 1256 552 mortalium
1287 493 1523 550 noverit.

517 615 582 672 Si
611 613 872 670 ambulavi
898 612 953 667 in
998 611 1246 674 vanitate,
1292 619 1342 664 et
1384 607 1644 680 festinavit
1688 605 1743 661 in
1785 604 1906 660 dolo
1947 620 2036 675 pes

442 726 610 775 meus,
648 706 909 781 appendat
933 721 1016 760 me
1038 704 1092 759 in
1113 712 1304 759 statera
1326 705 1489 771 iusta,
1512 708 1561 756 et
1594 700 1725 755 sciat
1748 697 1893 754 Deus
1911 699 2040 753 sim-

441 806 726 876 plicitatem
747 817 930 856 meam.
959 799 1196 855 Sanctus
1215 795 1321 852 Job
1342 805 1527 852 certus
1553 792 1623 850 de
1642 791 1898 864 :eqnitate
1913 789 2035 863 jus-

439 897 573 952 titiae
603 895 720 962 Dei,
744 907 804 949 se
829 889 1167 948 manifestari
1201 897 1351 960 optat
1375 885 1710 944 hominibus.
1739 882 1859 940 Non
1889 883 2036 940 enim

445 986 647 1061 aliquid
673 986 893 1058 ignorat
911 984 1081 1050 Deus,
1108 991 1164 1039 ut
1190 978 1562 1038 examinando
1584 986 1918 1050 cognoscat:
1941 974 2040 1034 sed

442 1084 579 1138 sciat
609 1080 777 1149 Deus,
805 1080 878 1135 ita
909 1077 1044 1134 dixit
1067 1076 1258 1133 beatus
1277 1074 1404 1142 Job,
1433 1082 1491 1129 ut
1517 1073 1659 1129 scire
1687 1071 1827 1127 alios
1853 1069 2036 1138 faciat,

443 1175 746 1235 secundum
790 1171 924 1230 illud
955 1191 968 1228 :
995 1171 1183 1228 Tentat
1227 1187 1314 1226 vos
1337 1168 1479 1225 Deus
1507 1167 1792 1235 Dominus,
1826 1173 1884 1220 ut
1910 1162 2043 1221 sciat

435 1285 612 1330 utrum
649 1271 884 1346 diligatis
923 1286 1042 1325 eum
1066 1285 1085 1324 :
1114 1267 1169 1323 id
1196 1276 1306 1334 est,
1332 1275 1392 1321 ut
1422 1265 1564 1321 scire
1585 1273 1823 1321 caeteros
1853 1261 2038 1317 faciat.

510 1369 573 1426 Si
595 1366 851 1423 declinavi
871 1380 1080 1438 gressus
1096 1378 1240 1417 meos
1261 1361 1324 1415 de
1340 1361 1445 1427 nia,
1463 1370 1512 1416 et
1535 1359 1580 1415 si
1603 1367 1811 1414 secutus
1829 1364 1906 1412 est
1926 1371 2046 1410 ocu-

439 1463 519 1517 lus
549 1478 691 1517 meus
716 1475 805 1514 cor
832 1473 1020 1519 meum,
1043 1464 1092 1510 et
1114 1455 1159 1509 si
1182 1455 1235 1508 in
1259 1451 1502 1508 manibus
1526 1452 1653 1506 meis
1679 1447 1902 1504 adhazsit
1929 1463 2044 1502 mae

437 1556 558 1612 cula
589 1572 609 1613 :
634 1571 826 1621 seram,
859 1561 908 1609 et
937 1552 1076 1607 alius
1105 1547 1364 1614 comedat,
1390 1556 1437 1602 et
1478 1543 1750 1619 progenies
1776 1557 1893 1596 mea
1920 1555 2042 1596 era-

438 1652 660 1706 dicetur.
689 1647 836 1704 Nihil
883 1643 1267 1702 mandatorum
1301 1641 1425 1707 Dei,
1466 1639 1565 1707 ait,
1596 1635 1837 1710 praeterii
1870 1652 1883 1689 :
1915 1633 2041 1707 quia

444 1759 546 1801 nec
573 1757 668 1799 cor
689 1755 871 1797 meum
899 1734 1258 1809 acquiescens
1280 1741 1527 1791 secutum
1550 1739 1637 1787 est
1654 1729 1847 1786 oculos
1863 1740 2036 1794 meos,

438 1855 561 1894 cum
579 1832 1044 1906 concupiscentiae
1063 1830 1330 1902 imagines
1347 1827 1399 1885 ei
1417 1826 1699 1894 offerrem,
1724 1823 2038 1896 priusquam

440 1939 661 2004 pactutn
713 1943 835 1984 cum
889 1923 1024 1997 ipsis
1070 1922 1354 1989 haberem,
1407 1934 1478 1976 ne
1529 1917 1657 1990 quid
1707 1912 2040 1972 intrinsecus

438 2033 595 2094 turpe
646 2018 1110 2076 transmittereut.
1163 2013 1320 2071 Unde
1363 2027 1463 2069 nec
1501 2010 1557 2066 in
1607 2007 1869 2078 Operibus
1915 2021 2038 2062 ma-

429 2131 597 2174 nuum
624 2127 869 2170 mearum
899 2109 1010 2166 ulla
1038 2105 1251 2181 peccati
1277 2103 1491 2160 macula
1527 2102 1697 2173 potuit
1727 2098 2035 2168 adltterere,

446 2221 502 2270 et
550 2211 653 2268 hoc
700 2209 876 2282 ipsum
919 2220 1044 2263 cum
1083 2201 1316 2275 quadam
1337 2198 1631 2272 iuramenti
1655 2193 2038 2253 exsecratione

435 2305 746 2365 conﬁrmat.

500 2419 565 2476 Si
585 2424 856 2488 deceptum
907 2421 983 2468 est
1021 2427 1110 2468 cor
1151 2424 1322 2464 meum
1349 2422 1506 2479 super
1543 2403 1778 2470 muliere,
1811 2412 1859 2459 et
1887 2400 1934 2456 si
1963 2399 2032 2455 ad

436 2512 627 2568 ostium
653 2508 809 2564 amici
847 2506 949 2564 mei
975 2503 1261 2560 insidiatus
1291 2516 1428 2566 sum,
1468 2506 1697 2556 scortum
1720 2494 1942 2552 alterius
1964 2492 2034 2549 sit

438 2625 569 2666 uxor
599 2622 734 2673 mea,
761 2613 812 2660 et
847 2617 1004 2676 super
1039 2598 1194 2654 illam
1223 2596 1562 2651 incurventur
1609 2590 1722 2646 alii.
1749 2587 1869 2645 Hoc
1895 2587 2034 2644 enim

432 2704 578 2775 nefas
607 2709 706 2770 est,
739 2707 789 2754 et
812 2695 1060 2768 iniquitas
1083 2691 1314 2747 maxima
1341 2705 1359 2744 :
1383 2689 1522 2761 ignis
1541 2694 1800 2756 estusque
1823 2683 1894 2739 ad
1915 2698 2034 2775 per-

431 2773 681 2851 ditionem
707 2792 982 2857 devorans,
1011 2794 1058 2843 et
1089 2784 1263 2841 omnia
1300 2781 1574 2838 eradicans
1601 2777 1884 2853 genimina.
1932 2773 2032 2832 Se-

427 2889 666 2947 cundum
719 2893 936 2942 natura:
983 2881 1192 2938 bonum
1237 2877 1502 2950 loquitur,
1560 2871 1712 2946 quod
1758 2871 1813 2927 in
1861 2867 2029 2925 Tobia

428 2985 695 3056 scriptum
727 2989 812 3038 est
846 2994 862 3034 :
897 2975 1050 3045 Quod
1081 2973 1175 3030 tibi
1204 2989 1309 3029 non
1351 2971 1429 3026 vis
1469 2969 1610 3041 fieri,
1656 2967 1754 3024 alii
1799 2983 1864 3022 ne
1889 2965 2027 3036 fece-

423 3081 517 3135 ris.
545 3074 780 3134 Proinde
808 3074 908 3139 ait,
942 3068 1178 3128 nefanda
1223 3082 1316 3124 res
1341 3074 1446 3134 est,
1476 3077 1533 3121 et
1555 3061 1812 3135 iniquitas
1850 3058 2026 3116 matti-

424 3188 509 3228 ma
543 3173 702 3227 :haec
744 3167 960 3222 funesta
1000 3177 1066 3219 ac
1106 3157 1454 3219 detestabilia
1497 3156 1762 3228 cogitare,
1812 3155 1900 3210 vel
1942 3151 2020 3209 fa-
2054 3169 2102 3236 ο

424 3279 577 3334 cere,
611 3259 750 3334 ignis
781 3268 867 3316 est
897 3255 1188 3314 incentiva:
1229 3251 1489 3317 libidinis,
1517 3249 1701 3306 omnia
1733 3247 1874 3304 bona
1906 3245 2025 3302 vir-

428 3365 607 3415 tutum
637 3355 932 3420 devorans,
978 3357 1142 3422 atque
1171 3345 1428 3403 universa
1456 3343 1508 3402 in
1539 3340 1769 3400 homine
1808 3346 2027 3397 sancta-

431 3465 555 3507 rum
585 3462 767 3504 rerum
801 3446 1138 3501 incrementa
1161 3453 1515 3497 consumens.

402 3578 406 3586 ι
498 3543 562 3600 Si
589 3538 877 3613 contempsi
901 3535 1077 3594 subire
1092 3533 1360 3609 judicium
1388 3547 1508 3588 cum
1543 3545 1688 3586 seruo
1713 3543 1823 3584 meo
1853 3535 1902 3583 et
1929 3543 2025 3582 an-

423 3639 549 3695 cilla
578 3652 713 3706 mea,
745 3652 866 3691 cum
887 3633 1241 3707 disceptarent
1260 3631 1534 3687 adversum
1562 3643 1664 3682 me.
1691 3624 1819 3682 Sive
1849 3630 1910 3680 ut
1931 3621 2022 3678 alii

425 3734 705 3800 dixerunt,
727 3729 869 3806 apud
897 3746 1001 3786 me.

496 3849 638 3920 Quid
667 3830 802 3904 enim
840 3845 1037 3919 faciam
1083 3859 1203 3899 cum
1241 3841 1532 3899 surrexerit
1568 3839 1636 3895 ad
1662 3833 2020 3910 judicandum

427 3949 594 4017 Deus,
625 3956 675 4002 et
702 3962 822 4001 cum
844 3941 1148 4018 qutesierit,
1187 3939 1316 4013 quid
1348 3936 1671 4012 respondebo
1695 3934 1820 3990 illi?
1845 3931 2022 3989 Num-

417 4042 546 4116 quid
574 4057 679 4097 non
705 4041 762 4096 in
790 4047 939 4095 utero
968 4035 1093 4108 fecit
1125 4050 1228 4102 me,
1258 4032 1350 4106 qui
1387 4041 1437 4088 et
1475 4031 1628 4086 illum
1653 4036 1897 4097 operatus
1919 4033 2019 4094 est,

419 4145 469 4192 et
487 4133 728 4206 formavit
754 4147 836 4187 me
860 4131 917 4185 in
942 4128 1098 4185 vulva
1125 4126 1300 4182 unus?
1323 4123 1513 4196 Magna
1541 4119 1822 4177 humilitas
1846 4117 2023 4175 sancti

421 4227 529 4284 viri
555 4225 742 4296 hujus,
772 4234 829 4280 et
852 4236 1045 4294 magna
1070 4219 1241 4276 futuri
1265 4217 1460 4290 judicii
1491 4213 1772 4287 cogitatio.

496 4319 558 4375 Si
588 4317 768 4389 negavi
792 4314 931 4387 quod
967 4311 1232 4378 volebant,
1265 4308 1610 4383 pauperibus,
1639 4315 1686 4362 et
1724 4301 1909 4362 oculos
1937 4302 2019 4358 ni-

421 4415 542 4471 dum
569 4423 867 4487 exspectare
894 4409 1012 4480 feci.
1046 4405 1391 4466 Manifestum
1420 4411 1526 4459 est.

495 4507 561 4564 Si
589 4505 791 4563 comedi
837 4502 1122 4560 buccellam
1158 4517 1326 4558 meam
1365 4498 1530 4565 solus,
1563 4505 1612 4553 et
1653 4511 1761 4550 non
1796 4492 2020 4548 comedit

423 4602 660 4677 pupillus
675 4617 742 4658 ea:
763 4619 842 4670 ea,
873 4599 996 4671 quia
1023 4598 1088 4653 ab
1114 4596 1334 4668 infantia
1357 4611 1471 4650 mea
1508 4592 1669 4649 crevit
1694 4605 1894 4646 mecum
1920 4588 2018 4643 mi-
2042 4575 2100 4640 Ι)

423 4696 650 4761 seratio,
684 4703 734 4751 et
775 4694 840 4748 de
876 4701 1022 4748 utero
1053 4689 1235 4745 matris
1277 4702 1407 4743 mea:
1443 4701 1651 4758 egressa
1677 4691 1753 4740 est
1793 4696 2013 4737 mecum.

422 4787 772 4848 Manifestum
803 4794 909 4842 est.
1780 4789 1794 4804 ο

494 4905 555 4961 Si
583 4901 796 4974 despexi
828 4907 1248 4975 praetereuntem,
1276 4894 1418 4968 quod
1448 4910 1551 4950 non
1581 4890 1818 4946 habuerit
1850 4887 2010 4944 indu-

418 5009 684 5065 mentum;
711 5007 759 5052 et
789 4994 977 5066 absque
1018 4993 1337 5066 operimento
1365 5003 1666 5063 pauperem.
1698 4985 1760 5042 Si
1790 5001 1894 5040 non
1922 4983 2009 5036 be-

417 5093 728 5148 nedixerunt
768 5088 901 5143 mihi
943 5087 1107 5142 latera
1152 5089 1302 5160 ejus,
1331 5091 1379 5139 et
1417 5081 1482 5138 de
1515 5079 1792 5136 velleribus
1834 5076 2011 5132 ouium

417 5201 652 5242 mearum
679 5184 967 5254 calefactus
1007 5188 1104 5235 est.
1133 5179 1249 5234 Hoc
1275 5176 1425 5233 dicto
1451 5173 1722 5242 ostendit,
1745 5171 2009 5244 quemad-

419 5280 640 5338 modum
681 5292 817 5349 opus
858 5272 1250 5332 misericordia:
1292 5270 1412 5326 lieri
1449 5269 1678 5336 debeat,
1708 5268 1761 5324 id
1802 5278 1908 5332 est,
1939 5283 2009 5324 ne

420 5376 543 5431 aliis
591 5373 834 5441 auferas,
882 5369 1027 5426 unde
1073 5368 1197 5423 aliis
1237 5374 1383 5421 recte
1425 5364 1557 5420 dare
1602 5373 1656 5419 te
1701 5360 2003 5418 arbitreris.

413 5467 572 5526 Unde
601 5467 856 5524 Salomon
880 5464 952 5520 ait
979 5482 990 5519 :
1023 5461 1250 5516 Honora
1279 5457 1445 5513 Deum
1473 5458 1537 5511 de
1559 5459 1660 5510 tuis
1681 5455 1844 5526 justis
1873 5454 2008 5508 labo-

419 5563 580 5618 ribus.
611 5561 679 5616 Et
723 5559 890 5615 Isaias
923 5571 937 5612 :
982 5553 1096 5627 Ego
1143 5552 1398 5608 Dominus
1436 5550 1597 5623 diligo
1626 5547 1922 5621 judicium,
1957 5555 2007 5600 et

414 5659 534 5712 odio
563 5655 722 5709 habeo
750 5651 990 5724 rapinam
1017 5650 1069 5702 in
1099 5646 1484 5702 holocaustum.

489 5751 546 5805 Si
577 5747 739 5802 levavi
771 5760 923 5814 super
948 5740 1207 5813 pupillum
1246 5753 1458 5791 manum
1487 5751 1674 5801 meam,
1705 5733 1857 5788 etiam
1885 5749 2001 5787 cum

404 5843 627 5908 viderem
651 5855 728 5894 me
756 5839 806 5892 in
836 5845 984 5910 porta
1015 5833 1347 5908 superiorem,
1372 5829 1612 5888 humerus
1647 5844 1789 5884 meus
1815 5845 1846 5883 a
1863 5828 1992 5900 jun-

2137 486 2560 558 confringantur.
2597 490 2814 562 Semper
2841 491 2980 544 enim
3014 491 3166 562 quasi
3191 499 3440 547 tumentes
3468 511 3605 567 super
3629 515 3694 553 me

2139 579 2330 647 [luctus
2371 579 2522 633 timui
2555 578 2756 647 Deum,
2799 589 2848 636 et
2873 582 3080 654 pondus
3115 585 3230 655 ejus
3258 584 3397 654 ferre
3423 601 3517 640 non
3552 591 3694 657 potui.

2142 669 2201 725 In
2235 671 2486 738 humero,
2520 686 2685 744 opera
2713 690 2728 728 :
2759 673 2813 728 in
2841 673 3098 744 brachio,
3131 675 3348 732 virtutis
3371 691 3697 746 persevcran-

2142 766 2246 834 tia;
2277 776 2443 838 atque
2475 766 2738 825 inStantia
2768 769 3039 827 bonorum
3067 785 3298 843 Operum
3327 771 3500 844 accipi
3525 783 3699 845 potest.

2141 860 2255 919 Nisi
2301 862 2374 918 ita
2415 871 2522 928 est,
2557 862 2758 933 inquit,
2812 864 2959 922 irriti
3001 875 3128 923 ante
3171 865 3346 924 Deum
3395 866 3706 931 inveniantur

2140 971 2339 1014 omnes
2367 956 2585 1014 labores
2610 957 2739 1014 mei.

2216 1048 2279 1106 Si
2303 1050 2481 1123 putaui
2505 1066 2695 1106 aurum
2725 1051 2886 1106 robur
2902 1067 3092 1120 meum,
3116 1061 3163 1107 et
3185 1052 3361 1108 obriso
3386 1051 3511 1120 diri,
3533 1054 3703 1125 ﬁducia

2143 1157 2281 1197 mea.
2313 1140 2375 1199 Si
2407 1141 2614 1197 ltetatus
2630 1158 2747 1197 sum
2765 1158 2924 1216 super
2942 1140 3120 1197 multis
3143 1142 3342 1199 diuitiis
3365 1143 3508 1208 meis,
3531 1157 3574 1200 et
3600 1146 3707 1217 quia

2143 1235 2375 1308 plurima
2395 1235 2584 1308 reperit
2603 1251 2789 1290 manus
2811 1251 2945 1290 mea.
2978 1236 3132 1291 Verae
3156 1237 3323 1293 homo
3349 1235 3703 1310 philosophia,

2145 1329 2296 1385 nullo
2322 1329 2456 1385 vitio
2487 1331 2797 1398 tenebatur,
2830 1333 2974 1389 sicut
3003 1347 3150 1390 nunc
3197 1333 3512 1406 cupiditatis
3535 1345 3584 1392 ct
3612 1337 3710 1392 ela-

2145 1423 2309 1479 tionis
2355 1431 2706 1493 contemptor
2747 1424 3120 1494 fortissimus,
3173 1439 3363 1483 aurum
3421 1427 3575 1484 etiam
3624 1443 3708 1501 pro

2145 1517 2316 1574 nihilo
2344 1532 2406 1575 se
2433 1517 2692 1575 habuisse
2715 1529 2970 1577 testatur.

2217 1611 2280 1668 Si
2309 1611 2416 1666 vidi
2458 1611 2623 1668 solem
2670 1628 2790 1669 cum
2829 1614 3071 1688 fulgeret,
3101 1622 3152 1670 et
3202 1614 3382 1670 [uitam
3426 1615 3711 1673 incedentem

2143 1703 2308 1774 clare,
2336 1714 2384 1761 et
2410 1705 2643 1762 lwtatum
2669 1717 2744 1762 est
2773 1708 2831 1763 in
2855 1706 3164 1762 abscondito
3184 1724 3278 1763 cor
3298 1725 3490 1776 meum,
3512 1718 3557 1765 et
3583 1727 3711 1766 oscu-

2068 1793 2119 1856 B
2143 1800 2284 1856 latus
2330 1817 2445 1856 sum
2487 1817 2702 1856 manant
2733 1817 2901 1856 meam
2946 1818 3036 1857 ore
3059 1818 3194 1870 meo,
3223 1818 3340 1874 qua:
3382 1811 3461 1858 est
3490 1803 3711 1874 iniquitas

2144 1891 2392 1958 mxima,
2424 1901 2474 1948 et
2513 1893 2720 1964 negatio
2748 1902 2930 1948 contra
2973 1890 3145 1948 Deum
3177 1893 3508 1949 altissimum.
3545 1894 3710 1953 Tantae

2143 1984 2374 2041 virtutes
2422 1992 2478 2042 et
2517 1996 2625 2042 tam
2666 1985 2958 2056 praecipua:
2998 1984 3136 2041 nihil
3183 1995 3414 2057 prosunt
3446 2002 3460 2039 :
3490 1984 3710 2056 quamvis

2139 2078 2372 2150 quisque
2402 2079 2455 2133 in
2484 2077 2692 2134 eisdem
2725 2077 3111 2150 perpetrandis
3142 2078 3214 2133 sit
3242 2078 3482 2150 sapiens,
3509 2090 3712 2150 magnus

2140 2179 2196 2227 et
2225 2172 2406 2227 clarus
2436 2188 2448 2226 :
2483 2171 2530 2227 si
2557 2185 2812 2228 errorum
2833 2169 3067 2228 stultitia
3095 2179 3368 2227 teneatur.
3385 2169 3503 2226 Non
3529 2171 3707 2239 solum,

2139 2264 2336 2336 inquit,
2389 2281 2864 2338 quorumcumque
2911 2265 3182 2323 idolorum
3224 2265 3492 2332 culturis,
3539 2279 3711 2322 verum

2137 2357 2334 2426 etiam,
2367 2373 2469 2415 nec
2499 2358 2695 2416 horum
2732 2357 3142 2431 pulchritudine
3178 2374 3243 2416 ac
3275 2358 3468 2430 Specie
3507 2374 3714 2432 magno-

2136 2468 2257 2509 rum
2282 2452 2547 2508 luminum
2571 2451 2874 2509 delectatus
2898 2467 3018 2509 sum
3049 2471 3065 2514 :
3092 2467 3194 2511 nec
3217 2453 3376 2526 quasi
3407 2452 3632 2510 adorans
3653 2468 3711 2511 ea

2136 2545 2281 2602 inter
2328 2561 2517 2603 eorum
2551 2545 2970 2603 venerationem
3015 2545 3302 2602 osculatus
3344 2562 3468 2604 sum
3511 2561 3709 2604 manum

2135 2655 2313 2696 meam
2346 2656 2363 2696 ζ
2393 2655 2494 2697 nec
2517 2652 2825 2698 creaturam
2857 2656 2958 2714 ι)Γο
2986 2650 3234 2697 creatore
3259 2649 3555 2697 veneratus
3581 2655 3707 2708 sum,

2134 2733 2280 2805 quod
2310 2734 2364 2790 in
2392 2733 2640 2806 Epistola
2668 2733 2737 2790 ad
2767 2732 3046 2791 Romanos
3073 2740 3296 2790 sanctus
3314 2732 3606 2807 Apostolus
3628 2732 3712 2789 de-

2135 2834 2390 2884 testatur.

2204 2923 2269 2979 Si
2317 2923 2526 2997 gavisus
2563 2939 2679 2979 sum
2714 2924 2785 2978 ad
2823 2923 3030 2980 ruinam
3084 2926 3199 2998 ejus
3241 2924 3331 2997 qui
3373 2940 3456 2980 me
3517 2923 3708 2988 oderat,

2131 3016 2392 3074 exsultavi
2415 3016 2558 3088 quod
2587 3017 2862 3073 invenisset
2889 3034 3006 3074 eum
3040 3017 3258 3074 malum.
3294 3018 3422 3073 Non
3447 3017 3578 3072 enim
3604 3012 3712 3070 dedi

2131 3109 2202 3163 ad
2229 3109 2549 3182 peccandum
2576 3119 2757 3183 guttur
2783 3126 2976 3181 nteum,
3007 3119 3063 3166 ut
3091 3121 3387 3182 expeterent
3415 3109 3712 3166 maledicens

2131 3205 2358 3260 animam
2384 3207 2519 3277 ejus.
2549 3204 2686 3261 Cum
2729 3220 2985 3278 magnum
3016 3205 3111 3274 sit,
3153 3207 3200 3263 si
3228 3206 3300 3263 de
3342 3203 3582 3262 inimicis
3607 3201 3710 3258 suis

2130 3298 2275 3372 quis,
2308 3314 2432 3356 cum
2464 3299 2661 3372 possit,
2706 3315 2813 3358 non
2842 3300 3064 3358 studeat
3101 3300 3314 3372 ulcisci,
3345 3311 3556 3374 quanto
3583 3298 3712 3371 apud

2080 3477 2088 3483 .
2130 3393 2300 3450 Deum
2331 3392 2635 3450 studiosius
2665 3403 2750 3452 est
2780 3393 2849 3452 de
2878 3410 3069 3453 eorum
3110 3394 3299 3462 ruina,
3334 3410 3442 3453 nec
3481 3395 3534 3452 in
3561 3391 3712 3450 corde

2126 3489 2385 3548 delectari
2410 3491 2424 3545 !

2200 3581 2263 3640 Si
2277 3600 2378 3639 non
2405 3582 2650 3641 dixerunt
2663 3586 2761 3641 viri
2783 3585 3105 3642 tabernaculi
3123 3588 3252 3656 mei,
3273 3588 3396 3660 quis
3415 3588 3501 3644 det
3523 3587 3586 3643 de
3609 3604 3711 3642 car-

2127 3675 2276 3731 nibus
2299 3679 2435 3748 ejus,
2467 3686 2521 3732 ut
2551 3679 2894 3734 saturentur?
2918 3677 3075 3735 Foris
3118 3697 3222 3736 non
3257 3682 3458 3737 mansit
3493 3680 3711 3756 peregri-

2127 3786 2248 3838 nus,
2267 3770 2456 3826 ostium
2476 3789 2646 3828 meum
2683 3773 2872 3829 uiatori
2903 3775 3094 3841 patuit.
3121 3774 3227 3831 Pro
3253 3774 3710 3848 hospitalitatibus

2131 3864 2251 3936 ejus
2272 3872 2332 3922 et
2367 3863 2590 3934 virtute,
2613 3881 2716 3938 qua
2744 3877 2798 3923 et
2821 3868 3008 3924 caeteri
3036 3869 3212 3925 sancti
3235 3869 3349 3926 Deo
3379 3869 3710 3943 placuerunt,

2127 3956 2310 4014 odium
2339 3971 2624 4016 servorum
2647 3969 3020 4018 contraxerat.

2199 4051 2263 4108 Si
2291 4052 2542 4107 abscondi
2569 4053 2722 4125 quasi
2760 4053 2915 4109 homo
2945 4064 3214 4126 peccatum
3239 4071 3440 4126 meum,
3471 4067 3520 4112 et
3564 4052 3714 4112 celari

2122 4146 2177 4201 in
2219 4146 2338 4202 sinu
2364 4163 2476 4202 meo
2521 4148 2846 4219 iniquitatem
2891 4166 3080 4205 meam.
3112 4151 3188 4206 De
3215 4151 3303 4207 his
3332 4150 3574 4222 peccatis
3604 4159 3712 4206 tan-

2125 4245 2268 4307 tum,
2317 4254 2442 4310 qua:
2489 4241 2914 4312 cogitationibus
2960 4243 3411 4312 committuntur,
3455 4242 3560 4300 hoc
3603 4241 3713 4298 loco

2122 4331 2257 4389 mihi
2296 4331 2508 4390 dixisse
2535 4332 2758 4390 videtur
2793 4351 2808 4392 :
2842 4350 2912 4392 eo
2940 4335 3086 4407 quod
3127 4352 3227 4393 nec
3264 4335 3385 4409 ipsa
3423 4337 3604 4394 celare
3626 4350 3713 4390 vo-

2123 4423 2322 4490 luerit,
2374 4425 2819 4497 quandoquidem
2871 4438 3214 4484 secretorum
3252 4443 3486 4485 suorum
3534 4426 3713 4484 intima

2122 4517 2556 4575 manifestaverit
2580 4518 2915 4591 hominibus,
2945 4535 3004 4578 se
3025 4521 3393 4578 consensione
3417 4520 3604 4595 iniqua
3625 4534 3714 4578 cu-

2118 4609 2345 4682 juslibet
2371 4611 2581 4681 peccati
2611 4627 2718 4668 non
2749 4611 2922 4669 fuisse
2949 4612 3296 4685 participem.

2197 4703 2261 4760 Si
2307 4704 2489 4776 επραυί
2522 4705 2592 4758 ad
2639 4705 3030 4762 multitudinem
3075 4705 3324 4773 nimiam,
3370 4715 3420 4762 et
3463 4704 3712 4780 despectis

2121 4800 2533 4873 prapinquorum
2583 4801 2766 4855 terruit
2805 4817 2883 4856 me
2910 4841 2928 4870 ,
2971 4809 3021 4856 et
3054 4818 3159 4856 non
3207 4801 3371 4878 magis
3413 4801 3590 4870 tacui,
3629 4815 3714 4856 nec

2119 4909 2352 4966 egressus
2381 4908 2495 4947 sum
2522 4893 2734 4947 ostium.
2767 4892 2846 4949 Ad
2880 4895 3306 4967 propinquorum
3324 4909 3560 4950 suorum
3600 4907 3712 4962 per-

2119 5001 2312 5042 sonam
2344 4984 2762 5057 despicientium
2794 5001 2945 5051 eum,
2971 4985 3126 5044 locus
3149 4987 3238 5043 hic
3265 4987 3531 5058 pertinet,
3555 4985 3644 5058 qui
3664 4983 3710 5040 ei

2120 5080 2264 5136 inter
2300 5078 2553 5135 miserias
2594 5079 2970 5136 calamitatum
3003 5079 3204 5150 posito,
3234 5079 3615 5137 indesinenter
3637 5079 3713 5133 in-

2114 5172 2292 5243 jurias
2320 5171 2638 5244 irrogabant
2667 5188 2684 5233 :
2712 5181 2904 5230 contra
2935 5187 3071 5244 quos
3102 5171 3518 5246 sibijurgantes
3539 5170 3712 5246 posuit

2117 5266 2420 5324 custodiam
2454 5267 2536 5322 ori
2568 5282 2692 5322 suo.

2193 5361 2321 5428 Quis
2340 5360 2469 5416 mihi
2489 5360 2680 5415 tribuat
2697 5362 3007 5425 auditorem,
3025 5371 3080 5415 ut
3101 5360 3418 5416 desiderium
3439 5378 3611 5417 meum
3624 5377 3711 5415 au-

2117 5454 2225 5508 diat
2254 5454 2588 5526 Omnipotens
2606 5495 2620 5522 ,
2655 5465 2701 5508 et
2726 5455 2915 5508 librant
2937 5454 3129 5510 scribat
3155 5456 3268 5525 ipse
3291 5455 3382 5524 qui
3402 5455 3637 5528 judicat,
3659 5459 3708 5506 ut

2111 5550 2166 5604 in
2190 5550 2403 5602 humero
2432 5564 2544 5601 meo
2565 5557 2760 5620 portem
2780 5547 2955 5618 illunt,
2985 5557 3032 5602 et
3054 5547 3364 5603 cirruntdem
3388 5547 3543 5604 illum
3564 5544 3709 5619 quasi

2109 5625 2356 5694 coronam
2379 5641 2549 5695 mihi?
2579 5639 2686 5695 Per
2714 5641 2950 5713 singulos
2975 5642 3166 5712 gradus
3190 5658 3326 5696 meos
3347 5638 3704 5713 pronuntiabo

2107 5737 2277 5805 illum,
2311 5747 2356 5790 et
2389 5737 2538 5808 quasi
2583 5736 2803 5809 principi
2849 5735 3064 5805 offeram
3095 5753 3230 5792 eum.
3277 5734 3459 5804 Quem
3511 5735 3704 5791 librum

2108 5839 2331 5888 sanctus
2353 5831 2452 5888 Job
2479 5830 2955 5888 demonstraturus
2977 5831 3215 5903 caeteris,
3242 5830 3297 5888 in
3323 5829 3562 5887 humero
3587 5840 3704 5899 suo,
