3948 6334
265 346 339 405 791

1086 336 1572 398 (ΣΟΜΜΕΝΤΑΒΙῙ
1612 340 1678 397 IN
1717 338 1981 399 LIBRUM
2018 340 2159 400 JOB.
2202 340 2355 402 CAP.
2402 340 2619 400 XXXII.

3400 338 3507 401 72?.

260 464 302 519 in
327 462 430 517 loco
452 454 699 514 videlicet
724 454 936 512 cunctis
962 456 1261 528 conspicuo
1291 455 1499 512 confert
1529 474 1544 517 :
1573 472 1638 513 eo
1664 457 1811 529 (μιοά
1837 459 1892 521 Α
1919 462 2096 518 versis
2127 462 2263 519 locis
2287 461 2567 534 Scriptura
2598 462 2720 531 Dei,
2750 462 3049 519 secundum
3082 460 3425 521 incrementa
3454 466 3507 519 in

258 555 375 614 libro
398 566 485 625 pro
514 550 718 606 laboris
746 549 830 606 sui
857 548 1067 604 meritis
1092 549 1241 604 velut
1266 564 1468 605 corona
1496 550 1685 619 gloriae
1716 565 1811 606 co-

257 656 461 712 ronatus,
492 659 587 714 per
612 642 858 715 singulos
887 642 1087 714 gradus
1126 644 1413 711 virtutum,
1451 645 1569 700 sive
1593 645 1809 717 profec-

256 752 379 797 tuum
420 752 636 793 suorum
684 737 1026 794 incrementa
1074 746 1200 794 ante
1232 736 1401 794 Deum
1441 739 1807 809 recensendo,

255 830 552 908 pronuntiat.

310 928 365 986 Si
385 928 643 983 aduersum
666 942 747 981 me
766 935 907 981 terra
932 941 1048 981 mea
1076 927 1294 994 clamat,
1326 936 1372 983 et
1401 943 1517 983 cum
1536 928 1655 999 ipsa
1676 927 1813 984 sulci

250 1027 343 1097 ejus
358 1022 558 1093 deﬂent.
584 1019 643 1076 Si
676 1023 878 1093 fructus
901 1020 1013 1091 ejus
1042 1021 1246 1076 comedi
1272 1021 1464 1093 absque
1492 1024 1738 1093 pecunia,
1761 1030 1814 1078 et

250 1116 444 1172 animam
464 1114 816 1186 agricolarum
846 1114 965 1186 ejus
1007 1114 1182 1184 afﬂixi
1211 1130 1230 1170 :
1255 1131 1351 1187 pro
1381 1115 1643 1186 frumento
1670 1115 1813 1171 oria-

250 1224 318 1269 tur
336 1210 451 1266 milii
479 1208 734 1278 tribules,
764 1219 814 1263 et
853 1225 948 1282 pro
989 1208 1187 1264 hordeo
1227 1209 1402 1281 spina.
1448 1209 1642 1277 Terra,
1681 1223 1813 1266 caro

247 1305 454 1363 hominis
481 1313 634 1361 recte
675 1305 934 1360 sentitur.
965 1302 1118 1360 lianc
1161 1301 1295 1359 dicit
1338 1302 1529 1359 beatus
1558 1302 1662 1360 Job
1707 1302 1812 1360 sibi

245 1398 587 1455 adversariam
612 1412 718 1453 non
743 1396 931 1460 fuisse.
959 1396 1279 1453 necessario
1300 1395 1486 1469 utique
1511 1412 1528 1451 :
1554 1396 1811 1467 quoniam

244 1493 362 1550 bene
385 1491 479 1548 sibi
510 1506 633 1546 eam
665 1488 1016 1546 obedientem
1060 1488 1266 1545 fecerat
1300 1488 1449 1545 circa
1490 1498 1813 1544 ornamenta

241 1588 488 1644 virtutum.
528 1584 700 1655 Cujus
720 1585 886 1641 etiam
914 1582 1101 1640 sulcos
1123 1581 1531 1653 metaphorlcos
1550 1580 1812 1653 appellat,

243 1684 319 1755 qui
343 1684 451 1739 sive
474 1691 701 1754 propter
720 1681 898 1738 bonos
921 1694 1104 1736 mores
1125 1677 1481 1743 excolendos,
1509 1677 1626 1733 sive
1653 1691 1816 1749 prep-

241 1786 309 1833 ter
323 1774 703 1832 continendam
728 1788 925 1843 aquam
951 1772 1103 1829 verbi
1126 1772 1257 1839 Dei,
1290 1770 1529 1827 infusam
1550 1770 1816 1827 divinitus

1913 570 1981 610 eo
2007 553 2204 610 divina:
2245 556 2435 622 gratiae
2464 556 2731 611 nominat.
2754 554 2910 613 Unde
2950 556 3171 627 quando
3199 554 3338 611 Rom
3375 557 3513 613 dici-

1914 657 2023 713 tur,
2067 648 2330 705 habeatur
2378 647 2616 704 excelsus
2647 665 2667 704 :
2695 649 2920 721 quando
2968 663 3100 705 vero
3136 649 3349 713 Abram,
3383 665 3511 720 pro-

1913 740 2102 799 ﬁciens
2149 742 2202 799 in
2248 742 2562 810 virtutibus,
2596 755 2745 813 pater
2791 742 3026 799 excelsus
3065 744 3158 799 sit.
3205 742 3340 801 Item
3382 759 3507 799 cum

1913 836 2052 892 ﬁdes
2087 835 2206 907 ejus
2247 836 2503 908 gentibus
2547 836 2617 893 ad
2664 837 3093 894 dominationem
3146 839 3510 911 prteponilur,

1914 929 2214 1001 Abraham,
2242 929 2295 986 id
2318 940 2422 997 est,
2441 940 2588 1001 pater
2612 932 2898 987 multarum
2921 932 3151 1005 gentium
3172 933 3505 1004 appelletur.

1914 1021 2014 1079 llic
2042 1022 2206 1095 igitur
2253 1022 2433 1089 lleliu,
2479 1024 2621 1079 sicut
2665 1035 2926 1096 apparet,
2956 1024 3257 1082 secundum
3307 1025 3512 1082 bonum

1914 1128 2147 1185 naturae,
2172 1116 2337 1172 homo
2362 1116 2543 1188 justus
2574 1117 2792 1175 videtur
2822 1117 3015 1189 fuisse,
3048 1118 3141 1190 qui
3169 1126 3226 1175 et
3254 1117 3507 1191 spiritum

1912 1208 2106 1266 habuit
2131 1212 2437 1283 prophetiae
2466 1228 2481 1267 :
2513 1212 2614 1269 sed
2649 1221 2783 1285 puto
2833 1230 2941 1271 non
2972 1215 3166 1271 eodem
3207 1214 3391 1281 modo,
3422 1215 3513 1272 vel

1915 1304 2106 1361 eadem
2134 1304 2340 1376 gratia,
2372 1316 2432 1361 ut
2459 1308 2631 1363 sancti
2663 1306 2967 1378 prophetat.
2999 1307 3156 1365 Unde
3180 1319 3237 1366 et
3259 1309 3375 1380 ipse
3404 1309 3513 1364 Do-

1914 1398 2097 1454 minus
2124 1398 2194 1454 ad
2222 1407 2467 1454 sanctum
2504 1398 2612 1456 Job
2643 1398 2713 1456 de
2753 1416 2822 1457 eo
2848 1399 3066 1457 locutus
3111 1410 3199 1458 est
3229 1420 3242 1457 :
3277 1402 3405 1469 Quis
3433 1410 3510 1457 est

1913 1491 2009 1547 iste
2051 1490 2313 1546 involvens
2356 1493 2643 1547 sententias
2677 1493 3002 1549 sermonibus
3035 1495 3334 1568 imperitis?
3367 1494 3516 1567 quod

1916 1593 2027 1652 est,
2069 1584 2385 1657 improperii
2414 1585 2598 1643 verbis
2622 1595 2786 1658 atque
2811 1586 3137 1643 inordinatis
3165 1587 3515 1644 sermonibus

1917 1689 2115 1733 sensus
2144 1676 2501 1749 pr0pheticus
2525 1687 2781 1734 narratur
2813 1697 2828 1736 :
2860 1678 2954 1735 ubi
2986 1694 3092 1735 non
3114 1680 3375 1750 reprobat
3404 1680 3518 1735 Do-

1916 1772 2098 1828 minus
2120 1771 2263 1843 quod
2290 1772 2447 1830 Heliu
2474 1773 2745 1846 loquitur,
2773 1774 2868 1831 sed
2895 1774 3042 1846 quod
3067 1790 3420 1845 praepropere
3449 1774 3517 1828 ab

243 1878 381 1926 terra:
407 1884 542 1935 suae,
591 1867 731 1924 sulci
763 1867 834 1921 ab
873 1880 943 1923 eo
969 1865 1102 1922 dicti
1131 1874 1259 1922 sunt
1287 1881 1303 1923 :
1343 1864 1650 1921 secundum
1679 1865 1809 1921 illud
1840 1858 1889 1920 B
1917 1879 1985 1921 eo
2011 1864 2237 1932 dicitur,
2273 1865 2380 1921 hoc
2403 1866 2780 1938 reprehendit.
2800 1867 2878 1925 De
2902 1867 3028 1934 hoc,
3051 1867 3296 1939 inquam,
3329 1867 3507 1935 lleliu,

234 1960 513 2018 Psalmista:
542 1976 561 2017 :
599 1959 791 2017 Sulcos
818 1962 929 2033 ejus
951 1958 1238 2027 inebrians,
1268 1957 1566 2031 multiplica
1599 1975 1813 2031 genera-

238 2057 375 2109 tiones
399 2057 531 2127 ejus.
567 2051 850 2125 Agricolas
876 2060 1061 2108 autem
1093 2050 1228 2107 istos
1257 2060 1420 2108 terra:
1453 2065 1590 2119 Sua),
1622 2051 1815 2106 beatus

234 2147 322 2205 Job
340 2156 557 2204 sanctas
580 2146 969 2215 cogitationes,
1010 2154 1069 2200 ut
1103 2144 1364 2211 arbitror,
1410 2142 1547 2200 dixit
1574 2160 1589 2198 :
1614 2143 1814 2215 quibus

236 2242 372 2299 vivus
398 2258 536 2315 ager
566 2242 771 2298 mentis
803 2254 918 2296 suae
945 2250 1172 2296 strenue
1213 2239 1520 2296 colebatur.
1566 2238 1813 2309 Quorum

231 2336 581 2408 agricolarum
628 2335 753 2392 ideo
789 2335 975 2391 anima
1011 2350 1118 2391 una
1148 2334 1219 2390 ah
1247 2349 1316 2391 eo
1342 2332 1601 2403 refertur,
1634 2340 1693 2389 ut
1718 2330 1816 2388 ad-

229 2437 484 2486 vertamus
523 2443 691 2484 unum
730 2425 1052 2484 eorumdem
1091 2424 1265 2482 fuisse
1301 2440 1659 2482 consensum.
1692 2422 1811 2479 Non

227 2533 299 2582 est
342 2524 442 2582 hoc
489 2525 550 2582 in
594 2522 840 2580 moribus
890 2529 1202 2579 sanctorum
1239 2519 1515 2587 notabile,
1552 2519 1669 2575 sive
1718 2534 1806 2575 re-

236 2616 615 2689 prehensibile,
636 2615 857 2687 quando
879 2615 1092 2688 seipsos
1118 2613 1364 2670 laudant.
1401 2611 1520 2669 Non
1555 2612 1699 2669 enim
1735 2612 1817 2682 ja-

225 2715 425 2772 ctantia:
454 2714 601 2771 vitio
629 2712 971 2781 detinentur,
998 2721 1058 2768 ut
1087 2713 1139 2767 in
1167 2710 1283 2767 suis
1310 2708 1561 2765 laudibus
1582 2707 1816 2780 gloriam

229 2808 507 2865 humanam
549 2806 877 2881 requirant:
910 2805 1006 2863 sed
1048 2802 1260 2862 faciunt
1297 2803 1403 2860 hoc
1444 2802 1693 2859 veritatis
1734 2800 1818 2856 in-

223 2904 473 2974 tentione,
493 2919 610 2977 qua
634 2912 762 2960 ante
787 2901 958 2959 Deum
988 2898 1311 2973 simpliciter
1336 2913 1401 2957 ac
1420 2896 1717 2955 sinceriter
1737 2895 1818 2952 vi-

224 3005 365 3053 νυιιι.

778 3065 1009 3126 CAPUT
1037 3065 1259 3124 XXXII.

1917 1965 1973 2014 et
1996 1958 2080 2014 sui
2110 1957 2409 2027 similibus,
2430 1967 2488 2015 et
2517 1959 2574 2015 in
2599 1959 2868 2031 principio
2896 1958 3021 2017 libri
3052 1959 3211 2031 hujus
3239 1959 3501 2027 diximus,

1917 2049 2062 2123 quod
2093 2050 2403 2122 prophetiae
2425 2052 2691 2125 mysterio
2711 2053 2795 2107 usi
2822 2053 2932 2109 sint
2961 2053 3150 2120 etiam,
3177 2052 3268 2124 qui
3295 2052 3520 2107 exorbi-

1919 2153 2170 2201 taverant
2198 2160 2228 2199 a
2281 2160 2415 2202 vera
2461 2145 2749 2217 religione,
2779 2150 2907 2219 quia
2947 2158 3005 2204 et
3050 2146 3163 2203 illis
3197 2146 3348 2203 dedit
3376 2148 3520 2203 Deus

1916 2238 2143 2295 verbum
2170 2253 2350 2306 suum,
2381 2247 2441 2294 ut
2467 2240 2726 2313 mysteria
2755 2240 2936 2297 futura
2969 2242 3392 2312 pronuntiarent
3420 2241 3524 2295 ho-

1919 2330 2157 2388 minibus
2182 2348 2196 2386 :
2221 2331 2313 2388 ubi
2356 2333 2593 2389 maxime
2623 2333 2758 2390 ﬁdes
2789 2342 2847 2390 et
2892 2334 3186 2391 admiratio
3223 2336 3514 2407 gentilium

1921 2425 2157 2499 pendet,
2205 2438 2270 2482 ut
2307 2427 2401 2498 qui
2457 2429 2661 2483 nostris
2705 2428 2897 2484 nolunt
2945 2429 3174 2486 credere
3214 2429 3519 2502 prophetis,

1919 2520 2154 2577 credant
2178 2521 2369 2578 saltem
2400 2521 2607 2577 divinis
2652 2532 2707 2578 et
2734 2522 2949 2579 vatibus
2978 2522 3112 2579 suis.
3147 2524 3302 2579 llunc
3331 2525 3517 2593 itaque

1921 2614 2106 2683 Heliu,
2129 2615 2222 2688 qui
2245 2626 2332 2672 est
2362 2616 2605 2681 Balaam,
2633 2616 2858 2689 ﬁguram
2888 2615 3091 2674 habere
3115 2617 3357 2689 gentium
3376 2617 3520 2673 dixi-

1921 2723 2076 2776 mus,
2118 2707 2531 2765 adversantium
2571 2707 2813 2778 Christo,
2846 2710 2988 2767 sicut
3032 2719 3091 2767 et
3138 2712 3265 2767 illos
3309 2710 3517 2765 amicos

1922 2803 2068 2859 beati
2090 2801 2217 2873 Job,
2242 2802 2624 2859 hzereticorum
2646 2802 2895 2876 ﬁguram.
2923 2804 3081 2874 Quod
3103 2817 3284 2860 autem
3308 2804 3416 2871 ait,
3447 2805 3480 2857 ti
3498 2834 3516 2844 -

1920 2896 2035 2953 nita
2064 2906 2192 2953 sunt
2212 2896 2378 2953 verba
2399 2896 2505 2953 Job
2533 2914 2548 2951 :
2580 2911 2872 2969 possumus
2903 2899 3212 2972 intelligere
3238 2908 3516 2971 tamquam

1922 2992 2160 3059 dixerit,
2193 2990 2511 3048 ﬁrmissime
2551 2990 2792 3048 stabilita
2821 3002 2952 3049 sunt
2994 2992 3163 3051 verba
3210 2993 3391 3049 divina
3414 3036 3430 3061 ,
3463 3002 3520 3048 et

1925 3086 2083 3143 irrita
2105 3099 2229 3143 esse
2249 3098 2358 3141 non
2384 3094 2635 3156 possunt,
2658 3100 2782 3158 qua:
2807 3100 2977 3159 usque
2999 3087 3068 3144 ad
3096 3096 3361 3144 veternam
3386 3101 3514 3158 pro-

284 3187 588 3245 Omisertent
634 3196 807 3244 autem
848 3194 950 3241 tres
988 3185 1087 3240 uiri
1107 3184 1196 3239 isti
1224 3183 1536 3258 respondere
1577 3179 1710 3250 Job,
1756 3196 1817 3237 eo
1856 3247 1896 3258 _
1926 3180 2245 3236 missionem
2276 3178 2515 3234 ﬁdeliter
2544 3178 2839 3235 credentes
2878 3179 3204 3251 perducunt.
3246 3178 3341 3236 Isti
3367 3194 3521 3245 vero,

218 3282 345 3354 quod
380 3286 572 3356 justus
610 3281 710 3337 sibi
741 3280 1028 3337 uideretur.
1082 3247 1416 3334 Cedenti'bus
1461 3247 1816 3343 adversariis,
1846 3247 1897 3315 ο
1925 3271 2018 3343 qui
2060 3272 2268 3341 justum
2317 3271 2498 3327 virum
2538 3280 2596 3328 et
2638 3247 3037 3343 sempiternum
3094 3273 3522 3343 praesumptione

220 3374 314 3432 Job
344 3388 467 3449 post
495 3375 671 3433 multa
705 3373 1007 3447 prOphetia:
1029 3387 1141 3429 sua:
1170 3371 1454 3446 mysteria,
1480 3378 1538 3426 et
1558 3370 1675 3442 ipse
1704 3367 1824 3423 ﬁnit
1925 3364 2346 3421 adinventorum
2372 3362 2690 3437 dogmatum
2720 3363 2925 3421 audent
2966 3364 3281 3432 discutere,
3314 3371 3526 3419 aeterno

216 3484 554 3527 sermonem.
584 3469 746 3541 Quod
775 3478 958 3525 autem
984 3468 1193 3524 dictum
1222 3477 1331 3536 est,
1373 3467 1682 3524 omiserunt
1720 3481 1822 3522 au-
1926 3459 2254 3533 quandoque
2279 3459 2504 3515 silentio
2531 3460 2925 3517 conticescent.
2956 3458 3114 3527 Quod
3142 3466 3323 3515 autem
3355 3455 3514 3513 Hcliu

220 3572 320 3620 tem
349 3574 469 3622 tres
514 3566 619 3621 viri
661 3564 751 3620 isti
800 3561 1139 3634 respondere
1182 3558 1308 3629 Job,
1350 3575 1419 3618 eo
1456 3560 1604 3633 quod
1642 3562 1823 3631 justus
1927 3556 2145 3615 duobus
2172 3556 2488 3614 nominibus
2520 3556 2812 3627 vocitatur,
2841 3571 2948 3613 non
2976 3566 3063 3613 est
3094 3556 3333 3612 mirum:
3361 3555 3525 3611 fami-

216 3662 313 3718 sibi
356 3661 700 3718 videretur:
747 3658 984 3729 scriptor
1030 3654 1275 3712 historia:
1322 3654 1480 3726 hujus
1535 3670 1605 3710 ex
1658 3669 1826 3713 sensu
1929 3651 2066 3710 liare
2105 3662 2188 3708 est
2228 3650 2336 3709 hoc
2360 3650 2665 3723 Scriptura:
2692 3651 2922 3720 divinae,
2971 3660 3032 3707 ut
3059 3651 3321 3708 Salomon
3355 3650 3530 3719 ldida,

219 3755 673 3829 respondentium
703 3752 866 3820 dixit,
900 3766 968 3807 eo
996 3749 1140 3823 quod
1157 3750 1342 3821 justus
1370 3749 1478 3805 sibi
1512 3749 1820 3818 videretur,
1930 3756 1989 3803 et
2006 3754 2270 3818 cognatus
2300 3743 2433 3800 Mosi
2460 3744 2641 3801 dictus
2666 3753 2750 3800 est
2767 3744 2948 3811 Jetro,
2979 3750 3039 3799 et
3056 3743 3300 3814 Raguel,
3334 3750 3391 3797 et
3422 3741 3525 3796 Pe-

219 3866 318 3909 non
360 3868 434 3909 ex
486 3850 704 3921 judicio
736 3862 840 3904 suo
876 3863 891 3901 :
922 3860 1047 3903 cum
1099 3842 1334 3901 referret
1395 3844 1481 3900 vel
1531 3843 1826 3913 scriberet,

220 3960 331 4017 quae
354 3946 411 4002 in
449 3944 795 4017 praeconium
826 3939 963 3996 tanti
990 3938 1091 3995 viri
1118 3938 1261 4012 stylo
1284 3938 1401 3994 haec
1430 3952 1532 3993 suo
1558 3937 1834 4008 posterio-

216 4050 331 4096 rum
362 4037 660 4097 memoriae
688 4032 1130 4093 commendabat.

284 4131 356 4189 Et
403 4134 587 4188 iratus
635 4130 1036 4200 indignatusque
1076 4135 1150 4184 est
1201 4125 1401 4195 Heliu,
1447 4124 1615 4197 ﬁlius.
1660 4124 1835 4179 Barac

215 4228 349 4285 dsiet
384 4228 633 4296 Buzites,
692 4225 757 4279 de
804 4223 1110 4295 cognatione
1160 4220 1316 4277 Ram.
1367 4220 1443 4276 De
1492 4219 1752 4290 progenie
1781 4225 1837 4273 et

214 4325 586 4397 generatione
634 4320 749 4378 lluz
776 4328 831 4377 et
880 4320 1013 4385 Bue,
1050 4317 1289 4373 ﬁliorum
1335 4313 1554 4371 Nachor
1601 4324 1657 4369 et
1698 4311 1837 4368 Mel-

213 4420 377 4486 ebze,
449 4416 668 4475 sororis
723 4414 913 4480 Sane,
977 4412 1167 4468 uxoris
1223 4408 1542 4476 Abraham,
1600 4406 1841 4463 nascitur

216 4512 319 4568 Job
361 4521 425 4570 et
472 4510 661 4568 lleliu.
714 4507 793 4564 De
835 4508 970 4575 lluz,
1019 4504 1123 4562 Job
1176 4503 1450 4571 nascitur,
1494 4511 1550 4560 et
1590 4502 1659 4558 de
1686 4501 1838 4570 Buz,

214 4604 304 4663 hic
361 4606 542 4665 Heliu
597 4621 613 4660 :
685 4602 832 4659 unde
883 4611 939 4658 et
1003 4600 1224 4657 Buzites
1295 4598 1532 4664 dicitur,
1592 4598 1682 4670 qui
1740 4596 1844 4652 fuit

215 4702 361 4755 sicut
406 4699 513 4755 hic
562 4697 849 4765 scribitur,
908 4694 1047 4752 ﬁlius
1097 4692 1398 4751 Baracbiel.
1462 4693 1616 4749 Hunc
1673 4694 1841 4765 igitur

214 4794 380 4853 Heliu
403 4838 422 4865 ,
454 4794 771 4852 doctissimi
803 4791 1215 4862 Scripturarum
1256 4789 1448 4845 dicunt
1494 4790 1671 4860 ipsum
1720 4802 1844 4844 esse

218 4887 451 4944 Balaam
503 4887 802 4950 hariolum,
844 4900 1006 4957 quem
1056 4884 1109 4939 iu
1156 4881 1521 4939 Numerorum
1556 4882 1696 4939 libro
1742 4882 1847 4937 Ba-

209 4980 365 5046 lach.
415 4996 527 5038 rex
573 4978 932 5035 Moabitarum
959 5022 975 5047 ,
1023 4976 1090 5031 ad
1121 4974 1376 5031 lsraelem
1406 4975 1845 5032 maledicendum

212 5077 590 5133 conduxerat
620 5092 633 5129 :
666 5082 722 5130 et
750 5073 868 5129 hate
894 5070 1179 5142 Scriptura
1210 5068 1414 5138 refert,
1451 5068 1595 5141 quod
1622 5068 1709 5125 hic
1741 5069 1850 5125 lle-

212 5168 319 5239 liu,
355 5170 438 5227 de
459 5168 797 5240 cognatione
824 5164 1005 5221 fuerat
1032 5162 1192 5227 Ram,
1225 5171 1283 5218 et
1312 5161 1455 5217 hunc
1484 5160 1644 5229 Ram,
1675 5161 1848 5217 Abra-

215 5262 349 5318 ham
395 5276 544 5318 esse
569 5258 944 5330 intelligamus
970 5275 983 5312 :
1014 5256 1083 5312 de
1122 5254 1277 5327 cujus
1311 5255 1639 5325 cognatione
1682 5264 1737 5310 et
1774 5254 1851 5309 fa-

213 5354 379 5411 milia
403 5352 582 5409 Heliu
602 5350 780 5407 fuerit
804 5356 1147 5421 procreatus.
1180 5347 1317 5403 Hinc
1342 5347 1529 5418 utique
1560 5346 1743 5402 fratris
1764 5347 1852 5404 sui

212 5448 461 5505 Nachor
505 5445 835 5517 posteritas,
886 5441 1075 5513 procul
1120 5440 1287 5497 dubio
1336 5440 1569 5496 Abrahae
1598 5442 1854 5511 cognatio

213 5542 331 5598 erit
368 5559 387 5596 :
424 5538 533 5595 ubi
559 5536 656 5610 qui
711 5536 859 5592 hunc
901 5534 1101 5590 librum
1145 5532 1365 5601 scribit,
1419 5548 1579 5606 quem
1639 5533 1855 5591 Hebraei

217 5637 434 5694 Mosen
478 5641 801 5699 autumant,
844 5632 898 5687 in
926 5628 1297 5702 generationis
1327 5628 1489 5685 Heliu
1521 5628 1858 5696 nominibus,

218 5726 607 5783 nobilitatem
666 5723 976 5780 nativitatis
1030 5722 1151 5791 ejus
1221 5721 1396 5776 voluit
1451 5720 1857 5785 demonstrare.

216 5823 401 5892 Quod
450 5830 646 5875 autem
685 5819 739 5874 in
772 5818 876 5873 hoc
914 5816 1055 5872 libro
1096 5815 1259 5884 Rom,
1294 5817 1444 5887 quasi
1489 5817 1691 5887 partito
1744 5817 1862 5874 sive

214 5916 426 5974 diviso
460 5915 713 5982 nomine,
747 5920 973 5970 sanctus
1003 5910 1202 5967 Abram
1234 5910 1432 5966 dicitur
1460 5926 1472 5962 :
1506 5913 1578 5965 ita
1609 5918 1665 5966 et
1697 5910 1747 5965 in
1778 5908 1861 5965 di-

1932 3846 2051 3895 trus
2074 3838 2289 3895 Simon.
2312 3836 2468 3895 Unde
2495 3852 2603 3895 non
2628 3852 2851 3910 parvam
2884 3837 3276 3892 obscuritatem
3296 3833 3415 3889 haec
3438 3850 3531 3890 va-

1933 3934 2104 3991 rietas
2130 3934 2413 3989 nominum
2444 3933 2587 3991 solet
2610 3932 2920 4007 legentibus
2938 3930 3220 3988 exhibere.

2007 4023 2187 4083 Iratus
2216 4035 2293 4082 est
2320 4036 2495 4083 autem
2522 4026 2795 4082 aduersum
2821 4024 2948 4092 Job,
2976 4040 3037 4080 eo
3068 4025 3209 4097 quod
3242 4026 3447 4097 justum
3475 4024 3533 4079 se‘

1935 4135 2048 4177 esse
2086 4120 2281 4175 diceret
2320 4136 2496 4175 coram
2542 4121 2674 4176 Deo.
2705 4120 2875 4175 Porro
2897 4118 3173 4174 adversum
3201 4119 3393 4175 amicos
3420 4121 3538 4192 ejus

1935 4212 2238 4284 indignatus
2263 4223 2373 4280 est,
2405 4230 2465 4269 eo
2509 4214 2649 4286 quod
2680 4230 2785 4269 non
2809 4214 3120 4269 invenissent
3144 4212 3536 4286 responsionem

1937 4306 2342 4374 rationabilem,
2394 4309 2485 4363 sed
2533 4312 2890 4364 tantummodo
2934 4306 3363 4363 condemnassent
3408 4304 3537 4362 Job.

1941 4402 2113 4477 Igitur
2160 4400 2322 4458 Helia
2366 4402 2681 4477 exspectavit
2709 4401 2811 4458 Job
2839 4401 3132 4474 loquentem
3161 4418 3179 4455 :
3205 4418 3264 4456 eo
3293 4400 3431 4471 quod
3459 4417 3542 4456 se-

1943 4498 2114 4553 niores
2134 4507 2299 4552 essent
2318 4497 2408 4570 qui
2435 4496 2799 4568 loquebantur.
2816 4495 2945 4552 Cum
2969 4504 3140 4550 autem
3165 4496 3378 4550 vidisset
3399 4495 3540 4566 quod

1946 4599 2049 4645 tres
2081 4589 2397 4663 respondere
2426 4606 2528 4645 non
2553 4589 2874 4663 potuissent,
2900 4589 3064 4643 iratus
3090 4597 3164 4643 est
3192 4588 3538 4644 uehementer.

1950 4683 2385 4756 Respondensque
2406 4680 2568 4737 Heliu
2590 4682 2734 4753 ﬁlius
2764 4680 3079 4747 Barachiel,
3108 4680 3321 4738 Busites
3338 4726 3353 4753 ,
3381 4682 3544 4738 dixit.

1951 4778 2179 4835 Videtur
2207 4778 2341 4834 mihi
2382 4776 2529 4849 quod
2560 4776 2677 4834 base
2707 4779 2860 4849 prius
2889 4785 3043 4848 gesta
3089 4787 3257 4846 sunt,
3298 4792 3422 4850 quae
3452 4778 3542 4832 hic

1950 4872 2203 4945 legimus,
2235 4886 2397 4943 quam
2429 4871 2521 4927 illa
2548 4886 2671 4942 qua:
2700 4870 2754 4926 in
2780 4868 3030 4927 Numeris
3051 4870 3121 4927 de
3149 4872 3252 4927 hoc
3274 4873 3393 4942 ipso
3432 4871 3545 4927 He-

1949 4964 2027 5020 liu
2069 4962 2182 5020 sive
2234 4962 2453 5018 Balaam
2484 4961 2623 5018 facta
2665 4962 2999 5019 referuntur.
3039 4962 3139 5018 Hic
3187 4962 3353 5032 igitur
3384 4962 3545 5019 Heliu

1953 5059 2047 5131 qui
2066 5057 2145 5113 ait
2165 5055 2272 5114 Job
2294 5064 2351 5113 et
2377 5056 2586 5114 amicos
2613 5056 2733 5127 ejus
2765 5070 2826 5112 se
2858 5066 3207 5129 ex5pectasse
3227 5056 3543 5127 loquentes,

1957 5153 2186 5211 honoris
2204 5169 2268 5212 ac
2298 5154 2619 5211 reverentia:
2644 5168 2810 5211 causa
2829 5152 3075 5210 ostendit
3092 5168 3155 5208 se
3182 5151 3379 5209 fecisse
3394 5154 3545 5225 quod

1958 5245 2088 5304 fecit
2119 5266 2132 5304 :
2163 5247 2471 5304 senioribus
2501 5248 2710 5304 scilicet
2737 5246 3057 5304 deferendo.
3087 5245 3207 5303 iam
3234 5247 3343 5305 hic
3371 5247 3545 5320 ipsius

1960 5339 2120 5398 Heliu
2151 5340 2317 5398 verba
2345 5349 2496 5409 sunt,
2526 5341 2599 5397 ita
2628 5340 2904 5398 dicentis:

2030 5436 2223 5495 Iunior
2249 5454 2362 5494 sum
2387 5447 2637 5511 tempore,
2664 5454 2752 5493 vos
2778 5446 2949 5493 autem
2977 5436 3293 5507 antiquiores
3316 5452 3337 5491 :
3356 5436 3555 5492 idcirco

1964 5533 2186 5589 demisso
2212 5533 2400 5604 capite,
2431 5532 2621 5588 veritus
2658 5547 2772 5586 sum
2794 5529 3030 5585 indicare
3061 5530 3203 5586 vobis
3236 5546 3402 5585 meam
3434 5546 3556 5584 sen-

1959 5626 2491 5699 tentiam.Sperabam
2510 5627 2646 5682 enim
2664 5627 2806 5698 quod
2819 5633 2946 5680 retas
2963 5626 3215 5699 prolixior
3231 5626 3551 5697 loqueretur,

1964 5732 2277 5778 etannorum
2295 5718 2570 5774 multitudo
2582 5721 2782 5774 doceret
2803 5719 3129 5791 sapientiam.
3148 5717 3279 5783 Sed,
3304 5725 3358 5772 ut
3379 5716 3554 5787 uideo,

1962 5817 2175 5889 spiritus
2206 5824 2281 5869 est
2319 5814 2373 5868 in
2410 5812 2724 5878 hominibus,
2770 5821 2817 5866 et
2861 5810 3138 5881 inspiratio
3188 5808 3557 5882 omnipotentis

1965 5909 2057 5965 dat
2086 5906 2496 5978 intelligentiam.
2549 5905 2673 5963 Non
2713 5918 2833 5961 sunt
2862 5904 3082 5978 tangeri
3127 5906 3385 5978 sapientes
3413 5920 3431 5957 :
3470 5917 3567 5959 nec
