3948 6334
1038 280 1087 307 ιλ
1120 274 1249 307 s'cfje
1277 276 1317 303 ἰι

239 366 328 436 723
579 398 604 425 υ
628 416 633 423 .

906 408 926 441 ιι
990 390 1007 409 ι’
1054 370 1533 431 ΩΟΙΙΜΕΝΤΑΒΙΙ
1569 367 1639 430 IN
1674 366 1939 429 LIBRUM
1974 368 2123 432 JOB.
2161 374 2315 437 CAP.
2356 376 2601 442 XXXIII.

2142 274 2153 297 ⁵,
2252 282 2261 296 λ
2338 244 2539 297 λιιι

3379 384 3487 449 ηδ

238 486 300 549 liu
323 488 388 545 ait
412 484 508 544 Job
538 500 555 541 ι
586 482 820 589 [incest
848 499 980 559 ergo
1006 486 1059 543 iu
1086 502 1195 559 quo
1220 502 1329 544 non
1356 502 1417 589 es
1434 486 1784 560 justiticatus,
1812 486 1869 547 A
1890 492 2101 551 buntur.
2150 474 2602 589 Appropinquabit
2640 501 2963 575 corruptioni
3011 474 3189 561 anima
3237 513 3351 581 ejus
3374 552 3390 578 ,
3440 519 3489 566 et

234 583 390 649 idest,
414 593 670 636 accusare
708 568 985 637 debueras
1022 590 1099 649 te,
1132 597 1241 637 non
1274 580 1501 638 laudare
1531 590 1546 638 ε
1578 596 1685 638 non
1715 582 1783 637 il-

233 673 314 732 lud
328 672 499 729 dicere
525 684 547 729 ε
573 672 809 729 mundus
830 688 977 741 sum,
1007 674 1128 731 sine
1160 682 1397 746 peccato
1440 684 1501 731 et
1524 676 1787 730 immacu-

233 767 355 823 latus
383 783 396 821 :
425 763 679 835 iniquitas
708 780 927 838 quoque
954 782 1065 823 non
1084 778 1171 824 est
1203 768 1257 823 in
1289 784 1396 824 me.
1431 767 1546 825 Hoc
1566 779 1669 836 cst,
1701 764 1787 824 in-

220 872 397 930 quam,
424 856 619 929 imque
656 858 766 914 nun
797 870 860 916 es
889 859 1258 931 justillcatus,
1299 860 1426 932 quia
1463 860 1787 932 justiﬁestio

226 949 671 1023 perhumilitatem
686 952 1023 1024 tasquiritur.
1048 952 1191 1009 Laus
1212 966 1347 1009 vero
1376 953 1635 1010 elationis
1656 968 1788 1009 con-

227 1042 602 1100 damnationem
632 1055 896 1102 meretur.
930 1043 1117 1102 Potuit
1156 1046 1376 1117 quidem
1409 1056 1467 1101 ut
1499 1045 1787 1118 virjustus

225 1146 273 1194 et
292 1136 353 1194 de
378 1138 583 1194 sanctis
616 1137 888 1210 operibus
911 1138 1027 1196 suis
1055 1139 1161 1196 sibi
1201 1138 1339 1197 bene
1368 1140 1659 1206 conscius,
1691 1154 1790 1194 nu-

227 1230 391 1287 denter
415 1230 594 1302 aliqua
618 1247 743 1303 quae
765 1248 892 1288 vera
914 1240 1065 1300 sunt,
1090 1234 1205 1290 Deo
1223 1234 1412 1291 dicere
1437 1248 1450 1289 :
1484 1250 1589 1291 non
1610 1236 1789 1307 potult

218 1333 382 1393 tamen
408 1323 535 1380 hac
552 1338 678 1396 qum
704 1320 757 1381 ei
784 1324 949 1382 ﬂcliu
979 1324 1116 1381 falso
1144 1325 1357 1398 objicit,
1384 1326 1534 1383 velut
1556 1327 1781 1384 sacrile-

216 1434 308 1492 gus
333 1419 491 1492 loqui.
521 1419 770 1493 Denique
793 1419 923 1489 illa,
960 1436 1085 1494 qua:
1132 1422 1340 1480 dixisse
1364 1420 1469 1479 Job
1509 1420 1674 1491 dicit,
1715 1422 1787 1479 ita

222 1514 439 1588 inquiens
465 1532 481 1571 :
1360 1534 1363 1539 '
1742 1530 1747 1537 ‘

281 1609 404 1676 Quia
420 1609 664 1681 querelas
691 1609 747 1665 in
770 1624 853 1666 me
878 1610 1101 1683 reperit,
1132 1609 1253 1666 ideo
1282 1610 1567 1666 arbitratus
1603 1617 1680 1666 est
1708 1620 1788 1667 nte

213 1701 457 1757 inimicum
479 1702 602 1759 sibi.
639 1700 829 1759 Posuit
854 1702 910 1758 in
930 1719 1088 1759 nervo
1110 1702 1269 1777 pedes
1298 1718 1439 1759 meos
1467 1717 1487 1758 :
1511 1702 1787 1759 custodiuit

216 1811 374 1852 names
392 1797 603 1852 semitas
629 1812 791 1853 meas.
818 1796 938 1853 Hoc
956 1805 1175 1871 estergo
1199 1799 1255 1853 in
1274 1812 1377 1867 quo
1399 1814 1503 1853 non
1522 1815 1578 1854 es
1594 1797 1789 1873 justiﬁ-
1818 1788 1837 1822 ¹

1888 589 1991 643 vita
2013 588 2160 647 illius
2188 584 2493 668 mortiferis.
2531 595 2592 653 Si
2619 599 2781 670 fuerit
2813 616 2906 668 pro
2937 616 2997 655 eo
3023 601 3243 673 angelus
3273 603 3490 674 loquens

1890 699 2055 738 unum
2079 685 2144 741 de
2172 686 2428 744 similibus
2453 732 2468 758 ,
2497 699 2553 745 ut
2580 692 2851 748 annuntiet
2886 692 3113 751 hominis
3139 697 3436 766 (equitatem
3469 715 3491 755 :

1890 777 2216 835 miserebitur
2255 782 2366 854 ejus
2391 823 2406 849 ,
2441 793 2487 838 et
2525 783 2706 840 dicet:
2739 784 2927 841 Libera
2961 804 3081 843 eum
3107 830 3122 856 ,
3162 800 3218 843 ut
3256 808 3359 845 non
3400 791 3492 846 de-

1883 860 2105 925 scendat
2151 871 2207 926 in
2246 875 2650 946 corruptionem.
2686 875 2872 933 Inveni
2898 882 2952 934 in
2979 897 3083 952 quo
3131 881 3178 936 ei
3213 884 3489 956 prapilier.
3535 920 3541 927 ~

1890 962 2021 1021 Sive
2043 975 2101 1020 ut
2129 966 2220 1023 alii
2249 967 2505 1025 dixerunt
2537 987 2551 1027 :
2582 972 2811 1027 Accessit
2840 990 3000 1045 usque
3029 974 3099 1028 ad
3126 986 3345 1030 mortem
3376 976 3491 1031 ani-

1884 1067 1976 1111 'ma
2003 1058 2136 1128 ejus,
2162 1069 2210 1114 et
2234 1060 2408 1115 omnia
2431 1065 2553 1137 ejus
2574 1080 2886 1120 marcescere
2912 1066 3217 1139 facigﬂum
3247 1085 3345 1139 per
3375 1070 3492 1126 haec

1890 1078 1976 1111 ma
2003 1078 2136 1128 ejus,
2162 1078 2210 1114 et
2234 1078 2408 1115 omma
2431 1078 2553 1137 ejus
2574 1080 2886 1120 marcescere
2912 1078 3015 1138 [act
3070 1078 3217 1131 ,Uum
3247 1085 3345 1139 pcr
3375 1078 3491 1126 haec

1890 1138 2076 1223 itaque
2106 1165 2389 1211 correctus
2418 1155 2581 1213 homo
2611 1170 2776 1229 atque
2805 1078 3166 1233 consunhtus
3192 1204 3207 1231 ,
3239 1164 3402 1218 morti
3434 1172 3491 1219 et

1889 1243 2248 1302 infernalibus
2295 1247 2561 1305 ministris
2611 1250 3134 1324 appropinquavcrit
3166 1295 3181 1320 ,
3228 1254 3274 1311 si
3318 1254 3489 1311 fuerit

1890 1337 2159 1409 quiSpiam
2183 1349 2521 1417 sanctorum.
2543 1342 2636 1412 qui
2661 1358 2858 1401 nomen
2883 1346 3056 1404 sancti
3077 1347 3257 1419 angeli
3282 1347 3486 1421 habere
3532 1354 3537 1359 '

1888 1438 2167 1487 mereatur
2199 1453 2214 1491 :
2242 1433 2289 1490 is
2330 1432 2434 1506 pro
2478 1435 2823 1507 hujusmodi,
2855 1439 2944 1510 qui
2974 1454 3072 1512 pro
3103 1440 3342 1512 peccatis
3372 1441 3488 1497 suis

1889 1542 1920 1583 a
1954 1529 2065 1585 Deo
2093 1529 2166 1585 ita
2211 1531 2528 1602 corripitur,
2575 1533 2780 1603 poterit
2826 1532 3125 1605 impetrare
3160 1550 3175 1590 :
3206 1535 3249 1591 si
3302 1544 3485 1593 tamen

1890 1618 1958 1677 de
1991 1622 2178 1703 multis
2206 1623 2464 1695 operibus
2513 1624 2677 1681 bonis
2705 1670 2719 1695 ,
2746 1642 2870 1697 quae
2914 1627 3132 1698 operari
3174 1626 3485 1698 debuerat,

1892 1714 2088 1771 saltem
2110 1722 2276 1771 unum
2305 1715 2521 1783 bonum:
2533 1733 2669 1792 opus
2686 1720 2828 1792 ejus,
2846 1712 2993 1792 quod
3018 1730 3293 1794 tamquam
3317 1721 3487 1777 sacri-

1894 1808 2079 1867 ﬁcium
2112 1826 2212 1885 pro
2256 1800 2322 1868 co
2353 1813 2618 1884 placabile
2647 1814 2847 1871 oll‘erat
2887 1814 2999 1872 Deo
3020 1857 3036 1884 ,
3068 1816 3309 1871 valuerit
3339 1817 3491 1870 inve-

220 1900 360 1948 catus.
382 1891 494 1947 Non
527 1891 767 1962 legimus
801 1890 919 1947 haec
946 1890 1052 1947 Job
1087 1891 1319 1957 dixisse,
1353 1907 1476 1962 quae
1507 1892 1694 1963 utique
1720 1902 1787 1948 ex

1897 1905 2036 1961 nire.
2069 1904 2371 1979 Exaudiet,
2407 1910 2610 1983 inquit.
2640 1919 2698 1968 et
2719 1909 2932 1982 jubebit
2960 1952 2975 1978 ,
3010 1921 3066 1966 ut
3097 1910 3394 1983 prmdictus
3423 1910 3493 1966 ad

208 1999 359 2041 suasu
378 1985 520 2057 ejus,
552 1984 705 2057 quasi
730 1998 760 2041 a
784 1991 976 2041 salicto
1006 1984 1108 2043 Job
1136 1983 1304 2053 dicta,
1335 1986 1450 2042 suis
1489 1984 1579 2042 hic
1598 1986 1787 2042 Verbis

204 2079 511 2153 composuit.
547 2079 706 2138 [inde
749 2081 897 2138 hunc
928 2083 1127 2151 potius
1152 2090 1260 2138 non
1308 2092 1464 2139 recte
1498 2080 1663 2138 verba
1706 2083 1787 2137 dl-

212 2188 322 2232 cerc
346 2174 682 2245 noverimus,
708 2190 870 2247 quam
899 2174 1154 2234 eumdem
1177 2186 1425 2233 sanctum
1447 2176 1554 2235 Job
1579 2176 1785 2234 dixisse

214 2271 495 2329 credamus.
1042 2306 1047 2315 -
1412 2288 1419 2293 ο

270 2366 603 2440 Respondebo
632 2368 744 2436 tibi,
762 2371 903 2442 'quia
933 2371 1103 2445 major
1127 2366 1368 2425 sit’Deus
1408 2368 1639 2426 homine.
1678 2368 1787 2424 Atl-

214 2473 364 2515 sersus
397 2477 515 2517 eum
554 2462 859 2533 contendis,
889 2462 1030 2535 quod
1063 2480 1167 2518 non
1204 2462 1273 2518 ad
1311 2462 1487 2517 omnia
1522 2462 1673 2518 verba
1704 2478 1787 2518 re-

210 2554 447 2626 sponderit
477 2554 590 2611 tibi.
620 2555 795 2613 Semel
819 2556 1053 2630 loquitur
1077 2555 1216 2611 Dens
1238 2555 1530 2612 etsecunda
1555 2556 1785 2627 idipsum

206 2661 298 2703 non
318 2650 518 2719 repetit.
551 2648 661 2705 Per
683 2651 941 2705 somnium
976 2650 1031 2706 in
1051 2651 1250 2705 visione
1272 2652 1554 2717 nocturna;
1577 2650 1786 2719 quando

205 2739 347 2795 irruit
368 2756 530 2813 sopor
562 2756 723 2812 super
761 2741 1028 2812 homines,
1068 2753 1115 2799 et
1150 2742 1416 2798 dormiunt
1448 2741 1503 2798 in
1544 2740 1734 2797 lectulo
1764 2759 1784 2801 :

209 2841 313 2887 tunc
331 2837 494 2907 aperit
514 2850 667 2892 aures
690 2837 939 2904 virorum,
971 2846 1021 2893 et
1043 2837 1287 2892 erudiens
1308 2848 1394 2892 eos
1413 2882 1428 2908 ,
1459 2836 1667 2892 instruit
1699 2836 1757 2890 di
1763 2865 1783 2877 -

206 2928 420 3000 sciplina,
452 2938 517 2985 ut
542 2937 741 2986 auertat
769 2931 1029 2986 hominem
1049 2930 1113 2985 ab
1133 2929 1216 2986 his
1238 2946 1354 3003 qua:
1372 2930 1512 3003 fecit,
1537 2940 1584 2985 et
1609 2928 1787 2985 liberet

205 3032 308 3073 eum
332 3021 393 3075 de
415 3021 687 3095 superbia,
710 3038 893 3079 eruens
913 3023 1143 3078 animam
1170 3025 1285 3095 ejus
1307 3039 1338 3077 a
1366 3023 1715 3096 corruptione,
1738 3032 1785 3078 et

204 3113 341 3168 sitam
366 3115 537 3186 illius,
562 3128 619 3171 ut
649 3132 755 3172 non
775 3124 1002 3172 transeat
1029 3117 1085 3175 in
1105 3116 1359 3191 gladium.
1385 3117 1470 3175 Ab
1491 3118 1609 3190 ipso
1632 3118 1782 3189 prin-
1806 3172 1817 3176 -

206 3211 330 3281 cipio
358 3213 584 3284 mundi,
615 3223 675 3271 et
717 3213 981 3286 deinceps
1024 3188 1246 3288 semper
1272 3215 1487 3273 locutus
1512 3188 1599 3273 est
1636 3188 1784 3272 Deus
1808 3188 1845 3229 '3

1888 1999 2289 2070 correptionem
2316 1999 2490 2057 infera
2501 2017 2655 2059 orum
2677 2004 3017 2060 cruciatuum
3041 2018 3149 2060 non
3167 2003 3489 2073 descendat,

1889 2104 1959 2147 eo
1990 2090 2136 2162 quod
2162 2092 2250 2148 vir
2281 2107 2508 2165 magnus
2534 2092 2756 2167 quidam
2785 2095 3082 2166 exstiterit,
3113 2096 3269 2168 cujus
3296 2111 3489 2169 preces

1888 2180 2036 2242 Deus
2065 2198 2174 2242 non
2215 2189 2460 2259 potuerit
2497 2202 2605 2244 non
2636 2187 2848 2245 audire.
2896 2189 2963 2245 Et
3002 2188 3230 2262 angelus
3256 2189 3491 2262 quilibet

1878 2258 1956 2333 ile
1985 2276 2127 2333 creto
2167 2258 2438 2335 aesistens
2467 2264 2593 2335 ante
2624 2278 2816 2336 faciem
2857 2280 2978 2349 Dei,
3010 2258 3194 2353 potest
3220 2258 3320 2353 pro
3345 2297 3485 2353 quo—

1887 2370 2026 2429 libet
2053 2383 2345 2443 peccatore
2376 2373 2429 2429 in
2459 2372 2692 2446 ﬂagellis
2722 2375 3141 2448 castigationum
3190 2366 3369 2449 posito
3403 2378 3486 2432 in-

1887 2464 2186 2524 tercedere
2217 2485 2229 2522 :
2262 2467 2396 2539 ipsis
2422 2470 2578 2524 enim
2610 2450 2715 2526 est.
2736 2478 2864 2526 cura
2897 2470 3138 2541 injuncta
3171 2488 3200 2527 a
3234 2472 3367 2538 Deo,
3399 2472 3488 2529 vel

1886 2560 2158 2629 maxime,
2190 2568 2249 2617 ut
2272 2560 2515 2627 diversis,
2536 2561 2874 2629 hominibus.
2908 2564 2997 2623 vel
3027 2565 3364 2629 nationibus.
3393 2566 3489 2622 de-

1888 2648 2158 2708 fensionis
2186 2644 2301 2709 sive
2327 2653 2593 2711 custodite
2623 2670 2736 2711 suae
2777 2670 2939 2726 opem
2962 2656 3159 2713 lerant.
3190 2657 3267 2712 De
3287 2658 3488 2729 quibus

1886 2742 2183 2815 Apostolus
2212 2764 2226 2802 :
2254 2742 2449 2801 Nonne
2468 2762 2646 2803 omnes
2671 2757 2793 2803 sunt
2813 2748 3249 2805 administratorii
3271 2751 3490 2823 spiritus

1885 2837 1941 2894 in
1999 2838 2349 2895 ministerium
2394 2841 2582 2896 missi:
2614 2853 2826 2918 prapter
2868 2860 2953 2900 eos
2994 2845 3086 2916 qui
3132 2843 3488 2900 htereditotem

1886 2933 2092 3006 capient
2138 2933 2373 2990 salutis?
2418 2932 2745 3007 Exemplum
2792 2948 2975 2994 autem
3006 2954 3191 2994 rerum
3237 2954 3484 3011 praesen-

1888 3024 2047 3093 tium,
2079 3024 2149 3083 de
2174 3027 2376 3098 quibus
2405 3043 2549 3085 nunc
2577 3028 2871 3100 loquimur,
2902 3029 2954 3086 in
2989 3028 3287 3102 Scripturis
3310 3030 3487 3087 domi-

1887 3114 2028 3177 iiicis
2060 3122 2365 3177 retinemus
2388 3165 2402 3189 ,
2450 3121 2539 3179 ubi
2590 3122 2819 3195 legimus
2846 3165 2863 3192 ,
2910 3124 2962 3178 in
2996 3124 3203 3179 somnis
3235 3122 3487 3177 homines

1889 3217 2057 3274 fuisse
2099 3225 2387 3288 correptos
2412 3259 2426 3285 ,
2458 3226 2517 3274 ut
2546 3215 3051 3291 Nabuchodonosor
3076 3232 3266 3289 regem
3296 3231 3490 3287 super-

203 3302 533 3376 bominibus,
562 3317 619 3364 et
660 3307 834 3366 semel
872 3307 1229 3365 nihilominus
1268 3309 1531 3383 loquitur,
1566 3308 1664 3367 sed
1692 3308 1785 3366 ubi
1813 3293 1860 3358 Ο
1890 3313 2177 3370 bissimum
2202 3353 2217 3378 ,
2247 3322 2303 3368 et
2327 3311 2513 3369 Laban
2537 3355 2551 3383 ,
2584 3313 2675 3384 qui
2704 3300 2950 3385 parentis
2978 3313 3064 3368 sui
3097 3312 3269 3369 Jacob
3299 3311 3489 3366 interi-

205 3398 507 3473 irequenter
526 3403 677 3475 loqui
700 3402 902 3461 dicitur
925 3404 1194 3472 Deus,vel
1218 3405 1308 3463 lex
1330 3410 1451 3477 ejus
1471 3404 1779 3478 multiplex,

201 3492 280 3549 vel
305 3496 697 3568 prophetarum
726 3506 785 3554 et
813 3497 1196 3555 mandatorum
1225 3499 1346 3571 ejus
1372 3500 1670 3557 diversitas
1696 3500 1782 3557 in-

205 3584 417 3647 dicatur.
452 3590 561 3648 Ubi
608 3604 747 3650 vero
775 3594 948 3669 semel
977 3593 1123 3667 loqui
1154 3588 1514 3667 signiﬁcatur,
1544 3596 1783 3653 stabilita

202 3684 496 3745 acdelinita
525 3689 648 3758 ejus
677 3682 949 3747 sententia
975 3690 1407 3759 demonstratur.
1432 3691 1606 3764 Loqui
1636 3693 1782 3749 enim

202 3778 355 3842 Deum
376 3785 695 3845 efﬁcientia:
717 3788 834 3859 ejus
855 3802 947 3845 res
968 3787 1319 3860 intelligitur.
1340 3786 1523 3846 Semel
1545 3789 1786 3862 loquitur

200 3876 352 3947 Deus,
375 3892 430 3938 et
457 3882 705 3941 secundo
728 3882 964 3955 idipsum
986 3899 1093 3940 non
1118 3883 1338 3955 repetit,
1354 3884 1407 3940 id
1427 3894 1533 3954 est,
1555 3902 1661 3940 non
1688 3885 1784 3940 im-

200 3982 358 4058 mutat
381 3977 551 4047 Deus,
587 3978 697 4035 nisi
720 3979 825 4037 hoc
849 3980 1024 4053 ipsum
1054 3988 1178 4039 vita:
1208 3992 1410 4040 nostras
1433 3982 1665 4041 mutatio
1691 3981 1787 4039 de-

197 4072 503 4142 imposcerit
532 4088 546 4127 :
579 4070 686 4130 boc
718 4070 839 4129 loco
868 4073 938 4131 de
964 4068 1177 4132 duobus
1208 4074 1530 4148 quibusdam
1562 4091 1788 4148 correp-

200 4159 392 4220 tlonum
422 4162 689 4237 gradibus
718 4166 878 4224 ileliu
925 4167 1220 4241 diligenter
1248 4179 1508 4238 enarrat,
1553 4180 1609 4227 et
1653 4170 1789 4225 dicit

194 4253 327 4321 quod
355 4256 602 4314 eruditio
630 4255 838 4323 divina,
872 4259 957 4315 vel
984 4259 1275 4333 castigatio
1306 4262 1451 4323 circa
1478 4261 1784 4328 hominem,

196 4344 313 4400 etin
333 4347 518 4406 noctis
546 4348 856 4405 visionibus
879 4350 971 4405 tiat
991 4368 1006 4405 :
1028 4349 1268 4421 itemque
1298 4352 1582 4408 in‘lectulo
1606 4372 1619 4407 :
1645 4351 1787 4409 unde

197 4434 267 4491 ait
291 4455 304 4491 :
327 4438 745 4497 Contabescere
788 4441 951 4499 faciat
990 4441 1299 4512 hominem,
1342 4443 1520 4500 donec
1558 4442 1624 4499 ad
1660 4445 1788 4499 vitae

1889 3420 2001 3466 tum
2042 3407 2410 3480 disponebat,
2452 3418 2509 3466 et
2534 3406 2861 3465 Abimelech
2913 3422 3097 3478 regem
3124 3449 3139 3475 ,
3168 3407 3259 3479 qui
3314 3403 3489 3461 sancti

1886 3500 2122 3558 Abrahae
2150 3500 2373 3557 domum
2415 3500 2799 3558 contaminare
2831 3500 3075 3557 tentabat
3099 3541 3116 3567 ,
3160 3508 3216 3556 et
3261 3513 3485 3554 uxorem

1887 3578 2239 3667 Pilati,‘quaz
2289 3594 2366 3651 ait
2415 3595 2482 3650 ad
2527 3610 2652 3650 eum
2702 3594 2771 3651 de
2826 3594 3058 3650 Domino
3111 3602 3308 3649 nostro
3356 3590 3491 3646 Jcsu

1883 3688 2152 3748 Christo:
2186 3689 2341 3746 Nihil
2389 3691 2480 3746 tibi
2524 3700 2573 3745 et
2603 3695 2751 3765 justo
2780 3690 2863 3746 illi
2894 3706 2913 3746 :
2948 3689 3115 3745 multa
3154 3690 3289 3745 enim
3333 3702 3489 3756 passa

1885 3801 2000 3861 sum
2046 3801 2138 3856 per
2165 3785 2428 3840 somnium
2469 3793 2683 3856 prapter
2725 3799 2862 3839 eum.
2897 3783 2964 3838 Et
3001 3784 3148 3854 magi
3198 3782 3252 3836 in
3297 3778 3481 3834 Evan-

1886 3880 2034 3953 gelio
2068 3880 2121 3935 in
2162 3879 2377 3937 somnis
2423 3879 2735 3950 admoniti,
2783 3893 2881 3949 per
2923 3879 3089 3934 aliam
3135 3878 3279 3932 viam
3326 3889 3483 3945 egre-

1886 3970 2132 4029 diuntur.
2157 3973 2379 4031 Fideles
2399 3972 2561 4030 etiam
2587 3972 2692 4028 viri
2714 3986 2744 4027 a
2768 3971 2883 4037 Deo
2905 3972 2959 4035 in
2982 3969 3190 4026 somnis
3208 3971 3490 4025 instruun-

1888 4075 1998 4132 tur,
2028 4074 2088 4124 ut
2113 4064 2282 4123 Jacob
2309 4066 2644 4139 patriarcha,
2672 4073 2727 4122 et
2756 4064 2897 4120 alios
2925 4064 3155 4134 legimus
3185 4060 3490 4117 intirmatos

1888 4174 2012 4217 esse
2040 4168 2268 4232 pmpter
2292 4168 2516 4230 peccata
2538 4199 2555 4225 ,
2585 4157 2651 4213 de
2679 4156 2881 4228 quibus
2922 4155 3077 4211 illum
3128 4155 3485 4226 paralyticum

1889 4250 2061 4309 fuisse
2091 4250 2361 4307 discimus
2382 4293 2398 4320 ,
2436 4249 2523 4306 cui
2553 4251 2630 4305 ait
2669 4250 2934 4305 Dominus
2966 4266 2981 4304 :
3015 4238 3372 4304 Remittuntur
3398 4242 3490 4300 tibi

1891 4336 2102 4418 peccata
2144 4355 2255 4401 tua.
2304 4344 2562 4419 Legimus
2608 4354 2664 4400 et
2709 4351 2929 4400 sanctos
2974 4358 3151 4414 a‘gros
3189 4343 3388 4411 fuisse,
3432 4351 3492 4397 ut

1889 4439 2250 4523 Trophimum
2298 4448 2353 4496 et
2410 4437 2851 4511 Epaphroditum
2887 4455 2900 4492 :
2933 4453 3071 4510 quos
3114 4440 3300 4511 utique
3341 4438 3493 4494 velut

196 4526 348 4602 hujus
386 4543 638 4591 extrema
675 4536 983 4608 perveniat.
1020 4534 1095 4617 Et
1132 4551 1259 4592 cum
1287 4536 1356 4593 ab
1381 4538 1565 4609 aliquo
1596 4547 1789 4593 sancto
1814 4575 1865 4633 α
1887 4534 2065 4621 j‘ustos
2088 4535 2181 4591 tali
2205 4534 2562 4607 castigatione
2585 4534 2922 4591 examinatos
2945 4534 3176 4591 credere
3196 4534 3489 4591 debemus:

192 4635 285 4703 pro
311 4641 378 4684 eo
398 4625 573 4685 fuerit
596 4628 995 4702 interventum,
1013 4614 1225 4687 ut‘lecit
1248 4631 1413 4687 ls‘aias
1441 4633 1538 4703 pro
1556 4631 1785 4699 Ezechia

193 4730 334 4790 rege,
365 4722 697 4778 resumatur
722 4718 970 4794 pristina:
1011 4714 1256 4791 sanitati.
1285 4724 1353 4781 Et
1392 4725 1469 4781 ait
1506 4726 1560 4780 in
1590 4725 1786 4780 subse-‘

193 4813 511 4883 quentibus,
541 4814 688 4888 quod
719 4815 893 4873 tribus
930 4816 1146 4873 victbus
1171 4817 1291 4873 haec
1325 4812 1467 4875 circa
1508 4804 1786 4885 hominem

195 4917 474 4979 operetur,
502 4908 561 4964 id
590 4906 1045 4977 eet,'evidenter,
1078 4919 1135 4966 et
1163 4910 1542 4981 probabiliter,
1576 4922 1631 4969 et
1659 4920 1788 4969 con-

194 4996 472 5059 ﬁrmativa
497 5002 794 5074 modo,vel
810 5014 1036 5077 propter
1059 5004 1344 5061 trinumeri
1367 5004 1786 5078 perfectionem,

195 5093 276 5150 vel
332 5105 562 5169 propter
607 5099 1044 5156 trium'testium
1088 5098 1399 5157 veritatem.
1436 5100 1562 5170 Quo
1591 5118 1791 5174 genere

193 5191 357 5248 etiam
384 5192 707 5264 patientiam
732 5193 857 5263 Dei,
874 5194 1336 5266 clementiamque
1357 5196 1644 5269 signiﬁcat,
1671 5194 1793 5269 quae

195 5296 301 5339 non
326 5286 541 5357 statim,
570 5285 669 5342 sed
699 5298 798 5357 per
816 5296 1034 5358 partes,
1060 5295 1121 5344 “et
1153 5296 1250 5359 per
1272 5290 1425 5346 vices
1451 5291 1711 5362 castigat,
1738 5299 1795 5345 et

193 5378 372 5448 arguit
399 5378 818 5451 delinquentem
846 5397 860 5436 :
892 5379 985 5437 ubi
1015 5381 1063 5436 ei
1092 5396 1196 5438 nec
1224 5384 1512 5455 prmceptis
1540 5385 1794 5441 veritatis

188 5473 488 5545 judicium,
515 5492 616 5534 nec
648 5475 856 5534 inutilis
879 5476 1156 5547 remissio,
1181 5493 1281 5537 nec
1304 5479 1587 5552 injustitiaz
1617 5479 1794 5553 impu-

192 5552 341 5625 tatur
367 5569 650 5643 iniquitas.
956 5580 961 5593 ‘
1200 5588 1203 5591 '

206 5674 221 5695 τ
263 5660 516 5737 Increpat
554 5683 762 5740 quoque
805 5683 895 5739 per
923 5666 1154 5722 dolerem
1181 5670 1237 5723 in
1282 5667 1494 5737 lectulo,
1527 5677 1576 5722 et
1617 5667 1792 5723 omnia

192 5758 313 5812 lica
338 5760 457 5831 ejus
487 5776 807 5817 marcescere
832 5762 974 5830 facit.
1019 5760 1394 5817 Abominabilis
1437 5762 1484 5817 ei
1513 5763 1571 5833 ﬁt
1611 5763 1795 5817 in'rita

191 5848 504 5920 panis,
560 5863 608 5908 et
656 5853 849 5910 animae
890 5854 1033 5909 illius
1077 5856 1380 5912 cibus'ante
1410 5844 1790 5912 desiderabilis.

195 5938 449 6002 Tabescet
479 5963 601 6004 caro
638 5952 776 6022 ejus,
810 5957 856 6005 et
896 5965 1015 6006 ossa
1044 5965 1159 6022 qua:
1200 5957 1329 6005 tecta
1359 5953 1594 6022 fuerant,
1626 5948 1795 6005 nuda-

1895 4630 2003 4697 hon
2037 4637 2093 4686 ut
2143 4638 2463 4697 peccatores
2508 4627 2846 4684 inﬁrmitatis
2892 4629 3125 4686 verbere
3166 4628 3488 4701 ﬂagellatos.

1892 4721 2152 4794 Sequitur
2180 4740 2194 4778 :

1969 4812 2289 4887 Consumpta
2314 4824 2386 4872 est
2409 4833 2534 4871 caro
2556 4818 2672 4889 ejus
2708 4833 2742 4871 a
2769 4817 3044 4890 suppliciis
3066 4833 3085 4872 :
3108 4826 3400 4874 revertatur
3425 4817 3496 4873 ad

1899 4910 2011 4965 dies
2038 4908 2405 4965 adolescentia:
2424 4926 2553 4966 sate.
2583 4908 2833 4982 Recepit,
2868 4909 3064 4981 inquit,
3088 4911 3233 4966 mala
3259 4927 3357 4981 pro
3384 4926 3501 4966 me-

1900 4996 2025 5062 ritis
2053 5004 2171 5060 suis
2194 5045 2212 5072 ,
2246 5014 2302 5061 et
2340 5003 2733 5079 suppliciorum
2767 5012 2934 5076 atque
2966 5019 3247 5075 pmnarum
3280 5019 3499 5063 mensu—

1899 5113 2018 5155 ram
2047 5097 2354 5161 :sulliciant
2384 5096 2503 5154 haec
2529 5095 2582 5153 ei
2610 5096 2840 5154 verb‘cra
2871 5097 3271 5170 castigationis,
3305 5098 3501 5169 quibus

1899 5178 2192 5250 revocatus
2232 5184 2318 5250 est
2348 5192 2415 5249 ad
2446 5191 2893 5249 emendationem
2926 5210 2940 5247 :
2970 5209 3121 5249 nunc
3162 5192 3500 5263 indulgentia

1898 5285 2099 5345 divina:
2135 5287 2355 5360 pietatis
2403 5287 2469 5344 ad
2499 5286 2620 5344 dies
2655 5287 3044 5343 adolescentiae
3085 5296 3413 5358 revertatur,
3445 5289 3498 5345 id

1898 5389 2002 5450 est,
2039 5380 2114 5436 sit
2139 5380 2338 5436 iterum
2367 5394 2536 5436 sanus
2561 5388 2725 5452 atque
2751 5379 3059 5436 incolumis.

1922 5480 1925 5487 ’
1973 5475 2356 5549 Deprecabitur
2384 5474 2576 5545 Deum,
2610 5485 2659 5531 et
2687 5472 2966 5549 placabilis
2998 5475 3043 5530 ei
3070 5475 3167 5530 erit
3191 5514 3205 5541 .
3241 5484 3291 5530 et
3313 5475 3503 5530 uidebit

1900 5571 2088 5643 faciem
2113 5572 2229 5644 ejus
2250 5569 2307 5622 in
2325 5568 2522 5644 jubilo,
2553 5577 2601 5623 et
2627 5567 2808 5623 reddet
2831 5568 3029 5622 homini
3044 5569 3308 5640 justitiam
3332 5584 3499 5622 suam.

1898 5662 2051 5731 Quod
2086 5662 2307 5720 interim
2339 5662 2508 5718 corde
2537 5661 2615 5728 lit,
2650 5676 2773 5716 cum
2803 5676 2901 5730 per
2934 5660 3101 5715 Deum
3131 5660 3334 5715 bonum
3362 5676 3496 5715 con-

1898 5758 2147 5814 scientiae
2196 5756 2562 5828 possideatur.
2617 5754 2838 5812 Videbit
2883 5763 3068 5811 autem
3116 5757 3209 5811 Dei
3261 5756 3450 5809 faciem
3484 5796 3499 5819 ,

1898 5853 2193 5923 propitium
2235 5854 2337 5908 sibi
2368 5853 2573 5910 vultum
2614 5852 2761 5909 illius
2789 5848 3066 5913 sentiens,
3099 5849 3405 5906 rcddilurus
3450 5845 3501 5902 ci

1895 5948 2055 6020 digna
2087 5947 2467 6008 satisfactione
2492 5947 2781 6021 justitiam.
