  <div class='ocr_page' id='page_1' title='image "/cluster/home/n/w/nwhite01/storage/ocr_20150623/26/hvd.32044015471402/369.png"; bbox 0 0 3948 6334; ppageno 0'>
   <div class='ocr_carea' id='block_1_1' title="bbox 388 206 492 262">
    <p class='ocr_par' dir='ltr' id='par_1_1' title="bbox 388 206 492 262">
     <span class='ocr_line' id='line_1_1' title="bbox 388 206 492 262; baseline 0 -1"><span class='ocrx_word' id='word_1_1' title='bbox 388 206 492 262; x_wconf 76' lang='lat'><strong>79.7</strong></span> 
     </span>
    </p>
   </div>
   <div class='ocr_carea' id='block_1_2' title="bbox 1183 194 2896 262">
    <p class='ocr_par' dir='ltr' id='par_1_2' title="bbox 1183 194 2896 262">
     <span class='ocr_line' id='line_1_2' title="bbox 1183 194 2896 262; baseline -0.004 0"><span class='ocrx_word' id='word_1_2' title='bbox 1183 199 1534 262; x_wconf 77' lang='lat' dir='ltr'><strong>APPENDIX</strong></span> <span class='ocrx_word' id='word_1_3' title='bbox 1571 198 1665 257; x_wconf 78' lang='lat' dir='ltr'><strong>AD</strong></span> <span class='ocrx_word' id='word_1_4' title='bbox 1701 195 1950 256; x_wconf 76' lang='lat' dir='ltr'><strong>TOMUM</strong></span> <span class='ocrx_word' id='word_1_5' title='bbox 1993 194 2351 256; x_wconf 81' lang='lat' dir='ltr'><strong>SEPTIMUM</strong></span> <span class='ocrx_word' id='word_1_6' title='bbox 2387 197 2448 256; x_wconf 90' lang='lat' dir='ltr'><strong>S.</strong></span> <span class='ocrx_word' id='word_1_7' title='bbox 2489 194 2896 257; x_wconf 76' lang='lat' dir='ltr'><strong>HIERONYMI.</strong></span> 
     </span>
    </p>
   </div>
   <div class='ocr_carea' id='block_1_3' title="bbox 3591 200 3700 258">
    <p class='ocr_par' dir='ltr' id='par_1_3' title="bbox 3591 200 3700 258">
     <span class='ocr_line' id='line_1_3' title="bbox 3591 200 3700 258; baseline 0 -1"><span class='ocrx_word' id='word_1_8' title='bbox 3591 200 3700 258; x_wconf 76' lang='lat'><strong>728</strong></span> 
     </span>
    </p>
   </div>
   <div class='ocr_carea' id='block_1_4' title="bbox 465 315 3700 397">
    <p class='ocr_par' dir='ltr' id='par_1_4' title="bbox 465 315 3700 397">
     <span class='ocr_line' id='line_1_4' title="bbox 465 315 3700 397; baseline -0.003 -17"><span class='ocrx_word' id='word_1_9' title='bbox 465 322 721 397; x_wconf 75' lang='lat' dir='ltr'><strong>Respiciet</strong></span> <span class='ocrx_word' id='word_1_10' title='bbox 749 322 999 391; x_wconf 76' lang='lat' dir='ltr'><strong>homines,</strong></span> <span class='ocrx_word' id='word_1_11' title='bbox 1024 328 1071 378; x_wconf 91' lang='lat' dir='ltr'><strong>et</strong></span> <span class='ocrx_word' id='word_1_12' title='bbox 1093 320 1223 376; x_wconf 88' lang='lat' dir='ltr'><strong>dicet</strong></span> <span class='ocrx_word' id='word_1_13' title='bbox 1249 338 1270 377; x_wconf 86' lang='lat'><em>:</em></span> <span class='ocrx_word' id='word_1_14' title='bbox 1300 318 1534 388; x_wconf 75' lang='lat' dir='ltr'><strong>Peccavi,</strong></span> <span class='ocrx_word' id='word_1_15' title='bbox 1563 326 1611 373; x_wconf 89' lang='lat' dir='ltr'><strong>et</strong></span> <span class='ocrx_word' id='word_1_16' title='bbox 1635 333 1749 372; x_wconf 86' lang='lat' dir='ltr'><strong>vere</strong></span> <span class='ocrx_word' id='word_1_17' title='bbox 1770 315 1987 387; x_wconf 78' lang='lat' dir='ltr'><strong>deliqui,</strong></span> <span class='ocrx_word' id='word_1_18' title='bbox 2017 317 2075 377; x_wconf 78' lang='grc' dir='ltr'>Α</span> <span class='ocrx_word' id='word_1_19' title='bbox 2171 315 2298 382; x_wconf 86' lang='lat' dir='ltr'><strong>Quis</strong></span> <span class='ocrx_word' id='word_1_20' title='bbox 2339 324 2415 372; x_wconf 85' lang='lat' dir='ltr'><strong>est</strong></span> <span class='ocrx_word' id='word_1_21' title='bbox 2458 319 2536 371; x_wconf 86' lang='lat' dir='ltr'><strong>vir</strong></span> <span class='ocrx_word' id='word_1_22' title='bbox 2566 323 2622 371; x_wconf 90' lang='lat' dir='ltr'><strong>ut</strong></span> <span class='ocrx_word' id='word_1_23' title='bbox 2664 326 2740 372; x_wconf 90' lang='lat' dir='ltr'><strong>est</strong></span> <span class='ocrx_word' id='word_1_24' title='bbox 2778 317 2904 384; x_wconf 78' lang='lat' dir='ltr'><strong>Job,</strong></span> <span class='ocrx_word' id='word_1_25' title='bbox 2937 317 3029 389; x_wconf 90' lang='lat' dir='ltr'><strong>qui</strong></span> <span class='ocrx_word' id='word_1_26' title='bbox 3068 315 3192 372; x_wconf 90' lang='lat' dir='ltr'><strong>bibit</strong></span> <span class='ocrx_word' id='word_1_27' title='bbox 3231 317 3700 374; x_wconf 73' lang='lat' dir='ltr'><strong>subsannationevt</strong></span> 
     </span>
    </p>
   </div>
   <div class='ocr_carea' id='block_1_5' title="bbox 391 411 1994 489">
    <p class='ocr_par' dir='ltr' id='par_1_5' title="bbox 391 411 1994 489">
     <span class='ocr_line' id='line_1_5' title="bbox 391 411 1994 489; baseline -0.006 -15"><span class='ocrx_word' id='word_1_28' title='bbox 391 429 440 474; x_wconf 89' lang='lat' dir='ltr'><strong>et</strong></span> <span class='ocrx_word' id='word_1_29' title='bbox 471 429 526 474; x_wconf 87' lang='lat' dir='ltr'><strong>ut</strong></span> <span class='ocrx_word' id='word_1_30' title='bbox 554 436 693 474; x_wconf 88' lang='lat' dir='ltr'><strong>eram</strong></span> <span class='ocrx_word' id='word_1_31' title='bbox 722 418 914 489; x_wconf 86' lang='lat' dir='ltr'><strong>dignus</strong></span> <span class='ocrx_word' id='word_1_32' title='bbox 939 434 1041 471; x_wconf 89' lang='lat' dir='ltr'><strong>non</strong></span> <span class='ocrx_word' id='word_1_33' title='bbox 1069 416 1259 486; x_wconf 80' lang='lat' dir='ltr'><strong>recepi.</strong></span> <span class='ocrx_word' id='word_1_34' title='bbox 1305 414 1494 486; x_wconf 86' lang='lat' dir='ltr'><strong>Magna</strong></span> <span class='ocrx_word' id='word_1_35' title='bbox 1523 428 1611 469; x_wconf 90' lang='lat' dir='ltr'><strong>res</strong></span> <span class='ocrx_word' id='word_1_36' title='bbox 1637 420 1741 478; x_wconf 88' lang='lat' dir='ltr'><strong>est,</strong></span> <span class='ocrx_word' id='word_1_37' title='bbox 1772 411 1994 481; x_wconf 83' lang='lat' dir='ltr'><strong>Dcoque</strong></span> 
     </span>
    </p>
   </div>
   <div class='ocr_carea' id='block_1_6' title="bbox 393 507 1996 585">
    <p class='ocr_par' dir='ltr' id='par_1_6' title="bbox 393 507 1996 585">
     <span class='ocr_line' id='line_1_6' title="bbox 393 507 1996 585; baseline -0.003 -18"><span class='ocrx_word' id='word_1_38' title='bbox 393 512 692 585; x_wconf 87' lang='lat' dir='ltr'><strong>plurimum</strong></span> <span class='ocrx_word' id='word_1_39' title='bbox 718 510 1071 581; x_wconf 86' lang='lat' dir='ltr'><strong>acceptabilis</strong></span> <span class='ocrx_word' id='word_1_40' title='bbox 1095 520 1152 564; x_wconf 94' lang='lat' dir='ltr'><strong>ut</strong></span> <span class='ocrx_word' id='word_1_41' title='bbox 1170 508 1334 565; x_wconf 91' lang='lat' dir='ltr'><strong>homo</strong></span> <span class='ocrx_word' id='word_1_42' title='bbox 1351 524 1572 565; x_wconf 84' lang='lat' dir='ltr'><strong>errores</strong></span> <span class='ocrx_word' id='word_1_43' title='bbox 1592 523 1723 564; x_wconf 89' lang='lat' dir='ltr'><strong>suos</strong></span> <span class='ocrx_word' id='word_1_44' title='bbox 1743 507 1996 562; x_wconf 96' lang='lat' dir='ltr'><strong>conﬁteri</strong></span> 
     </span>
    </p>
   </div>
   <div class='ocr_carea' id='block_1_7' title="bbox 393 600 1998 676">
    <p class='ocr_par' dir='ltr' id='par_1_7' title="bbox 393 600 1998 676">
     <span class='ocr_line' id='line_1_7' title="bbox 393 600 1998 676; baseline -0.005 -14"><span class='ocrx_word' id='word_1_45' title='bbox 393 622 508 662; x_wconf 83' lang='lat' dir='ltr'><strong>non</strong></span> <span class='ocrx_word' id='word_1_46' title='bbox 552 605 881 662; x_wconf 80' lang='lat' dir='ltr'><strong>erubescat:</strong></span> <span class='ocrx_word' id='word_1_47' title='bbox 915 603 1216 676; x_wconf 65' lang='lat' dir='ltr'><strong>praesertim</strong></span> <span class='ocrx_word' id='word_1_48' title='bbox 1260 603 1307 657; x_wconf 90' lang='lat' dir='ltr'><strong>si</strong></span> <span class='ocrx_word' id='word_1_49' title='bbox 1358 617 1456 673; x_wconf 91' lang='lat' dir='ltr'><strong>pro</strong></span> <span class='ocrx_word' id='word_1_50' title='bbox 1496 601 1580 657; x_wconf 89' lang='lat' dir='ltr'><strong>eis</strong></span> <span class='ocrx_word' id='word_1_51' title='bbox 1624 616 1686 655; x_wconf 90' lang='lat' dir='ltr'><strong>se</strong></span> <span class='ocrx_word' id='word_1_52' title='bbox 1729 600 1998 668; x_wconf 82' lang='lat' dir='ltr'><strong>intelligat</strong></span> 
     </span>
    </p>
   </div>
   <div class='ocr_carea' id='block_1_8' title="bbox 395 693 1995 771">
    <p class='ocr_par' dir='ltr' id='par_1_8' title="bbox 395 693 1995 771">
     <span class='ocr_line' id='line_1_8' title="bbox 395 693 1995 771; baseline -0.004 -15"><span class='ocrx_word' id='word_1_53' title='bbox 395 699 674 771; x_wconf 88' lang='lat' dir='ltr'><strong>castigari,</strong></span> <span class='ocrx_word' id='word_1_54' title='bbox 705 707 759 754; x_wconf 88' lang='lat' dir='ltr'><strong>et</strong></span> <span class='ocrx_word' id='word_1_55' title='bbox 791 699 864 752; x_wconf 87' lang='lat' dir='ltr'><strong>ita</strong></span> <span class='ocrx_word' id='word_1_56' title='bbox 913 711 974 752; x_wconf 91' lang='lat' dir='ltr'><strong>se</strong></span> <span class='ocrx_word' id='word_1_57' title='bbox 1022 693 1310 762; x_wconf 88' lang='lat' dir='ltr'><strong>humiliet,</strong></span> <span class='ocrx_word' id='word_1_58' title='bbox 1357 705 1415 750; x_wconf 89' lang='lat' dir='ltr'><strong>ut</strong></span> <span class='ocrx_word' id='word_1_59' title='bbox 1454 693 1714 766; x_wconf 87' lang='lat' dir='ltr'><strong>quidquid</strong></span> <span class='ocrx_word' id='word_1_60' title='bbox 1762 693 1995 764; x_wconf 85' lang='lat' dir='ltr'><strong>castiga-</strong></span> 
     </span>
    </p>
   </div>
   <div class='ocr_carea' id='block_1_9' title="bbox 394 787 1996 862">
    <p class='ocr_par' dir='ltr' id='par_1_9' title="bbox 394 787 1996 862">
     <span class='ocr_line' id='line_1_9' title="bbox 394 787 1996 862; baseline -0.004 -13"><span class='ocrx_word' id='word_1_61' title='bbox 394 793 566 849; x_wconf 92' lang='lat' dir='ltr'><strong>tionis</strong></span> <span class='ocrx_word' id='word_1_62' title='bbox 593 791 934 857; x_wconf 73' lang='lat' dir='ltr'><strong>sustinuerit,</strong></span> <span class='ocrx_word' id='word_1_63' title='bbox 963 804 1064 862; x_wconf 89' lang='lat' dir='ltr'><strong>pro</strong></span> <span class='ocrx_word' id='word_1_64' title='bbox 1097 788 1307 846; x_wconf 86' lang='lat' dir='ltr'><strong>meritis</strong></span> <span class='ocrx_word' id='word_1_65' title='bbox 1337 787 1453 845; x_wconf 86' lang='lat' dir='ltr'><strong>suis</strong></span> <span class='ocrx_word' id='word_1_66' title='bbox 1479 803 1672 861; x_wconf 89' lang='lat' dir='ltr'><strong>parum</strong></span> <span class='ocrx_word' id='word_1_67' title='bbox 1695 802 1753 844; x_wconf 92' lang='lat' dir='ltr'><strong>se</strong></span> <span class='ocrx_word' id='word_1_68' title='bbox 1773 802 1996 860; x_wconf 88' lang='lat' dir='ltr'><strong>passum</strong></span> 
     </span>
    </p>
   </div>
   <div class='ocr_carea' id='block_1_10' title="bbox 393 885 735 956">
    <p class='ocr_par' dir='ltr' id='par_1_10' title="bbox 393 885 735 956">
     <span class='ocr_line' id='line_1_10' title="bbox 393 885 735 956; baseline -0.006 -16"><span class='ocrx_word' id='word_1_69' title='bbox 393 885 735 956; x_wconf 79' lang='lat' dir='ltr'><strong>pronuntiet.</strong></span> 
     </span>
    </p>
   </div>
   <div class='ocr_carea' id='block_1_11' title="bbox 470 975 1997 1049">
    <p class='ocr_par' dir='ltr' id='par_1_11' title="bbox 470 975 1997 1049">
     <span class='ocr_line' id='line_1_11' title="bbox 470 975 1997 1049; baseline -0.003 -17"><span class='ocrx_word' id='word_1_70' title='bbox 470 977 735 1034; x_wconf 79' lang='lat' dir='ltr'><strong>Liberavit</strong></span> <span class='ocrx_word' id='word_1_71' title='bbox 778 977 1007 1032; x_wconf 90' lang='lat' dir='ltr'><strong>animam</strong></span> <span class='ocrx_word' id='word_1_72' title='bbox 1043 992 1191 1030; x_wconf 89' lang='lat' dir='ltr'><strong>suam</strong></span> <span class='ocrx_word' id='word_1_73' title='bbox 1224 992 1290 1031; x_wconf 88' lang='lat' dir='ltr'><strong>ne</strong></span> <span class='ocrx_word' id='word_1_74' title='bbox 1318 985 1552 1049; x_wconf 80' lang='lat' dir='ltr'><strong>pergeret</strong></span> <span class='ocrx_word' id='word_1_75' title='bbox 1600 975 1655 1028; x_wconf 91' lang='lat' dir='ltr'><strong>in</strong></span> <span class='ocrx_word' id='word_1_76' title='bbox 1698 975 1960 1029; x_wconf 90' lang='lat' dir='ltr'><strong>interitum</strong></span> <span class='ocrx_word' id='word_1_77' title='bbox 1982 1018 1997 1043; x_wconf 93' lang='lat'><strong>,</strong></span> 
     </span>
    </p>
   </div>
   <div class='ocr_carea' id='block_1_12' title="bbox 397 1068 2002 1144">
    <p class='ocr_par' dir='ltr' id='par_1_12' title="bbox 397 1068 2002 1144">
     <span class='ocr_line' id='line_1_12' title="bbox 397 1068 2002 1144; baseline -0.005 -15"><span class='ocrx_word' id='word_1_78' title='bbox 397 1073 490 1130; x_wconf 89' lang='lat' dir='ltr'><strong>sed</strong></span> <span class='ocrx_word' id='word_1_79' title='bbox 514 1074 682 1126; x_wconf 79' lang='lat' dir='ltr'><strong>vivens</strong></span> <span class='ocrx_word' id='word_1_80' title='bbox 727 1071 893 1144; x_wconf 64' lang='lat' dir='ltr'><strong>lucem</strong></span> <span class='ocrx_word' id='word_1_81' title='bbox 939 1071 1149 1125; x_wconf 76' lang='lat' dir='ltr'><strong>videret.</strong></span> <span class='ocrx_word' id='word_1_82' title='bbox 1200 1068 1336 1124; x_wconf 86' lang='lat' dir='ltr'><strong>Ecce</strong></span> <span class='ocrx_word' id='word_1_83' title='bbox 1380 1068 1492 1124; x_wconf 78' lang='lat' dir='ltr'><strong>[uec</strong></span> <span class='ocrx_word' id='word_1_84' title='bbox 1536 1068 1709 1124; x_wconf 82' lang='lat' dir='ltr'><strong>omnia</strong></span> <span class='ocrx_word' id='word_1_85' title='bbox 1755 1078 2002 1138; x_wconf 82' lang='lat' dir='ltr'><strong>operatur</strong></span> 
     </span>
    </p>
   </div>
   <div class='ocr_carea' id='block_1_13' title="bbox 401 1165 2004 1238">
    <p class='ocr_par' dir='ltr' id='par_1_13' title="bbox 401 1165 2004 1238">
     <span class='ocr_line' id='line_1_13' title="bbox 401 1165 2004 1238; baseline -0.001 -15"><span class='ocrx_word' id='word_1_86' title='bbox 401 1166 547 1223; x_wconf 90' lang='lat' dir='ltr'><strong>Deus</strong></span> <span class='ocrx_word' id='word_1_87' title='bbox 590 1167 753 1222; x_wconf 88' lang='lat' dir='ltr'><strong>tribus</strong></span> <span class='ocrx_word' id='word_1_88' title='bbox 801 1165 995 1220; x_wconf 88' lang='lat' dir='ltr'><strong>vicibus</strong></span> <span class='ocrx_word' id='word_1_89' title='bbox 1038 1182 1129 1238; x_wconf 90' lang='lat' dir='ltr'><strong>per</strong></span> <span class='ocrx_word' id='word_1_90' title='bbox 1175 1165 1427 1235; x_wconf 88' lang='lat' dir='ltr'><strong>singulos,</strong></span> <span class='ocrx_word' id='word_1_91' title='bbox 1458 1174 1514 1218; x_wconf 91' lang='lat' dir='ltr'><strong>ut</strong></span> <span class='ocrx_word' id='word_1_92' title='bbox 1559 1174 1758 1220; x_wconf 85' lang='lat' dir='ltr'><strong>revocet</strong></span> <span class='ocrx_word' id='word_1_93' title='bbox 1801 1167 2004 1221; x_wconf 87' lang='lat' dir='ltr'><strong>animas</strong></span> 
     </span>
    </p>
   </div>
   <div class='ocr_carea' id='block_1_14' title="bbox 335 1255 2004 1336">
    <p class='ocr_par' dir='ltr' id='par_1_14' title="bbox 335 1255 2004 1336">
     <span class='ocr_line' id='line_1_14' title="bbox 335 1255 2004 1336; baseline -0.002 -21"><span class='ocrx_word' id='word_1_94' title='bbox 335 1322 350 1336; x_wconf 45' lang='grc' dir='ltr'>ι</span> <span class='ocrx_word' id='word_1_95' title='bbox 398 1275 581 1315; x_wconf 90' lang='lat' dir='ltr'><strong>eorum</strong></span> <span class='ocrx_word' id='word_1_96' title='bbox 613 1276 646 1313; x_wconf 91' lang='lat' dir='ltr'><strong>a</strong></span> <span class='ocrx_word' id='word_1_97' title='bbox 687 1265 1042 1329; x_wconf 86' lang='lat' dir='ltr'><strong>corruptione,</strong></span> <span class='ocrx_word' id='word_1_98' title='bbox 1085 1267 1132 1312; x_wconf 89' lang='lat' dir='ltr'><strong>et</strong></span> <span class='ocrx_word' id='word_1_99' title='bbox 1170 1257 1428 1312; x_wconf 74' lang='lat' dir='ltr'><strong>illuminat</strong></span> <span class='ocrx_word' id='word_1_100' title='bbox 1470 1256 1584 1311; x_wconf 89' lang='lat' dir='ltr'><strong>luce</strong></span> <span class='ocrx_word' id='word_1_101' title='bbox 1622 1257 1919 1311; x_wconf 86' lang='lat' dir='ltr'><strong>viventium.</strong></span> <span class='ocrx_word' id='word_1_102' title='bbox 1946 1255 2004 1312; x_wconf 76' lang='grc' dir='ltr'><strong>ιιι</strong></span> 
     </span>
    </p>
   </div>
   <div class='ocr_carea' id='block_1_15' title="bbox 401 1347 2005 1426">
    <p class='ocr_par' dir='ltr' id='par_1_15' title="bbox 401 1347 2005 1426">
     <span class='ocr_line' id='line_1_15' title="bbox 401 1347 2005 1426; baseline -0.004 -15"><span class='ocrx_word' id='word_1_103' title='bbox 401 1364 510 1424; x_wconf 91' lang='lat' dir='ltr'><strong>est,</strong></span> <span class='ocrx_word' id='word_1_104' title='bbox 544 1353 841 1426; x_wconf 78' lang='lat' dir='ltr'><strong>agnitionis</strong></span> <span class='ocrx_word' id='word_1_105' title='bbox 873 1353 967 1409; x_wconf 90' lang='lat' dir='ltr'><strong>Dei</strong></span> <span class='ocrx_word' id='word_1_106' title='bbox 993 1352 1172 1409; x_wconf 87' lang='lat' dir='ltr'><strong>lucem</strong></span> <span class='ocrx_word' id='word_1_107' title='bbox 1214 1359 1270 1407; x_wconf 90' lang='lat' dir='ltr'><strong>et</strong></span> <span class='ocrx_word' id='word_1_108' title='bbox 1297 1351 1564 1406; x_wconf 91' lang='lat' dir='ltr'><strong>immensa</strong></span> <span class='ocrx_word' id='word_1_109' title='bbox 1596 1348 1861 1406; x_wconf 89' lang='lat' dir='ltr'><strong>beneﬁcia</strong></span> <span class='ocrx_word' id='word_1_110' title='bbox 1890 1347 2005 1404; x_wconf 89' lang='lat' dir='ltr'><strong>illu-</strong></span> 
     </span>
    </p>
   </div>
   <div class='ocr_carea' id='block_1_16' title="bbox 402 1450 1019 1518">
    <p class='ocr_par' dir='ltr' id='par_1_16' title="bbox 402 1450 1019 1518">
     <span class='ocr_line' id='line_1_16' title="bbox 402 1450 1019 1518; baseline -0.005 -14"><span class='ocrx_word' id='word_1_111' title='bbox 402 1450 644 1505; x_wconf 87' lang='lat' dir='ltr'><strong>minatus</strong></span> <span class='ocrx_word' id='word_1_112' title='bbox 672 1455 1019 1518; x_wconf 75' lang='lat' dir='ltr'><strong>agnosceret.</strong></span> 
     </span>
    </p>
   </div>
   <div class='ocr_carea' id='block_1_17' title="bbox 479 1537 2003 1611">
    <p class='ocr_par' dir='ltr' id='par_1_17' title="bbox 479 1537 2003 1611">
     <span class='ocr_line' id='line_1_17' title="bbox 479 1537 2003 1611; baseline -0.005 -13"><span class='ocrx_word' id='word_1_113' title='bbox 479 1543 726 1609; x_wconf 80' lang='lat' dir='ltr'><strong>Attende,</strong></span> <span class='ocrx_word' id='word_1_114' title='bbox 752 1542 876 1609; x_wconf 82' lang='lat' dir='ltr'><strong>Job,</strong></span> <span class='ocrx_word' id='word_1_115' title='bbox 908 1551 954 1595; x_wconf 89' lang='lat' dir='ltr'><strong>et</strong></span> <span class='ocrx_word' id='word_1_116' title='bbox 983 1541 1112 1594; x_wconf 85' lang='lat' dir='ltr'><strong>audi</strong></span> <span class='ocrx_word' id='word_1_117' title='bbox 1147 1556 1227 1594; x_wconf 90' lang='lat' dir='ltr'><strong>me</strong></span> <span class='ocrx_word' id='word_1_118' title='bbox 1247 1582 1263 1608; x_wconf 91' lang='lat'><strong>,</strong></span> <span class='ocrx_word' id='word_1_119' title='bbox 1305 1549 1354 1594; x_wconf 91' lang='lat' dir='ltr'><strong>et</strong></span> <span class='ocrx_word' id='word_1_120' title='bbox 1383 1548 1493 1593; x_wconf 88' lang='lat' dir='ltr'><strong>tace</strong></span> <span class='ocrx_word' id='word_1_121' title='bbox 1533 1539 1658 1593; x_wconf 90' lang='lat' dir='ltr'><strong>dum</strong></span> <span class='ocrx_word' id='word_1_122' title='bbox 1678 1555 1770 1611; x_wconf 90' lang='lat' dir='ltr'><strong>ego</strong></span> <span class='ocrx_word' id='word_1_123' title='bbox 1802 1537 2003 1610; x_wconf 90' lang='lat' dir='ltr'><strong>loquor.</strong></span> 
     </span>
    </p>
   </div>
   <div class='ocr_carea' id='block_1_18' title="bbox 409 1631 2012 1708">
    <p class='ocr_par' dir='ltr' id='par_1_18' title="bbox 409 1631 2012 1708">
     <span class='ocr_line' id='line_1_18' title="bbox 409 1631 2012 1708; baseline -0.004 -16"><span class='ocrx_word' id='word_1_124' title='bbox 409 1636 474 1694; x_wconf 88' lang='lat' dir='ltr'><strong>Si</strong></span> <span class='ocrx_word' id='word_1_125' title='bbox 504 1646 675 1691; x_wconf 90' lang='lat' dir='ltr'><strong>autem</strong></span> <span class='ocrx_word' id='word_1_126' title='bbox 712 1635 888 1705; x_wconf 81' lang='lat' dir='ltr'><strong>habes,</strong></span> <span class='ocrx_word' id='word_1_127' title='bbox 934 1635 1058 1708; x_wconf 89' lang='lat' dir='ltr'><strong>quid</strong></span> <span class='ocrx_word' id='word_1_128' title='bbox 1099 1633 1332 1705; x_wconf 79' lang='lat' dir='ltr'><strong>loquaris</strong></span> <span class='ocrx_word' id='word_1_129' title='bbox 1360 1648 1379 1687; x_wconf 92' lang='lat'><strong><em>:</em></strong></span> <span class='ocrx_word' id='word_1_130' title='bbox 1413 1633 1668 1702; x_wconf 82' lang='lat' dir='ltr'><strong>responde</strong></span> <span class='ocrx_word' id='word_1_131' title='bbox 1710 1633 1858 1687; x_wconf 87' lang='lat' dir='ltr'><strong>milti.</strong></span> <span class='ocrx_word' id='word_1_132' title='bbox 1906 1631 2012 1686; x_wconf 88' lang='lat' dir='ltr'><strong>Lo-</strong></span> 
     </span>
    </p>
   </div>
   <div class='ocr_carea' id='block_1_19' title="bbox 2097 411 3705 484">
    <p class='ocr_par' dir='ltr' id='par_1_19' title="bbox 2097 411 3705 484">
     <span class='ocr_line' id='line_1_19' title="bbox 2097 411 3705 484; baseline 0.001 -21"><span class='ocrx_word' id='word_1_133' title='bbox 2097 411 2247 480; x_wconf 89' lang='lat' dir='ltr'><strong>quasi</strong></span> <span class='ocrx_word' id='word_1_134' title='bbox 2277 426 2498 482; x_wconf 88' lang='lat' dir='ltr'><strong>aquam,</strong></span> <span class='ocrx_word' id='word_1_135' title='bbox 2531 411 2619 479; x_wconf 87' lang='lat' dir='ltr'><strong>qui</strong></span> <span class='ocrx_word' id='word_1_136' title='bbox 2658 411 2899 484; x_wconf 87' lang='lat' dir='ltr'><strong>graditur</strong></span> <span class='ocrx_word' id='word_1_137' title='bbox 2926 427 3042 465; x_wconf 88' lang='lat' dir='ltr'><strong>cum</strong></span> <span class='ocrx_word' id='word_1_138' title='bbox 3070 411 3405 481; x_wconf 76' lang='lat' dir='ltr'><strong>operantibus</strong></span> <span class='ocrx_word' id='word_1_139' title='bbox 3444 413 3705 484; x_wconf 84' lang='lat' dir='ltr'><strong>iniquita-</strong></span> 
     </span>
    </p>
   </div>
   <div class='ocr_carea' id='block_1_20' title="bbox 2101 502 3701 576">
    <p class='ocr_par' dir='ltr' id='par_1_20' title="bbox 2101 502 3701 576">
     <span class='ocr_line' id='line_1_20' title="bbox 2101 502 3701 576; baseline 0.001 -19"><span class='ocrx_word' id='word_1_140' title='bbox 2101 513 2222 570; x_wconf 87' lang='lat' dir='ltr'><strong>tem,</strong></span> <span class='ocrx_word' id='word_1_141' title='bbox 2249 512 2295 556; x_wconf 89' lang='lat' dir='ltr'><strong>et</strong></span> <span class='ocrx_word' id='word_1_142' title='bbox 2322 502 2554 558; x_wconf 81' lang='lat' dir='ltr'><strong>ambulat</strong></span> <span class='ocrx_word' id='word_1_143' title='bbox 2581 520 2696 558; x_wconf 86' lang='lat' dir='ltr'><strong>cum</strong></span> <span class='ocrx_word' id='word_1_144' title='bbox 2725 504 2850 558; x_wconf 90' lang='lat' dir='ltr'><strong>viris</strong></span> <span class='ocrx_word' id='word_1_145' title='bbox 2877 503 3093 576; x_wconf 83' lang='lat' dir='ltr'><strong>impiis?</strong></span> <span class='ocrx_word' id='word_1_146' title='bbox 3117 503 3289 576; x_wconf 84' lang='lat' dir='ltr'><strong>Cujus</strong></span> <span class='ocrx_word' id='word_1_147' title='bbox 3315 504 3530 561; x_wconf 86' lang='lat' dir='ltr'><strong>viscera</strong></span> <span class='ocrx_word' id='word_1_148' title='bbox 3560 513 3701 560; x_wconf 83' lang='lat' dir='ltr'><strong>tam-</strong></span> 
     </span>
    </p>
   </div>
   <div class='ocr_carea' id='block_1_21' title="bbox 2100 595 3706 669">
    <p class='ocr_par' dir='ltr' id='par_1_21' title="bbox 2100 595 3706 669">
     <span class='ocr_line' id='line_1_21' title="bbox 2100 595 3706 669; baseline 0.002 -20"><span class='ocrx_word' id='word_1_149' title='bbox 2100 611 2262 665; x_wconf 92' lang='lat' dir='ltr'><strong>quam</strong></span> <span class='ocrx_word' id='word_1_150' title='bbox 2311 610 2467 667; x_wconf 85' lang='lat' dir='ltr'><strong>aquae</strong></span> <span class='ocrx_word' id='word_1_151' title='bbox 2495 596 2825 652; x_wconf 82' lang='lat' dir='ltr'><strong>abundantia</strong></span> <span class='ocrx_word' id='word_1_152' title='bbox 2853 610 3066 652; x_wconf 86' lang='lat' dir='ltr'><strong>veneno</strong></span> <span class='ocrx_word' id='word_1_153' title='bbox 3099 595 3261 668; x_wconf 84' lang='lat' dir='ltr'><strong>bujus</strong></span> <span class='ocrx_word' id='word_1_154' title='bbox 3293 595 3571 669; x_wconf 78' lang='lat' dir='ltr'><strong>passionis</strong></span> <span class='ocrx_word' id='word_1_155' title='bbox 3603 598 3706 653; x_wconf 89' lang='lat' dir='ltr'><strong>im-</strong></span> 
     </span>
    </p>
   </div>
   <div class='ocr_carea' id='block_1_22' title="bbox 2101 690 2422 764">
    <p class='ocr_par' dir='ltr' id='par_1_22' title="bbox 2101 690 2422 764">
     <span class='ocr_line' id='line_1_22' title="bbox 2101 690 2422 764; baseline 0.003 -19"><span class='ocrx_word' id='word_1_156' title='bbox 2101 690 2246 764; x_wconf 89' lang='lat' dir='ltr'><strong>pleta</strong></span> <span class='ocrx_word' id='word_1_157' title='bbox 2277 701 2422 747; x_wconf 87' lang='lat' dir='ltr'><strong>sunt.</strong></span> 
     </span>
    </p>
   </div>
   <div class='ocr_carea' id='block_1_23' title="bbox 2172 785 3713 861">
    <p class='ocr_par' dir='ltr' id='par_1_23' title="bbox 2172 785 3713 861">
     <span class='ocr_line' id='line_1_23' title="bbox 2172 785 3713 861; baseline 0.001 -21"><span class='ocrx_word' id='word_1_158' title='bbox 2172 785 2321 842; x_wconf 72' lang='lat' dir='ltr'><strong>Dixit</strong></span> <span class='ocrx_word' id='word_1_159' title='bbox 2352 788 2490 842; x_wconf 88' lang='lat' dir='ltr'><strong>enint</strong></span> <span class='ocrx_word' id='word_1_160' title='bbox 2521 804 2540 844; x_wconf 91' lang='lat'><strong><em>:</em></strong></span> <span class='ocrx_word' id='word_1_161' title='bbox 2573 786 2696 842; x_wconf 88' lang='lat' dir='ltr'><strong>Non</strong></span> <span class='ocrx_word' id='word_1_162' title='bbox 2723 787 2944 861; x_wconf 85' lang='lat' dir='ltr'><strong>placebit</strong></span> <span class='ocrx_word' id='word_1_163' title='bbox 2970 790 3054 844; x_wconf 90' lang='lat' dir='ltr'><strong>vir</strong></span> <span class='ocrx_word' id='word_1_164' title='bbox 3081 787 3218 856; x_wconf 90' lang='lat' dir='ltr'><strong>Deo,</strong></span> <span class='ocrx_word' id='word_1_165' title='bbox 3255 790 3412 846; x_wconf 86' lang='lat' dir='ltr'><strong>etiam</strong></span> <span class='ocrx_word' id='word_1_166' title='bbox 3439 790 3485 846; x_wconf 88' lang='lat' dir='ltr'><strong>si</strong></span> <span class='ocrx_word' id='word_1_167' title='bbox 3517 804 3713 844; x_wconf 75' lang='lat' dir='ltr'><strong>cucur-</strong></span> 
     </span>
    </p>
   </div>
   <div class='ocr_carea' id='block_1_24' title="bbox 2103 880 3712 940">
    <p class='ocr_par' dir='ltr' id='par_1_24' title="bbox 2103 880 3712 940">
     <span class='ocr_line' id='line_1_24' title="bbox 2103 880 3712 940; baseline 0.001 -4"><span class='ocrx_word' id='word_1_168' title='bbox 2103 882 2229 936; x_wconf 88' lang='lat' dir='ltr'><strong>rerit</strong></span> <span class='ocrx_word' id='word_1_169' title='bbox 2256 898 2373 936; x_wconf 87' lang='lat' dir='ltr'><strong>cum</strong></span> <span class='ocrx_word' id='word_1_170' title='bbox 2399 897 2479 936; x_wconf 89' lang='lat' dir='ltr'><strong>eo.</strong></span> <span class='ocrx_word' id='word_1_171' title='bbox 2514 880 2788 937; x_wconf 85' lang='lat' dir='ltr'><strong>lnvidiose</strong></span> <span class='ocrx_word' id='word_1_172' title='bbox 2813 881 2882 938; x_wconf 89' lang='lat' dir='ltr'><strong>de</strong></span> <span class='ocrx_word' id='word_1_173' title='bbox 2922 897 2989 938; x_wconf 91' lang='lat' dir='ltr'><strong>eo</strong></span> <span class='ocrx_word' id='word_1_174' title='bbox 3037 891 3291 940; x_wconf 88' lang='lat' dir='ltr'><strong>sanctum</strong></span> <span class='ocrx_word' id='word_1_175' title='bbox 3320 882 3424 940; x_wconf 83' lang='lat' dir='ltr'><strong>Job</strong></span> <span class='ocrx_word' id='word_1_176' title='bbox 3453 883 3712 939; x_wconf 90' lang='lat' dir='ltr'><strong>locutum</strong></span> 
     </span>
    </p>
   </div>
   <div class='ocr_carea' id='block_1_25' title="bbox 2102 971 3714 1046">
    <p class='ocr_par' dir='ltr' id='par_1_25' title="bbox 2102 971 3714 1046">
     <span class='ocr_line' id='line_1_25' title="bbox 2102 971 3714 1046; baseline 0.002 -20"><span class='ocrx_word' id='word_1_177' title='bbox 2102 971 2274 1029; x_wconf 89' lang='lat' dir='ltr'><strong>fuisse</strong></span> <span class='ocrx_word' id='word_1_178' title='bbox 2321 975 2608 1042; x_wconf 89' lang='lat' dir='ltr'><strong>mentitur,</strong></span> <span class='ocrx_word' id='word_1_179' title='bbox 2651 975 2778 1046; x_wconf 86' lang='lat' dir='ltr'><strong>quia</strong></span> <span class='ocrx_word' id='word_1_180' title='bbox 2825 974 3047 1030; x_wconf 91' lang='lat' dir='ltr'><strong>beatum</strong></span> <span class='ocrx_word' id='word_1_181' title='bbox 3093 975 3198 1032; x_wconf 88' lang='lat' dir='ltr'><strong>Job</strong></span> <span class='ocrx_word' id='word_1_182' title='bbox 3249 985 3356 1032; x_wconf 90' lang='lat' dir='ltr'><strong>tam</strong></span> <span class='ocrx_word' id='word_1_183' title='bbox 3409 975 3714 1032; x_wconf 88' lang='lat' dir='ltr'><strong>infeliciter</strong></span> 
     </span>
    </p>
   </div>
   <div class='ocr_carea' id='block_1_26' title="bbox 2105 1067 3713 1137">
    <p class='ocr_par' dir='ltr' id='par_1_26' title="bbox 2105 1067 3713 1137">
     <span class='ocr_line' id='line_1_26' title="bbox 2105 1067 3713 1137; baseline 0.001 -15"><span class='ocrx_word' id='word_1_184' title='bbox 2105 1067 2355 1137; x_wconf 84' lang='lat' dir='ltr'><strong>sapuisse</strong></span> <span class='ocrx_word' id='word_1_185' title='bbox 2383 1083 2491 1122; x_wconf 90' lang='lat' dir='ltr'><strong>non</strong></span> <span class='ocrx_word' id='word_1_186' title='bbox 2521 1067 2834 1136; x_wconf 87' lang='lat' dir='ltr'><strong>credimus,</strong></span> <span class='ocrx_word' id='word_1_187' title='bbox 2880 1068 2977 1126; x_wconf 89' lang='lat' dir='ltr'><strong>sed</strong></span> <span class='ocrx_word' id='word_1_188' title='bbox 3027 1083 3130 1126; x_wconf 90' lang='lat' dir='ltr'><strong>nec</strong></span> <span class='ocrx_word' id='word_1_189' title='bbox 3175 1068 3380 1125; x_wconf 85' lang='lat' dir='ltr'><strong>alicubi</strong></span> <span class='ocrx_word' id='word_1_190' title='bbox 3423 1084 3551 1126; x_wconf 89' lang='lat' dir='ltr'><strong>eum</strong></span> <span class='ocrx_word' id='word_1_191' title='bbox 3608 1069 3713 1124; x_wconf 85' lang='lat' dir='ltr'><strong>hoc</strong></span> 
     </span>
    </p>
   </div>
   <div class='ocr_carea' id='block_1_27' title="bbox 2107 1159 2711 1218">
    <p class='ocr_par' dir='ltr' id='par_1_27' title="bbox 2107 1159 2711 1218">
     <span class='ocr_line' id='line_1_27' title="bbox 2107 1159 2711 1218; baseline 0.005 -3"><span class='ocrx_word' id='word_1_192' title='bbox 2107 1159 2310 1216; x_wconf 80' lang='lat' dir='ltr'><strong>dixisse</strong></span> <span class='ocrx_word' id='word_1_193' title='bbox 2341 1161 2711 1218; x_wconf 85' lang='lat' dir='ltr'><strong>meminimus.</strong></span> 
     </span>
    </p>
   </div>
   <div class='ocr_carea' id='block_1_28' title="bbox 2180 1251 3711 1332">
    <p class='ocr_par' dir='ltr' id='par_1_28' title="bbox 2180 1251 3711 1332">
     <span class='ocr_line' id='line_1_28' title="bbox 2180 1251 3711 1332; baseline 0.005 -25"><span class='ocrx_word' id='word_1_194' title='bbox 2180 1251 2330 1320; x_wconf 84' lang='lat' dir='ltr'><strong>Ideo,</strong></span> <span class='ocrx_word' id='word_1_195' title='bbox 2349 1254 2445 1308; x_wconf 87' lang='lat' dir='ltr'><strong>viri</strong></span> <span class='ocrx_word' id='word_1_196' title='bbox 2470 1255 2690 1321; x_wconf 88' lang='lat' dir='ltr'><strong>cordati,</strong></span> <span class='ocrx_word' id='word_1_197' title='bbox 2720 1255 2898 1312; x_wconf 81' lang='lat' dir='ltr'><strong>audite</strong></span> <span class='ocrx_word' id='word_1_198' title='bbox 2927 1272 3009 1311; x_wconf 87' lang='lat' dir='ltr'><strong>me</strong></span> <span class='ocrx_word' id='word_1_199' title='bbox 3037 1272 3056 1313; x_wconf 90' lang='lat'><strong><em>:</em></strong></span> <span class='ocrx_word' id='word_1_200' title='bbox 3081 1256 3216 1312; x_wconf 83' lang='lat' dir='ltr'><strong>absit</strong></span> <span class='ocrx_word' id='word_1_201' title='bbox 3245 1275 3277 1312; x_wconf 91' lang='lat' dir='ltr'><strong>a</strong></span> <span class='ocrx_word' id='word_1_202' title='bbox 3302 1255 3416 1312; x_wconf 86' lang='lat' dir='ltr'><strong>Deo</strong></span> <span class='ocrx_word' id='word_1_203' title='bbox 3438 1258 3711 1332; x_wconf 83' lang='lat' dir='ltr'><strong>impietas,</strong></span> 
     </span>
    </p>
   </div>
   <div class='ocr_carea' id='block_1_29' title="bbox 2109 1348 3718 1422">
    <p class='ocr_par' dir='ltr' id='par_1_29' title="bbox 2109 1348 3718 1422">
     <span class='ocr_line' id='line_1_29' title="bbox 2109 1348 3718 1422; baseline 0.002 -18"><span class='ocrx_word' id='word_1_204' title='bbox 2109 1357 2156 1404; x_wconf 87' lang='lat' dir='ltr'><strong>et</strong></span> <span class='ocrx_word' id='word_1_205' title='bbox 2185 1349 2249 1402; x_wconf 90' lang='lat' dir='ltr'><strong>ab</strong></span> <span class='ocrx_word' id='word_1_206' title='bbox 2283 1348 2646 1418; x_wconf 89' lang='lat' dir='ltr'><strong>Omnipotente</strong></span> <span class='ocrx_word' id='word_1_207' title='bbox 2676 1350 2948 1421; x_wconf 88' lang='lat' dir='ltr'><strong>iniquitas.</strong></span> <span class='ocrx_word' id='word_1_208' title='bbox 2980 1350 3127 1422; x_wconf 84' lang='lat' dir='ltr'><strong>Opus</strong></span> <span class='ocrx_word' id='word_1_209' title='bbox 3152 1351 3288 1406; x_wconf 87' lang='lat' dir='ltr'><strong>enim</strong></span> <span class='ocrx_word' id='word_1_210' title='bbox 3324 1350 3556 1407; x_wconf 83' lang='lat' dir='ltr'><strong>hominis</strong></span> <span class='ocrx_word' id='word_1_211' title='bbox 3589 1353 3718 1408; x_wconf 84' lang='lat' dir='ltr'><strong>red-</strong></span> 
     </span>
    </p>
   </div>
   <div class='ocr_carea' id='block_1_30' title="bbox 2111 1441 3718 1516">
    <p class='ocr_par' dir='ltr' id='par_1_30' title="bbox 2111 1441 3718 1516">
     <span class='ocr_line' id='line_1_30' title="bbox 2111 1441 3718 1516; baseline 0.004 -21"><span class='ocrx_word' id='word_1_212' title='bbox 2111 1441 2196 1496; x_wconf 87' lang='lat' dir='ltr'><strong>det</strong></span> <span class='ocrx_word' id='word_1_213' title='bbox 2225 1443 2273 1497; x_wconf 87' lang='lat' dir='ltr'><strong>ei</strong></span> <span class='ocrx_word' id='word_1_214' title='bbox 2298 1486 2312 1511; x_wconf 96' lang='lat'><strong>,</strong></span> <span class='ocrx_word' id='word_1_215' title='bbox 2355 1451 2401 1496; x_wconf 91' lang='lat' dir='ltr'><strong>et</strong></span> <span class='ocrx_word' id='word_1_216' title='bbox 2432 1446 2591 1516; x_wconf 72' lang='lat' dir='ltr'><strong>juxta</strong></span> <span class='ocrx_word' id='word_1_217' title='bbox 2635 1445 2745 1498; x_wconf 86' lang='lat' dir='ltr'><strong>vias</strong></span> <span class='ocrx_word' id='word_1_218' title='bbox 2786 1445 3114 1516; x_wconf 84' lang='lat' dir='ltr'><strong>singulorum</strong></span> <span class='ocrx_word' id='word_1_219' title='bbox 3158 1446 3397 1502; x_wconf 86' lang='lat' dir='ltr'><strong>restituet</strong></span> <span class='ocrx_word' id='word_1_220' title='bbox 3439 1447 3538 1502; x_wconf 87' lang='lat' dir='ltr'><strong>eis.</strong></span> <span class='ocrx_word' id='word_1_221' title='bbox 3591 1444 3718 1501; x_wconf 78' lang='lat' dir='ltr'><strong>Vere</strong></span> 
     </span>
    </p>
   </div>
   <div class='ocr_carea' id='block_1_31' title="bbox 2113 1536 3718 1614">
    <p class='ocr_par' dir='ltr' id='par_1_31' title="bbox 2113 1536 3718 1614">
     <span class='ocr_line' id='line_1_31' title="bbox 2113 1536 3718 1614; baseline 0.002 -21"><span class='ocrx_word' id='word_1_222' title='bbox 2113 1539 2250 1594; x_wconf 88' lang='lat' dir='ltr'><strong>enim</strong></span> <span class='ocrx_word' id='word_1_223' title='bbox 2275 1536 2419 1592; x_wconf 91' lang='lat' dir='ltr'><strong>Deus</strong></span> <span class='ocrx_word' id='word_1_224' title='bbox 2455 1555 2557 1593; x_wconf 89' lang='lat' dir='ltr'><strong>non</strong></span> <span class='ocrx_word' id='word_1_225' title='bbox 2591 1539 2955 1595; x_wconf 87' lang='lat' dir='ltr'><strong>condemnabit</strong></span> <span class='ocrx_word' id='word_1_226' title='bbox 2982 1541 3182 1612; x_wconf 82' lang='lat' dir='ltr'><strong>frustra</strong></span> <span class='ocrx_word' id='word_1_227' title='bbox 3202 1584 3217 1608; x_wconf 94' lang='lat'><strong>,</strong></span> <span class='ocrx_word' id='word_1_228' title='bbox 3247 1557 3342 1595; x_wconf 87' lang='lat' dir='ltr'><strong>nec</strong></span> <span class='ocrx_word' id='word_1_229' title='bbox 3382 1542 3718 1614; x_wconf 84' lang='lat' dir='ltr'><strong>omnipotens</strong></span> 
     </span>
    </p>
   </div>
   <div class='ocr_carea' id='block_1_32' title="bbox 2115 1632 3720 1706">
    <p class='ocr_par' dir='ltr' id='par_1_32' title="bbox 2115 1632 3720 1706">
     <span class='ocr_line' id='line_1_32' title="bbox 2115 1632 3720 1706; baseline 0.002 -19"><span class='ocrx_word' id='word_1_230' title='bbox 2115 1635 2366 1689; x_wconf 86' lang='lat' dir='ltr'><strong>subvertet</strong></span> <span class='ocrx_word' id='word_1_231' title='bbox 2381 1633 2669 1706; x_wconf 85' lang='lat' dir='ltr'><strong>judicium.</strong></span> <span class='ocrx_word' id='word_1_232' title='bbox 2699 1633 2869 1702; x_wconf 83' lang='lat' dir='ltr'><strong>Quasi</strong></span> <span class='ocrx_word' id='word_1_233' title='bbox 2906 1633 3155 1703; x_wconf 82' lang='lat' dir='ltr'><strong>exposita</strong></span> <span class='ocrx_word' id='word_1_234' title='bbox 3203 1632 3489 1705; x_wconf 84' lang='lat' dir='ltr'><strong>impietate</strong></span> <span class='ocrx_word' id='word_1_235' title='bbox 3535 1633 3720 1690; x_wconf 82' lang='lat' dir='ltr'><strong>sancti</strong></span> 
     </span>
    </p>
   </div>
   <div class='ocr_carea' id='block_1_33' title="bbox 406 1717 3720 1801">
    <p class='ocr_par' dir='ltr' id='par_1_33' title="bbox 406 1717 3720 1801">
     <span class='ocr_line' id='line_1_33' title="bbox 406 1717 3720 1801; baseline 0 -17"><span class='ocrx_word' id='word_1_236' title='bbox 406 1746 586 1800; x_wconf 90' lang='lat' dir='ltr'><strong>quere,</strong></span> <span class='ocrx_word' id='word_1_237' title='bbox 612 1729 728 1784; x_wconf 88' lang='lat' dir='ltr'><strong>volo</strong></span> <span class='ocrx_word' id='word_1_238' title='bbox 749 1729 882 1785; x_wconf 88' lang='lat' dir='ltr'><strong>enim</strong></span> <span class='ocrx_word' id='word_1_239' title='bbox 904 1737 950 1782; x_wconf 91' lang='lat' dir='ltr'><strong>te</strong></span> <span class='ocrx_word' id='word_1_240' title='bbox 975 1743 1224 1801; x_wconf 86' lang='lat' dir='ltr'><strong>apparere</strong></span> <span class='ocrx_word' id='word_1_241' title='bbox 1255 1730 1483 1800; x_wconf 88' lang='lat' dir='ltr'><strong>justum.</strong></span> <span class='ocrx_word' id='word_1_242' title='bbox 1532 1724 1684 1792; x_wconf 84' lang='lat' dir='ltr'><strong>Quod</strong></span> <span class='ocrx_word' id='word_1_243' title='bbox 1711 1727 1757 1780; x_wconf 90' lang='lat' dir='ltr'><strong>si</strong></span> <span class='ocrx_word' id='word_1_244' title='bbox 1785 1741 1890 1779; x_wconf 89' lang='lat' dir='ltr'><strong>non</strong></span> <span class='ocrx_word' id='word_1_245' title='bbox 1916 1724 2011 1780; x_wconf 83' lang='lat' dir='ltr'><strong>Ita-</strong></span> <span class='ocrx_word' id='word_1_246' title='bbox 2041 1717 2090 1780; x_wconf 87' lang='lat' dir='ltr'><strong>B</strong></span> <span class='ocrx_word' id='word_1_247' title='bbox 2116 1726 2239 1794; x_wconf 85' lang='lat' dir='ltr'><strong>Joh,</strong></span> <span class='ocrx_word' id='word_1_248' title='bbox 2264 1737 2317 1784; x_wconf 89' lang='lat' dir='ltr'><strong>et</strong></span> <span class='ocrx_word' id='word_1_249' title='bbox 2340 1729 2395 1783; x_wconf 92' lang='lat' dir='ltr'><strong>in</strong></span> <span class='ocrx_word' id='word_1_250' title='bbox 2416 1728 2602 1784; x_wconf 90' lang='lat' dir='ltr'><strong>medio</strong></span> <span class='ocrx_word' id='word_1_251' title='bbox 2623 1728 2960 1784; x_wconf 90' lang='lat' dir='ltr'><strong>audientium</strong></span> <span class='ocrx_word' id='word_1_252' title='bbox 2984 1727 3196 1800; x_wconf 78' lang='lat' dir='ltr'><strong>prolata</strong></span> <span class='ocrx_word' id='word_1_253' title='bbox 3218 1729 3274 1784; x_wconf 89' lang='lat' dir='ltr'><strong>in</strong></span> <span class='ocrx_word' id='word_1_254' title='bbox 3298 1728 3567 1785; x_wconf 78' lang='lat' dir='ltr'><strong>invidiam</strong></span> <span class='ocrx_word' id='word_1_255' title='bbox 3593 1727 3720 1795; x_wconf 79' lang='lat' dir='ltr'><strong>Job,</strong></span> 
     </span>
    </p>
   </div>
   <div class='ocr_carea' id='block_1_34' title="bbox 410 1822 2013 1893">
    <p class='ocr_par' dir='ltr' id='par_1_34' title="bbox 410 1822 2013 1893">
     <span class='ocr_line' id='line_1_34' title="bbox 410 1822 2013 1893; baseline -0.001 -14"><span class='ocrx_word' id='word_1_256' title='bbox 410 1826 519 1892; x_wconf 88' lang='lat' dir='ltr'><strong>bes,</strong></span> <span class='ocrx_word' id='word_1_257' title='bbox 547 1825 674 1879; x_wconf 85' lang='lat' dir='ltr'><strong>audi</strong></span> <span class='ocrx_word' id='word_1_258' title='bbox 701 1841 781 1878; x_wconf 90' lang='lat' dir='ltr'><strong>me</strong></span> <span class='ocrx_word' id='word_1_259' title='bbox 808 1839 828 1880; x_wconf 91' lang='lat'><strong><em>:</em></strong></span> <span class='ocrx_word' id='word_1_260' title='bbox 857 1833 987 1889; x_wconf 88' lang='lat' dir='ltr'><strong>tace,</strong></span> <span class='ocrx_word' id='word_1_261' title='bbox 1013 1835 1060 1878; x_wconf 92' lang='lat' dir='ltr'><strong>et</strong></span> <span class='ocrx_word' id='word_1_262' title='bbox 1089 1822 1279 1877; x_wconf 86' lang='lat' dir='ltr'><strong>docebo</strong></span> <span class='ocrx_word' id='word_1_263' title='bbox 1302 1833 1347 1877; x_wconf 92' lang='lat' dir='ltr'><strong>te</strong></span> <span class='ocrx_word' id='word_1_264' title='bbox 1368 1822 1695 1893; x_wconf 87' lang='lat' dir='ltr'><strong>sapientiam.</strong></span> <span class='ocrx_word' id='word_1_265' title='bbox 1718 1823 1885 1892; x_wconf 84' lang='lat' dir='ltr'><strong>Quasi</strong></span> <span class='ocrx_word' id='word_1_266' title='bbox 1911 1825 2013 1878; x_wconf 81' lang='lat' dir='ltr'><strong>hac</strong></span> 
     </span>
    </p>
   </div>
   <div class='ocr_carea' id='block_1_35' title="bbox 415 1915 2013 1983">
    <p class='ocr_par' dir='ltr' id='par_1_35' title="bbox 415 1915 2013 1983">
     <span class='ocr_line' id='line_1_35' title="bbox 415 1915 2013 1983; baseline -0.001 -11"><span class='ocrx_word' id='word_1_267' title='bbox 415 1918 636 1973; x_wconf 86' lang='lat' dir='ltr'><strong>ratione</strong></span> <span class='ocrx_word' id='word_1_268' title='bbox 661 1916 814 1973; x_wconf 84' lang='lat' dir='ltr'><strong>Helio</strong></span> <span class='ocrx_word' id='word_1_269' title='bbox 844 1926 1094 1972; x_wconf 89' lang='lat' dir='ltr'><strong>sanctum</strong></span> <span class='ocrx_word' id='word_1_270' title='bbox 1120 1915 1224 1972; x_wconf 82' lang='lat' dir='ltr'><strong>Job</strong></span> <span class='ocrx_word' id='word_1_271' title='bbox 1253 1915 1557 1971; x_wconf 83' lang='lat' dir='ltr'><strong>convicerit</strong></span> <span class='ocrx_word' id='word_1_272' title='bbox 1578 1959 1593 1983; x_wconf 93' lang='lat'><strong>,</strong></span> <span class='ocrx_word' id='word_1_273' title='bbox 1617 1916 1697 1971; x_wconf 87' lang='lat' dir='ltr'><strong>ait</strong></span> <span class='ocrx_word' id='word_1_274' title='bbox 1726 1915 1801 1972; x_wconf 88' lang='lat' dir='ltr'><strong>illi</strong></span> <span class='ocrx_word' id='word_1_275' title='bbox 1834 1935 1847 1972; x_wconf 92' lang='lat'><strong>:</strong></span> <span class='ocrx_word' id='word_1_276' title='bbox 1875 1915 2013 1971; x_wconf 80' lang='lat' dir='ltr'><strong>Audi</strong></span> 
     </span>
    </p>
   </div>
   <div class='ocr_carea' id='block_1_36' title="bbox 413 2010 2009 2083">
    <p class='ocr_par' dir='ltr' id='par_1_36' title="bbox 413 2010 2009 2083">
     <span class='ocr_line' id='line_1_36' title="bbox 413 2010 2009 2083; baseline -0.002 -15"><span class='ocrx_word' id='word_1_277' title='bbox 413 2029 519 2083; x_wconf 91' lang='lat' dir='ltr'><strong>me,</strong></span> <span class='ocrx_word' id='word_1_278' title='bbox 554 2012 605 2069; x_wconf 91' lang='lat' dir='ltr'><strong>id</strong></span> <span class='ocrx_word' id='word_1_279' title='bbox 637 2022 743 2080; x_wconf 90' lang='lat' dir='ltr'><strong>est,</strong></span> <span class='ocrx_word' id='word_1_280' title='bbox 773 2011 996 2068; x_wconf 83' lang='lat' dir='ltr'><strong>docenti</strong></span> <span class='ocrx_word' id='word_1_281' title='bbox 1023 2022 1076 2068; x_wconf 91' lang='lat' dir='ltr'><strong>te</strong></span> <span class='ocrx_word' id='word_1_282' title='bbox 1100 2010 1366 2066; x_wconf 88' lang='lat' dir='ltr'><strong>obediens</strong></span> <span class='ocrx_word' id='word_1_283' title='bbox 1393 2021 1515 2066; x_wconf 90' lang='lat' dir='ltr'><strong>esto</strong></span> <span class='ocrx_word' id='word_1_284' title='bbox 1536 2050 1551 2077; x_wconf 87' lang='lat'><strong>,</strong></span> <span class='ocrx_word' id='word_1_285' title='bbox 1581 2019 1638 2067; x_wconf 90' lang='lat' dir='ltr'><strong>et</strong></span> <span class='ocrx_word' id='word_1_286' title='bbox 1665 2011 1847 2082; x_wconf 67' lang='lat' dir='ltr'><strong>praebe</strong></span> <span class='ocrx_word' id='word_1_287' title='bbox 1873 2025 2009 2066; x_wconf 91' lang='lat' dir='ltr'><strong>con-</strong></span> 
     </span>
    </p>
   </div>
   <div class='ocr_carea' id='block_1_37' title="bbox 413 2105 2014 2178">
    <p class='ocr_par' dir='ltr' id='par_1_37' title="bbox 413 2105 2014 2178">
     <span class='ocr_line' id='line_1_37' title="bbox 413 2105 2014 2178; baseline -0.002 -13"><span class='ocrx_word' id='word_1_288' title='bbox 413 2123 659 2166; x_wconf 89' lang='lat' dir='ltr'><strong>sensum.</strong></span> <span class='ocrx_word' id='word_1_289' title='bbox 701 2108 859 2176; x_wconf 88' lang='lat' dir='ltr'><strong>Quod</strong></span> <span class='ocrx_word' id='word_1_290' title='bbox 889 2115 1075 2164; x_wconf 89' lang='lat' dir='ltr'><strong>autem</strong></span> <span class='ocrx_word' id='word_1_291' title='bbox 1103 2107 1234 2162; x_wconf 90' lang='lat' dir='ltr'><strong>dicit</strong></span> <span class='ocrx_word' id='word_1_292' title='bbox 1261 2152 1276 2178; x_wconf 87' lang='lat'><strong>,</strong></span> <span class='ocrx_word' id='word_1_293' title='bbox 1309 2115 1369 2161; x_wconf 89' lang='lat' dir='ltr'><strong>ut</strong></span> <span class='ocrx_word' id='word_1_294' title='bbox 1401 2114 1578 2162; x_wconf 87' lang='lat' dir='ltr'><strong>taceat</strong></span> <span class='ocrx_word' id='word_1_295' title='bbox 1613 2121 1628 2162; x_wconf 86' lang='lat'><strong>:</strong></span> <span class='ocrx_word' id='word_1_296' title='bbox 1661 2105 2014 2177; x_wconf 90' lang='lat' dir='ltr'><strong>eloquentem</strong></span> 
     </span>
    </p>
   </div>
   <div class='ocr_carea' id='block_1_38' title="bbox 414 2197 2016 2274">
    <p class='ocr_par' dir='ltr' id='par_1_38' title="bbox 414 2197 2016 2274">
     <span class='ocr_line' id='line_1_38' title="bbox 414 2197 2016 2274; baseline -0.003 -15"><span class='ocrx_word' id='word_1_297' title='bbox 414 2212 473 2259; x_wconf 89' lang='lat' dir='ltr'><strong>et</strong></span> <span class='ocrx_word' id='word_1_298' title='bbox 500 2211 777 2274; x_wconf 86' lang='lat' dir='ltr'><strong>tamquam</strong></span> <span class='ocrx_word' id='word_1_299' title='bbox 803 2202 981 2258; x_wconf 88' lang='lat' dir='ltr'><strong>minus</strong></span> <span class='ocrx_word' id='word_1_300' title='bbox 1007 2200 1304 2268; x_wconf 89' lang='lat' dir='ltr'><strong>eruditum,</strong></span> <span class='ocrx_word' id='word_1_301' title='bbox 1336 2200 1423 2256; x_wconf 87' lang='lat' dir='ltr'><strong>vel</strong></span> <span class='ocrx_word' id='word_1_302' title='bbox 1452 2199 1830 2271; x_wconf 88' lang='lat' dir='ltr'><strong>impatientem</strong></span> <span class='ocrx_word' id='word_1_303' title='bbox 1860 2197 2016 2270; x_wconf 88' lang='lat' dir='ltr'><strong>jubet</strong></span> 
     </span>
    </p>
   </div>
   <div class='ocr_carea' id='block_1_39' title="bbox 416 2295 684 2353">
    <p class='ocr_par' dir='ltr' id='par_1_39' title="bbox 416 2295 684 2353">
     <span class='ocr_line' id='line_1_39' title="bbox 416 2295 684 2353; baseline -0.007 -1"><span class='ocrx_word' id='word_1_304' title='bbox 416 2304 478 2353; x_wconf 89' lang='lat' dir='ltr'><strong>ut</strong></span> <span class='ocrx_word' id='word_1_305' title='bbox 505 2295 684 2352; x_wconf 89' lang='lat' dir='ltr'><strong>sileat.</strong></span> 
     </span>
    </p>
   </div>
   <div class='ocr_carea' id='block_1_40' title="bbox 959 2408 1476 2470">
    <p class='ocr_par' dir='ltr' id='par_1_40' title="bbox 959 2408 1476 2470">
     <span class='ocr_line' id='line_1_40' title="bbox 959 2408 1476 2470; baseline -0.002 -2"><span class='ocrx_word' id='word_1_306' title='bbox 959 2408 1189 2470; x_wconf 83' lang='lat' dir='ltr'><strong>CAPUT</strong></span> <span class='ocrx_word' id='word_1_307' title='bbox 1226 2409 1476 2470; x_wconf 69' lang='lat' dir='ltr'><strong>XXXIV.</strong></span> 
     </span>
    </p>
   </div>
   <div class='ocr_carea' id='block_1_41' title="bbox 492 2564 2021 2638">
    <p class='ocr_par' dir='ltr' id='par_1_41' title="bbox 492 2564 2021 2638">
     <span class='ocr_line' id='line_1_41' title="bbox 492 2564 2021 2638; baseline 0.003 -18"><span class='ocrx_word' id='word_1_308' title='bbox 492 2564 858 2621; x_wconf 88' lang='lat' dir='ltr'><strong>Pronuntians</strong></span> <span class='ocrx_word' id='word_1_309' title='bbox 886 2565 1060 2638; x_wconf 87' lang='lat' dir='ltr'><strong>itaque</strong></span> <span class='ocrx_word' id='word_1_310' title='bbox 1092 2564 1252 2622; x_wconf 82' lang='lat' dir='ltr'><strong>Helia</strong></span> <span class='ocrx_word' id='word_1_311' title='bbox 1278 2607 1296 2635; x_wconf 95' lang='lat'><strong>,</strong></span> <span class='ocrx_word' id='word_1_312' title='bbox 1339 2567 1494 2621; x_wconf 86' lang='lat' dir='ltr'><strong>etiam</strong></span> <span class='ocrx_word' id='word_1_313' title='bbox 1537 2567 1646 2622; x_wconf 78' lang='lat' dir='ltr'><strong>[nec</strong></span> <span class='ocrx_word' id='word_1_314' title='bbox 1676 2567 1874 2623; x_wconf 88' lang='lat' dir='ltr'><strong>locutus</strong></span> <span class='ocrx_word' id='word_1_315' title='bbox 1919 2577 2021 2626; x_wconf 89' lang='lat' dir='ltr'><strong>est.</strong></span> 
     </span>
    </p>
   </div>
   <div class='ocr_carea' id='block_1_42' title="bbox 419 2659 2025 2734">
    <p class='ocr_par' dir='ltr' id='par_1_42' title="bbox 419 2659 2025 2734">
     <span class='ocr_line' id='line_1_42' title="bbox 419 2659 2025 2734; baseline 0.004 -20"><span class='ocrx_word' id='word_1_316' title='bbox 419 2659 588 2728; x_wconf 86' lang='lat' dir='ltr'><strong>Quasi</strong></span> <span class='ocrx_word' id='word_1_317' title='bbox 618 2661 947 2715; x_wconf 88' lang='lat' dir='ltr'><strong>sententiam</strong></span> <span class='ocrx_word' id='word_1_318' title='bbox 979 2659 1137 2715; x_wconf 84' lang='lat' dir='ltr'><strong>Hellu</strong></span> <span class='ocrx_word' id='word_1_319' title='bbox 1167 2661 1524 2731; x_wconf 89' lang='lat' dir='ltr'><strong>pronuntiare</strong></span> <span class='ocrx_word' id='word_1_320' title='bbox 1550 2661 1773 2730; x_wconf 90' lang='lat' dir='ltr'><strong>dicitur,</strong></span> <span class='ocrx_word' id='word_1_321' title='bbox 1805 2672 1857 2718; x_wconf 92' lang='lat' dir='ltr'><strong>et</strong></span> <span class='ocrx_word' id='word_1_322' title='bbox 1884 2677 2025 2734; x_wconf 80' lang='lat' dir='ltr'><strong>pra:-</strong></span> 
     </span>
    </p>
   </div>
   <div class='ocr_carea' id='block_1_43' title="bbox 420 2756 2021 2816">
    <p class='ocr_par' dir='ltr' id='par_1_43' title="bbox 420 2756 2021 2816">
     <span class='ocr_line' id='line_1_43' title="bbox 420 2756 2021 2816; baseline 0.001 -2"><span class='ocrx_word' id='word_1_323' title='bbox 420 2767 607 2815; x_wconf 87' lang='lat' dir='ltr'><strong>sentes</strong></span> <span class='ocrx_word' id='word_1_324' title='bbox 624 2758 834 2813; x_wconf 88' lang='lat' dir='ltr'><strong>amicos</strong></span> <span class='ocrx_word' id='word_1_325' title='bbox 853 2757 1144 2813; x_wconf 81' lang='lat' dir='ltr'><strong>sanctiJOb</strong></span> <span class='ocrx_word' id='word_1_326' title='bbox 1156 2756 1222 2812; x_wconf 91' lang='lat' dir='ltr'><strong>ad</strong></span> <span class='ocrx_word' id='word_1_327' title='bbox 1245 2757 1574 2812; x_wconf 88' lang='lat' dir='ltr'><strong>audiendum</strong></span> <span class='ocrx_word' id='word_1_328' title='bbox 1599 2772 1656 2813; x_wconf 90' lang='lat' dir='ltr'><strong>se</strong></span> <span class='ocrx_word' id='word_1_329' title='bbox 1677 2759 2021 2816; x_wconf 86' lang='lat' dir='ltr'><strong>cohortatur.</strong></span> 
     </span>
    </p>
   </div>
   <div class='ocr_carea' id='block_1_44' title="bbox 497 2838 2026 2924">
    <p class='ocr_par' dir='ltr' id='par_1_44' title="bbox 497 2838 2026 2924">
     <span class='ocr_line' id='line_1_44' title="bbox 497 2838 2026 2924; baseline 0.003 -18"><span class='ocrx_word' id='word_1_330' title='bbox 497 2852 711 2917; x_wconf 83' lang='lat' dir='ltr'><strong>Audite,</strong></span> <span class='ocrx_word' id='word_1_331' title='bbox 759 2853 1041 2924; x_wconf 84' lang='lat' dir='ltr'><strong>sapientes,</strong></span> <span class='ocrx_word' id='word_1_332' title='bbox 1076 2853 1228 2905; x_wconf 85' lang='lat' dir='ltr'><strong>verba</strong></span> <span class='ocrx_word' id='word_1_333' title='bbox 1270 2868 1411 2915; x_wconf 87' lang='lat' dir='ltr'><strong>mea,</strong></span> <span class='ocrx_word' id='word_1_334' title='bbox 1445 2860 1492 2905; x_wconf 82' lang='lat' dir='ltr'><strong>et</strong></span> <span class='ocrx_word' id='word_1_335' title='bbox 1516 2853 1704 2906; x_wconf 88' lang='lat' dir='ltr'><strong>eruditi</strong></span> <span class='ocrx_word' id='word_1_336' title='bbox 1735 2838 2026 2911; x_wconf 81' lang='lat' dir='ltr'><strong>auscultate</strong></span> 
     </span>
    </p>
   </div>
   <div class='ocr_carea' id='block_1_45' title="bbox 425 2944 2026 3018">
    <p class='ocr_par' dir='ltr' id='par_1_45' title="bbox 425 2944 2026 3018">
     <span class='ocr_line' id='line_1_45' title="bbox 425 2944 2026 3018; baseline 0.001 -16"><span class='ocrx_word' id='word_1_337' title='bbox 425 2964 527 3003; x_wconf 91' lang='lat' dir='ltr'><strong>me.</strong></span> <span class='ocrx_word' id='word_1_338' title='bbox 567 2947 724 3002; x_wconf 77' lang='lat' dir='ltr'><strong>Auris</strong></span> <span class='ocrx_word' id='word_1_339' title='bbox 765 2947 900 3000; x_wconf 88' lang='lat' dir='ltr'><strong>enim</strong></span> <span class='ocrx_word' id='word_1_340' title='bbox 926 2945 1079 2999; x_wconf 86' lang='lat' dir='ltr'><strong>verba</strong></span> <span class='ocrx_word' id='word_1_341' title='bbox 1109 2944 1327 3014; x_wconf 88' lang='lat' dir='ltr'><strong>probat,</strong></span> <span class='ocrx_word' id='word_1_342' title='bbox 1363 2953 1411 2999; x_wconf 87' lang='lat' dir='ltr'><strong>et</strong></span> <span class='ocrx_word' id='word_1_343' title='bbox 1452 2956 1631 3016; x_wconf 88' lang='lat' dir='ltr'><strong>guttur</strong></span> <span class='ocrx_word' id='word_1_344' title='bbox 1659 2962 1801 3002; x_wconf 87' lang='lat' dir='ltr'><strong>escas</strong></span> <span class='ocrx_word' id='word_1_345' title='bbox 1844 2957 2026 3018; x_wconf 87' lang='lat' dir='ltr'><strong>gustus</strong></span> 
     </span>
    </p>
   </div>
   <div class='ocr_carea' id='block_1_46' title="bbox 429 3037 2028 3108">
    <p class='ocr_par' dir='ltr' id='par_1_46' title="bbox 429 3037 2028 3108">
     <span class='ocr_line' id='line_1_46' title="bbox 429 3037 2028 3108; baseline 0.003 -16"><span class='ocrx_word' id='word_1_346' title='bbox 429 3039 710 3108; x_wconf 78' lang='lat' dir='ltr'><strong>diiudicat.</strong></span> <span class='ocrx_word' id='word_1_347' title='bbox 738 3037 1218 3106; x_wconf 86' lang='lat' dir='ltr'><strong>Quemadmodum</strong></span> <span class='ocrx_word' id='word_1_348' title='bbox 1265 3038 1447 3108; x_wconf 83' lang='lat' dir='ltr'><strong>igitur,</strong></span> <span class='ocrx_word' id='word_1_349' title='bbox 1483 3038 1678 3108; x_wconf 87' lang='lat' dir='ltr'><strong>inquit,</strong></span> <span class='ocrx_word' id='word_1_350' title='bbox 1710 3054 1742 3093; x_wconf 87' lang='lat' dir='ltr'><strong>a</strong></span> <span class='ocrx_word' id='word_1_351' title='bbox 1771 3039 2028 3097; x_wconf 83' lang='lat' dir='ltr'><strong>faucibus</strong></span> 
     </span>
    </p>
   </div>
   <div class='ocr_carea' id='block_1_47' title="bbox 2118 1817 2838 1892">
    <p class='ocr_par' dir='ltr' id='par_1_47' title="bbox 2118 1817 2838 1892">
     <span class='ocr_line' id='line_1_47' title="bbox 2118 1817 2838 1892; baseline 0 -17"><span class='ocrx_word' id='word_1_352' title='bbox 2118 1822 2270 1892; x_wconf 89' lang='lat' dir='ltr'><strong>quasi</strong></span> <span class='ocrx_word' id='word_1_353' title='bbox 2301 1820 2468 1892; x_wconf 88' lang='lat' dir='ltr'><strong>impia</strong></span> <span class='ocrx_word' id='word_1_354' title='bbox 2499 1817 2572 1876; x_wconf 90' lang='lat' dir='ltr'><strong>sit</strong></span> <span class='ocrx_word' id='word_1_355' title='bbox 2600 1819 2838 1875; x_wconf 90' lang='lat' dir='ltr'><strong>locutus.</strong></span> 
     </span>
    </p>
   </div>
   <div class='ocr_carea' id='block_1_48' title="bbox 2192 1912 3726 1986">
    <p class='ocr_par' dir='ltr' id='par_1_48' title="bbox 2192 1912 3726 1986">
     <span class='ocr_line' id='line_1_48' title="bbox 2192 1912 3726 1986; baseline 0 -18"><span class='ocrx_word' id='word_1_356' title='bbox 2192 1913 2358 1980; x_wconf 83' lang='lat' dir='ltr'><strong>Quem</strong></span> <span class='ocrx_word' id='word_1_357' title='bbox 2383 1913 2648 1968; x_wconf 88' lang='lat' dir='ltr'><strong>constituit</strong></span> <span class='ocrx_word' id='word_1_358' title='bbox 2679 1912 2845 1968; x_wconf 90' lang='lat' dir='ltr'><strong>alium</strong></span> <span class='ocrx_word' id='word_1_359' title='bbox 2879 1929 3036 1986; x_wconf 85' lang='lat' dir='ltr'><strong>super</strong></span> <span class='ocrx_word' id='word_1_360' title='bbox 3061 1922 3254 1970; x_wconf 90' lang='lat' dir='ltr'><strong>terram</strong></span> <span class='ocrx_word' id='word_1_361' title='bbox 3278 1930 3297 1971; x_wconf 89' lang='lat'><strong><em>:</em></strong></span> <span class='ocrx_word' id='word_1_362' title='bbox 3319 1923 3408 1969; x_wconf 91' lang='lat' dir='ltr'><strong>aut</strong></span> <span class='ocrx_word' id='word_1_363' title='bbox 3441 1929 3605 1986; x_wconf 79' lang='lat' dir='ltr'><strong>quem</strong></span> <span class='ocrx_word' id='word_1_364' title='bbox 3637 1930 3726 1985; x_wconf 88' lang='lat' dir='ltr'><strong>po-</strong></span> 
     </span>
    </p>
   </div>
   <div class='ocr_carea' id='block_1_49' title="bbox 2118 2005 3727 2079">
    <p class='ocr_par' dir='ltr' id='par_1_49' title="bbox 2118 2005 3727 2079">
     <span class='ocr_line' id='line_1_49' title="bbox 2118 2005 3727 2079; baseline -0.001 -15"><span class='ocrx_word' id='word_1_365' title='bbox 2118 2009 2221 2064; x_wconf 87' lang='lat' dir='ltr'><strong>suit</strong></span> <span class='ocrx_word' id='word_1_366' title='bbox 2250 2023 2407 2079; x_wconf 88' lang='lat' dir='ltr'><strong>super</strong></span> <span class='ocrx_word' id='word_1_367' title='bbox 2435 2007 2609 2062; x_wconf 89' lang='lat' dir='ltr'><strong>orbem</strong></span> <span class='ocrx_word' id='word_1_368' title='bbox 2638 2023 2790 2079; x_wconf 88' lang='lat' dir='ltr'><strong>quem</strong></span> <span class='ocrx_word' id='word_1_369' title='bbox 2820 2005 3106 2079; x_wconf 85' lang='lat' dir='ltr'><strong>fabricatus</strong></span> <span class='ocrx_word' id='word_1_370' title='bbox 3142 2008 3262 2063; x_wconf 85' lang='lat' dir='ltr'><strong>est?</strong></span> <span class='ocrx_word' id='word_1_371' title='bbox 3298 2005 3358 2062; x_wconf 87' lang='lat' dir='ltr'><strong>ld</strong></span> <span class='ocrx_word' id='word_1_372' title='bbox 3389 2015 3476 2065; x_wconf 88' lang='lat' dir='ltr'><strong>est</strong></span> <span class='ocrx_word' id='word_1_373' title='bbox 3504 2048 3523 2074; x_wconf 91' lang='lat'><strong>,</strong></span> <span class='ocrx_word' id='word_1_374' title='bbox 3559 2023 3727 2063; x_wconf 86' lang='lat' dir='ltr'><strong>num-</strong></span> 
     </span>
    </p>
   </div>
   <div class='ocr_carea' id='block_1_50' title="bbox 2119 2099 3730 2173">
    <p class='ocr_par' dir='ltr' id='par_1_50' title="bbox 2119 2099 3730 2173">
     <span class='ocr_line' id='line_1_50' title="bbox 2119 2099 3730 2173; baseline 0.002 -17"><span class='ocrx_word' id='word_1_375' title='bbox 2119 2100 2249 2172; x_wconf 91' lang='lat' dir='ltr'><strong>quid</strong></span> <span class='ocrx_word' id='word_1_376' title='bbox 2281 2099 2446 2156; x_wconf 90' lang='lat' dir='ltr'><strong>alium</strong></span> <span class='ocrx_word' id='word_1_377' title='bbox 2479 2109 2752 2157; x_wconf 88' lang='lat' dir='ltr'><strong>rectorem</strong></span> <span class='ocrx_word' id='word_1_378' title='bbox 2779 2101 2999 2172; x_wconf 88' lang='lat' dir='ltr'><strong>posuit,</strong></span> <span class='ocrx_word' id='word_1_379' title='bbox 3025 2101 3118 2173; x_wconf 91' lang='lat' dir='ltr'><strong>qui</strong></span> <span class='ocrx_word' id='word_1_380' title='bbox 3145 2116 3175 2156; x_wconf 91' lang='lat' dir='ltr'><strong>a</strong></span> <span class='ocrx_word' id='word_1_381' title='bbox 3205 2101 3470 2158; x_wconf 86' lang='lat' dir='ltr'><strong>creatoris</strong></span> <span class='ocrx_word' id='word_1_382' title='bbox 3508 2101 3730 2172; x_wconf 71' lang='lat' dir='ltr'><strong>justiti:</strong></span> 
     </span>
    </p>
   </div>
   <div class='ocr_carea' id='block_1_51' title="bbox 2121 2193 3731 2267">
    <p class='ocr_par' dir='ltr' id='par_1_51' title="bbox 2121 2193 3731 2267">
     <span class='ocr_line' id='line_1_51' title="bbox 2121 2193 3731 2267; baseline 0.001 -17"><span class='ocrx_word' id='word_1_383' title='bbox 2121 2194 2480 2266; x_wconf 87' lang='lat' dir='ltr'><strong>discreparet.</strong></span> <span class='ocrx_word' id='word_1_384' title='bbox 2514 2195 2635 2265; x_wconf 88' lang='lat' dir='ltr'><strong>Ipse</strong></span> <span class='ocrx_word' id='word_1_385' title='bbox 2663 2209 2796 2267; x_wconf 89' lang='lat' dir='ltr'><strong>ergo</strong></span> <span class='ocrx_word' id='word_1_386' title='bbox 2821 2208 2984 2266; x_wconf 89' lang='lat' dir='ltr'><strong>quam</strong></span> <span class='ocrx_word' id='word_1_387' title='bbox 3040 2203 3238 2265; x_wconf 89' lang='lat' dir='ltr'><strong>potens</strong></span> <span class='ocrx_word' id='word_1_388' title='bbox 3281 2193 3564 2263; x_wconf 89' lang='lat' dir='ltr'><strong>conditor,</strong></span> <span class='ocrx_word' id='word_1_389' title='bbox 3625 2203 3731 2251; x_wconf 85' lang='lat' dir='ltr'><strong>tam</strong></span> 
     </span>
    </p>
   </div>
   <div class='ocr_carea' id='block_1_52' title="bbox 2121 2287 3735 2362">
    <p class='ocr_par' dir='ltr' id='par_1_52' title="bbox 2121 2287 3735 2362">
     <span class='ocr_line' id='line_1_52' title="bbox 2121 2287 3735 2362; baseline 0 -17"><span class='ocrx_word' id='word_1_390' title='bbox 2121 2290 2248 2362; x_wconf 89' lang='lat' dir='ltr'><strong>pius</strong></span> <span class='ocrx_word' id='word_1_391' title='bbox 2293 2297 2382 2346; x_wconf 88' lang='lat' dir='ltr'><strong>est</strong></span> <span class='ocrx_word' id='word_1_392' title='bbox 2421 2288 2763 2360; x_wconf 85' lang='lat' dir='ltr'><strong>moderator,</strong></span> <span class='ocrx_word' id='word_1_393' title='bbox 2824 2289 2950 2362; x_wconf 88' lang='lat' dir='ltr'><strong>quia</strong></span> <span class='ocrx_word' id='word_1_394' title='bbox 2992 2302 3131 2360; x_wconf 79' lang='lat' dir='ltr'><strong>Opus</strong></span> <span class='ocrx_word' id='word_1_395' title='bbox 3177 2303 3336 2346; x_wconf 89' lang='lat' dir='ltr'><strong>suum</strong></span> <span class='ocrx_word' id='word_1_396' title='bbox 3376 2287 3638 2360; x_wconf 76' lang='lat' dir='ltr'><strong>agnoscit</strong></span> <span class='ocrx_word' id='word_1_397' title='bbox 3679 2297 3735 2345; x_wconf 88' lang='lat' dir='ltr'><strong>et</strong></span> 
     </span>
    </p>
   </div>
   <div class='ocr_carea' id='block_1_53' title="bbox 2122 2383 2324 2456">
    <p class='ocr_par' dir='ltr' id='par_1_53' title="bbox 2122 2383 2324 2456">
     <span class='ocr_line' id='line_1_53' title="bbox 2122 2383 2324 2456; baseline -0.005 -15"><span class='ocrx_word' id='word_1_398' title='bbox 2122 2383 2324 2456; x_wconf 83' lang='lat' dir='ltr'><strong>diligit.</strong></span> 
     </span>
    </p>
   </div>
   <div class='ocr_carea' id='block_1_54' title="bbox 2198 2475 3738 2547">
    <p class='ocr_par' dir='ltr' id='par_1_54' title="bbox 2198 2475 3738 2547">
     <span class='ocr_line' id='line_1_54' title="bbox 2198 2475 3738 2547; baseline -0.003 -12"><span class='ocrx_word' id='word_1_399' title='bbox 2198 2477 2263 2535; x_wconf 87' lang='lat' dir='ltr'><strong>Si</strong></span> <span class='ocrx_word' id='word_1_400' title='bbox 2315 2478 2563 2534; x_wconf 73' lang='lat' dir='ltr'><strong>direxerit</strong></span> <span class='ocrx_word' id='word_1_401' title='bbox 2593 2477 2662 2533; x_wconf 90' lang='lat' dir='ltr'><strong>ad</strong></span> <span class='ocrx_word' id='word_1_402' title='bbox 2699 2493 2822 2535; x_wconf 87' lang='lat' dir='ltr'><strong>eum</strong></span> <span class='ocrx_word' id='word_1_403' title='bbox 2868 2493 2958 2532; x_wconf 90' lang='lat' dir='ltr'><strong>cor</strong></span> <span class='ocrx_word' id='word_1_404' title='bbox 2991 2493 3165 2544; x_wconf 79' lang='lat' dir='ltr'><strong>suum,</strong></span> <span class='ocrx_word' id='word_1_405' title='bbox 3198 2476 3447 2547; x_wconf 80' lang='lat' dir='ltr'><strong>spiritum</strong></span> <span class='ocrx_word' id='word_1_406' title='bbox 3490 2475 3645 2531; x_wconf 87' lang='lat' dir='ltr'><strong>illius</strong></span> <span class='ocrx_word' id='word_1_407' title='bbox 3687 2481 3738 2530; x_wconf 88' lang='lat' dir='ltr'><strong>et</strong></span> 
     </span>
    </p>
   </div>
   <div class='ocr_carea' id='block_1_55' title="bbox 2126 2570 3737 2648">
    <p class='ocr_par' dir='ltr' id='par_1_55' title="bbox 2126 2570 3737 2648">
     <span class='ocr_line' id='line_1_55' title="bbox 2126 2570 3737 2648; baseline -0.004 -17"><span class='ocrx_word' id='word_1_408' title='bbox 2126 2578 2312 2648; x_wconf 81' lang='lat' dir='ltr'><strong>ﬂatum</strong></span> <span class='ocrx_word' id='word_1_409' title='bbox 2341 2574 2411 2630; x_wconf 90' lang='lat' dir='ltr'><strong>ad</strong></span> <span class='ocrx_word' id='word_1_410' title='bbox 2439 2591 2493 2630; x_wconf 88' lang='lat' dir='ltr'><strong>se</strong></span> <span class='ocrx_word' id='word_1_411' title='bbox 2521 2573 2709 2631; x_wconf 88' lang='lat' dir='ltr'><strong>traltet.</strong></span> <span class='ocrx_word' id='word_1_412' title='bbox 2734 2571 2955 2643; x_wconf 81' lang='lat' dir='ltr'><strong>Deﬁciet</strong></span> <span class='ocrx_word' id='word_1_413' title='bbox 2983 2572 3151 2628; x_wconf 87' lang='lat' dir='ltr'><strong>omnis</strong></span> <span class='ocrx_word' id='word_1_414' title='bbox 3183 2588 3309 2628; x_wconf 88' lang='lat' dir='ltr'><strong>caro</strong></span> <span class='ocrx_word' id='word_1_415' title='bbox 3334 2570 3526 2640; x_wconf 88' lang='lat' dir='ltr'><strong>simul,</strong></span> <span class='ocrx_word' id='word_1_416' title='bbox 3561 2581 3613 2626; x_wconf 92' lang='lat' dir='ltr'><strong>et</strong></span> <span class='ocrx_word' id='word_1_417' title='bbox 3643 2570 3737 2624; x_wconf 81' lang='lat' dir='ltr'><strong>Ito—</strong></span> 
     </span>
    </p>
   </div>
   <div class='ocr_carea' id='block_1_56' title="bbox 2129 2664 3737 2735">
    <p class='ocr_par' dir='ltr' id='par_1_56' title="bbox 2129 2664 3737 2735">
     <span class='ocr_line' id='line_1_56' title="bbox 2129 2664 3737 2735; baseline -0.002 -12"><span class='ocrx_word' id='word_1_418' title='bbox 2129 2686 2213 2724; x_wconf 89' lang='lat' dir='ltr'><strong>mo</strong></span> <span class='ocrx_word' id='word_1_419' title='bbox 2233 2671 2287 2723; x_wconf 91' lang='lat' dir='ltr'><strong>in</strong></span> <span class='ocrx_word' id='word_1_420' title='bbox 2309 2670 2534 2724; x_wconf 90' lang='lat' dir='ltr'><strong>cinerem</strong></span> <span class='ocrx_word' id='word_1_421' title='bbox 2563 2675 2860 2722; x_wconf 86' lang='lat' dir='ltr'><strong>revertetur.</strong></span> <span class='ocrx_word' id='word_1_422' title='bbox 2893 2665 2952 2722; x_wconf 88' lang='lat' dir='ltr'><strong>ld</strong></span> <span class='ocrx_word' id='word_1_423' title='bbox 2983 2674 3090 2735; x_wconf 85' lang='lat' dir='ltr'><strong>est,</strong></span> <span class='ocrx_word' id='word_1_424' title='bbox 3119 2664 3306 2721; x_wconf 89' lang='lat' dir='ltr'><strong>mundi</strong></span> <span class='ocrx_word' id='word_1_425' title='bbox 3338 2685 3352 2722; x_wconf 89' lang='lat'><strong>:</strong></span> <span class='ocrx_word' id='word_1_426' title='bbox 3381 2680 3514 2720; x_wconf 87' lang='lat' dir='ltr'><strong>nam</strong></span> <span class='ocrx_word' id='word_1_427' title='bbox 3545 2665 3592 2720; x_wconf 88' lang='lat' dir='ltr'><strong>si</strong></span> <span class='ocrx_word' id='word_1_428' title='bbox 3622 2679 3737 2720; x_wconf 85' lang='lat' dir='ltr'><strong>om-</strong></span> 
     </span>
    </p>
   </div>
   <div class='ocr_carea' id='block_1_57' title="bbox 2131 2757 3734 2834">
    <p class='ocr_par' dir='ltr' id='par_1_57' title="bbox 2131 2757 3734 2834">
     <span class='ocr_line' id='line_1_57' title="bbox 2131 2757 3734 2834; baseline -0.002 -16"><span class='ocrx_word' id='word_1_429' title='bbox 2131 2764 2221 2818; x_wconf 87' lang='lat' dir='ltr'><strong>nia</strong></span> <span class='ocrx_word' id='word_1_430' title='bbox 2242 2777 2362 2834; x_wconf 78' lang='lat' dir='ltr'><strong>quze</strong></span> <span class='ocrx_word' id='word_1_431' title='bbox 2395 2762 2448 2816; x_wconf 90' lang='lat' dir='ltr'><strong>in</strong></span> <span class='ocrx_word' id='word_1_432' title='bbox 2476 2776 2544 2818; x_wconf 91' lang='lat' dir='ltr'><strong>eo</strong></span> <span class='ocrx_word' id='word_1_433' title='bbox 2570 2759 2816 2832; x_wconf 86' lang='lat' dir='ltr'><strong>quotidie</strong></span> <span class='ocrx_word' id='word_1_434' title='bbox 2841 2770 3129 2830; x_wconf 88' lang='lat' dir='ltr'><strong>geruntur,</strong></span> <span class='ocrx_word' id='word_1_435' title='bbox 3152 2757 3449 2814; x_wconf 88' lang='lat' dir='ltr'><strong>secundum</strong></span> <span class='ocrx_word' id='word_1_436' title='bbox 3483 2757 3734 2830; x_wconf 84' lang='lat' dir='ltr'><strong>regulam</strong></span> 
     </span>
    </p>
   </div>
   <div class='ocr_carea' id='block_1_58' title="bbox 2125 2851 3738 2929">
    <p class='ocr_par' dir='ltr' id='par_1_58' title="bbox 2125 2851 3738 2929">
     <span class='ocr_line' id='line_1_58' title="bbox 2125 2851 3738 2929; baseline -0.001 -19"><span class='ocrx_word' id='word_1_437' title='bbox 2125 2857 2352 2929; x_wconf 78' lang='lat' dir='ltr'><strong>justitia:</strong></span> <span class='ocrx_word' id='word_1_438' title='bbox 2380 2871 2494 2912; x_wconf 79' lang='lat' dir='ltr'><strong>sua:</strong></span> <span class='ocrx_word' id='word_1_439' title='bbox 2521 2855 2753 2911; x_wconf 87' lang='lat' dir='ltr'><strong>voluerit</strong></span> <span class='ocrx_word' id='word_1_440' title='bbox 2780 2853 3003 2922; x_wconf 86' lang='lat' dir='ltr'><strong>intueri,</strong></span> <span class='ocrx_word' id='word_1_441' title='bbox 3030 2853 3248 2910; x_wconf 90' lang='lat' dir='ltr'><strong>deﬁciet</strong></span> <span class='ocrx_word' id='word_1_442' title='bbox 3277 2867 3342 2908; x_wconf 88' lang='lat' dir='ltr'><strong>ac</strong></span> <span class='ocrx_word' id='word_1_443' title='bbox 3371 2851 3613 2923; x_wconf 84' lang='lat' dir='ltr'><strong>peribit;</strong></span> <span class='ocrx_word' id='word_1_444' title='bbox 3644 2851 3738 2908; x_wconf 91' lang='lat' dir='ltr'><strong>sed</strong></span> 
     </span>
    </p>
   </div>
   <div class='ocr_carea' id='block_1_59' title="bbox 2131 2943 3739 3022">
    <p class='ocr_par' dir='ltr' id='par_1_59' title="bbox 2131 2943 3739 3022">
     <span class='ocr_line' id='line_1_59' title="bbox 2131 2943 3739 3022; baseline -0.004 -15"><span class='ocrx_word' id='word_1_445' title='bbox 2131 2966 2255 3007; x_wconf 89' lang='lat' dir='ltr'><strong>cum</strong></span> <span class='ocrx_word' id='word_1_446' title='bbox 2286 2949 2490 3021; x_wconf 88' lang='lat' dir='ltr'><strong>pietate</strong></span> <span class='ocrx_word' id='word_1_447' title='bbox 2527 2949 2713 3022; x_wconf 80' lang='lat' dir='ltr'><strong>pmius</strong></span> <span class='ocrx_word' id='word_1_448' title='bbox 2759 2946 3034 3017; x_wconf 78' lang='lat' dir='ltr'><strong>gubernat</strong></span> <span class='ocrx_word' id='word_1_449' title='bbox 3082 2961 3147 3002; x_wconf 91' lang='lat' dir='ltr'><strong>ac</strong></span> <span class='ocrx_word' id='word_1_450' title='bbox 3195 2946 3449 3002; x_wconf 88' lang='lat' dir='ltr'><strong>sustinet.</strong></span> <span class='ocrx_word' id='word_1_451' title='bbox 3504 2943 3643 3000; x_wconf 80' lang='lat' dir='ltr'><strong>Nam</strong></span> <span class='ocrx_word' id='word_1_452' title='bbox 3693 2944 3739 3001; x_wconf 90' lang='lat' dir='ltr'><strong>si</strong></span> 
     </span>
    </p>
   </div>
   <div class='ocr_carea' id='block_1_60' title="bbox 2135 3037 3737 3116">
    <p class='ocr_par' dir='ltr' id='par_1_60' title="bbox 2135 3037 3737 3116">
     <span class='ocr_line' id='line_1_60' title="bbox 2135 3037 3737 3116; baseline -0.003 -18"><span class='ocrx_word' id='word_1_453' title='bbox 2135 3043 2475 3116; x_wconf 88' lang='lat' dir='ltr'><strong>iniquitatem</strong></span> <span class='ocrx_word' id='word_1_454' title='bbox 2510 3041 2908 3108; x_wconf 83' lang='lat' dir='ltr'><strong>observaverit,</strong></span> <span class='ocrx_word' id='word_1_455' title='bbox 2940 3038 3065 3110; x_wconf 86' lang='lat' dir='ltr'><strong>quis</strong></span> <span class='ocrx_word' id='word_1_456' title='bbox 3101 3038 3438 3095; x_wconf 81' lang='lat' dir='ltr'><strong>sustinebit?</strong></span> <span class='ocrx_word' id='word_1_457' title='bbox 3466 3037 3589 3108; x_wconf 80' lang='lat' dir='ltr'><strong>Spit</strong></span> <span class='ocrx_word' id='word_1_458' title='bbox 3605 3037 3737 3094; x_wconf 89' lang='lat' dir='ltr'><strong>itum</strong></span> 
     </span>
    </p>
   </div>
   <div class='ocr_carea' id='block_1_61' title="bbox 423 3117 3740 3208">
    <p class='ocr_par' dir='ltr' id='par_1_61' title="bbox 423 3117 3740 3208">
     <span class='ocr_line' id='line_1_61' title="bbox 423 3117 3740 3208; baseline -0 -21"><span class='ocrx_word' id='word_1_459' title='bbox 423 3132 676 3188; x_wconf 89' lang='lat' dir='ltr'><strong>ciborum</strong></span> <span class='ocrx_word' id='word_1_460' title='bbox 709 3146 872 3201; x_wconf 88' lang='lat' dir='ltr'><strong>sapor</strong></span> <span class='ocrx_word' id='word_1_461' title='bbox 898 3130 1241 3201; x_wconf 80' lang='lat' dir='ltr'><strong>dignoscitur</strong></span> <span class='ocrx_word' id='word_1_462' title='bbox 1273 3149 1284 3185; x_wconf 95' lang='lat'>:</span> <span class='ocrx_word' id='word_1_463' title='bbox 1318 3140 1377 3186; x_wconf 89' lang='lat' dir='ltr'><strong>et</strong></span> <span class='ocrx_word' id='word_1_464' title='bbox 1412 3130 1619 3186; x_wconf 88' lang='lat' dir='ltr'><strong>idcirco</strong></span> <span class='ocrx_word' id='word_1_465' title='bbox 1646 3176 1661 3201; x_wconf 91' lang='lat'><strong>,</strong></span> <span class='ocrx_word' id='word_1_466' title='bbox 1696 3134 1774 3186; x_wconf 89' lang='lat' dir='ltr'><strong>ait</strong></span> <span class='ocrx_word' id='word_1_467' title='bbox 1818 3132 1977 3189; x_wconf 89' lang='lat' dir='ltr'><strong>Heliu</strong></span> <span class='ocrx_word' id='word_1_468' title='bbox 2010 3153 2024 3190; x_wconf 87' lang='lat'><strong>:</strong></span> <span class='ocrx_word' id='word_1_469' title='bbox 2054 3117 2104 3184; x_wconf 86' lang='lat' dir='ltr'><strong><em>C</em></strong></span> <span class='ocrx_word' id='word_1_470' title='bbox 2133 3138 2270 3193; x_wconf 76' lang='lat' dir='ltr'><strong>dixit</strong></span> <span class='ocrx_word' id='word_1_471' title='bbox 2298 3137 2562 3204; x_wconf 90' lang='lat' dir='ltr'><strong>animam,</strong></span> <span class='ocrx_word' id='word_1_472' title='bbox 2589 3149 2713 3208; x_wconf 67' lang='lat' dir='ltr'><strong>qum</strong></span> <span class='ocrx_word' id='word_1_473' title='bbox 2755 3133 3000 3190; x_wconf 87' lang='lat' dir='ltr'><strong>viviﬁcat</strong></span> <span class='ocrx_word' id='word_1_474' title='bbox 3051 3132 3330 3189; x_wconf 88' lang='lat' dir='ltr'><strong>hominem</strong></span> <span class='ocrx_word' id='word_1_475' title='bbox 3359 3175 3374 3200; x_wconf 94' lang='lat'><strong>,</strong></span> <span class='ocrx_word' id='word_1_476' title='bbox 3407 3141 3466 3188; x_wconf 91' lang='lat' dir='ltr'><strong>et</strong></span> <span class='ocrx_word' id='word_1_477' title='bbox 3505 3131 3696 3187; x_wconf 82' lang='lat' dir='ltr'><strong>(latum</strong></span> <span class='ocrx_word' id='word_1_478' title='bbox 3721 3171 3740 3200; x_wconf 89' lang='lat'><strong>,</strong></span> 
     </span>
    </p>
   </div>
   <div class='ocr_carea' id='block_1_62' title="bbox 497 3222 2030 3296">
    <p class='ocr_par' dir='ltr' id='par_1_62' title="bbox 497 3222 2030 3296">
     <span class='ocr_line' id='line_1_62' title="bbox 497 3222 2030 3296; baseline 0.002 -18"><span class='ocrx_word' id='word_1_479' title='bbox 497 3222 770 3279; x_wconf 76' lang='lat' dir='ltr'><strong>Iudicium</strong></span> <span class='ocrx_word' id='word_1_480' title='bbox 792 3224 1041 3296; x_wconf 87' lang='lat' dir='ltr'><strong>eligamus</strong></span> <span class='ocrx_word' id='word_1_481' title='bbox 1062 3223 1229 3290; x_wconf 88' lang='lat' dir='ltr'><strong>nobis,</strong></span> <span class='ocrx_word' id='word_1_482' title='bbox 1253 3233 1301 3278; x_wconf 89' lang='lat' dir='ltr'><strong>et</strong></span> <span class='ocrx_word' id='word_1_483' title='bbox 1323 3224 1458 3278; x_wconf 89' lang='lat' dir='ltr'><strong>inter</strong></span> <span class='ocrx_word' id='word_1_484' title='bbox 1486 3240 1578 3278; x_wconf 89' lang='lat' dir='ltr'><strong>nos</strong></span> <span class='ocrx_word' id='word_1_485' title='bbox 1610 3224 1871 3280; x_wconf 88' lang='lat' dir='ltr'><strong>videamus</strong></span> <span class='ocrx_word' id='word_1_486' title='bbox 1902 3228 2030 3296; x_wconf 90' lang='lat' dir='ltr'><strong>quid</strong></span> 
     </span>
    </p>
   </div>
   <div class='ocr_carea' id='block_1_63' title="bbox 419 3317 2029 3392">
    <p class='ocr_par' dir='ltr' id='par_1_63' title="bbox 419 3317 2029 3392">
     <span class='ocr_line' id='line_1_63' title="bbox 419 3317 2029 3392; baseline -0.001 -15"><span class='ocrx_word' id='word_1_487' title='bbox 419 3322 490 3378; x_wconf 86' lang='lat' dir='ltr'><strong>sit</strong></span> <span class='ocrx_word' id='word_1_488' title='bbox 511 3320 718 3375; x_wconf 84' lang='lat' dir='ltr'><strong>melius.</strong></span> <span class='ocrx_word' id='word_1_489' title='bbox 743 3317 798 3373; x_wconf 89' lang='lat' dir='ltr'><strong>ld</strong></span> <span class='ocrx_word' id='word_1_490' title='bbox 832 3327 916 3375; x_wconf 89' lang='lat' dir='ltr'><strong>est</strong></span> <span class='ocrx_word' id='word_1_491' title='bbox 942 3364 955 3388; x_wconf 92' lang='lat'><strong>,</strong></span> <span class='ocrx_word' id='word_1_492' title='bbox 990 3317 1142 3386; x_wconf 91' lang='lat' dir='ltr'><strong>prius</strong></span> <span class='ocrx_word' id='word_1_493' title='bbox 1167 3318 1530 3375; x_wconf 85' lang='lat' dir='ltr'><strong>discutiamus</strong></span> <span class='ocrx_word' id='word_1_494' title='bbox 1554 3361 1568 3387; x_wconf 95' lang='lat'><strong>,</strong></span> <span class='ocrx_word' id='word_1_495' title='bbox 1603 3329 1897 3392; x_wconf 91' lang='lat' dir='ltr'><strong>antequam</strong></span> <span class='ocrx_word' id='word_1_496' title='bbox 1931 3321 2029 3376; x_wconf 88' lang='lat' dir='ltr'><strong>ho-</strong></span> 
     </span>
    </p>
   </div>
   <div class='ocr_carea' id='block_1_64' title="bbox 427 3415 1126 3473">
    <p class='ocr_par' dir='ltr' id='par_1_64' title="bbox 427 3415 1126 3473">
     <span class='ocr_line' id='line_1_64' title="bbox 427 3415 1126 3473; baseline -0.009 0"><span class='ocrx_word' id='word_1_497' title='bbox 427 3416 633 3473; x_wconf 88' lang='lat' dir='ltr'><strong>minem</strong></span> <span class='ocrx_word' id='word_1_498' title='bbox 674 3415 1126 3470; x_wconf 86' lang='lat' dir='ltr'><strong>condemnemus.</strong></span> 
     </span>
    </p>
   </div>
   <div class='ocr_carea' id='block_1_65' title="bbox 503 3505 2027 3579">
    <p class='ocr_par' dir='ltr' id='par_1_65' title="bbox 503 3505 2027 3579">
     <span class='ocr_line' id='line_1_65' title="bbox 503 3505 2027 3579; baseline 0.001 -14"><span class='ocrx_word' id='word_1_499' title='bbox 503 3511 642 3578; x_wconf 85' lang='lat' dir='ltr'><strong>Quia</strong></span> <span class='ocrx_word' id='word_1_500' title='bbox 667 3509 800 3564; x_wconf 75' lang='lat' dir='ltr'><strong>dixit</strong></span> <span class='ocrx_word' id='word_1_501' title='bbox 827 3505 928 3562; x_wconf 81' lang='lat' dir='ltr'><strong>Job</strong></span> <span class='ocrx_word' id='word_1_502' title='bbox 960 3524 980 3564; x_wconf 91' lang='lat'><strong><em>:</em></strong></span> <span class='ocrx_word' id='word_1_503' title='bbox 999 3508 1176 3579; x_wconf 89' lang='lat' dir='ltr'><strong>justus</strong></span> <span class='ocrx_word' id='word_1_504' title='bbox 1205 3524 1337 3562; x_wconf 89' lang='lat' dir='ltr'><strong>sum.</strong></span> <span class='ocrx_word' id='word_1_505' title='bbox 1386 3506 1502 3563; x_wconf 86' lang='lat' dir='ltr'><strong>Non</strong></span> <span class='ocrx_word' id='word_1_506' title='bbox 1530 3523 1838 3566; x_wconf 83' lang='lat' dir='ltr'><strong>sermonem</strong></span> <span class='ocrx_word' id='word_1_507' title='bbox 1883 3508 2027 3566; x_wconf 87' lang='lat' dir='ltr'><strong>hunc</strong></span> 
     </span>
    </p>
   </div>
   <div class='ocr_carea' id='block_1_66' title="bbox 426 3598 2028 3670">
    <p class='ocr_par' dir='ltr' id='par_1_66' title="bbox 426 3598 2028 3670">
     <span class='ocr_line' id='line_1_66' title="bbox 426 3598 2028 3670; baseline -0.002 -9"><span class='ocrx_word' id='word_1_508' title='bbox 426 3603 534 3661; x_wconf 87' lang='lat' dir='ltr'><strong>Job</strong></span> <span class='ocrx_word' id='word_1_509' title='bbox 561 3601 716 3665; x_wconf 85' lang='lat' dir='ltr'><strong>dixit,</strong></span> <span class='ocrx_word' id='word_1_510' title='bbox 736 3599 832 3655; x_wconf 90' lang='lat' dir='ltr'><strong>sed</strong></span> <span class='ocrx_word' id='word_1_511' title='bbox 851 3599 976 3654; x_wconf 89' lang='lat' dir='ltr'><strong>dum</strong></span> <span class='ocrx_word' id='word_1_512' title='bbox 1001 3600 1232 3654; x_wconf 85' lang='lat' dir='ltr'><strong>virtutes</strong></span> <span class='ocrx_word' id='word_1_513' title='bbox 1254 3598 1591 3670; x_wconf 88' lang='lat' dir='ltr'><strong>justitiarum</strong></span> <span class='ocrx_word' id='word_1_514' title='bbox 1618 3616 1837 3656; x_wconf 88' lang='lat' dir='ltr'><strong>suarum</strong></span> <span class='ocrx_word' id='word_1_515' title='bbox 1871 3613 2028 3657; x_wconf 84' lang='lat' dir='ltr'><strong>notas</strong></span> 
     </span>
    </p>
   </div>
   <div class='ocr_carea' id='block_1_67' title="bbox 426 3692 2026 3766">
    <p class='ocr_par' dir='ltr' id='par_1_67' title="bbox 426 3692 2026 3766">
     <span class='ocr_line' id='line_1_67' title="bbox 426 3692 2026 3766; baseline -0.002 -13"><span class='ocrx_word' id='word_1_516' title='bbox 426 3697 580 3763; x_wconf 86' lang='lat' dir='ltr'><strong>fecit,</strong></span> <span class='ocrx_word' id='word_1_517' title='bbox 607 3695 813 3766; x_wconf 91' lang='lat' dir='ltr'><strong>justum</strong></span> <span class='ocrx_word' id='word_1_518' title='bbox 843 3692 1205 3763; x_wconf 89' lang='lat' dir='ltr'><strong>proculdubio</strong></span> <span class='ocrx_word' id='word_1_519' title='bbox 1232 3709 1292 3748; x_wconf 88' lang='lat' dir='ltr'><strong>se</strong></span> <span class='ocrx_word' id='word_1_520' title='bbox 1321 3708 1444 3749; x_wconf 90' lang='lat' dir='ltr'><strong>esse</strong></span> <span class='ocrx_word' id='word_1_521' title='bbox 1488 3697 1836 3760; x_wconf 86' lang='lat' dir='ltr'><strong>monstravit,</strong></span> <span class='ocrx_word' id='word_1_522' title='bbox 1863 3709 2026 3762; x_wconf 87' lang='lat' dir='ltr'><strong>quem</strong></span> 
     </span>
    </p>
   </div>
   <div class='ocr_carea' id='block_1_68' title="bbox 425 3785 2025 3857">
    <p class='ocr_par' dir='ltr' id='par_1_68' title="bbox 425 3785 2025 3857">
     <span class='ocr_line' id='line_1_68' title="bbox 425 3785 2025 3857; baseline -0.003 -9"><span class='ocrx_word' id='word_1_523' title='bbox 425 3801 483 3848; x_wconf 89' lang='lat' dir='ltr'><strong>et</strong></span> <span class='ocrx_word' id='word_1_524' title='bbox 513 3789 777 3846; x_wconf 90' lang='lat' dir='ltr'><strong>Dominus</strong></span> <span class='ocrx_word' id='word_1_525' title='bbox 805 3788 1010 3857; x_wconf 90' lang='lat' dir='ltr'><strong>justum</strong></span> <span class='ocrx_word' id='word_1_526' title='bbox 1045 3785 1162 3856; x_wconf 89' lang='lat' dir='ltr'><strong>jam</strong></span> <span class='ocrx_word' id='word_1_527' title='bbox 1193 3786 1426 3843; x_wconf 81' lang='lat' dir='ltr'><strong>dixerat.</strong></span> <span class='ocrx_word' id='word_1_528' title='bbox 1477 3788 1630 3857; x_wconf 77' lang='lat' dir='ltr'><strong>Quod</strong></span> <span class='ocrx_word' id='word_1_529' title='bbox 1664 3787 1751 3846; x_wconf 90' lang='lat' dir='ltr'><strong>hic</strong></span> <span class='ocrx_word' id='word_1_530' title='bbox 1779 3788 1978 3844; x_wconf 86' lang='lat' dir='ltr'><strong>dicitur</strong></span> <span class='ocrx_word' id='word_1_531' title='bbox 2009 3806 2025 3844; x_wconf 91' lang='lat'><strong>:</strong></span> 
     </span>
    </p>
   </div>
   <div class='ocr_carea' id='block_1_69' title="bbox 497 3881 2028 3957">
    <p class='ocr_par' dir='ltr' id='par_1_69' title="bbox 497 3881 2028 3957">
     <span class='ocr_line' id='line_1_69' title="bbox 497 3881 2028 3957; baseline -0.001 -17"><span class='ocrx_word' id='word_1_532' title='bbox 497 3882 572 3940; x_wconf 84' lang='lat' dir='ltr'><strong>Et</strong></span> <span class='ocrx_word' id='word_1_533' title='bbox 612 3881 754 3937; x_wconf 88' lang='lat' dir='ltr'><strong>Deus</strong></span> <span class='ocrx_word' id='word_1_534' title='bbox 798 3881 1040 3934; x_wconf 80' lang='lat' dir='ltr'><strong>subvertit</strong></span> <span class='ocrx_word' id='word_1_535' title='bbox 1079 3881 1346 3954; x_wconf 85' lang='lat' dir='ltr'><strong>judicium</strong></span> <span class='ocrx_word' id='word_1_536' title='bbox 1385 3897 1575 3937; x_wconf 88' lang='lat' dir='ltr'><strong>meum.</strong></span> <span class='ocrx_word' id='word_1_537' title='bbox 1625 3881 1694 3937; x_wconf 86' lang='lat' dir='ltr'><strong>In</strong></span> <span class='ocrx_word' id='word_1_538' title='bbox 1732 3884 2028 3957; x_wconf 84' lang='lat' dir='ltr'><strong>judicando</strong></span> 
     </span>
    </p>
   </div>
   <div class='ocr_carea' id='block_1_70' title="bbox 425 3975 2028 4048">
    <p class='ocr_par' dir='ltr' id='par_1_70' title="bbox 425 3975 2028 4048">
     <span class='ocr_line' id='line_1_70' title="bbox 425 3975 2028 4048; baseline -0.001 -13"><span class='ocrx_word' id='word_1_539' title='bbox 425 3980 564 4036; x_wconf 90' lang='lat' dir='ltr'><strong>enim</strong></span> <span class='ocrx_word' id='word_1_540' title='bbox 593 3995 693 4046; x_wconf 92' lang='lat' dir='ltr'><strong>me,</strong></span> <span class='ocrx_word' id='word_1_541' title='bbox 720 3975 1050 4032; x_wconf 89' lang='lat' dir='ltr'><strong>mendacium</strong></span> <span class='ocrx_word' id='word_1_542' title='bbox 1080 3984 1177 4043; x_wconf 85' lang='lat' dir='ltr'><strong>est,</strong></span> <span class='ocrx_word' id='word_1_543' title='bbox 1206 3985 1253 4030; x_wconf 88' lang='lat' dir='ltr'><strong>et</strong></span> <span class='ocrx_word' id='word_1_544' title='bbox 1285 3978 1507 4031; x_wconf 87' lang='lat' dir='ltr'><strong>violenta</strong></span> <span class='ocrx_word' id='word_1_545' title='bbox 1547 3978 1739 4048; x_wconf 87' lang='lat' dir='ltr'><strong>sagitta</strong></span> <span class='ocrx_word' id='word_1_546' title='bbox 1764 3994 1878 4032; x_wconf 90' lang='lat' dir='ltr'><strong>mea</strong></span> <span class='ocrx_word' id='word_1_547' title='bbox 1907 3976 2028 4033; x_wconf 88' lang='lat' dir='ltr'><strong>abs-</strong></span> 
     </span>
    </p>
   </div>
   <div class='ocr_carea' id='block_1_71' title="bbox 425 4068 2023 4146">
    <p class='ocr_par' dir='ltr' id='par_1_71' title="bbox 425 4068 2023 4146">
     <span class='ocr_line' id='line_1_71' title="bbox 425 4068 2023 4146; baseline -0.003 -17"><span class='ocrx_word' id='word_1_548' title='bbox 425 4089 524 4146; x_wconf 91' lang='lat' dir='ltr'><strong>que</strong></span> <span class='ocrx_word' id='word_1_549' title='bbox 543 4072 652 4127; x_wconf 93' lang='lat' dir='ltr'><strong>ullo</strong></span> <span class='ocrx_word' id='word_1_550' title='bbox 676 4080 906 4142; x_wconf 83' lang='lat' dir='ltr'><strong>peccato.</strong></span> <span class='ocrx_word' id='word_1_551' title='bbox 933 4068 1201 4125; x_wconf 87' lang='lat' dir='ltr'><strong>Similiter</strong></span> <span class='ocrx_word' id='word_1_552' title='bbox 1223 4078 1279 4126; x_wconf 89' lang='lat' dir='ltr'><strong>et</strong></span> <span class='ocrx_word' id='word_1_553' title='bbox 1302 4070 1404 4125; x_wconf 89' lang='lat' dir='ltr'><strong>hoc</strong></span> <span class='ocrx_word' id='word_1_554' title='bbox 1427 4070 1603 4141; x_wconf 80' lang='lat' dir='ltr'><strong>ipsum</strong></span> <span class='ocrx_word' id='word_1_555' title='bbox 1631 4085 1737 4126; x_wconf 92' lang='lat' dir='ltr'><strong>non</strong></span> <span class='ocrx_word' id='word_1_556' title='bbox 1765 4069 2023 4140; x_wconf 77' lang='lat' dir='ltr'><strong>legimus,</strong></span> 
     </span>
    </p>
   </div>
   <div class='ocr_carea' id='block_1_72' title="bbox 424 4161 2027 4236">
    <p class='ocr_par' dir='ltr' id='par_1_72' title="bbox 424 4161 2027 4236">
     <span class='ocr_line' id='line_1_72' title="bbox 424 4161 2027 4236; baseline -0.003 -13"><span class='ocrx_word' id='word_1_557' title='bbox 424 4165 524 4223; x_wconf 87' lang='lat' dir='ltr'><strong>sed</strong></span> <span class='ocrx_word' id='word_1_558' title='bbox 555 4164 815 4234; x_wconf 87' lang='lat' dir='ltr'><strong>scriptum</strong></span> <span class='ocrx_word' id='word_1_559' title='bbox 845 4171 1095 4218; x_wconf 88' lang='lat' dir='ltr'><strong>tenemus</strong></span> <span class='ocrx_word' id='word_1_560' title='bbox 1125 4180 1138 4216; x_wconf 92' lang='lat'><strong>:</strong></span> <span class='ocrx_word' id='word_1_561' title='bbox 1175 4161 1313 4218; x_wconf 90' lang='lat' dir='ltr'><strong>Vivit</strong></span> <span class='ocrx_word' id='word_1_562' title='bbox 1347 4162 1504 4227; x_wconf 85' lang='lat' dir='ltr'><strong>Deus,</strong></span> <span class='ocrx_word' id='word_1_563' title='bbox 1534 4163 1620 4233; x_wconf 87' lang='lat' dir='ltr'><strong>qui</strong></span> <span class='ocrx_word' id='word_1_564' title='bbox 1646 4164 1853 4218; x_wconf 85' lang='lat' dir='ltr'><strong>abstulit</strong></span> <span class='ocrx_word' id='word_1_565' title='bbox 1873 4165 2027 4236; x_wconf 62' lang='lat' dir='ltr'><strong>judi.</strong></span> 
     </span>
    </p>
   </div>
   <div class='ocr_carea' id='block_1_73' title="bbox 426 4254 2028 4327">
    <p class='ocr_par' dir='ltr' id='par_1_73' title="bbox 426 4254 2028 4327">
     <span class='ocr_line' id='line_1_73' title="bbox 426 4254 2028 4327; baseline -0.001 -14"><span class='ocrx_word' id='word_1_566' title='bbox 426 4258 565 4313; x_wconf 73' lang='lat' dir='ltr'><strong>cium</strong></span> <span class='ocrx_word' id='word_1_567' title='bbox 592 4271 782 4310; x_wconf 90' lang='lat' dir='ltr'><strong>meum.</strong></span> <span class='ocrx_word' id='word_1_568' title='bbox 811 4256 1145 4313; x_wconf 89' lang='lat' dir='ltr'><strong>Subvertere</strong></span> <span class='ocrx_word' id='word_1_569' title='bbox 1172 4265 1355 4310; x_wconf 90' lang='lat' dir='ltr'><strong>autem</strong></span> <span class='ocrx_word' id='word_1_570' title='bbox 1396 4254 1688 4325; x_wconf 84' lang='lat' dir='ltr'><strong>judicium,</strong></span> <span class='ocrx_word' id='word_1_571' title='bbox 1717 4257 1783 4310; x_wconf 93' lang='lat' dir='ltr'><strong>ad</strong></span> <span class='ocrx_word' id='word_1_572' title='bbox 1831 4256 2028 4327; x_wconf 87' lang='lat' dir='ltr'><strong>iniqui-</strong></span> 
     </span>
    </p>
   </div>
   <div class='ocr_carea' id='block_1_74' title="bbox 429 4350 2026 4422">
    <p class='ocr_par' dir='ltr' id='par_1_74' title="bbox 429 4350 2026 4422">
     <span class='ocr_line' id='line_1_74' title="bbox 429 4350 2026 4422; baseline -0.002 -13"><span class='ocrx_word' id='word_1_573' title='bbox 429 4361 596 4409; x_wconf 84' lang='lat' dir='ltr'><strong>tatem</strong></span> <span class='ocrx_word' id='word_1_574' title='bbox 627 4350 850 4422; x_wconf 81' lang='lat' dir='ltr'><strong>reSpicit</strong></span> <span class='ocrx_word' id='word_1_575' title='bbox 873 4351 1175 4421; x_wconf 90' lang='lat' dir='ltr'><strong>judicantis</strong></span> <span class='ocrx_word' id='word_1_576' title='bbox 1203 4368 1217 4404; x_wconf 92' lang='lat'><strong>:</strong></span> <span class='ocrx_word' id='word_1_577' title='bbox 1247 4351 1544 4406; x_wconf 80' lang='lat' dir='ltr'><strong>abstulisse</strong></span> <span class='ocrx_word' id='word_1_578' title='bbox 1571 4366 1702 4407; x_wconf 89' lang='lat' dir='ltr'><strong>vero</strong></span> <span class='ocrx_word' id='word_1_579' title='bbox 1723 4350 2026 4421; x_wconf 86' lang='lat' dir='ltr'><strong>judicium,</strong></span> 
     </span>
    </p>
   </div>
   <div class='ocr_carea' id='block_1_75' title="bbox 427 4443 2026 4516">
    <p class='ocr_par' dir='ltr' id='par_1_75' title="bbox 427 4443 2026 4516">
     <span class='ocr_line' id='line_1_75' title="bbox 427 4443 2026 4516; baseline -0.001 -14"><span class='ocrx_word' id='word_1_580' title='bbox 427 4445 486 4503; x_wconf 88' lang='lat' dir='ltr'><strong>id</strong></span> <span class='ocrx_word' id='word_1_581' title='bbox 531 4453 617 4502; x_wconf 90' lang='lat' dir='ltr'><strong>est</strong></span> <span class='ocrx_word' id='word_1_582' title='bbox 639 4485 654 4511; x_wconf 91' lang='lat'><strong>,</strong></span> <span class='ocrx_word' id='word_1_583' title='bbox 686 4459 790 4515; x_wconf 91' lang='lat' dir='ltr'><strong>pro</strong></span> <span class='ocrx_word' id='word_1_584' title='bbox 821 4453 1068 4514; x_wconf 90' lang='lat' dir='ltr'><strong>tempore</strong></span> <span class='ocrx_word' id='word_1_585' title='bbox 1095 4443 1372 4499; x_wconf 88' lang='lat' dir='ltr'><strong>distulisse</strong></span> <span class='ocrx_word' id='word_1_586' title='bbox 1397 4485 1413 4508; x_wconf 91' lang='lat'><strong>,</strong></span> <span class='ocrx_word' id='word_1_587' title='bbox 1461 4444 1526 4498; x_wconf 89' lang='lat' dir='ltr'><strong>ad</strong></span> <span class='ocrx_word' id='word_1_588' title='bbox 1559 4445 2026 4516; x_wconf 78' lang='lat' dir='ltr'><strong>dispensationem</strong></span> 
     </span>
    </p>
   </div>
   <div class='ocr_carea' id='block_1_76' title="bbox 2135 3223 3741 3302">
    <p class='ocr_par' dir='ltr' id='par_1_76' title="bbox 2135 3223 3741 3302">
     <span class='ocr_line' id='line_1_76' title="bbox 2135 3223 3741 3302; baseline -0.005 -16"><span class='ocrx_word' id='word_1_589' title='bbox 2135 3231 2308 3302; x_wconf 85' lang='lat' dir='ltr'><strong>ipsam</strong></span> <span class='ocrx_word' id='word_1_590' title='bbox 2339 3236 2664 3300; x_wconf 67' lang='lat' dir='ltr'><strong>praesentem</strong></span> <span class='ocrx_word' id='word_1_591' title='bbox 2695 3225 2885 3294; x_wconf 90' lang='lat' dir='ltr'><strong>vitam,</strong></span> <span class='ocrx_word' id='word_1_592' title='bbox 2910 3240 3030 3295; x_wconf 79' lang='lat' dir='ltr'><strong>qua:</strong></span> <span class='ocrx_word' id='word_1_593' title='bbox 3052 3224 3376 3296; x_wconf 88' lang='lat' dir='ltr'><strong>corporibus</strong></span> <span class='ocrx_word' id='word_1_594' title='bbox 3407 3223 3616 3279; x_wconf 80' lang='lat' dir='ltr'><strong>noSIris</strong></span> <span class='ocrx_word' id='word_1_595' title='bbox 3645 3238 3741 3293; x_wconf 90' lang='lat' dir='ltr'><strong>per</strong></span> 
     </span>
    </p>
   </div>
   <div class='ocr_carea' id='block_1_77' title="bbox 2134 3317 3740 3390">
    <p class='ocr_par' dir='ltr' id='par_1_77' title="bbox 2134 3317 3740 3390">
     <span class='ocr_line' id='line_1_77' title="bbox 2134 3317 3740 3390; baseline -0.004 -10"><span class='ocrx_word' id='word_1_596' title='bbox 2134 3325 2432 3380; x_wconf 89' lang='lat' dir='ltr'><strong>anhelitum</strong></span> <span class='ocrx_word' id='word_1_597' title='bbox 2455 3339 2520 3378; x_wconf 80' lang='lat' dir='ltr'><strong>ex</strong></span> <span class='ocrx_word' id='word_1_598' title='bbox 2555 3321 2659 3378; x_wconf 90' lang='lat' dir='ltr'><strong>hoc</strong></span> <span class='ocrx_word' id='word_1_599' title='bbox 2688 3335 2818 3377; x_wconf 87' lang='lat' dir='ltr'><strong>aere</strong></span> <span class='ocrx_word' id='word_1_600' title='bbox 2851 3320 3215 3377; x_wconf 87' lang='lat' dir='ltr'><strong>ministratur.</strong></span> <span class='ocrx_word' id='word_1_601' title='bbox 3250 3319 3378 3375; x_wconf 78' lang='lat' dir='ltr'><strong>Ile</strong></span> <span class='ocrx_word' id='word_1_602' title='bbox 3414 3334 3550 3390; x_wconf 87' lang='lat' dir='ltr'><strong>ergo</strong></span> <span class='ocrx_word' id='word_1_603' title='bbox 3581 3317 3740 3375; x_wconf 87' lang='lat' dir='ltr'><strong>lleliu</strong></span> 
     </span>
    </p>
   </div>
   <div class='ocr_carea' id='block_1_78' title="bbox 2135 3413 3741 3486">
    <p class='ocr_par' dir='ltr' id='par_1_78' title="bbox 2135 3413 3741 3486">
     <span class='ocr_line' id='line_1_78' title="bbox 2135 3413 3741 3486; baseline -0.003 -11"><span class='ocrx_word' id='word_1_604' title='bbox 2135 3420 2268 3475; x_wconf 88' lang='lat' dir='ltr'><strong>dicit</strong></span> <span class='ocrx_word' id='word_1_605' title='bbox 2295 3417 2363 3474; x_wconf 89' lang='lat' dir='ltr'><strong>ad</strong></span> <span class='ocrx_word' id='word_1_606' title='bbox 2405 3433 2466 3473; x_wconf 91' lang='lat' dir='ltr'><strong>se</strong></span> <span class='ocrx_word' id='word_1_607' title='bbox 2497 3417 2716 3472; x_wconf 86' lang='lat' dir='ltr'><strong>trahere</strong></span> <span class='ocrx_word' id='word_1_608' title='bbox 2759 3415 2928 3472; x_wconf 92' lang='lat' dir='ltr'><strong>Deum</strong></span> <span class='ocrx_word' id='word_1_609' title='bbox 2955 3461 2970 3486; x_wconf 93' lang='lat'><strong>,</strong></span> <span class='ocrx_word' id='word_1_610' title='bbox 3022 3431 3149 3472; x_wconf 87' lang='lat' dir='ltr'><strong>cum</strong></span> <span class='ocrx_word' id='word_1_611' title='bbox 3193 3414 3375 3470; x_wconf 88' lang='lat' dir='ltr'><strong>aufert</strong></span> <span class='ocrx_word' id='word_1_612' title='bbox 3414 3413 3741 3470; x_wconf 80' lang='lat' dir='ltr'><strong>hominibus</strong></span> 
     </span>
    </p>
   </div>
   <div class='ocr_carea' id='block_1_79' title="bbox 2133 3508 3740 3584">
    <p class='ocr_par' dir='ltr' id='par_1_79' title="bbox 2133 3508 3740 3584">
     <span class='ocr_line' id='line_1_79' title="bbox 2133 3508 3740 3584; baseline -0.005 -15"><span class='ocrx_word' id='word_1_613' title='bbox 2133 3515 2324 3578; x_wconf 89' lang='lat' dir='ltr'><strong>vitam,</strong></span> <span class='ocrx_word' id='word_1_614' title='bbox 2349 3527 2510 3584; x_wconf 90' lang='lat' dir='ltr'><strong>quam</strong></span> <span class='ocrx_word' id='word_1_615' title='bbox 2536 3511 2624 3566; x_wconf 91' lang='lat' dir='ltr'><strong>eis</strong></span> <span class='ocrx_word' id='word_1_616' title='bbox 2651 3508 2890 3566; x_wconf 90' lang='lat' dir='ltr'><strong>creando</strong></span> <span class='ocrx_word' id='word_1_617' title='bbox 2920 3508 3211 3565; x_wconf 88' lang='lat' dir='ltr'><strong>tribuerat.</strong></span> <span class='ocrx_word' id='word_1_618' title='bbox 3240 3508 3481 3564; x_wconf 87' lang='lat' dir='ltr'><strong>Possunt</strong></span> <span class='ocrx_word' id='word_1_619' title='bbox 3507 3523 3609 3578; x_wconf 86' lang='lat' dir='ltr'><strong>per</strong></span> <span class='ocrx_word' id='word_1_620' title='bbox 3628 3509 3740 3578; x_wconf 80' lang='lat' dir='ltr'><strong>spi-</strong></span> 
     </span>
    </p>
   </div>
   <div class='ocr_carea' id='block_1_80' title="bbox 2134 3601 3740 3677">
    <p class='ocr_par' dir='ltr' id='par_1_80' title="bbox 2134 3601 3740 3677">
     <span class='ocr_line' id='line_1_80' title="bbox 2134 3601 3740 3677; baseline -0.004 -13"><span class='ocrx_word' id='word_1_621' title='bbox 2134 3609 2298 3664; x_wconf 88' lang='lat' dir='ltr'><strong>ritum</strong></span> <span class='ocrx_word' id='word_1_622' title='bbox 2351 3605 2654 3677; x_wconf 62' lang='lat' dir='ltr'><strong>prophetia?</strong></span> <span class='ocrx_word' id='word_1_623' title='bbox 2703 3605 2822 3660; x_wconf 66' lang='lat' dir='ltr'><strong>haec</strong></span> <span class='ocrx_word' id='word_1_624' title='bbox 2866 3603 2984 3659; x_wconf 89' lang='lat' dir='ltr'><strong>loca</strong></span> <span class='ocrx_word' id='word_1_625' title='bbox 3031 3602 3104 3658; x_wconf 90' lang='lat' dir='ltr'><strong>ita</strong></span> <span class='ocrx_word' id='word_1_626' title='bbox 3153 3602 3324 3659; x_wconf 89' lang='lat' dir='ltr'><strong>videri</strong></span> <span class='ocrx_word' id='word_1_627' title='bbox 3357 3601 3632 3674; x_wconf 85' lang='lat' dir='ltr'><strong>ﬁgurata,</strong></span> <span class='ocrx_word' id='word_1_628' title='bbox 3681 3610 3740 3658; x_wconf 88' lang='lat' dir='ltr'><strong>ut</strong></span> 
     </span>
    </p>
   </div>
   <div class='ocr_carea' id='block_1_81' title="bbox 2135 3695 3738 3768">
    <p class='ocr_par' dir='ltr' id='par_1_81' title="bbox 2135 3695 3738 3768">
     <span class='ocr_line' id='line_1_81' title="bbox 2135 3695 3738 3768; baseline -0.004 -10"><span class='ocrx_word' id='word_1_629' title='bbox 2135 3716 2281 3758; x_wconf 89' lang='lat' dir='ltr'><strong>nunc</strong></span> <span class='ocrx_word' id='word_1_630' title='bbox 2309 3701 2362 3756; x_wconf 92' lang='lat' dir='ltr'><strong>in</strong></span> <span class='ocrx_word' id='word_1_631' title='bbox 2392 3699 2616 3756; x_wconf 83' lang='lat' dir='ltr'><strong>Christo</strong></span> <span class='ocrx_word' id='word_1_632' title='bbox 2643 3697 3044 3768; x_wconf 89' lang='lat' dir='ltr'><strong>compleantur,</strong></span> <span class='ocrx_word' id='word_1_633' title='bbox 3071 3695 3292 3767; x_wconf 89' lang='lat' dir='ltr'><strong>quando</strong></span> <span class='ocrx_word' id='word_1_634' title='bbox 3318 3695 3738 3766; x_wconf 84' lang='lat' dir='ltr'><strong>dispensatione</strong></span> 
     </span>
    </p>
   </div>
   <div class='ocr_carea' id='block_1_82' title="bbox 2135 3788 3739 3866">
    <p class='ocr_par' dir='ltr' id='par_1_82' title="bbox 2135 3788 3739 3866">
     <span class='ocr_line' id='line_1_82' title="bbox 2135 3788 3739 3866; baseline -0.004 -14"><span class='ocrx_word' id='word_1_635' title='bbox 2135 3796 2315 3852; x_wconf 90' lang='lat' dir='ltr'><strong>carnis</strong></span> <span class='ocrx_word' id='word_1_636' title='bbox 2341 3804 2660 3866; x_wconf 64' lang='lat' dir='ltr'><strong>assumpta,</strong></span> <span class='ocrx_word' id='word_1_637' title='bbox 2693 3793 2855 3848; x_wconf 89' lang='lat' dir='ltr'><strong>Pater</strong></span> <span class='ocrx_word' id='word_1_638' title='bbox 2881 3788 3136 3847; x_wconf 88' lang='lat' dir='ltr'><strong>eumdem</strong></span> <span class='ocrx_word' id='word_1_639' title='bbox 3175 3788 3380 3844; x_wconf 85' lang='lat' dir='ltr'><strong>Filium</strong></span> <span class='ocrx_word' id='word_1_640' title='bbox 3412 3803 3608 3856; x_wconf 86' lang='lat' dir='ltr'><strong>suum,</strong></span> <span class='ocrx_word' id='word_1_641' title='bbox 3643 3802 3739 3858; x_wconf 83' lang='lat' dir='ltr'><strong>per</strong></span> 
     </span>
    </p>
   </div>
   <div class='ocr_carea' id='block_1_83' title="bbox 2133 3882 3741 3961">
    <p class='ocr_par' dir='ltr' id='par_1_83' title="bbox 2133 3882 3741 3961">
     <span class='ocr_line' id='line_1_83' title="bbox 2133 3882 3741 3961; baseline -0.005 -17"><span class='ocrx_word' id='word_1_642' title='bbox 2133 3904 2296 3961; x_wconf 89' lang='lat' dir='ltr'><strong>quem</strong></span> <span class='ocrx_word' id='word_1_643' title='bbox 2327 3888 2508 3944; x_wconf 88' lang='lat' dir='ltr'><strong>omnia</strong></span> <span class='ocrx_word' id='word_1_644' title='bbox 2540 3885 2668 3940; x_wconf 88' lang='lat' dir='ltr'><strong>fecit</strong></span> <span class='ocrx_word' id='word_1_645' title='bbox 2689 3925 2706 3954; x_wconf 93' lang='lat'><strong>,</strong></span> <span class='ocrx_word' id='word_1_646' title='bbox 2737 3885 2805 3939; x_wconf 91' lang='lat' dir='ltr'><strong>ad</strong></span> <span class='ocrx_word' id='word_1_647' title='bbox 2838 3884 2982 3939; x_wconf 86' lang='lat' dir='ltr'><strong>hunc</strong></span> <span class='ocrx_word' id='word_1_648' title='bbox 3029 3882 3290 3938; x_wconf 88' lang='lat' dir='ltr'><strong>mundum</strong></span> <span class='ocrx_word' id='word_1_649' title='bbox 3334 3896 3402 3938; x_wconf 81' lang='lat' dir='ltr'><strong>ex</strong></span> <span class='ocrx_word' id='word_1_650' title='bbox 3433 3896 3537 3938; x_wconf 89' lang='lat' dir='ltr'><strong>suo</strong></span> <span class='ocrx_word' id='word_1_651' title='bbox 3579 3896 3741 3938; x_wconf 77' lang='lat' dir='ltr'><strong>eruc-</strong></span> 
     </span>
    </p>
   </div>
   <div class='ocr_carea' id='block_1_84' title="bbox 2135 3973 3737 4048">
    <p class='ocr_par' dir='ltr' id='par_1_84' title="bbox 2135 3973 3737 4048">
     <span class='ocr_line' id='line_1_84' title="bbox 2135 3973 3737 4048; baseline -0.004 -11"><span class='ocrx_word' id='word_1_652' title='bbox 2135 3993 2312 4039; x_wconf 89' lang='lat' dir='ltr'><strong>tatum</strong></span> <span class='ocrx_word' id='word_1_653' title='bbox 2351 3981 2518 4038; x_wconf 92' lang='lat' dir='ltr'><strong>corde</strong></span> <span class='ocrx_word' id='word_1_654' title='bbox 2558 3976 2792 4048; x_wconf 76' lang='lat' dir='ltr'><strong>direxit,</strong></span> <span class='ocrx_word' id='word_1_655' title='bbox 2838 3986 2897 4033; x_wconf 89' lang='lat' dir='ltr'><strong>ut</strong></span> <span class='ocrx_word' id='word_1_656' title='bbox 2923 3976 3178 4046; x_wconf 87' lang='lat' dir='ltr'><strong>spiritum</strong></span> <span class='ocrx_word' id='word_1_657' title='bbox 3211 3974 3332 4047; x_wconf 85' lang='lat' dir='ltr'><strong>ejus</strong></span> <span class='ocrx_word' id='word_1_658' title='bbox 3359 3986 3415 4031; x_wconf 86' lang='lat' dir='ltr'><strong>et</strong></span> <span class='ocrx_word' id='word_1_659' title='bbox 3443 3974 3638 4031; x_wconf 83' lang='lat' dir='ltr'><strong>flatum</strong></span> <span class='ocrx_word' id='word_1_660' title='bbox 3668 3973 3737 4031; x_wconf 86' lang='lat' dir='ltr'><strong>ad</strong></span> 
     </span>
    </p>
   </div>
   <div class='ocr_carea' id='block_1_85' title="bbox 2135 4067 3740 4140">
    <p class='ocr_par' dir='ltr' id='par_1_85' title="bbox 2135 4067 3740 4140">
     <span class='ocr_line' id='line_1_85' title="bbox 2135 4067 3740 4140; baseline -0.007 -6"><span class='ocrx_word' id='word_1_661' title='bbox 2135 4093 2196 4134; x_wconf 89' lang='lat' dir='ltr'><strong>se</strong></span> <span class='ocrx_word' id='word_1_662' title='bbox 2221 4075 2482 4139; x_wconf 88' lang='lat' dir='ltr'><strong>traheret,</strong></span> <span class='ocrx_word' id='word_1_663' title='bbox 2515 4071 2567 4128; x_wconf 93' lang='lat' dir='ltr'><strong>id</strong></span> <span class='ocrx_word' id='word_1_664' title='bbox 2599 4080 2705 4138; x_wconf 90' lang='lat' dir='ltr'><strong>est,</strong></span> <span class='ocrx_word' id='word_1_665' title='bbox 2737 4081 2797 4125; x_wconf 90' lang='lat' dir='ltr'><strong>ut</strong></span> <span class='ocrx_word' id='word_1_666' title='bbox 2825 4067 3070 4125; x_wconf 83' lang='lat' dir='ltr'><strong>auferret</strong></span> <span class='ocrx_word' id='word_1_667' title='bbox 3093 4069 3162 4124; x_wconf 89' lang='lat' dir='ltr'><strong>ab</strong></span> <span class='ocrx_word' id='word_1_668' title='bbox 3195 4083 3295 4137; x_wconf 89' lang='lat' dir='ltr'><strong>eo,</strong></span> <span class='ocrx_word' id='word_1_669' title='bbox 3329 4083 3430 4140; x_wconf 87' lang='lat' dir='ltr'><strong>per</strong></span> <span class='ocrx_word' id='word_1_670' title='bbox 3458 4067 3740 4124; x_wconf 76' lang='lat' dir='ltr'><strong>humilita-</strong></span> 
     </span>
    </p>
   </div>
   <div class='ocr_carea' id='block_1_86' title="bbox 2138 4161 3738 4236">
    <p class='ocr_par' dir='ltr' id='par_1_86' title="bbox 2138 4161 3738 4236">
     <span class='ocr_line' id='line_1_86' title="bbox 2138 4161 3738 4236; baseline -0.004 -10"><span class='ocrx_word' id='word_1_671' title='bbox 2138 4179 2246 4226; x_wconf 90' lang='lat' dir='ltr'><strong>tem</strong></span> <span class='ocrx_word' id='word_1_672' title='bbox 2294 4168 2510 4234; x_wconf 91' lang='lat' dir='ltr'><strong>crucis,</strong></span> <span class='ocrx_word' id='word_1_673' title='bbox 2561 4165 2856 4236; x_wconf 88' lang='lat' dir='ltr'><strong>spiritum,</strong></span> <span class='ocrx_word' id='word_1_674' title='bbox 2891 4162 2942 4218; x_wconf 90' lang='lat' dir='ltr'><strong>id</strong></span> <span class='ocrx_word' id='word_1_675' title='bbox 2974 4174 3100 4229; x_wconf 86' lang='lat' dir='ltr'><strong>est,</strong></span> <span class='ocrx_word' id='word_1_676' title='bbox 3145 4163 3458 4235; x_wconf 86' lang='lat' dir='ltr'><strong>superbiam</strong></span> <span class='ocrx_word' id='word_1_677' title='bbox 3507 4161 3738 4234; x_wconf 84' lang='lat' dir='ltr'><strong>spiritus</strong></span> 
     </span>
    </p>
   </div>
   <div class='ocr_carea' id='block_1_87' title="bbox 2136 4255 3737 4329">
    <p class='ocr_par' dir='ltr' id='par_1_87' title="bbox 2136 4255 3737 4329">
     <span class='ocr_line' id='line_1_87' title="bbox 2136 4255 3737 4329; baseline -0.005 -9"><span class='ocrx_word' id='word_1_678' title='bbox 2136 4262 2430 4320; x_wconf 88' lang='lat' dir='ltr'><strong>mundialis</strong></span> <span class='ocrx_word' id='word_1_679' title='bbox 2479 4277 2491 4315; x_wconf 91' lang='lat'><strong>:</strong></span> <span class='ocrx_word' id='word_1_680' title='bbox 2535 4257 2723 4313; x_wconf 83' lang='lat' dir='ltr'><strong>flatum</strong></span> <span class='ocrx_word' id='word_1_681' title='bbox 2763 4272 2980 4329; x_wconf 88' lang='lat' dir='ltr'><strong>quoque</strong></span> <span class='ocrx_word' id='word_1_682' title='bbox 3027 4257 3291 4312; x_wconf 89' lang='lat' dir='ltr'><strong>tumentis</strong></span> <span class='ocrx_word' id='word_1_683' title='bbox 3335 4255 3533 4328; x_wconf 89' lang='lat' dir='ltr'><strong>eloquii</strong></span> <span class='ocrx_word' id='word_1_684' title='bbox 3560 4299 3576 4324; x_wconf 91' lang='lat'><strong>,</strong></span> <span class='ocrx_word' id='word_1_685' title='bbox 3625 4271 3737 4328; x_wconf 90' lang='lat' dir='ltr'><strong>quo</strong></span> 
     </span>
    </p>
   </div>
   <div class='ocr_carea' id='block_1_88' title="bbox 2135 4352 3736 4426">
    <p class='ocr_par' dir='ltr' id='par_1_88' title="bbox 2135 4352 3736 4426">
     <span class='ocr_line' id='line_1_88' title="bbox 2135 4352 3736 4426; baseline -0.002 -12"><span class='ocrx_word' id='word_1_686' title='bbox 2135 4357 2401 4414; x_wconf 87' lang='lat' dir='ltr'><strong>anhelans</strong></span> <span class='ocrx_word' id='word_1_687' title='bbox 2423 4352 2761 4426; x_wconf 78' lang='lat' dir='ltr'><strong>gloriabatur</strong></span> <span class='ocrx_word' id='word_1_688' title='bbox 2783 4352 2838 4408; x_wconf 90' lang='lat' dir='ltr'><strong>in</strong></span> <span class='ocrx_word' id='word_1_689' title='bbox 2864 4352 3216 4408; x_wconf 89' lang='lat' dir='ltr'><strong>sermonibus</strong></span> <span class='ocrx_word' id='word_1_690' title='bbox 3237 4352 3370 4408; x_wconf 88' lang='lat' dir='ltr'><strong>suis.</strong></span> <span class='ocrx_word' id='word_1_691' title='bbox 3397 4352 3490 4410; x_wconf 90' lang='lat' dir='ltr'><strong>Sic</strong></span> <span class='ocrx_word' id='word_1_692' title='bbox 3513 4367 3736 4424; x_wconf 82' lang='lat' dir='ltr'><strong>quoque</strong></span> 
     </span>
    </p>
   </div>
   <div class='ocr_carea' id='block_1_89' title="bbox 2135 4444 3735 4518">
    <p class='ocr_par' dir='ltr' id='par_1_89' title="bbox 2135 4444 3735 4518">
     <span class='ocr_line' id='line_1_89' title="bbox 2135 4444 3735 4518; baseline -0.003 -11"><span class='ocrx_word' id='word_1_693' title='bbox 2135 4452 2299 4507; x_wconf 86' lang='lat' dir='ltr'><strong>homo</strong></span> <span class='ocrx_word' id='word_1_694' title='bbox 2331 4449 2384 4504; x_wconf 90' lang='lat' dir='ltr'><strong>in</strong></span> <span class='ocrx_word' id='word_1_695' title='bbox 2407 4463 2470 4504; x_wconf 90' lang='lat' dir='ltr'><strong>se</strong></span> <span class='ocrx_word' id='word_1_696' title='bbox 2499 4460 2753 4518; x_wconf 87' lang='lat' dir='ltr'><strong>represso</strong></span> <span class='ocrx_word' id='word_1_697' title='bbox 2786 4455 3000 4501; x_wconf 88' lang='lat' dir='ltr'><strong>tumore</strong></span> <span class='ocrx_word' id='word_1_698' title='bbox 3023 4444 3290 4502; x_wconf 84' lang='lat' dir='ltr'><strong>deficeret</strong></span> <span class='ocrx_word' id='word_1_699' title='bbox 3314 4462 3328 4498; x_wconf 88' lang='lat'><strong>:</strong></span> <span class='ocrx_word' id='word_1_700' title='bbox 3351 4460 3416 4502; x_wconf 91' lang='lat' dir='ltr'><strong>ac</strong></span> <span class='ocrx_word' id='word_1_701' title='bbox 3444 4457 3735 4503; x_wconf 85' lang='lat' dir='ltr'><strong>revertens</strong></span> 
     </span>
    </p>
   </div>
   <div class='ocr_carea' id='block_1_90' title="bbox 420 4522 3734 4614">
    <p class='ocr_par' dir='ltr' id='par_1_90' title="bbox 420 4522 3734 4614">
     <span class='ocr_line' id='line_1_90' title="bbox 420 4522 3734 4614; baseline 0 -19"><span class='ocrx_word' id='word_1_702' title='bbox 420 4538 555 4611; x_wconf 89' lang='lat' dir='ltr'><strong>justi</strong></span> <span class='ocrx_word' id='word_1_703' title='bbox 597 4537 796 4608; x_wconf 90' lang='lat' dir='ltr'><strong>judicis</strong></span> <span class='ocrx_word' id='word_1_704' title='bbox 842 4538 1096 4608; x_wconf 87' lang='lat' dir='ltr'><strong>pertinet.</strong></span> <span class='ocrx_word' id='word_1_705' title='bbox 1145 4537 1215 4592; x_wconf 86' lang='lat' dir='ltr'><strong>Et</strong></span> <span class='ocrx_word' id='word_1_706' title='bbox 1261 4541 1620 4613; x_wconf 70' lang='lat' dir='ltr'><strong>multiplicauit</strong></span> <span class='ocrx_word' id='word_1_707' title='bbox 1658 4539 1870 4593; x_wconf 82' lang='lat' dir='ltr'><strong>vulnera</strong></span> <span class='ocrx_word' id='word_1_708' title='bbox 1918 4522 2110 4594; x_wconf 70' lang='lat' dir='ltr'><strong>mean</strong></span> <span class='ocrx_word' id='word_1_709' title='bbox 2137 4545 2188 4601; x_wconf 89' lang='lat' dir='ltr'><strong>in</strong></span> <span class='ocrx_word' id='word_1_710' title='bbox 2222 4544 2488 4614; x_wconf 77' lang='lat' dir='ltr'><strong>seipsum,</strong></span> <span class='ocrx_word' id='word_1_711' title='bbox 2539 4547 2903 4611; x_wconf 79' lang='lat' dir='ltr'><strong>cognosceret</strong></span> <span class='ocrx_word' id='word_1_712' title='bbox 2948 4552 3007 4595; x_wconf 89' lang='lat' dir='ltr'><strong>se</strong></span> <span class='ocrx_word' id='word_1_713' title='bbox 3055 4545 3257 4594; x_wconf 89' lang='lat' dir='ltr'><strong>terram</strong></span> <span class='ocrx_word' id='word_1_714' title='bbox 3305 4553 3432 4595; x_wconf 90' lang='lat' dir='ltr'><strong>esse</strong></span> <span class='ocrx_word' id='word_1_715' title='bbox 3477 4547 3532 4594; x_wconf 87' lang='lat' dir='ltr'><strong>et</strong></span> <span class='ocrx_word' id='word_1_716' title='bbox 3579 4539 3734 4596; x_wconf 79' lang='lat' dir='ltr'><strong>cine-</strong></span> 
     </span>
    </p>
   </div>
   <div class='ocr_carea' id='block_1_91' title="bbox 427 4630 2018 4703">
    <p class='ocr_par' dir='ltr' id='par_1_91' title="bbox 427 4630 2018 4703">
     <span class='ocr_line' id='line_1_91' title="bbox 427 4630 2018 4703; baseline 0.003 -17"><span class='ocrx_word' id='word_1_717' title='bbox 427 4632 585 4686; x_wconf 88' lang='lat' dir='ltr'><strong>etiam</strong></span> <span class='ocrx_word' id='word_1_718' title='bbox 608 4630 719 4685; x_wconf 87' lang='lat' dir='ltr'><strong>sine</strong></span> <span class='ocrx_word' id='word_1_719' title='bbox 758 4647 938 4685; x_wconf 88' lang='lat' dir='ltr'><strong>causa.</strong></span> <span class='ocrx_word' id='word_1_720' title='bbox 969 4631 1205 4687; x_wconf 90' lang='lat' dir='ltr'><strong>Proinde</strong></span> <span class='ocrx_word' id='word_1_721' title='bbox 1237 4633 1341 4688; x_wconf 88' lang='lat' dir='ltr'><strong>hoc</strong></span> <span class='ocrx_word' id='word_1_722' title='bbox 1369 4632 1488 4688; x_wconf 91' lang='lat' dir='ltr'><strong>loco</strong></span> <span class='ocrx_word' id='word_1_723' title='bbox 1518 4643 1801 4689; x_wconf 88' lang='lat' dir='ltr'><strong>asserente</strong></span> <span class='ocrx_word' id='word_1_724' title='bbox 1834 4633 2018 4703; x_wconf 85' lang='lat' dir='ltr'><strong>lleliu,</strong></span> 
     </span>
    </p>
   </div>
   <div class='ocr_carea' id='block_1_92' title="bbox 425 4723 2021 4795">
    <p class='ocr_par' dir='ltr' id='par_1_92' title="bbox 425 4723 2021 4795">
     <span class='ocr_line' id='line_1_92' title="bbox 425 4723 2021 4795; baseline 0.001 -15"><span class='ocrx_word' id='word_1_725' title='bbox 425 4724 518 4780; x_wconf 83' lang='lat' dir='ltr'><strong>hic</strong></span> <span class='ocrx_word' id='word_1_726' title='bbox 547 4738 672 4780; x_wconf 87' lang='lat' dir='ltr'><strong>esse</strong></span> <span class='ocrx_word' id='word_1_727' title='bbox 703 4739 896 4780; x_wconf 88' lang='lat' dir='ltr'><strong>sensus</strong></span> <span class='ocrx_word' id='word_1_728' title='bbox 924 4723 1169 4791; x_wconf 86' lang='lat' dir='ltr'><strong>videtur,</strong></span> <span class='ocrx_word' id='word_1_729' title='bbox 1203 4725 1349 4795; x_wconf 90' lang='lat' dir='ltr'><strong>quod</strong></span> <span class='ocrx_word' id='word_1_730' title='bbox 1393 4740 1512 4780; x_wconf 88' lang='lat' dir='ltr'><strong>cum</strong></span> <span class='ocrx_word' id='word_1_731' title='bbox 1553 4724 1657 4780; x_wconf 82' lang='lat' dir='ltr'><strong>Job</strong></span> <span class='ocrx_word' id='word_1_732' title='bbox 1679 4723 1754 4780; x_wconf 88' lang='lat' dir='ltr'><strong>ita</strong></span> <span class='ocrx_word' id='word_1_733' title='bbox 1783 4726 1984 4781; x_wconf 74' lang='lat' dir='ltr'><strong>dixerit</strong></span> <span class='ocrx_word' id='word_1_734' title='bbox 2005 4765 2021 4790; x_wconf 88' lang='lat'><strong>,</strong></span> 
     </span>
    </p>
   </div>
   <div class='ocr_carea' id='block_1_93' title="bbox 425 4817 2022 4890">
    <p class='ocr_par' dir='ltr' id='par_1_93' title="bbox 425 4817 2022 4890">
     <span class='ocr_line' id='line_1_93' title="bbox 425 4817 2022 4890; baseline -0.001 -15"><span class='ocrx_word' id='word_1_735' title='bbox 425 4817 624 4876; x_wconf 80' lang='lat' dir='ltr'><strong>fefellit</strong></span> <span class='ocrx_word' id='word_1_736' title='bbox 651 4817 821 4872; x_wconf 89' lang='lat' dir='ltr'><strong>Deum</strong></span> <span class='ocrx_word' id='word_1_737' title='bbox 845 4817 1111 4888; x_wconf 91' lang='lat' dir='ltr'><strong>judicium</strong></span> <span class='ocrx_word' id='word_1_738' title='bbox 1141 4834 1345 4886; x_wconf 88' lang='lat' dir='ltr'><strong>meum,</strong></span> <span class='ocrx_word' id='word_1_739' title='bbox 1378 4834 1487 4874; x_wconf 89' lang='lat' dir='ltr'><strong>non</strong></span> <span class='ocrx_word' id='word_1_740' title='bbox 1517 4830 1665 4875; x_wconf 87' lang='lat' dir='ltr'><strong>recte</strong></span> <span class='ocrx_word' id='word_1_741' title='bbox 1696 4833 1752 4874; x_wconf 90' lang='lat' dir='ltr'><strong>et</strong></span> <span class='ocrx_word' id='word_1_742' title='bbox 1775 4836 1904 4876; x_wconf 80' lang='lat' dir='ltr'><strong>vere</strong></span> <span class='ocrx_word' id='word_1_743' title='bbox 1931 4819 2022 4890; x_wconf 85' lang='lat' dir='ltr'><strong>ju-</strong></span> 
     </span>
    </p>
   </div>
   <div class='ocr_carea' id='block_1_94' title="bbox 427 4912 2024 4987">
    <p class='ocr_par' dir='ltr' id='par_1_94' title="bbox 427 4912 2024 4987">
     <span class='ocr_line' id='line_1_94' title="bbox 427 4912 2024 4987; baseline -0.001 -16"><span class='ocrx_word' id='word_1_744' title='bbox 427 4913 633 4971; x_wconf 86' lang='lat' dir='ltr'><strong>dicavit</strong></span> <span class='ocrx_word' id='word_1_745' title='bbox 658 4955 674 4982; x_wconf 93' lang='lat'><strong>,</strong></span> <span class='ocrx_word' id='word_1_746' title='bbox 705 4923 758 4969; x_wconf 90' lang='lat' dir='ltr'><strong>et</strong></span> <span class='ocrx_word' id='word_1_747' title='bbox 787 4912 911 4970; x_wconf 91' lang='lat' dir='ltr'><strong>ideo</strong></span> <span class='ocrx_word' id='word_1_748' title='bbox 941 4929 1072 4986; x_wconf 88' lang='lat' dir='ltr'><strong>erga</strong></span> <span class='ocrx_word' id='word_1_749' title='bbox 1100 4929 1186 4970; x_wconf 92' lang='lat' dir='ltr'><strong>me</strong></span> <span class='ocrx_word' id='word_1_750' title='bbox 1215 4914 1499 4970; x_wconf 89' lang='lat' dir='ltr'><strong>mendacio</strong></span> <span class='ocrx_word' id='word_1_751' title='bbox 1525 4915 1721 4987; x_wconf 86' lang='lat' dir='ltr'><strong>agitur.</strong></span> <span class='ocrx_word' id='word_1_752' title='bbox 1770 4917 1902 4983; x_wconf 79' lang='lat' dir='ltr'><strong>Quae</strong></span> <span class='ocrx_word' id='word_1_753' title='bbox 1929 4931 2024 4970; x_wconf 88' lang='lat' dir='ltr'><strong>au-</strong></span> 
     </span>
    </p>
   </div>
   <div class='ocr_carea' id='block_1_95' title="bbox 425 5006 2024 5080">
    <p class='ocr_par' dir='ltr' id='par_1_95' title="bbox 425 5006 2024 5080">
     <span class='ocr_line' id='line_1_95' title="bbox 425 5006 2024 5080; baseline 0.001 -17"><span class='ocrx_word' id='word_1_754' title='bbox 425 5016 535 5063; x_wconf 89' lang='lat' dir='ltr'><strong>tem</strong></span> <span class='ocrx_word' id='word_1_755' title='bbox 561 5007 778 5063; x_wconf 89' lang='lat' dir='ltr'><strong>locutus</strong></span> <span class='ocrx_word' id='word_1_756' title='bbox 821 5013 908 5063; x_wconf 89' lang='lat' dir='ltr'><strong>est</strong></span> <span class='ocrx_word' id='word_1_757' title='bbox 935 5006 1059 5073; x_wconf 84' lang='lat' dir='ltr'><strong>Job,</strong></span> <span class='ocrx_word' id='word_1_758' title='bbox 1091 5007 1264 5079; x_wconf 88' lang='lat' dir='ltr'><strong>magis</strong></span> <span class='ocrx_word' id='word_1_759' title='bbox 1292 5008 1509 5063; x_wconf 90' lang='lat' dir='ltr'><strong>incaute</strong></span> <span class='ocrx_word' id='word_1_760' title='bbox 1534 5049 1548 5075; x_wconf 88' lang='lat'><strong>,</strong></span> <span class='ocrx_word' id='word_1_761' title='bbox 1578 5019 1635 5064; x_wconf 91' lang='lat' dir='ltr'><strong>et</strong></span> <span class='ocrx_word' id='word_1_762' title='bbox 1682 5024 2024 5080; x_wconf 72' lang='lat' dir='ltr'><strong>prmsumens</strong></span> 
     </span>
    </p>
   </div>
   <div class='ocr_carea' id='block_1_96' title="bbox 426 5103 2025 5176">
    <p class='ocr_par' dir='ltr' id='par_1_96' title="bbox 426 5103 2025 5176">
     <span class='ocr_line' id='line_1_96' title="bbox 426 5103 2025 5176; baseline 0.003 -18"><span class='ocrx_word' id='word_1_763' title='bbox 426 5103 496 5160; x_wconf 88' lang='lat' dir='ltr'><strong>de</strong></span> <span class='ocrx_word' id='word_1_764' title='bbox 523 5103 728 5176; x_wconf 83' lang='lat' dir='ltr'><strong>iustitia</strong></span> <span class='ocrx_word' id='word_1_765' title='bbox 755 5104 852 5160; x_wconf 86' lang='lat' dir='ltr'><strong>Dei</strong></span> <span class='ocrx_word' id='word_1_766' title='bbox 884 5103 1092 5161; x_wconf 82' lang='lat' dir='ltr'><strong>dixisse</strong></span> <span class='ocrx_word' id='word_1_767' title='bbox 1113 5103 1426 5162; x_wconf 87' lang='lat' dir='ltr'><strong>credendus</strong></span> <span class='ocrx_word' id='word_1_768' title='bbox 1452 5113 1557 5160; x_wconf 91' lang='lat' dir='ltr'><strong>est.</strong></span> <span class='ocrx_word' id='word_1_769' title='bbox 1609 5103 1842 5162; x_wconf 89' lang='lat' dir='ltr'><strong>Proinde</strong></span> <span class='ocrx_word' id='word_1_770' title='bbox 1877 5106 2025 5176; x_wconf 90' lang='lat' dir='ltr'><strong>juste</strong></span> 
     </span>
    </p>
   </div>
   <div class='ocr_carea' id='block_1_97' title="bbox 423 5198 2018 5272">
    <p class='ocr_par' dir='ltr' id='par_1_97' title="bbox 423 5198 2018 5272">
     <span class='ocr_line' id='line_1_97' title="bbox 423 5198 2018 5272; baseline 0.001 -18"><span class='ocrx_word' id='word_1_771' title='bbox 423 5198 477 5254; x_wconf 89' lang='lat' dir='ltr'><strong>ei</strong></span> <span class='ocrx_word' id='word_1_772' title='bbox 519 5207 576 5254; x_wconf 91' lang='lat' dir='ltr'><strong>et</strong></span> <span class='ocrx_word' id='word_1_773' title='bbox 613 5199 813 5256; x_wconf 89' lang='lat' dir='ltr'><strong>merito</strong></span> <span class='ocrx_word' id='word_1_774' title='bbox 858 5198 1006 5256; x_wconf 85' lang='lat' dir='ltr'><strong>Deus</strong></span> <span class='ocrx_word' id='word_1_775' title='bbox 1052 5200 1127 5255; x_wconf 85' lang='lat' dir='ltr'><strong>ait</strong></span> <span class='ocrx_word' id='word_1_776' title='bbox 1162 5217 1178 5255; x_wconf 89' lang='lat'><strong>:</strong></span> <span class='ocrx_word' id='word_1_777' title='bbox 1211 5199 1412 5272; x_wconf 88' lang='lat' dir='ltr'><strong>Utique</strong></span> <span class='ocrx_word' id='word_1_778' title='bbox 1463 5199 1554 5270; x_wconf 91' lang='lat' dir='ltr'><strong>qui</strong></span> <span class='ocrx_word' id='word_1_779' title='bbox 1587 5200 1768 5271; x_wconf 88' lang='lat' dir='ltr'><strong>arguit</strong></span> <span class='ocrx_word' id='word_1_780' title='bbox 1824 5201 2018 5272; x_wconf 85' lang='lat' dir='ltr'><strong>Deum,</strong></span> 
     </span>
    </p>
   </div>
   <div class='ocr_carea' id='block_1_98' title="bbox 336 5291 2025 5366">
    <p class='ocr_par' dir='ltr' id='par_1_98' title="bbox 336 5291 2025 5366">
     <span class='ocr_line' id='line_1_98' title="bbox 336 5291 2025 5366; baseline 0.002 -20"><span class='ocrx_word' id='word_1_781' title='bbox 336 5353 340 5355; x_wconf 7' lang='grc' dir='ltr'><em>ἓ</em></span> <span class='ocrx_word' id='word_1_782' title='bbox 419 5291 586 5349; x_wconf 89' lang='lat' dir='ltr'><strong>debet</strong></span> <span class='ocrx_word' id='word_1_783' title='bbox 615 5293 954 5365; x_wconf 87' lang='lat' dir='ltr'><strong>respondere</strong></span> <span class='ocrx_word' id='word_1_784' title='bbox 984 5295 1033 5350; x_wconf 90' lang='lat' dir='ltr'><strong>ei</strong></span> <span class='ocrx_word' id='word_1_785' title='bbox 1059 5313 1073 5350; x_wconf 92' lang='lat'><strong>:</strong></span> <span class='ocrx_word' id='word_1_786' title='bbox 1096 5293 1152 5350; x_wconf 90' lang='lat' dir='ltr'><strong>in</strong></span> <span class='ocrx_word' id='word_1_787' title='bbox 1171 5295 1368 5366; x_wconf 91' lang='lat' dir='ltr'><strong>quibus</strong></span> <span class='ocrx_word' id='word_1_788' title='bbox 1399 5295 1588 5366; x_wconf 91' lang='lat' dir='ltr'><strong>utique</strong></span> <span class='ocrx_word' id='word_1_789' title='bbox 1608 5295 1794 5351; x_wconf 87' lang='lat' dir='ltr'><strong>verbis</strong></span> <span class='ocrx_word' id='word_1_790' title='bbox 1819 5294 1912 5350; x_wconf 90' lang='lat' dir='ltr'><strong>Dei</strong></span> <span class='ocrx_word' id='word_1_791' title='bbox 1944 5296 2025 5350; x_wconf 87' lang='lat' dir='ltr'><strong>in-</strong></span> 
     </span>
    </p>
   </div>
   <div class='ocr_carea' id='block_1_99' title="bbox 427 5387 2024 5460">
    <p class='ocr_par' dir='ltr' id='par_1_99' title="bbox 427 5387 2024 5460">
     <span class='ocr_line' id='line_1_99' title="bbox 427 5387 2024 5460; baseline 0.003 -21"><span class='ocrx_word' id='word_1_792' title='bbox 427 5391 702 5453; x_wconf 87' lang='lat' dir='ltr'><strong>crepatur.</strong></span> <span class='ocrx_word' id='word_1_793' title='bbox 742 5387 852 5442; x_wconf 84' lang='lat' dir='ltr'><strong>Hoc</strong></span> <span class='ocrx_word' id='word_1_794' title='bbox 881 5396 1142 5457; x_wconf 88' lang='lat' dir='ltr'><strong>resonat,</strong></span> <span class='ocrx_word' id='word_1_795' title='bbox 1175 5390 1320 5460; x_wconf 88' lang='lat' dir='ltr'><strong>quod</strong></span> <span class='ocrx_word' id='word_1_796' title='bbox 1352 5389 1541 5446; x_wconf 88' lang='lat' dir='ltr'><strong>beatus</strong></span> <span class='ocrx_word' id='word_1_797' title='bbox 1571 5388 1676 5445; x_wconf 82' lang='lat' dir='ltr'><strong>Joh</strong></span> <span class='ocrx_word' id='word_1_798' title='bbox 1721 5405 1826 5444; x_wconf 90' lang='lat' dir='ltr'><strong>non</strong></span> <span class='ocrx_word' id='word_1_799' title='bbox 1874 5397 2024 5446; x_wconf 91' lang='lat' dir='ltr'><strong>recte</strong></span> 
     </span>
    </p>
   </div>
   <div class='ocr_carea' id='block_1_100' title="bbox 426 5476 2020 5554">
    <p class='ocr_par' dir='ltr' id='par_1_100' title="bbox 426 5476 2020 5554">
     <span class='ocr_line' id='line_1_100' title="bbox 426 5476 2020 5554; baseline 0.004 -22"><span class='ocrx_word' id='word_1_800' title='bbox 426 5476 608 5546; x_wconf 87' lang='lat' dir='ltr'><strong>aliqua</strong></span> <span class='ocrx_word' id='word_1_801' title='bbox 634 5479 701 5533; x_wconf 89' lang='lat' dir='ltr'><strong>sit</strong></span> <span class='ocrx_word' id='word_1_802' title='bbox 724 5480 958 5548; x_wconf 90' lang='lat' dir='ltr'><strong>locutus,</strong></span> <span class='ocrx_word' id='word_1_803' title='bbox 979 5484 1073 5538; x_wconf 89' lang='lat' dir='ltr'><strong>sed</strong></span> <span class='ocrx_word' id='word_1_804' title='bbox 1097 5483 1188 5551; x_wconf 88' lang='lat' dir='ltr'><strong>qui</strong></span> <span class='ocrx_word' id='word_1_805' title='bbox 1213 5483 1415 5553; x_wconf 87' lang='lat' dir='ltr'><strong>Optime</strong></span> <span class='ocrx_word' id='word_1_806' title='bbox 1441 5493 1686 5549; x_wconf 90' lang='lat' dir='ltr'><strong>noverat,</strong></span> <span class='ocrx_word' id='word_1_807' title='bbox 1706 5484 1850 5554; x_wconf 91' lang='lat' dir='ltr'><strong>quod</strong></span> <span class='ocrx_word' id='word_1_808' title='bbox 1882 5484 2020 5538; x_wconf 84' lang='lat' dir='ltr'><strong>hOna</strong></span> 
     </span>
    </p>
   </div>
   <div class='ocr_carea' id='block_1_101' title="bbox 427 5569 2023 5646">
    <p class='ocr_par' dir='ltr' id='par_1_101' title="bbox 427 5569 2023 5646">
     <span class='ocr_line' id='line_1_101' title="bbox 427 5569 2023 5646; baseline 0.006 -24"><span class='ocrx_word' id='word_1_809' title='bbox 427 5569 570 5625; x_wconf 88' lang='lat' dir='ltr'><strong>ineo</strong></span> <span class='ocrx_word' id='word_1_810' title='bbox 593 5571 820 5640; x_wconf 86' lang='lat' dir='ltr'><strong>plurima</strong></span> <span class='ocrx_word' id='word_1_811' title='bbox 846 5583 1054 5639; x_wconf 84' lang='lat' dir='ltr'><strong>essent,</strong></span> <span class='ocrx_word' id='word_1_812' title='bbox 1084 5575 1224 5630; x_wconf 90' lang='lat' dir='ltr'><strong>unde</strong></span> <span class='ocrx_word' id='word_1_813' title='bbox 1253 5587 1308 5631; x_wconf 88' lang='lat' dir='ltr'><strong>et</strong></span> <span class='ocrx_word' id='word_1_814' title='bbox 1335 5576 1412 5630; x_wconf 94' lang='lat' dir='ltr'><strong>illi</strong></span> <span class='ocrx_word' id='word_1_815' title='bbox 1443 5577 1747 5646; x_wconf 86' lang='lat' dir='ltr'><strong>placuerat,</strong></span> <span class='ocrx_word' id='word_1_816' title='bbox 1777 5576 2023 5632; x_wconf 81' lang='lat' dir='ltr'><strong>concedit</strong></span> 
     </span>
    </p>
   </div>
   <div class='ocr_carea' id='block_1_102' title="bbox 425 5666 2021 5747">
    <p class='ocr_par' dir='ltr' id='par_1_102' title="bbox 425 5666 2021 5747">
     <span class='ocr_line' id='line_1_102' title="bbox 425 5666 2021 5747; baseline 0.008 -29"><span class='ocrx_word' id='word_1_817' title='bbox 425 5679 489 5718; x_wconf 87' lang='lat' dir='ltr'><strong>ea</strong></span> <span class='ocrx_word' id='word_1_818' title='bbox 513 5680 635 5735; x_wconf 72' lang='lat' dir='ltr'><strong>qum</strong></span> <span class='ocrx_word' id='word_1_819' title='bbox 658 5666 1048 5726; x_wconf 84' lang='lat' dir='ltr'><strong>immoderatus</strong></span> <span class='ocrx_word' id='word_1_820' title='bbox 1075 5687 1200 5728; x_wconf 89' lang='lat' dir='ltr'><strong>eum</strong></span> <span class='ocrx_word' id='word_1_821' title='bbox 1231 5674 1376 5746; x_wconf 89' lang='lat' dir='ltr'><strong>loqui</strong></span> <span class='ocrx_word' id='word_1_822' title='bbox 1408 5676 1461 5728; x_wconf 89' lang='lat' dir='ltr'><strong>in</strong></span> <span class='ocrx_word' id='word_1_823' title='bbox 1493 5679 1728 5731; x_wconf 88' lang='lat' dir='ltr'><strong>summis</strong></span> <span class='ocrx_word' id='word_1_824' title='bbox 1759 5674 2021 5747; x_wconf 84' lang='lat' dir='ltr'><strong>angustiis</strong></span> 
     </span>
    </p>
   </div>
   <div class='ocr_carea' id='block_1_103' title="bbox 424 5760 901 5833">
    <p class='ocr_par' dir='ltr' id='par_1_103' title="bbox 424 5760 901 5833">
     <span class='ocr_line' id='line_1_103' title="bbox 424 5760 901 5833; baseline 0.004 -17"><span class='ocrx_word' id='word_1_825' title='bbox 424 5760 587 5816; x_wconf 89' lang='lat' dir='ltr'><strong>dolor</strong></span> <span class='ocrx_word' id='word_1_826' title='bbox 616 5774 734 5818; x_wconf 88' lang='lat' dir='ltr'><strong>com</strong></span> <span class='ocrx_word' id='word_1_827' title='bbox 747 5762 901 5833; x_wconf 85' lang='lat' dir='ltr'><strong>pulit.</strong></span> 
     </span>
    </p>
   </div>
   <div class='ocr_carea' id='block_1_104' title="bbox 2129 4631 3736 4702">
    <p class='ocr_par' dir='ltr' id='par_1_104' title="bbox 2129 4631 3736 4702">
     <span class='ocr_line' id='line_1_104' title="bbox 2129 4631 3736 4702; baseline -0.004 -6"><span class='ocrx_word' id='word_1_828' title='bbox 2129 4635 2403 4696; x_wconf 78' lang='lat' dir='ltr'><strong>remzubi</strong></span> <span class='ocrx_word' id='word_1_829' title='bbox 2436 4632 2736 4692; x_wconf 88' lang='lat' dir='ltr'><strong>secundum</strong></span> <span class='ocrx_word' id='word_1_830' title='bbox 2789 4631 3054 4687; x_wconf 87' lang='lat' dir='ltr'><strong>moralem</strong></span> <span class='ocrx_word' id='word_1_831' title='bbox 3089 4631 3543 4702; x_wconf 82' lang='lat' dir='ltr'><strong>intelligentiam,</strong></span> <span class='ocrx_word' id='word_1_832' title='bbox 3597 4632 3736 4689; x_wconf 88' lang='lat' dir='ltr'><strong>illud</strong></span> 
     </span>
    </p>
   </div>
   <div class='ocr_carea' id='block_1_105' title="bbox 2127 4724 3732 4802">
    <p class='ocr_par' dir='ltr' id='par_1_105' title="bbox 2127 4724 3732 4802">
     <span class='ocr_line' id='line_1_105' title="bbox 2127 4724 3732 4802; baseline -0.006 -12"><span class='ocrx_word' id='word_1_833' title='bbox 2127 4733 2198 4790; x_wconf 87' lang='lat' dir='ltr'><strong>de</strong></span> <span class='ocrx_word' id='word_1_834' title='bbox 2242 4731 2452 4802; x_wconf 85' lang='lat' dir='ltr'><strong>psalmo</strong></span> <span class='ocrx_word' id='word_1_835' title='bbox 2496 4729 2763 4784; x_wconf 87' lang='lat' dir='ltr'><strong>sentimus</strong></span> <span class='ocrx_word' id='word_1_836' title='bbox 2803 4743 2817 4781; x_wconf 91' lang='lat'><strong>:</strong></span> <span class='ocrx_word' id='word_1_837' title='bbox 2863 4724 2936 4780; x_wconf 87' lang='lat' dir='ltr'><strong>Et</strong></span> <span class='ocrx_word' id='word_1_838' title='bbox 2982 4727 3194 4797; x_wconf 77' lang='lat' dir='ltr'><strong>auferes</strong></span> <span class='ocrx_word' id='word_1_839' title='bbox 3223 4727 3468 4799; x_wconf 78' lang='lat' dir='ltr'><strong>spiritum</strong></span> <span class='ocrx_word' id='word_1_840' title='bbox 3505 4742 3732 4794; x_wconf 83' lang='lat' dir='ltr'><strong>eorum,</strong></span> 
     </span>
    </p>
   </div>
   <div class='ocr_carea' id='block_1_106' title="bbox 2127 4823 3738 4896">
    <p class='ocr_par' dir='ltr' id='par_1_106' title="bbox 2127 4823 3738 4896">
     <span class='ocr_line' id='line_1_106' title="bbox 2127 4823 3738 4896; baseline -0.002 -14"><span class='ocrx_word' id='word_1_841' title='bbox 2127 4835 2174 4883; x_wconf 89' lang='lat' dir='ltr'><strong>et</strong></span> <span class='ocrx_word' id='word_1_842' title='bbox 2216 4826 2478 4896; x_wconf 80' lang='lat' dir='ltr'><strong>deﬁcient,</strong></span> <span class='ocrx_word' id='word_1_843' title='bbox 2531 4830 2578 4877; x_wconf 92' lang='lat' dir='ltr'><strong>et</strong></span> <span class='ocrx_word' id='word_1_844' title='bbox 2624 4823 2680 4876; x_wconf 90' lang='lat' dir='ltr'><strong>in</strong></span> <span class='ocrx_word' id='word_1_845' title='bbox 2725 4830 2922 4876; x_wconf 89' lang='lat' dir='ltr'><strong>terram</strong></span> <span class='ocrx_word' id='word_1_846' title='bbox 2961 4837 3112 4876; x_wconf 86' lang='lat' dir='ltr'><strong>suam</strong></span> <span class='ocrx_word' id='word_1_847' title='bbox 3154 4830 3531 4876; x_wconf 83' lang='lat' dir='ltr'><strong>convertentur.</strong></span> <span class='ocrx_word' id='word_1_848' title='bbox 3571 4823 3738 4878; x_wconf 83' lang='lat' dir='ltr'><strong>Post-</strong></span> 
     </span>
    </p>
   </div>
   <div class='ocr_carea' id='block_1_107' title="bbox 2127 4914 3734 4990">
    <p class='ocr_par' dir='ltr' id='par_1_107' title="bbox 2127 4914 3734 4990">
     <span class='ocr_line' id='line_1_107' title="bbox 2127 4914 3734 4990; baseline -0.004 -12"><span class='ocrx_word' id='word_1_849' title='bbox 2127 4937 2190 4978; x_wconf 90' lang='lat' dir='ltr'><strong>ea</strong></span> <span class='ocrx_word' id='word_1_850' title='bbox 2234 4936 2364 4990; x_wconf 83' lang='lat' dir='ltr'><strong>ergo</strong></span> <span class='ocrx_word' id='word_1_851' title='bbox 2396 4932 2556 4989; x_wconf 90' lang='lat' dir='ltr'><strong>quam</strong></span> <span class='ocrx_word' id='word_1_852' title='bbox 2603 4915 2672 4972; x_wconf 90' lang='lat' dir='ltr'><strong>de</strong></span> <span class='ocrx_word' id='word_1_853' title='bbox 2711 4917 2911 4971; x_wconf 85' lang='lat' dir='ltr'><strong>virtute</strong></span> <span class='ocrx_word' id='word_1_854' title='bbox 2959 4914 3054 4970; x_wconf 90' lang='lat' dir='ltr'><strong>Dei</strong></span> <span class='ocrx_word' id='word_1_855' title='bbox 3103 4923 3158 4970; x_wconf 91' lang='lat' dir='ltr'><strong>et</strong></span> <span class='ocrx_word' id='word_1_856' title='bbox 3188 4914 3407 4986; x_wconf 87' lang='lat' dir='ltr'><strong>justitia</strong></span> <span class='ocrx_word' id='word_1_857' title='bbox 3451 4915 3734 4987; x_wconf 63' lang='lat' dir='ltr'><strong>praedictis</strong></span> 
     </span>
    </p>
   </div>
   <div class='ocr_carea' id='block_1_108' title="bbox 2127 5008 3732 5080">
    <p class='ocr_par' dir='ltr' id='par_1_108' title="bbox 2127 5008 3732 5080">
     <span class='ocr_line' id='line_1_108' title="bbox 2127 5008 3732 5080; baseline -0.002 -8"><span class='ocrx_word' id='word_1_858' title='bbox 2127 5015 2342 5072; x_wconf 90' lang='lat' dir='ltr'><strong>locutus</strong></span> <span class='ocrx_word' id='word_1_859' title='bbox 2383 5021 2493 5079; x_wconf 93' lang='lat' dir='ltr'><strong>est,</strong></span> <span class='ocrx_word' id='word_1_860' title='bbox 2549 5009 2707 5067; x_wconf 84' lang='lat' dir='ltr'><strong>Heliu</strong></span> <span class='ocrx_word' id='word_1_861' title='bbox 2754 5023 2816 5066; x_wconf 91' lang='lat' dir='ltr'><strong>se</strong></span> <span class='ocrx_word' id='word_1_862' title='bbox 2853 5024 3073 5066; x_wconf 89' lang='lat' dir='ltr'><strong>rursum</strong></span> <span class='ocrx_word' id='word_1_863' title='bbox 3113 5010 3180 5065; x_wconf 90' lang='lat' dir='ltr'><strong>ad</strong></span> <span class='ocrx_word' id='word_1_864' title='bbox 3209 5008 3315 5065; x_wconf 79' lang='lat' dir='ltr'><strong>Job</strong></span> <span class='ocrx_word' id='word_1_865' title='bbox 3351 5019 3684 5068; x_wconf 85' lang='lat' dir='ltr'><strong>convertens</strong></span> <span class='ocrx_word' id='word_1_866' title='bbox 3713 5051 3732 5080; x_wconf 90' lang='lat'><strong>,</strong></span> 
     </span>
    </p>
   </div>
   <div class='ocr_carea' id='block_1_109' title="bbox 2129 5111 2310 5168">
    <p class='ocr_par' dir='ltr' id='par_1_109' title="bbox 2129 5111 2310 5168">
     <span class='ocr_line' id='line_1_109' title="bbox 2129 5111 2310 5168; baseline -0.006 0"><span class='ocrx_word' id='word_1_867' title='bbox 2129 5111 2262 5168; x_wconf 85' lang='lat' dir='ltr'><strong>dicit</strong></span> <span class='ocrx_word' id='word_1_868' title='bbox 2295 5129 2310 5167; x_wconf 86' lang='lat'><strong>:</strong></span> 
     </span>
    </p>
   </div>
   <div class='ocr_carea' id='block_1_110' title="bbox 2201 5202 3734 5278">
    <p class='ocr_par' dir='ltr' id='par_1_110' title="bbox 2201 5202 3734 5278">
     <span class='ocr_line' id='line_1_110' title="bbox 2201 5202 3734 5278; baseline -0.003 -16"><span class='ocrx_word' id='word_1_869' title='bbox 2201 5207 2262 5262; x_wconf 92' lang='lat' dir='ltr'><strong>Si</strong></span> <span class='ocrx_word' id='word_1_870' title='bbox 2293 5205 2447 5261; x_wconf 86' lang='lat' dir='ltr'><strong>habcs</strong></span> <span class='ocrx_word' id='word_1_871' title='bbox 2473 5220 2594 5278; x_wconf 91' lang='lat' dir='ltr'><strong>ergo</strong></span> <span class='ocrx_word' id='word_1_872' title='bbox 2624 5203 2966 5270; x_wconf 89' lang='lat' dir='ltr'><strong>intellectum,</strong></span> <span class='ocrx_word' id='word_1_873' title='bbox 2995 5202 3122 5258; x_wconf 90' lang='lat' dir='ltr'><strong>audi</strong></span> <span class='ocrx_word' id='word_1_874' title='bbox 3156 5203 3299 5275; x_wconf 89' lang='lat' dir='ltr'><strong>quod</strong></span> <span class='ocrx_word' id='word_1_875' title='bbox 3334 5203 3520 5258; x_wconf 88' lang='lat' dir='ltr'><strong>dicitur</strong></span> <span class='ocrx_word' id='word_1_876' title='bbox 3548 5213 3603 5256; x_wconf 88' lang='lat' dir='ltr'><strong>et</strong></span> <span class='ocrx_word' id='word_1_877' title='bbox 3643 5219 3734 5257; x_wconf 82' lang='lat' dir='ltr'><strong>au-</strong></span> 
     </span>
    </p>
   </div>
   <div class='ocr_carea' id='block_1_111' title="bbox 2126 5295 3732 5370">
    <p class='ocr_par' dir='ltr' id='par_1_111' title="bbox 2126 5295 3732 5370">
     <span class='ocr_line' id='line_1_111' title="bbox 2126 5295 3732 5370; baseline -0.004 -13"><span class='ocrx_word' id='word_1_878' title='bbox 2126 5302 2294 5358; x_wconf 77' lang='lat' dir='ltr'><strong>sculta</strong></span> <span class='ocrx_word' id='word_1_879' title='bbox 2315 5316 2485 5355; x_wconf 81' lang='lat' dir='ltr'><strong>vocem</strong></span> <span class='ocrx_word' id='word_1_880' title='bbox 2511 5298 2699 5370; x_wconf 87' lang='lat' dir='ltr'><strong>eloquii</strong></span> <span class='ocrx_word' id='word_1_881' title='bbox 2722 5297 2840 5352; x_wconf 87' lang='lat' dir='ltr'><strong>mei.</strong></span> <span class='ocrx_word' id='word_1_882' title='bbox 2865 5295 3143 5369; x_wconf 87' lang='lat' dir='ltr'><strong>Numquid</strong></span> <span class='ocrx_word' id='word_1_883' title='bbox 3168 5299 3257 5367; x_wconf 90' lang='lat' dir='ltr'><strong>qui</strong></span> <span class='ocrx_word' id='word_1_884' title='bbox 3284 5315 3387 5352; x_wconf 91' lang='lat' dir='ltr'><strong>non</strong></span> <span class='ocrx_word' id='word_1_885' title='bbox 3410 5305 3546 5351; x_wconf 84' lang='lat' dir='ltr'><strong>autat</strong></span> <span class='ocrx_word' id='word_1_886' title='bbox 3569 5296 3732 5369; x_wconf 79' lang='lat' dir='ltr'><strong>judi-</strong></span> 
     </span>
    </p>
   </div>
   <div class='ocr_carea' id='block_1_112' title="bbox 2129 5390 3728 5466">
    <p class='ocr_par' dir='ltr' id='par_1_112' title="bbox 2129 5390 3728 5466">
     <span class='ocr_line' id='line_1_112' title="bbox 2129 5390 3728 5466; baseline -0.006 -15"><span class='ocrx_word' id='word_1_887' title='bbox 2129 5398 2288 5461; x_wconf 91' lang='lat' dir='ltr'><strong>cium,</strong></span> <span class='ocrx_word' id='word_1_888' title='bbox 2322 5395 2500 5449; x_wconf 87' lang='lat' dir='ltr'><strong>sanari</strong></span> <span class='ocrx_word' id='word_1_889' title='bbox 2521 5394 2732 5466; x_wconf 88' lang='lat' dir='ltr'><strong>potest?</strong></span> <span class='ocrx_word' id='word_1_890' title='bbox 2756 5390 2823 5445; x_wconf 83' lang='lat' dir='ltr'><strong>Et</strong></span> <span class='ocrx_word' id='word_1_891' title='bbox 2843 5391 3052 5462; x_wconf 89' lang='lat' dir='ltr'><strong>quando</strong></span> <span class='ocrx_word' id='word_1_892' title='bbox 3085 5401 3139 5445; x_wconf 88' lang='lat' dir='ltr'><strong>tu</strong></span> <span class='ocrx_word' id='word_1_893' title='bbox 3168 5407 3284 5446; x_wconf 91' lang='lat' dir='ltr'><strong>eum</strong></span> <span class='ocrx_word' id='word_1_894' title='bbox 3311 5392 3400 5462; x_wconf 89' lang='lat' dir='ltr'><strong>qui</strong></span> <span class='ocrx_word' id='word_1_895' title='bbox 3418 5394 3598 5466; x_wconf 70' lang='lat' dir='ltr'><strong>justus</strong></span> <span class='ocrx_word' id='word_1_896' title='bbox 3627 5401 3728 5459; x_wconf 83' lang='lat' dir='ltr'><strong>est,</strong></span> 
     </span>
    </p>
   </div>
   <div class='ocr_carea' id='block_1_113' title="bbox 2128 5483 3730 5558">
    <p class='ocr_par' dir='ltr' id='par_1_113' title="bbox 2128 5483 3730 5558">
     <span class='ocr_line' id='line_1_113' title="bbox 2128 5483 3730 5558; baseline -0.004 -14"><span class='ocrx_word' id='word_1_897' title='bbox 2128 5492 2384 5544; x_wconf 87' lang='lat' dir='ltr'><strong>intantum</strong></span> <span class='ocrx_word' id='word_1_898' title='bbox 2429 5487 2792 5544; x_wconf 86' lang='lat' dir='ltr'><strong>condemnas?</strong></span> <span class='ocrx_word' id='word_1_899' title='bbox 2824 5486 2929 5552; x_wconf 91' lang='lat' dir='ltr'><strong>Qui</strong></span> <span class='ocrx_word' id='word_1_900' title='bbox 2961 5484 3089 5539; x_wconf 88' lang='lat' dir='ltr'><strong>dicit</strong></span> <span class='ocrx_word' id='word_1_901' title='bbox 3120 5486 3257 5558; x_wconf 85' lang='lat' dir='ltr'><strong>regi,</strong></span> <span class='ocrx_word' id='word_1_902' title='bbox 3302 5493 3535 5558; x_wconf 87' lang='lat' dir='ltr'><strong>apostata</strong></span> <span class='ocrx_word' id='word_1_903' title='bbox 3581 5500 3600 5537; x_wconf 92' lang='lat'><em>:</em></span> <span class='ocrx_word' id='word_1_904' title='bbox 3633 5483 3730 5556; x_wconf 84' lang='lat' dir='ltr'><strong>qui</strong></span> 
     </span>
    </p>
   </div>
   <div class='ocr_carea' id='block_1_114' title="bbox 2125 5578 3728 5651">
    <p class='ocr_par' dir='ltr' id='par_1_114' title="bbox 2125 5578 3728 5651">
     <span class='ocr_line' id='line_1_114' title="bbox 2125 5578 3728 5651; baseline -0.002 -14"><span class='ocrx_word' id='word_1_905' title='bbox 2125 5593 2270 5637; x_wconf 81' lang='lat' dir='ltr'><strong>vocat</strong></span> <span class='ocrx_word' id='word_1_906' title='bbox 2303 5582 2459 5635; x_wconf 86' lang='lat' dir='ltr'><strong>duces</strong></span> <span class='ocrx_word' id='word_1_907' title='bbox 2489 5581 2698 5651; x_wconf 89' lang='lat' dir='ltr'><strong>impios.</strong></span> <span class='ocrx_word' id='word_1_908' title='bbox 2747 5579 3093 5636; x_wconf 82' lang='lat' dir='ltr'><strong>Manifestum</strong></span> <span class='ocrx_word' id='word_1_909' title='bbox 3125 5588 3246 5644; x_wconf 84' lang='lat' dir='ltr'><strong>est,</strong></span> <span class='ocrx_word' id='word_1_910' title='bbox 3275 5578 3484 5650; x_wconf 84' lang='lat' dir='ltr'><strong>inquit,</strong></span> <span class='ocrx_word' id='word_1_911' title='bbox 3511 5579 3646 5647; x_wconf 84' lang='lat' dir='ltr'><strong>quia</strong></span> <span class='ocrx_word' id='word_1_912' title='bbox 3682 5581 3728 5634; x_wconf 86' lang='lat' dir='ltr'><strong>is</strong></span> 
     </span>
    </p>
   </div>
   <div class='ocr_carea' id='block_1_115' title="bbox 2125 5675 3729 5750">
    <p class='ocr_par' dir='ltr' id='par_1_115' title="bbox 2125 5675 3729 5750">
     <span class='ocr_line' id='line_1_115' title="bbox 2125 5675 3729 5750; baseline 0 -18"><span class='ocrx_word' id='word_1_913' title='bbox 2125 5680 2218 5750; x_wconf 83' lang='lat' dir='ltr'><strong>qui</strong></span> <span class='ocrx_word' id='word_1_914' title='bbox 2245 5677 2390 5748; x_wconf 76' lang='lat' dir='ltr'><strong>juSIe</strong></span> <span class='ocrx_word' id='word_1_915' title='bbox 2414 5687 2469 5732; x_wconf 84' lang='lat' dir='ltr'><strong>et</strong></span> <span class='ocrx_word' id='word_1_916' title='bbox 2495 5686 2645 5731; x_wconf 86' lang='lat' dir='ltr'><strong>recte</strong></span> <span class='ocrx_word' id='word_1_917' title='bbox 2667 5675 2912 5746; x_wconf 88' lang='lat' dir='ltr'><strong>judicare</strong></span> <span class='ocrx_word' id='word_1_918' title='bbox 2946 5691 3050 5730; x_wconf 91' lang='lat' dir='ltr'><strong>non</strong></span> <span class='ocrx_word' id='word_1_919' title='bbox 3075 5675 3254 5747; x_wconf 86' lang='lat' dir='ltr'><strong>diligit</strong></span> <span class='ocrx_word' id='word_1_920' title='bbox 3282 5693 3296 5730; x_wconf 89' lang='lat'><strong>:</strong></span> <span class='ocrx_word' id='word_1_921' title='bbox 3323 5690 3491 5748; x_wconf 88' lang='lat' dir='ltr'><strong>neque</strong></span> <span class='ocrx_word' id='word_1_922' title='bbox 3516 5689 3729 5732; x_wconf 78' lang='lat' dir='ltr'><strong>sanare</strong></span> 
     </span>
    </p>
   </div>
   <div class='ocr_carea' id='block_1_116' title="bbox 2126 5767 3728 5843">
    <p class='ocr_par' dir='ltr' id='par_1_116' title="bbox 2126 5767 3728 5843">
     <span class='ocr_line' id='line_1_116' title="bbox 2126 5767 3728 5843; baseline 0.001 -16"><span class='ocrx_word' id='word_1_923' title='bbox 2126 5787 2157 5827; x_wconf 90' lang='lat' dir='ltr'><strong>a</strong></span> <span class='ocrx_word' id='word_1_924' title='bbox 2177 5769 2326 5828; x_wconf 89' lang='lat' dir='ltr'><strong>vitiis</strong></span> <span class='ocrx_word' id='word_1_925' title='bbox 2352 5771 2610 5840; x_wconf 89' lang='lat' dir='ltr'><strong>animam,</strong></span> <span class='ocrx_word' id='word_1_926' title='bbox 2638 5784 2813 5843; x_wconf 84' lang='lat' dir='ltr'><strong>neque</strong></span> <span class='ocrx_word' id='word_1_927' title='bbox 2835 5767 3115 5841; x_wconf 85' lang='lat' dir='ltr'><strong>corrigere</strong></span> <span class='ocrx_word' id='word_1_928' title='bbox 3140 5783 3462 5842; x_wconf 87' lang='lat' dir='ltr'><strong>quemquam</strong></span> <span class='ocrx_word' id='word_1_929' title='bbox 3493 5773 3728 5842; x_wconf 78' lang='lat' dir='ltr'><strong>potest:</strong></span> 
     </span>
    </p>
   </div>
  </div>
