3948 6334
207 289 289 348 729
1008 268 1486 333 COMMENTARII
1522 268 1591 329 IN
1632 270 1893 332 LIBRUM
1932 271 2076 332 JOB.
2117 271 2274 330 CAP.
2315 269 2572 331 XXXIV.
3333 262 3449 370 730.

206 417 248 464 et
270 396 507 476 quomodo
547 404 603 452 tu
645 403 867 452 sanator
904 406 966 450 es
1005 393 1336 463 languorum
1382 400 1694 448 nostrorum
1720 433 1737 462 ,
1766 392 1820 456 Α
1844 395 1912 448 ad
1941 410 2057 450 eum
2081 394 2357 450 clamorem
2395 395 2582 469 egeni,
2618 403 2670 452 et
2698 395 2902 452 audiret
2928 409 3102 450 vocem
3130 406 3440 467 pauperum.

206 500 276 572 qui
299 497 577 564 iniquitates
607 498 800 546 notare
831 487 1164 559 prmsumis?
1847 491 2052 548 Omnes
2083 491 2227 546 enim
2258 503 2575 563 peccatores
2602 501 2659 548 et
2682 491 2833 564 impii
2863 498 3060 546 contra
3088 488 3316 544 inditum
3341 483 3444 540 sibi

262 590 348 658 Qui
382 604 472 642 non
510 585 716 653 accipit.
740 597 986 655 personas
1020 581 1346 654 principum,
1379 595 1472 633 nec
1507 578 1744 651 cognovit

1860 585 2050 640 bonum
2081 594 2292 641 naturtr
2318 594 2521 657 agunt:
2550 585 2692 642 sicut
2717 582 3016 655 Apostolus
3041 582 3118 638 ait
3149 599 3163 636 :
3199 579 3300 648 Qui
3328 594 3445 633 cum

203 697 468 759 tyrannum,
497 678 622 733 dum
656 678 969 748 disceptaret
1020 681 1202 728 contra
1245 687 1546 746 pauperem.
1595 671 1741 742 Opus
1848 677 2203 747 cognovissent
2239 675 2406 731 Deum
2433 718 2448 742 ,
2497 693 2599 732 non
2631 679 2766 732 sicut
2799 673 2968 730 Deum
2995 673 3444 746 gloriﬁcauerunt.

203 782 312 838 enim
333 791 562 832 manuum
585 773 700 839 eius
725 778 847 826 sunt
865 769 1114 824 uniuersi.
1140 767 1448 824 Secundum
1480 765 1741 839 mysticos
1846 766 1948 824 Ubi
1981 775 2163 824 autem
2193 777 2568 840 cognoverunt
2593 769 2792 835 Deum,
2846 766 2951 823 nisi
2985 763 3350 836 inspiratione
3391 768 3447 818 et

201 873 486 937 intellectus,
513 867 791 940 principes
810 865 898 921 isti
920 864 1264 931 Iudaeorum,
1287 861 1494 919 Scriba:
1521 869 1576 917 et
1601 860 1744 916 Pha-
1841 860 2050 932 judicio
2077 861 2316 917 mentis?
2346 860 2450 919 Ubi
2481 875 2615 932 ergo
2645 859 2760 918 Deo
2789 859 3018 933 gloriam
3049 872 3202 914 suam
3230 854 3444 911 habue-

199 966 333 1034 risai,
353 972 402 1018 et
423 959 732 1018 sacerdotes
762 968 994 1032 possunt
1021 956 1250 1027 intelligi
1277 975 1291 1009 :
1314 969 1452 1025 quos
1482 954 1536 1009 in
1564 953 1744 1009 Evau-
1845 965 1975 1012 runt
1999 956 2336 1026 contemptui
2372 973 2384 1011 :
2422 955 2515 1012 ubi
2544 955 2617 1012 ab
2644 971 2708 1012 ea
2739 964 2928 1011 contra
2968 968 3122 1010 suam
3149 949 3443 1008 conscien-

200 1061 316 1134 gelio
339 1057 602 1128 increpat.
647 1053 966 1127 Tyrannum
1005 1066 1136 1106 vero
1181 1049 1433 1106 eumdem
1481 1049 1739 1120 pupulum
1847 1048 1977 1104 tiam
2013 1057 2401 1117 recesserunt,
2438 1046 2741 1120 omneSque
2763 1047 2881 1104 vias
2905 1045 3284 1103 mandatorum
3316 1043 3443 1110 Dei,

199 1151 466 1210 Judaeorum
491 1190 508 1216 ,
541 1161 649 1202 non
683 1146 750 1202 ab
780 1161 840 1201 re
880 1159 1004 1200 esse
1044 1144 1344 1200 sentiamus
1370 1187 1384 1212 ,
1416 1143 1506 1214 qui
1548 1151 1741 1199 contra
1846 1157 1982 1214 quas
2009 1141 2119 1198 suis
2145 1142 2410 1198 cordibus
2435 1142 2642 1198 habent
2669 1143 2962 1214 ingenitas,
2997 1154 3164 1197 nosse
3193 1149 3247 1195 et
3276 1137 3442 1195 intel-

197 1256 360 1303 ClBltlln
398 1252 709 1299 sanctorum
753 1240 1015 1296 Ecclesia:
1038 1280 1056 1307 ,
1097 1253 1396 1310 pauperem
1422 1279 1438 1304 ,
1476 1236 1740 1293 humilem
1848 1235 2020 1306 ligere
2048 1235 2456 1302 detrectarunt,
2487 1249 2611 1291 cum
2643 1233 2964 1291 hominibus
2991 1246 3208 1305 quoque
3235 1231 3310 1286 ita
3337 1228 3438 1284 im-

194 1339 369 1410 spiritu,
393 1334 686 1392 contritum
710 1333 902 1402 corde,
930 1333 1232 1405 rejiciendo
1255 1332 1416 1389 hodie
1435 1332 1738 1403 disceptet:
1847 1328 1935 1401 pie
1977 1339 2032 1385 et
2059 1328 2260 1399 injuste
2308 1337 2566 1400 egerunt,
2598 1337 2659 1384 ut
2693 1327 2761 1384 ad
2788 1329 2956 1384 Deum
2995 1339 3294 1396 pauperum
3338 1337 3442 1395 op-

194 1433 307 1506 quod
335 1434 500 1489 tacere
528 1441 589 1489 et
619 1441 868 1504 tempore
903 1431 1278 1503 apostolorum
1306 1445 1412 1486 non
1436 1429 1741 1496 desinebat,
1847 1436 2163 1494 presserunt
2207 1421 2419 1478 clamor
2461 1420 2797 1477 ascenderit.
2828 1419 2962 1476 Sive
2997 1417 3215 1475 Iudaeos
3247 1415 3443 1489 impios

193 1526 372 1600 quando
405 1541 502 1598 per
529 1541 723 1582 omnes
760 1526 1015 1582 civitates
1054 1535 1242 1581 contra
1282 1538 1378 1580 eos
1433 1537 1642 1594 pugnas
1689 1531 1745 1580 et
1846 1527 2012 1590 atque
2040 1516 2350 1574 incredulos
2400 1517 2668 1589 percussit
2697 1517 2843 1574 Deus
2881 1517 2935 1573 in
2969 1516 3090 1572 loco
3116 1513 3440 1582 videntium,

194 1619 452 1677 seditiones
477 1619 696 1691 agebat.
729 1618 840 1675 ﬂos
873 1619 1037 1691 igitur
1068 1629 1126 1675 ut
1165 1615 1413 1674 inﬁdeles
1450 1625 1509 1672 et
1547 1617 1744 1690 impios
1848 1608 1902 1666 id
1931 1617 2039 1676 est,
2071 1610 2124 1665 in
2157 1609 2275 1682 lege
2303 1609 2540 1666 Mosaica
2570 1627 2584 1666 :
2619 1609 2711 1666 ubi
2738 1609 3042 1681 prophetae,
3075 1607 3167 1680 qui
3195 1605 3445 1663 videntes

193 1715 413 1772 Dominus
457 1729 569 1770 non
618 1723 912 1786 cognoscet
952 1731 968 1770 ε
1006 1711 1314 1785 quibusque
1353 1711 1522 1768 etiam
1562 1710 1742 1766 mani-
1848 1701 1982 1757 dicti
2009 1711 2170 1769 sunt,
2203 1701 2533 1760 inhabitant.
2571 1701 2629 1758 In
2672 1702 2790 1774 ipsa
2821 1702 3004 1774 itaque
3044 1715 3140 1772 spe
3173 1699 3306 1772 legis
3330 1745 3345 1769 ,
3391 1705 3448 1754 et

191 1810 302 1866 {este
323 1809 557 1866 dicturus
578 1818 664 1865 est
695 1826 710 1864 :
740 1806 863 1864 Non
882 1810 1003 1862 noui
1029 1824 1116 1862 t'os
1135 1824 1154 1862 :
1175 1806 1422 1861 discedite
1445 1822 1476 1858 a
1499 1821 1602 1872 me,
1629 1822 1741 1860 om-
1773 1805 1822 1868 B
1851 1794 2246 1864 Promissorum
2287 1794 2686 1867 compOSitione
2709 1835 2726 1862 ,
2778 1803 3054 1864 tamqvam
3109 1794 3162 1848 in
3211 1789 3446 1862 quodam

189 1919 261 1958 nes
279 1903 357 1974 qui
375 1903 662 1976 operamini
681 1902 1028 1973 iniquitatem.
1059 1900 1316 1970 Sequitur
1337 1899 1555 1956 dicente
1585 1900 1741 1957 Heliu

1860 1887 2144 1944 videntium
2169 1888 2312 1958 loco,
2341 1889 2492 1960 juste
2519 1888 2761 1961 percussi
2782 1902 2814 1944 a
2837 1888 2953 1944 Deo
2976 1895 3107 1944 sunt
3133 1905 3148 1944 :
3177 1885 3442 1942 intantum

187 1993 354 2063 dehis,
381 1997 447 2052 de
475 1996 679 2066 quibus
706 1994 838 2051 dicit
866 1994 1119 2067 superius
1151 2011 1166 2050 ε
1846 1993 1904 2038 ιιι
1932 1984 2109 2040 oratio
2128 1983 2295 2052 illius,
2315 1985 2405 2056 qui
2430 1993 2658 2056 propter
2679 1997 2778 2040 nos
2805 1983 3196 2056 pauperlactus
3221 1990 3306 2038 est
3320 1994 3443 2036 cum

242 2088 406 2146 Subito
436 2092 773 2157 morientur,
822 2100 869 2144 et
910 2090 967 2145 in
1009 2091 1183 2146 media
1221 2099 1390 2146 nocte.
1423 2087 1744 2146 Secundum
1846 2086 1990 2132 esset
2022 2075 2220 2143 dives.
2267 2076 2590 2133 ascenderet
2619 2076 2687 2132 ad
2713 2075 2884 2134 Deum
2910 2093 2926 2135 :
2952 2074 3205 2148 Dispersa
3230 2074 3350 2129 ίιιοε
3390 2073 3444 2129 in

186 2196 372 2238 sensum
398 2180 647 2254 Apostoli
677 2189 763 2238 est
782 2222 799 2250 ,
832 2181 922 2252 qui
955 2181 1031 2237 ait
1061 2179 1208 2236 istud
1231 2180 1300 2236 de
1331 2179 1462 2237 ﬁliis
1495 2179 1745 2236 tenebra-

1860 2171 2034 2226 n‘rtute
2056 2181 2165 2227 tua.
2209 2169 2337 2228 Sive
2366 2171 2616 2228 viventes
2642 2178 2770 2227 sunt
2789 2185 3005 2236 omnes,
3033 2169 3203 2242 quiin
3225 2165 3447 2223 Christo

185 2287 300 2329 rum.
322 2269 447 2329 Cum
474 2270 626 2329 enim
648 2269 850 2328 dixerit
872 2285 977 2342 pax
1001 2280 1058 2327 et
1081 2271 1370 2338 securitas,
1395 2283 1523 2327 tunc
1550 2286 1746 2340 repen-
1845 2279 1913 2320 ex
1947 2264 2049 2321 ﬁde
2076 2265 2266 2321 vivunt
2297 2283 2310 2322 :
2345 2265 2400 2321 in
2429 2263 2533 2322 hac
2563 2265 2707 2321 enim
2738 2279 2835 2337 spe
2862 2265 3053 2336 positi,
3100 2271 3282 2320 mente
3311 2275 3446 2318 con-

184 2366 301 2422 tinus
325 2368 402 2424 eis
426 2365 784 2439 superveniet
809 2365 1082 2423 interitus.
1107 2365 1338 2422 Mediam
1366 2381 1498 2422 vero
1527 2374 1743 2422 noctem
1850 2358 2184 2430 templautur
2211 2358 2451 2414 futuram
2474 2357 2889 2414 beatitudinem.
2909 2357 2967 2412 In
2994 2357 3098 2412 hoc
3116 2354 3278 2429 igitur
3299 2354 3441 2423 loco,

185 2458 354 2515 dictam
390 2458 512 2516 ideo
551 2459 810 2516 existimo
830 2500 847 2526 ,
897 2472 966 2516 eo
1002 2457 1146 2530 quod
1177 2459 1232 2514 in
1261 2457 1530 2530 profunda
1562 2458 1744 2517 cordis
1849 2455 1940 2511 ubi
1970 2454 2128 2526 quasi
2154 2453 2259 2511 ﬁde
2288 2461 2500 2511 stantes
2526 2463 2687 2521 sunt,
2738 2451 2958 2525 quidam
2990 2450 3094 2506 sub
3125 2448 3250 2505 ﬁdei
3281 2447 3445 2516 hujus

183 2552 392 2610 excitate
414 2551 610 2624 positi,
641 2552 996 2624 spiritualiter
1027 2552 1352 2610 moriantur.
1849 2548 2147 2618 vocabulo,
2183 2549 2384 2606 habent
2412 2549 2655 2620 speciem
2684 2547 2909 2620 pietatis
2934 2546 3244 2612 tvirtutem
3267 2552 3450 2598 autem

239 2643 595 2703 Turbabuntur
623 2647 844 2717 papult',
888 2657 936 2701 et
962 2647 1383 2719 pertransibunt,
1429 2658 1478 2704 et
1506 2650 1745 2721 auferent
1848 2644 1970 2715 ejus
2009 2651 2142 2699 sunt
2179 2644 2540 2714 abnegantes.
2577 2641 2641 2698 lli
2674 2642 2779 2714 ipsi
2812 2641 2977 2714 igitur
2999 2679 3018 2707 ,
3061 2639 3154 2710 qui
3200 2633 3447 2692 haeretici

180 2738 424 2794 violentum
455 2739 654 2812 absque
691 2755 871 2794 manu.
917 2737 1070 2794 Oculi
1109 2740 1249 2794 enim
1287 2741 1401 2813 ejus
1445 2757 1602 2811 super
1638 2742 1745 2798 vias
1851 2737 2278 2810 intelliguntur,
2311 2739 2364 2794 in
2391 2742 2518 2794 loco
2549 2737 2643 2792 Dei
2673 2735 2815 2793 male
2843 2742 3082 2801 stantes,
3113 2747 3142 2787 a
3177 2731 3292 2787 Deo
3319 2744 3448 2801 per-

183 2835 414 2891 ltotninum
435 2852 455 2892 :
476 2845 527 2892 et
556 2852 732 2892 omnes
753 2853 958 2908 gressus
981 2852 1160 2891 eorum
1189 2836 1508 2892 considerat.
1539 2837 1749 2894 Secun-
1843 2836 2163 2904 cutiuntur,
2195 2834 2468 2906 apostolis
2500 2845 2554 2890 et
2585 2832 2964 2890 Ecclesiarum
2997 2827 3322 2886 doctoribus
3341 2868 3357 2894 ,
3389 2823 3445 2881 id

179 2925 284 2983 dum
311 2928 660 2984 Psalmistam
687 2946 702 2984 :
733 2928 864 2984 Cum
891 2929 1080 2984 viderit
1106 2973 1120 2998 ,
1164 2927 1384 3000 inquit,
1419 2933 1600 3003 justus
1627 2931 1746 2984 vin-
1849 2937 1958 2998 est,
1986 2928 2328 3001 pauperibus
2377 2925 2584 2984 Christi
2615 2934 2808 2983 contra
2840 2939 2935 2982 eos
2964 2920 3350 2980 resistentibus
3394 2925 3451 2975 et

180 3019 345 3075 dictam
375 3021 662 3092 impiorum
685 3061 704 3090 ,
748 3021 1066 3095 exemplum
1110 3021 1364 3080 videlicet
1402 3031 1746 3092 peccatorum
1850 3024 1920 3080 ad
1951 3023 2123 3080 Deum
2153 3021 2550 3079 clamantibus.

178 3105 429 3166 hominum
459 3111 865 3182 pertimescens
885 3155 900 3180 ,
937 3128 1124 3166 manus
1153 3129 1275 3168 suas
1313 3111 1505 3168 lauabit
1532 3114 1590 3168 in
1620 3131 1746 3170 san-

176 3202 306 3273 quine
329 3204 640 3276 peccatoris.
685 3203 800 3260 Hoc
839 3205 1002 3276 igitur
1041 3206 1208 3262 modo
1251 3207 1618 3264 turbabuntur
1647 3224 1741 3279 po-
1775 3209 1822 3274 C

175 3293 302 3364 puli,
344 3311 446 3368 qua
478 3297 901 3368 perturbatione
927 3307 1133 3355 terram
1159 3299 1482 3357 sensibilem
1515 3303 1749 3374 legimus

176 3389 530 3446 conturbatum
569 3406 584 3446 :
623 3390 767 3447 sicut
808 3391 1074 3463 propheta
1105 3393 1182 3450 ait
1211 3393 1279 3450 ad
1310 3395 1477 3452 Deum
1527 3413 1543 3451 :
1590 3395 1748 3454 Com-

173 3484 353 3539 movisti
379 3496 601 3550 terram.
634 3494 683 3542 et
707 3487 1032 3543 conturbasti
1060 3506 1172 3544 eam
1203 3506 1222 3546 :
1247 3507 1378 3547 sana
1406 3494 1748 3550 contritiones

175 3575 269 3646 ejus
292 3577 412 3648 quia
435 3586 587 3633 mota
613 3587 713 3634 est.
759 3578 853 3636 Sic
893 3581 1038 3637 enim
1075 3582 1230 3653 quasi
1253 3582 1386 3639 boui
1417 3584 1657 3642 viatores
1682 3587 1752 3644 ad

173 3666 382 3725 futurum
411 3672 683 3728 saeculum
711 3673 1168 3744 pertransibunt,
1199 3675 1292 3732 ubi
1326 3677 1482 3734 locus
1511 3694 1617 3736 non
1647 3681 1752 3737 erit

175 3759 320 3830 impio
351 3780 365 3819 :
394 3764 566 3822 aliter
593 3766 804 3822 nullum
835 3765 1059 3824 habebit
1088 3766 1420 3840 adjutorium
1453 3770 1747 3840 violentus,

173 3867 264 3925 quo
281 3855 501 3914 defendi
535 3857 623 3914 vel
665 3860 783 3916 erui
810 3860 986 3932 possit
1003 3875 1034 3916 a
1059 3863 1505 3935 pertrahentibus
1533 3881 1657 3922 eum
1680 3867 1751 3923 ad

172 3951 471 4018 supplicium
498 3955 720 4012 mortis.

231 4043 279 4100 Ν
282 4064 344 4102 οη
367 4057 492 4103 sunt
516 4051 764 4118 tenebra,
787 4058 960 4107 etnon
985 4059 1063 4108 est
1092 4053 1276 4109 umbra
1302 4057 1482 4112 mortis
1505 4074 1525 4113 :
1550 4068 1605 4113 ut
1631 4061 1754 4114 abs-

176 4134 456 4194 condantur.
485 4137 562 4191 ibi
598 4138 688 4209 qui
717 4147 1002 4208 operantur
1029 4140 1376 4210 iniquitatctn.
1411 4145 1539 4202 Sive
1570 4158 1626 4202 ttt
1656 4148 1753 4206 alii

168 4223 402 4286 dixerunt
433 4231 487 4286 in
523 4230 633 4288 ﬁne
665 4231 824 4303 hujus
848 4235 1103 4290 versiculi
1132 4277 1147 4301 ,
1193 4247 1253 4292 ut
1283 4237 1500 4296 latitent
1545 4242 1634 4312 qui
1667 4242 1753 4297 fa-

169 4320 300 4378 ciunt
323 4323 697 4396 iniquitatem.
735 4327 896 4397 Quod
941 4339 1229 4402 utrumque
1270 4334 1576 4391 secundum
1621 4336 1750 4394 illud

1858 3168 1868 3177 ”
1925 3162 2054 3236 Ipso
2084 3163 2219 3219 enim
2245 3163 2554 3218 concedente
2581 3177 2760 3235 pacem
2781 3201 2796 3227 ,
2827 3158 2943 3230 quis
2973 3164 3044 3212 est
3073 3156 3162 3228 qtti
3187 3153 3436 3210 condem-

1853 3259 1975 3313 net?
2002 3257 2279 3328 Propheta
2320 3257 2394 3311 ait
2423 3255 2492 3311 ad
2524 3254 2786 3327 populum
2820 3271 2834 3310 :
2883 3252 3044 3306 Orate
3073 3267 3167 3322 pro
3195 3248 3296 3303 vita
3331 3245 3444 3301 Na-

1851 3350 2270 3421 buchodonosor,
2303 3357 2360 3404 ut
2382 3347 2526 3403 illius
2552 3362 2681 3421 pace
2702 3346 2769 3402 sit
2792 3361 2897 3416 patc
2916 3343 3079 3399 vobis.
3105 3343 3236 3399 Sive
3259 3352 3449 3412 pacem

1853 3441 2118 3502 Ecclesiae
2145 3485 2161 3513 ,
2207 3452 2264 3500 et
2302 3443 2539 3512 quietem
2593 3444 2712 3512 ipse
2754 3437 3043 3505 concedit,
3085 3433 3308 3507 quando
3333 3446 3443 3488 non

1853 3547 2084 3612 surgunt
2118 3538 2384 3594 adversus
2425 3552 2546 3593 eam
2588 3549 2787 3609 pugnat
2823 3532 3305 3606 persecutionum,
3336 3528 3453 3584 sive

1852 3631 2071 3704 quando
2091 3629 2478 3687 haereticorum
2503 3629 2656 3697 lites,
2677 3639 2732 3685 et
2754 3626 3015 3683 scandala
3035 3621 3453 3696 conquiescunt.

1851 3724 1966 3783 Nec
1993 3742 2102 3781 non
2132 3732 2327 3781 contra
2358 3724 2616 3780 vitiorum
2647 3722 2792 3779 bella
2813 3763 2830 3787 ,
2870 3719 3075 3793 quietis
3110 3728 3166 3776 et
3192 3717 3342 3789 pacis
3383 3715 3458 3770 si-

1855 3819 2084 3875 lentium
2129 3819 2248 3890 ipse
2277 3817 2448 3874 donat
2481 3835 2496 3873 :
2540 3815 2764 3890 quando
2794 3815 3027 3872 devictis
3053 3812 3135 3868 eis
3162 3857 3176 3881 ,
3223 3819 3280 3867 et
3309 3807 3460 3864 velut

1856 3911 2143 3968 acerrimis
2176 3910 2430 3966 hostibus
2461 3907 2832 3980 expugnatis,
2881 3922 2984 3978 pax
3029 3906 3091 3961 ﬁt
3135 3904 3189 3959 in
3234 3900 3458 3959 homine

1854 4019 2068 4061 summa
2099 4005 2386 4061 virtutum.
2427 4003 2584 4074 Quod
2614 4012 2795 4060 autem
2826 4000 2904 4058 ait
2931 4017 2947 4056 :

1927 4120 2013 4178 Ea:
2037 4138 2138 4194 quo
2165 4121 2493 4176 absconderit
2515 4120 2714 4174 vultum
2734 4160 2749 4186 ,
2777 4118 2893 4189 quis
2917 4124 2993 4173 est
3018 4115 3106 4188 qui
3141 4111 3457 4182 contemple-

1856 4227 1939 4275 tur
1968 4235 2085 4273 eum
2111 4219 2136 4273 Ρ
2176 4214 2244 4270 Ει
2282 4233 2438 4289 super
2467 4224 2640 4287 gentes
2669 4256 2685 4283 ,
2729 4222 2779 4268 et
2806 4229 2958 4285 super
2990 4225 3166 4266 omnes
3195 4207 3455 4264 homines.

1856 4313 1971 4370 Hoc
2000 4324 2104 4383 est,
2132 4312 2279 4384 quod
2309 4309 2415 4366 nisi
2438 4310 2555 4380 ipse
2576 4309 2835 4380 dignatus
2858 4306 3027 4364 fuerit
3049 4320 3110 4362 se
3132 4302 3343 4360 homini
3369 4316 3459 4356 re—

167 4394 456 4474 Psslmistte
483 4433 712 4476 sensum
735 4394 841 4487 eSt,
869 4421 942 4477 ita
964 4394 1231 4480 dicent-is:
1264 4425 1379 4493 Quo
1400 4427 1483 4483 ibo
1505 4445 1536 4483 a
1559 4429 1752 4502 spiritu
1855 4407 2038 4464 “iam
2073 4423 2086 4460 ³
2119 4406 2242 4477 ειυῖε
2272 4412 2357 4461 εει
2379 4404 2471 4477 (ιιιί
2500 4403 2672 4476 Ροεδῖι
2693 4416 2824 4458 eum
2855 4399 2973 4502 ειξίε
2991 4399 3200 4502 νηίδα-ε
3228 4394 3454 4502 intueri.

166 4514 268 4571 tuo.
295 4518 342 4563 et
370 4527 403 4566 a
434 4512 576 4584 facie
600 4520 691 4567 tua
721 4529 822 4586 quo
841 4514 1088 4586 ‘fngiam?
1270 4488 1304 4493 Ἰ
1588 4488 1599 4502 ’
1854 4500 1945 4557 vel
1971 4498 2372 4572 perscrutanda
2403 4499 2470 4554 ad
2503 4497 2842 4570 maiestatem
2865 4493 2984 4566 ejus
3007 4488 3310 4548 accedere?

224 4598 402 4675 Neque
431 4605 577 4660 enim
602 4605 744 4660 ultra
764 4606 820 4660 in
845 4605 1074 4663 hominis
1097 4617 1348 4682 potestate
1371 4619 1468 4676 est,
1499 4622 1555 4667 ut
1582 4614 1753 4670 veniat
1780 4617 1832 4679 D
1933 4617 2036 4686 Qui
2061 4632 2277 4688 regnare
2307 4615 2434 4686 facit
2461 4613 2721 4669 hominem
2752 4609 3077 4682 hypocritnm
3101 4613 3316 4680 propter
3338 4619 3459 4677 pec-

163 4696 221 4749 ad
239 4695 403 4754 Deum
432 4701 491 4756 in
509 4701 801 4778 judicium.
835 4701 891 4758 ld
912 4712 1017 4770 est,
1045 4705 1091 4760 si
1116 4705 1379 4763 habuerit
1400 4707 1452 4764 in
1476 4719 1754 4780 potestate
1859 4723 1976 4769 cata
1999 4712 2199 4786 populi.
2232 4710 2389 4780 Quod
2421 4709 2721 4766 manifeste
2752 4706 2804 4761 in
2829 4705 2993 4763 Saule
3023 4717 3152 4776 rege
3183 4700 3457 4772 apparuit,

163 4794 434 4864 υίνθηίθῑν
465 4804 655 4868 Ρθίεεί
686 4796 889 4854 habere
921 4806 980 4852 ιη
1006 4814 1114 4854 ηοη
1146 4801 1352 4857 veni-1!-
1863 4816 1921 4865 et
1943 4808 2089 4863 sicut
2111 4805 2372 4862 Dominus
2396 4803 2474 4860 ait
2500 4803 2785 4874 :Auferam
2807 4800 2872 4856 de
2891 4799 3184 4856 Jerusalem
3200 4796 3456 4869 judicetn,

222 4885 462 4944 Conteret
494 4889 686 4944 multos
712 4932 727 4954 ,
767 4898 817 4944 et
854 4890 1258 4948 innumerabiles
1281 4934 1296 4958 ,
1340 4903 1389 4948 et
1429 4903 1574 4950 stare
1600 4897 1756 4968 faciet
1859 4912 1908 4958 et
1937 4899 2266 4974 prophetam,
2298 4906 2346 4954 et
2373 4899 2689 4967 sapientem,
2724 4905 2772 4950 et
2801 4892 3163 4950 consiliarium
3198 4907 3217 4946 :
3247 4896 3296 4944 et
3325 4887 3459 4942 dabo

158 4981 276 5039 alios
300 5001 396 5054 pro
424 4985 527 5039 eis.
562 4983 632 5040 Ut
658 4983 728 5040 de
755 4983 876 5039 Heli
907 4986 1195 5042 sacerdote
1223 4997 1280 5044 et
1311 4988 1591 5062 Samuele,
1619 4990 1751 5048 Saul
1857 5011 2048 5070 pueros
2075 4994 2334 5067 principes
2358 5008 2540 5047 eorum
2571 5032 2586 5058 ,
2633 4999 2681 5044 et
2725 4987 3014 5056 effeminati
3055 4982 3460 5040 dominabuntur

159 5086 208 5132 et
228 5079 413 5149 David,
444 5077 769 5134 Iudaeorum
793 5079 993 5149 populo
1017 5089 1071 5134 et
1097 5079 1362 5151 gentiun‘t.
1860 5089 1954 5144 eis.
2003 5087 2072 5143 Et
2118 5083 2629 5141 Nabuchodonosor
2660 5081 2808 5152 juSto
2846 5079 3054 5151 judicio
3086 5075 3181 5133 Dei
3211 5118 3226 5141 ,
3279 5072 3451 5128 multa

220 5169 714 5242 Nouitenimopera
740 5189 938 5239 eorum,
955 5183 1001 5228 et
1022 5173 1216 5229 idcirco
1232 5175 1439 5230 inducet
1463 5187 1756 5246 noctem,et
1859 5195 2028 5254 regna
2057 5225 2072 5248 ,
2127 5187 2185 5235 et
2224 5177 2494 5249 plurimas
2535 5175 2792 5231 nationes
2832 5174 3064 5243 accepit.
3115 5169 3349 5234 Potest,
3405 5176 3462 5222 et

161 5276 507 5322 conterentur.
541 5266 704 5332 Quasi
732 5267 918 5337 impios
958 5269 1210 5335 percussit
1239 5285 1325 5323 eos
1353 5271 1406 5323 in
1438 5271 1548 5325 loco
1579 5272 1757 5327 viden-
1859 5274 2110 5330 diabolus
2155 5273 2316 5326 homo
2358 5270 2469 5326 iste
2511 5266 2736 5340 intelligi
2767 5312 2782 5337 ,
2815 5267 2929 5338 qui,
2959 5263 3172 5337 perdita
3204 5261 3458 5334 angelica

157 5358 294 5416 tium.
320 5360 436 5417 Sub
462 5359 550 5415 his
571 5375 789 5430 quoque
819 5359 999 5415 verbis
1029 5360 1182 5415 lleliu
1215 5361 1557 5432 signiﬁcasse
1581 5365 1757 5434 potuit
1863 5365 2154 5438 dignitate,
2191 5362 2429 5420 hominis
2461 5377 2662 5419 nomen
2691 5361 2917 5416 sortitus
2947 5367 3035 5415 est
3065 5375 3080 5414 :
3107 5357 3176 5414 de
3210 5373 3319 5428 quo
3355 5355 3460 5411 Do-

155 5452 220 5507 ob
243 5454 439 5508 merita
463 5469 563 5508 sua
586 5452 808 5509 Judaros
831 5467 990 5508 nocte
1014 5453 1348 5510 inﬁdelitatis
1371 5457 1749 5522 exotecantlos,
1862 5463 2044 5517 minus
2085 5461 2164 5516 ait
2207 5461 2261 5514 in
2300 5457 2599 5527 Evangelio
2653 5475 2667 5513 :
2715 5455 2970 5511 Inimicus
3003 5454 3154 5509 homo
3187 5452 3283 5506 hoc
3315 5452 3454 5522 fecit.

157 5555 207 5603 ut
225 5547 1055 5615 conteranturethumilientur,
1078 5550 1220 5603 sicut
1242 5552 1501 5620 pr0pbeta
1529 5561 1581 5607 et
1609 5549 1754 5620 Apo-
1863 5555 2158 5630 Ilypocrita
2189 5569 2321 5610 vero
2364 5563 2419 5608 et
2457 5552 2746 5608 simulator
2794 5549 2919 5606 ideo
2970 5560 3056 5605 est
3098 5547 3404 5620 appellatus
3432 5586 3449 5614 ,

155 5641 318 5698 stolus
347 5643 426 5698 ait
453 5659 472 5698 :
509 5641 660 5697 Dedit
692 5639 800 5695 illis
832 5640 970 5696 Deus
995 5642 1238 5714 spiritum
1273 5643 1702 5716 compunctionis.
1856 5652 2116 5723 quoniam
2151 5649 2503 5719 transﬁgurat
2528 5662 2587 5702 se
2619 5646 2672 5700 in
2700 5644 2951 5716 angelum
2981 5643 3114 5699 lucis
3139 5661 3152 5697 :
3179 5656 3302 5697 cum
3331 5642 3449 5712 ipse

221 5736 321 5804 Qui
351 5753 512 5810 quam
543 5738 606 5792 de
635 5737 895 5791 ίηάυεινία
930 5747 1247 5792 recesserunt
1277 5737 1340 5792 ab
1373 5754 1430 5792 eo
1455 5783 1468 5807 ,
1499 5748 1547 5792 et
1579 5755 1754 5794 omnes
1857 5745 2037 5818 potius
2067 5750 2257 5798 auctor
2279 5743 2350 5797 sit
2379 5740 2749 5806 tenebrarum,
2773 5736 2828 5794 id
2850 5745 2956 5809 est,
2980 5735 3223 5794 omnium
3253 5733 3442 5792 crimi-

151 5829 256 5886 vias
283 5834 400 5906 ejus
425 5829 725 5906 intelligere
754 5829 1032 5888 noluerunt
1057 5873 1072 5901 ,
1114 5841 1171 5888 ut
1208 5833 1472 5906 pervenire
1517 5835 1747 5910 facerent
1854 5853 1985 5898 num
2011 5844 2067 5895 et
2094 5844 2448 5911 peccatorum
2479 5834 2754 5893 inventor.
