3948 6334
1262 246 1460 293 rei!
1562 240 1668 275 ’⁸⁵

337 278 451 393 ist,
540 390 733 414 _

1066 392 1085 407 ,η
1128 248 1481 417 aequum;
1519 320 1613 381 AD
1650 319 1894 381 TOMUM
1934 248 2291 405 summai!
2329 320 2387 393 s.
2428 252 2881 385 manorum“
2956 364 2965 377 .
3018 374 3039 395 η

3546 226 3664 257 ,ΓΞ-’⁵

3562 311 3685 379 7δὲ

2448 234 2599 281 "an.
2646 232 2775 283 rem

422 440 563 511 Quia
584 402 821 515 ego
842 402 1052 507 laetatus
1072 455 1189 497 sum
1208 412 1278 497 ad
1301 437 1470 501 Deum
1496 453 1516 495 :
1547 446 1594 495 te
1612 453 1815 510 quoque
1835 452 1947 499 non
1975 437 2024 496 A
2052 447 2397 507 peccatorum
2428 447 2640 494 tuorum
2667 435 2858 495 ulcisci
2884 445 2939 494 te
2964 434 3218 506 voluerit,
3253 432 3530 509 numquid
3565 448 3680 507 po-

346 536 655 613 prohibebo.
681 535 881 609 ,Quasi-
903 534 960 591 in
992 532 1599 605 judiciqmonsﬁtutum
1627 573 1643 599 ,
1691 530 1953 603 permittit

352 648 480 699 eum
513 630 848 703 interloqui,
880 638 941 686 ut
965 629 1013 686 si
1036 627 1170 701 quid
1204 628 1345 685 forte
1376 627 1482 684 sibi
1513 636 1598 685 est
1618 624 1911 682 dicendum
1936 665 1953 692 ,

356 742 471 785 non
503 734 702 787 taceat.
754 764 758 771 η
1002 786 1009 791 ι
1270 762 1273 765 -
1518 772 1519 775 η

425 821 487 879 Si
515 821 719 889 erravi,
752 819 959 881 tudoce
980 835 1082 875 me.
1109 818 1173 879 Si
1210 819 1538 890 iniquitatem
1566 818 1768 874 loculus
1796 833 1911 871 sum
1935 859 1951 886 ,

351 915 499 972 ultra
527 932 631 971 non
653 914 879 973 addam”
903 915 961 973 Id
991 922 1098 981 est,
1133 929 1243 973 non
1273 914 1485 986 loquar.
1656 960 1659 967 .
1784 948 1789 961 ι
1933 940 1943 969 i

427 1007 703 1080 Numquid
712 1024 754 1071 ,α
779 1019 827 1063 te
846 1005 989 1065 Deus
1010 1008 1358 1081 expetiteam,
1391 1006 1516 1077 quia
1536 1005 1807 1079 displicuit
1827 1003 1958 1061 tibi?

355 1100 442 1157 Tu
472 1102 609 1158 enim
638 1101 837 1175 ccepiin
862 1101 1028 1172 loqui,
1060 1110 1108 1157 et
1136 1116 1239 1157 non
1271 1117 1386 1175 ego.
1421 1101 1574 1168 Quod
1602 1100 1647 1154 si
1671 1098 1796 1172 quid
1822 1099 1958 1153 nosti

357 1196 565 1264 melius,
597 1195 823 1268 loquere.
850 1194 932 1252 Tu
961 1194 1149 1252 dixisti
1175 1194 1317 1266 quod
1346 1194 1569 1266 iniquus
1600 1202 1746 1253 esset
1776 1192 1955 1249 Deus:

356 1289 595 1359 quiaate
619 1290 990 1361 iniquitatem,
1015 1298 1067 1344 et
1090 1288 1587 1360 injustitiamvita.
1612 1286 1815 1357 injuste
1840 1301 1962 1345 cor.-

358 1384 613 1453 reptionc
639 1383 909 1455 exigeret,
931 1384 1016 1442 cui
1043 1398 1275 1440 necesse
1294 1390 1447 1440 esset
1464 1382 1672 1452 injuste
1693 1380 1957 1437 afﬂictum

362 1486 555 1532 contra
586 1491 713 1535 eum
741 1477 890 1549 loqui
918 1475 1157 1547 injuste,
1189 1485 1246 1533 et
1270 1476 1341 1534 ob
1371 1478 1500 1542 hoc,
1534 1475 1732 1547 inquit,
1764 1474 1962 1547 displi-

359 1570 475 1629 cuit
507 1570 602 1626 tibi
638 1570 785 1628 Deus
813 1570 945 1628 dum
978 1570 1095 1642 eius
1120 1570 1427 1642 justitiam,
1454 1584 1577 1642 aqua
1604 1577 1657 1625 te
1688 1568 1842 1641 punit
1873 1568 1959 1624 in-

360 1672 599 1731 sontem,
630 1681 737 1720 non
766 1665 846 1722 vis
874 1680 1063 1722 veram
1085 1679 1209 1723 esse
1234 1664 1535 1735 jumitiam.

445 1754 557 1811 Viri
581 1757 925 1829 iutelligentes
953 1757 1234 1828 loquantur
1256 1756 1417 1823 mihi,
1449 1755 1608 1811 etvir
1629 1754 1839 1824 sapiens
1864 1770 1961 1807 au-

363 1851 477 1909 diat
505 1868 605 1909 me.
635 1851 796 1911 Helia
820 1859 1075 1907 sanctum
1105 1851 1209 1908 Job
1235 1849 1571 1921 despiciens,
1602 1849 1879 1906 convertit
1903 1864 1963 1904 se
1993 1835 2040 1896 Β

364 1943 433 2001 ad
464 1958 561 2000 eos
593 1942 685 2014 qui
713 1944 962 2009 cominus
993 1942 1361 2011 assistebant,
1394 1951 1450 1999 et
1475 1942 1548 1999 ita
1582 1941 1651 1998 de
1676 1942 1839 1998 beato
1862 1940 1965 1997 Job

370 2039 597 2097 deﬁnite
626 2040 1017 2113 pronuntians,
1045 2040 1223 2096 aitad
1250 2054 1347 2096 eos
1378 2056 1393 2096 :
1460 2074 1497 2095 .-

438 2130 542 2188 Job
569 2141 747 2191 autem
768 2133 927 2193 stulte
952 2133 1161 2189 locutus
1189 2141 1289 2201 est,
1318 2142 1369 2188 et
1398 2132 1551 2189 verba
1579 2132 1728 2189 illius
1752 2148 1859 2188 non
1882 2149 1967 2188 so-

367 2234 493 2289 nant
522 2225 883 2298 disciplinam.
910 2227 1258 2285 Manifestum
1281 2234 1390 2285 est.
1434 2272 1437 2281 .
1610 2260 1617 2283 ι
1900 2272 1909 2277 .

374 2378 383 2387 ,
443 2319 605 2379 Pater
627 2322 720 2381 mi.
752 2320 895 2388 Quia
915 2322 984 2381 ab
1013 2323 1247 2393 ipsoest
1280 2322 1803 2391 homocreatus,et
1834 2338 1964 2379 con-

376 2412 547 2470 ditus.
575 2414 996 2483 ProbeturJob,
1030 2416 1207 2488 inquit
1234 2416 1389 2473 Heliu
1418 2434 1432 2473 :
1462 2432 1571 2473 non
1601 2417 1964 2484 examinetur,

369 2507 513 2579 quod
546 2508 691 2566 solet
715 2508 786 2564 ad
814 2508 1192 2579 probationem
1221 2508 1547 2571 eruditionis
1573 2507 1795 2566 referri.

449 2601 709 2659 Probetur
736 2602 861 2661 Job.
888 2602 950 2660 ιιι
978 2612 1092 2671 est,
1124 2602 1544 2665 manifesteturt
1577 2602 1864 2674 probatum
1896 2603 1969 2659 sit

374 2697 650 2768 omnibus,
681 2699 1014 2770 cunctisque
1039 2707 1244 2771 pateat,
1274 2697 1378 2755 Job
1404 2698 1579 2769 qualis
1607 2698 1679 2755 sit
1710 2715 1723 2753 :
1750 2707 1878 2755 ante
1911 2708 1964 2754 te

376 2792 659 2862 probetur,
693 2794 953 2865 inquam,
982 2793 1111 2851 Job.
1188 2842 1196 2854 .
1576 2858 1583 2865 δ
1890 2832 1911 2847 κ

452 2884 625 2957 Usque
649 2886 719 2941 ad
746 2887 926 2957 liuent.
969 2884 1056 2941 Ne
1090 2885 1299 2943 desinas
1327 2884 1392 2939 ab
1414 2884 1625 2941 homine
1662 2884 1972 2957 iniquitatis.

374 2976 434 3035 1d
462 2988 567 3046 est,
597 2979 730 3035 insit
760 2980 813 3035 in
835 2979 1126 3052 eojugiler
1147 2981 1303 3052 plaga
1332 2978 1531 3050 ﬂagelli
1554 2979 1717 3050 hujus
1741 2996 1757 3037 :
1801 2995 1975 3051 neque

377 3070 599 3129 desinas
629 3072 878 3146 inﬂigere
907 3089 1099 3144 poenas
1132 3074 1489 3146 operantibus
1517 3075 1879 3144 iniquitatem.

453 3168 557 3234 Qui
584 3168 790 3223 addidit
812 3185 962 3242 super
984 3176 1193 3240 peccata
1222 3185 1317 3223 sua
1341 3167 1730 3239 blasphemiam.
1764 3167 1820 3227 Id
1849 3179 1931 3225 est
1958 3208 1973 3234 ,

381 3275 551 3334 super
572 3263 676 3318 hoc
700 3264 844 3334 quod
872 3231 1130 3333 peccator
1150 3272 1256 3332 est,
1284 3261 1431 3319 addit
1458 3262 1527 3318 ad
1550 3262 1826 3319 cumulum
1850 3278 1976 3334 pec.-
2003 3231 2050 3297 Ο

379 3365 653 3425 calorum,
683 3358 815 3412 utin
839 3357 1194 3427 blasphemiae
1217 3357 1423 3413 crimen
1445 3364 1722 3428 erumpat,
1753 3366 1978 3429 propter

376 3430 524 3520 quod
556 3449 696 3505 mala
726 3448 842 3505 hac
872 3450 1219 3505 cruciatnnm
1252 3449 1509 3505 sustinet.

455 3538 606 3596 Inter
632 3558 723 3596 nos
746 3542 952 3597 interim
982 3542 1395 3616 constringatur,
1424 3551 1471 3596 et
1493 3550 1612 3596 tunc
1632 3540 1700 3594 ad
1714 3541 1979 3613 judicium

386 3642 627 3710 provocet
657 3633 980 3689 sermonibus
1012 3635 1120 3689 suis
1149 3633 1337 3689 Deum.
1381 3632 1793 3689 Condemnetur
1838 3632 1980 3688 inter

382 3742 483 3810 nos
516 3728 766 3797 interim,
801 3744 869 3784 ne
908 3738 962 3785 et
990 3728 1150 3784 nobis
1192 3728 1246 3784 in
1292 3727 1614 3801 iniustitiam
1646 3739 1930 3799 reputelur
1961 3745 1977 3785 :

382 3824 591 3894 absque
611 3821 840 3879 crimine
863 3832 1053 3879 nostro
1075 3823 1200 3893 erit,
1227 3820 1274 3878 si
1299 3821 1647 3894 postmodum
1667 3822 1835 3878 Deum
1859 3837 1983 3894 pro-

382 3933 581 3976 vocare
614 3919 924 3976 tentaverit.
996 3926 1009 3935 ’

933 3988 1165 4047 CAPUT
1203 3987 1430 4046 XXXV.

456 4107 630 4180 igitur
670 4108 833 4165 Heliu
870 4108 983 4165 haec
1007 4125 1214 4164 rursum
1240 4108 1446 4164 loculus
1475 4107 1591 4165 est‘:
1611 4106 1883 4178 Numquid
1894 4125 1985 4165 'az-

382 4219 487 4275 qua
514 4205 718 4260 videtur
743 4205 836 4260 tibi
863 4213 955 4259 tua
985 4204 1233 4277 cogitatio
1253 4248 1269 4273 ,
1304 4212 1361 4259 ut
1385 4204 1583 4262 diceres
1606 4220 1625 4259 :
1643 4205 1846 4277 justior
1872 4201 1984 4260 Deo

380 4298 538 4355 sum?
571 4298 763 4354 Dixisti
787 4299 923 4353 enim
963 4312 982 4353 :
1008 4297 1133 4354 Non
1159 4298 1251 4352 tibi
1279 4297 1450 4371 placet
1472 4298 1611 4369 quod
1637 4310 1837 4353 rectum
1868 4307 1943 4353 est
1963 4342 1977 4367 ,

384 4393 466 4447 vel
488 4391 614 4464 quid
640 4392 732 4446 tibi
760 4392 1014 4463 proderit,
1047 4393 1092 4447 si
1118 4407 1211 4463 ego
1235 4393 1562 4461 peccavero?
1590 4393 1736 4450 Fieri
1766 4402 1982 4465 potest,

386 4487 530 4556 quod
551 4485 618 4541 de
639 4485 984 4542 sermonibus
1006 4483 1099 4541 ubi
1115 4485 1364 4557 asperius
1384 4485 1599 4542 loeutus
1610 4496 1695 4541 est
1710 4486 1775 4541 ad
1794 4488 1983 4555 Deum,

386 4594 550 4651 quam
584 4579 810 4636 forsitan
841 4578 1065 4647 debuit,
1102 4577 1281 4650 aliqua
1308 4578 1440 4634 inde
1464 4578 1558 4635 hic
1588 4579 1744 4641 Heliu
1776 4579 1984 4636 descri-

387 4671 559 4743 pserit
586 4712 601 4735 ,
637 4681 691 4726 et
720 4672 1014 4729 verborum
1041 4685 1268 4728 suorum
1296 4670 1570 4729 invidiose
1606 4671 1763 4743 quasi
1793 4686 1987 4729 sensus

392 4764 537 4820 illius
568 4761 753 4820 dicere
784 4763 1038 4822 voluerit.
1616 4814 1621 4819 .

464 4857 656 4929 Itaque
682 4873 779 4928 ego
805 4856 1125 4928 respondebo
1154 4858 1476 4925 sermonibus
1515 4860 1618 4917 tuis
1642 4903 1657 4929 ,
1708 4867 1763 4914 et
1805 4860 1987 4915 amicis

396 4954 498 5009 tuis
528 4962 716 5011 tecum.
759 4951 867 5010 Pro
907 4966 974 5009 eo
1014 4953 1159 5026 quod
1195 4969 1303 5010 non
1342 4963 1634 5027 potuerunt
1661 4955 1712 5012 ei
1746 4955 1989 5012 rationa-

391 5045 573 5103 biliter
600 5045 961 5117 respondere.

464 5141 685 5214 Suspice
708 5139 780 5199 ad
805 5141 1029 5208 calum,
1070 5151 1128 5197 et
1169 5141 1371 5197 intuere
1414 5143 1461 5197 ei
1486 5185 1502 5211 ,
1548 5152 1601 5198 et
1642 5143 1991 5215 contemplare

387 5233 600 5301 (ethera,
633 5232 775 5306 quod
794 5231 950 5289 altior
982 5242 1032 5291 te
1058 5232 1149 5289 sit.
1191 5233 1248 5290 Id
1279 5245 1385 5302 est,
1419 5236 1505 5291 cui
1530 5244 1584 5292 te
1609 5251 1829 5307 aequare
1852 5252 1993 5309 prae-

394 5327 611 5382 sumis?
652 5327 766 5384 Hoc
795 5327 873 5383 ait
903 5325 1097 5395 lleliu,
1128 5326 1222 5399 qui
1255 5327 1429 5384 Deum
1460 5328 1831 5399 corporaliter
1855 5312 1991 5387 locis

400 5419 669 5476 contineri
699 5418 1074 5479 arbitrabatur
1102 5436 1116 5476 :
1146 5420 1378 5490 quodin
1408 5420 1641 5477 excelsis
1669 5429 1883 5479 tantum
1913 5434 1994 5479 at-

398 5528 502 5583 que
538 5515 587 5567 in
617 5512 936 5571 sublimibus
962 5513 1103 5569 Deus
1130 5513 1395 5570 Dominus
1421 5521 1812 5570 commoretur.
1877 5566 1883 5575 ,

470 5603 706 5659 Proinde
729 5608 771 5660 si
800 5609 1107 5676 peccaveris,
1137 5609 1264 5680 quid
1292 5610 1338 5664 ei
1369 5609 1615 5666 nocebis?
1646 5609 1712 5665 Et
1745 5610 1792 5665 si
1821 5610 1995 5666 multi-

401 5699 603 5768 plicata:
624 5699 816 5768 fuerint
839 5701 1134 5772 iniquitates
1157 5711 1280 5765 tuae.
1310 5702 1435 5774 quid
1459 5705 1615 5776 [acies
1639 5714 1823 5760 contra
1848 5706 2000 5762 eum?

402 5793 556 5861 Quod
584 5795 656 5848 ita
677 5794 882 5850 dixisse
905 5796 1041 5851 mihi
1062 5795 1301 5870 videtur,
1323 5815 1432 5855 non
1453 5800 1620 5868 enim,
1640 5807 1998 5870 tepeccante,

414 5891 531 5950 Deo
557 5893 738 5950 damni
770 5893 975 5967 aliquid
1007 5895 1284 5956 infertur:
1314 5907 1404 5955 aut
1442 5898 1486 5954 si
1528 5912 1630 5970 pro
1654 5894 2004 5957 multitudine

2053 531 2189 587 teris
2231 532 2281 588 ei
2309 533 2640 605 contraire?
2898 560 2945 583 «ιε
3004 556 3045 589 .;
3096 556 3142 583 .t
3326 556 3367 583 ε.
3416 564 3423 583 ι
3472 544 3543 579 μί

2054 670 2058 679 .
2129 623 2314 686 Porro.
2335 625 2378 681 si
2398 626 2544 698 juste
2579 625 2751 699 egeris
2773 666 2790 693 ,
2829 624 2963 695 quid
2996 623 3586 697 donabisutautnquid.‘
3606 622 3685 683 de

2052 735 2216 775 manu
2241 729 2332 775 tua
2353 720 2571 791 accipiet
2589 719 2616 775 .9
2642 719 2784 777 Hinc
2804 719 2975 777 David
3004 717 3163 790 dicit,
3196 720 3461 793 quoniam
3485 718 3687 775 bono-

2055 831 2181 872 rum
2209 831 2455 873 meorum
2485 831 2595 873 non
2628 832 2781 889 eges.
3018 842 3023 853 '
3068 856 3075 867 ι
3312 864 3317 868 .

2056 948 2073 954 -
2122 908 2349 965 Homini
2372 909 2463 982 qui
2491 908 2679 964 similis
2705 909 2781 964 tui
2807 908 3149 978 est,~nocebit
3178 907 3423 978 impietas
3446 914 3609 971 duo;
3632 913 3690 960 α

2059 1000 2232 1070 ﬁlium
2260 1000 2484 1057 hominis
2508 1001 2784 1075 adjuuabit
2800 1002 3017 1074 justitia
3048 1012 3162 1057 tua.
3198 998 3261 1056 Id
3291 996 3693 1067 est-,.:humiui

2060 1108 2259 1151 nocere
2300 1095 2505 1167 poterit
2542 1096 2802 1167 impietas
2841 1104 2934 1152 tua
2963 1137 2981 1162 ,
3030 1096 3078 1153 si
3125 1095 3597 1165 maleagentem
3622 1098 3697 1148 te

2060 1188 2346 1245 aemulatus
2376 1187 2576 1245 fuerit:
2606 1188 3065 1261 quemadmodum
3094 1189 3267 1245 tilium
3292 1184 3699 1257 hami-irin-

2060 1281 2206 1344 stitia
2237 1293 2328 1340 tua
2357 1284 2653 1357 adjuvabit,
2688 1284 2735 1341 si
2765 1286 2880 1341 vias
2905 1292 3049 1354 tuas,
3076 1297 3204 1341 cum
3235 1292 3387 1341 recte
3415 1279 3684 1351 incedis,

2062 1373 2328 1433 imitetur.

2134 1488 2362 1562 Proptes
2403 1492 2807 1548 multitudinern'
2830 1482 3272 1548 calumniatorum
3313 1487 3699 1556 clamabunt,

2060 1593 2113 1641 et
2133 1586 2408 1658 eju’labunt
2436 1596 2647 1659 propter
2671 1587 2773 1641 vim
2802 1586 3003 1642 brachii
3032 1590 3405 1658 tyrannorum;
3423 1580 3558 1639 Sub
3587 1578 3707 1636 hac

2062 1676 2336 1747 qualitate
2378 1678 2767 1749 disputationis
2802 1692 2946 1746 suae,
2978 1675 3145 1734 Helia
3175 1681 3429 1731 sanctum
3459 1671 3583 1729 Job
3616 1679 3708 1725 ta-

2066 1769 2212 1826 libus
2238 1771 2543 1828 admiscet:
2576 1771 2766 1841 eisque
2787 1771 3020 1828 similem
3043 1770 3274 1840 judicat,
3302 1769 3443 1825 dum
3467 1767 3709 1824 calum-

2069 1864 2321 1920 niatores
2366 1873 2425 1920 et
2474 1872 2737 1937 tyrannos
2762 1906 2778 1932 ,
2820 1864 3039 1934 iniquos
3083 1860 3663 1920 homines-omium
3690 1902 3708 1927 ,

2069 1975 2304 2031 quorum
2333 1962 2658 2028 calumniis,
2689 1970 2745 2017 et
2771 1960 3053 2032 potentia;
3083 1959 3248 2015 homo
3268 1999 3283 2025 ,
3311 1966 3369 2015 et
3392 1957 3565 2014 illius
3600 1955 3710 2011 ho-

2069 2054 2240 2111 minis
2271 2055 2519 2127 oppressi
2556 2054 2967 2126 ingemiscunt.
2996 2054 3063 2109 Et
3100 2045 3712 2124 modospiritualiter

2072 2147 2218 2204 hunc
2241 2148 2540 2216 hominem,
2564 2156 2621 2204 et
2645 2148 2820 2203 tilium
2846 2146 3104 2213 hominis",
3136 2138 3391 2217 populant
3418 2151 3710 2201 sanctum

2070 2255 2179 2297 non
2211 2240 2450 2298 absurde
2482 2241 2753 2297 sentimus
2776 2283 2791 2309 ,
2824 2241 2917 2313 qui
2948 2238 3493 2310 propter'unitatem‘
3516 2235 3716 2291 tutius

2068 2335 2313 2405 corporis
2342 2334 2626 2403 Ecclesiae,
2660 2334 2822 2390 homo
2843 2349 2985 2389 unus
3010 2332 3230 2400 dicitur,
3259 2327 3701 2401 sicutApoStoc

2069 2427 2153 2484 lus
2175 2429 2271 2497 ait,
2287 2438 2340 2483 et
2364 2428 2662 2484 secundum
2687 2427 3033 2484 Psalmistam
3062 2425 3205 2496 ﬁlius
3227 2424 3462 2479 hominis
3479 2423 3708 2494 appeto

2073 2521 2216 2577 latur
2240 2562 2255 2587 ,
2303 2521 2381 2576 ita
2418 2520 2690 2577 dicentem
2722 2539 2737 2576 :
2779 2519 2903 2576 Fiat
2930 2536 3135 2575 manus
3172 2529 3260 2574 tua
3300 2533 3473 2586 super
3510 2516 3714 2571 virum

2073 2613 2302 2670 dexteris
2325 2623 2427 2670 tute
2442 2656 2457 2683 ,
2481 2624 2530 2670 et
2550 2622 2706 2684 super
2733 2615 2900 2682 [ilium
2923 2612 3149 2668 hominis
3169 2607 3714 2682 quem‘eonfirmasti

2073 2707 2184 2761 tibi.
2220 2707 2406 2763 Potest
2433 2707 2533 2763 hoc
2558 2718 2612 2763 et
2638 2705 2709 2762 de
2739 2706 3107 2762 invisibilibus
3135 2703 3367 2760 inimicis
3390 2701 3571 2759 dici”:
3604 2701 3713 2774 qui

2074 2801 2287 2856 occulta
2325 2800 2735 2871 impugnatione
2750 2799 3019 2855 vitiorum
3037 2824 3055 2867 ς
3084 2799 3369 2854 mentibus
3383 2797 3714 2854 deminuam

2076 2901 2207 2948 tur:
2249 2904 2475 2965 propter
2501 2885 2648 2965 quod
2691 2891 3194 2963 ﬁdelesoejulantes
3233 2893 3288 2949 in
3327 2892 3719 2950 orationea'd

2076 2987 2248 3045 Deum
2274 2988 2460 3044 dicunt
2488 3004 2503 3043 :
2527 2987 2692 3060 Eripe
2713 3002 2794 3043 me
2812 2987 2878 3044 de
2890 2986 3129 3043 inimicis
3148 2987 3308 3057 meis,
3339 2983 3499 3042 Deus
3519 2970 3714 3069 risus.

2152 3082 2217 3136 Et
2247 3099 2350 3138 non
2374 3084 2525 3138 dixit.
2549 3082 2779 3151 Quando
2804 3085 2993 3155 utique
3017 3078 3329 3161 afﬂigebant
3354 3078 3715 3153 praedictos,

2079 3191 2218 3247 quos
2246 3177 2349 3232 sibi
2380 3191 2478 3247 per
2507 3177 2751 3247 iniquam
2778 3174 3205 3232 dominationem
3228 3218 3244 3240 ,
3287 3174 3401 3230 Deo
3448 3171 3721 3245 permit.

2081 3280 2234 3329 tento
2257 3313 2271 3339 ,
2320 3271 2651 3344 subegerant
2691 3288 2709 3326 :
2740 3273 2813 3327 ita
2844 3280 2901 3327 ut
2931 3269 2985 3325 hi
3017 3267 3121 3326 sub
3153 3275 3302 3324 tanta
3348 3267 3721 3325 necessitate

2079 3379 2459 3437 pressurarum
2482 3365 2640 3435 positi
2664 3364 2954 3435 ejularent,
2978 3372 3033 3417 et
3056 3360 3679 3435 clamarent'a'djbeum
3696 3374 3719 3417 ε

2080 3456 2161 3512 illi
2200 3473 2309 3512 non
2349 3456 2696 3514 intenderunt
2734 3453 2917 3510 animo
2939 3482 2973 3524 ,ε
3006 3467 3182 3525 neque
3226 3451 3613 3509 it‘t‘teuderunt
3658 3452 3721 3510 in

2081 3553 2283 3610 coelum
2311 3594 2326 3619 ,
2379 3563 2445 3607 ut
2477 3558 2734 3622 saperent
2772 3548 2923 3619 quod
2956 3549 3070 3605 Deo
3109 3545 3385 3605 conditori
3429 3556 3545 3603 Suo
3581 3544 3721 3603 haec

2082 3646 2266 3702 omnia
2296 3643 2667 3715 displicerent.
2697 3640 3005 3709 Non-dixit,
3038 3642 3283 3714 inquam,
3314 3637 3466 3711 apud
3484 3642 3723 3716 semet-

2084 3740 2254 3813 ipsum
2288 3737 2734 3794 talia‘mnltitudo
2760 3736 3073 3808 iniquorum
3104 3736 3222 3791 sive
3245 3727 3603 3790 daemonum.
3660 3754 3665 3759 ·

2159 3833 2260 3889 Ubi
2299 3843 2372 3888 est
2414 3832 2682 3905 Deusqui
2725 3832 2845 3903 fecit
2873 3846 2953 3887 me
2974 3833 3011 3887 ?.
3036 3831 3125 3903 qui
3168 3829 3312 3885 dedit
3353 3828 3619 3907 carmina
3651 3828 3714 3884 iis

2083 3937 2254 3983 nocte.
2299 3927 2414 3982 Hoc
2451 3927 2525 3981 ait
2558 3924 2739 3981 Heliu.
2785 3925 2923 3982 Cum
2966 3920 3395 3997 ergo-justos‘et
3422 3932 3599 3980 recte
3628 3920 3727 3980 vi-

2084 4030 2276 4077 ventes
2306 4036 2337 4076 a
2369 4035 2533 4091 supra
2558 4019 2731 4075 dictis-
2747 4019 2895 4075 Deus
2922 4017 3172 4075 tribulari
3202 4015 3500 4088 permittat
3525 4032 3545 4069 :
3572 4031 3728 4074 con-

2085 4114 2411 4172 solationem
2445 4123 2626 4169 tamen
2658 4113 2740 4168 eis
2766 4112 3016 4169 in‘nocte
3044 4108 3460 4189 tribulationum
3492 4123 3729 4166 conce-

2088 4208 2190 4265 dit.
2224 4208 2338 4264 Nox
2370 4209 2513 4265 enim
2537 4207 2651 4278 ipsa
2683 4206 2965 4263 tribulatio
2990 4202 3332 4277 intelligitur,
3362 4203 3707 4261 secundum

2088 4302 2218 4359 illud
2246 4300 2551 4360 Psalmistae
2576 4316 2595 4355 :
2620 4298 2863 4355 Probasti
2880 4316 2977 4353 δεον
2996 4304 3247 4353 meumst
3271 4294 3503 4373 visitasti
3533 4313 3640 4352 me
3664 4299 3727 4353 iu

2088 4405 2275 4463 nocte;
2329 4394 2475 4450 sicut
2518 4400 2577 4449 et
2619 4393 2949 4464 prosperitas
2980 4390 3275 4461 aliquando
3312 4388 3433 4445 dies
3460 4386 3728 4458 dicitur,

2089 4487 2349 4560 quoniam
2381 4487 2470 4557 qui
2504 4487 2559 4542 in
2589 4487 2867 4558 prosperis
2891 4493 3013 4552 est,
3055 4482 3215 4557 quasi
3241 4476 3725 4557 quadam‘l‘elici-

2091 4589 2201 4637 tate
2231 4579 2590 4636 illuminatnr.
2640 4577 2795 4634 Unde
2820 4576 2897 4631 ait
2925 4576 2987 4631 in
3013 4576 3225 4647 psalmo‘
3248 4574 3401 4631 :‘Per
3431 4574 3594 4631 diem
3628 4578 3728 4634 sol

2093 4690 2198 4729 non
2223 4685 2337 4729 uret
2364 4682 2444 4742 te,
2489 4687 2652 4744 neque
2678 4671 2803 4727 luna
2838 4674 2929 4743 per
2955 4678 3177 4726 noctem.
3209 4667 3480 4738 Tantam,
3514 4671 3731 4745 inquit

2095 4765 2274 4832 Heliu,
2307 4765 2652 4822 tolerantiam
2679 4762 3135 4835 justi-hominess
3159 4761 3275 4819 Deo
3298 4761 3632 4839 accipiunt,
3660 4774 3735 4823 ut

2094 4861 2257 4917 etiam
2283 4860 2336 4914 in
2359 4868 2518 4915 nocte
2543 4857 2930 4924 tribulationis,
2967 4858 3292 4930 hymnorum
3316 4856 3733 4930 spiritualium

2095 4953 2324 5009 canticis
2341 4952 2699 5009 delectentur.
2715 4948 3158 5023 Canticumiergo
3181 4952 3247 5007 ad
3260 4951 3730 5012 exsultatioheril

2096 5046 2301 5113 cordis,
2333 5046 2421 5101 vel
2448 5045 2682 5101 maxime
2713 5044 2969 5115 pertinet.
2993 5043 3228 5100 Proinde
3250 5042 3735 5109 luec‘ex‘sujtatlo

2096 5138 2168 5197 de
2188 5137 2484 5210 spet‘uturi
2514 5138 2695 5210 gaudii
2727 5137 2966 5193 nascitur
2989 5138 3042 5192 in
3075 5124 3639 5209 eorde'canentium',
3669 5149 3736 5198 et

2097 5234 2302 5291 faciunt
2336 5247 2486 5288 more
2508 5233 2799 5298 viatorumt,
2828 5228 3106 5301 quia'ipsi'
3126 5228 3737 5301 utraviatonese't‘per»

2097 5327 2271 5400 egrini
2302 5334 2584 5383 transeunt
2610 5339 2727 5396 'per
2765 5324 2910 5379 hunc
2937 5323 3227 5389 mundum,‘
3243 5310 3414 5395 qni‘ut
3436 5322 3509 5379 ad
3530 5325 3739 5384 désﬁ-

2098 5431 2283 5477 natum
2319 5420 2423 5476 sibi
2453 5420 2634 5475 locum
2676 5417 2795 5474 sine
2838 5417 3027 5473 labore
3054 5416 3390 5487 perveniant
3417 5412 3737 5482 ,-'csmiéb

2103 5516 2475 5589 fatigationem
2520 5514 2732 5570 itineris
2773 5511 3235 5567 consolanturwac
3276 5510 3605 5568 subierunt.
3659 5512 3736 5572 Et

2097 5610 2251 5681 juxta
2285 5609 2546 5681 ntysticos
2575 5607 2909 5671 intellectus,
2948 5614 3184 5665 noctem.
3216 5612 3498 5660 secretum
3530 5608 3736 5676 quod-

2102 5704 2223 5759 dam
2253 5716 2319 5756 ac
2342 5701 2548 5757 divinae
2578 5697 2964 5769 disputationis
2993 5707 3261 5753 remotum
3293 5696 3586 5754 silentium
3626 5701 3735 5757 ln-

2101 5799 2428 5868 tetligamus,
2463 5794 2758 5866 quodaliis
2782 5793 3007 5851 sacculis
3028 5790 3557 5863 ,'-sictILApostolus
3590 5796 3687 5853 ait
3716 5815 3735 5855 :

2105 5890 2229 5950 Non
2260 5891 2360 5965 fuit
2392 5886 2673 5946 revelatum
2707 5888 2832 5960 ﬁliis
2863 5887 3150 5946 hominum.
3200 5884 3334 5957 Quae
3374 5900 3486 5945 nox
3530 5886 3623 5947 sit
3672 5892 3742 5951 in
