3948 6334
206 365 301 428 735

1037 356 1521 418 COMMENTARII
1563 356 1629 415 IN
1670 350 1936 415 LIBRUM
1976 352 2119 413 JOB.
2160 354 2320 414 CAP.
2362 353 2610 415 XXXVI.

3383 350 3488 427 754

204 489 417 556 quatuor
445 477 658 551 vigilias
686 475 997 543 distributa,
1028 481 1085 530 ut
1111 490 1141 531 a
1167 474 1434 546 principio
1459 452 1645 530 mundi
1668 492 1758 533 us-
1786 474 1841 532 A
1937 470 2094 526 Nunc
2125 472 2268 527 enim
2298 488 2403 526 non
2427 474 2587 545 infert
2610 476 2838 544 furorem
2868 488 3020 526 suum
3051 488 3064 529 :
3090 488 3184 527 nec
3216 458 3484 556 ulciscitur

207 592 300 648 que
334 574 401 631 ad
438 575 713 631 Christum
747 571 1034 628 Dominum
1076 578 1320 626 nostrum
1367 569 1507 626 hanc
1554 580 1767 628 noctem

205 670 457 735 dicamus,
482 676 541 723 ut
560 667 633 722 sit
656 666 827 738 prima
852 664 1033 736 vigilia
1054 664 1228 719 noctis
1251 662 1431 734 hujus,
1458 664 1576 735 ipse
1601 665 1769 720 Adam

203 763 427 835 primus,
460 768 514 815 et
542 772 699 832 pater
727 757 1009 814 hominum
1047 772 1061 811 :
1092 764 1188 828 per
1213 757 1371 827 cujus
1402 754 1769 813 conditionem

200 854 401 928 evigilet
423 854 641 909 animus
673 852 948 908 humanus
969 892 984 919 ,
1014 859 1075 906 ut
1102 849 1288 906 credat
1313 860 1622 907 creatorem
1654 867 1773 907 om-

200 953 331 1013 nium
363 963 549 1006 rerum
579 949 769 1004 Deum.
802 944 1053 1004 Secunda
1079 960 1209 1001 vero
1231 944 1413 1017 vigilia
1439 945 1511 1000 sit
1531 954 1774 1015 tempore

194 1044 314 1114 Noe,
361 1058 469 1116 quo
514 1042 858 1115 naufragium
881 1038 1066 1097 mundi
1090 1039 1292 1095 factum
1316 1038 1406 1105 sit,
1436 1048 1497 1096 ut
1516 1040 1772 1112 evigilent

194 1139 417 1196 homines
440 1179 458 1205 ,
500 1152 571 1194 ne
610 1145 668 1193 et
695 1136 801 1208 ipsi
833 1137 1132 1193 intereant.
1163 1133 1346 1190 Tertia
1375 1142 1556 1190 autem
1588 1135 1768 1207 vigilia

194 1231 345 1291 sancti
375 1214 615 1290 Abrahae
654 1229 992 1303 temporibus
1027 1227 1296 1284 habeatur
1322 1268 1336 1293 ,
1369 1241 1467 1297 per
1493 1243 1651 1297 quem
1680 1242 1773 1283 co-

197 1334 401 1400 gnoscat
428 1325 693 1392 mundus,
721 1320 1179 1397 quemadmodum
1209 1321 1281 1377 sit
1306 1321 1414 1378 llde
1434 1322 1728 1378 vivendum
1753 1367 1767 1391 ,

198 1427 246 1476 et
272 1418 372 1474 Deo
392 1415 745 1490 placendum.
776 1416 978 1486 Quarta
1007 1430 1137 1471 vero
1168 1413 1350 1486 vigilia
1374 1413 1444 1471 sit
1464 1415 1607 1471 circa
1634 1425 1769 1472 tem-

194 1526 304 1584 pora
331 1509 744 1581 prophetarum,
778 1509 869 1581 qui
896 1523 1111 1564 aurorae
1133 1516 1189 1565 et
1216 1507 1405 1563 lumini
1429 1507 1536 1565 diei
1566 1524 1767 1581 appro-

192 1607 480 1681 pinquantis
529 1605 823 1662 viciniores
898 1603 1162 1671 fuerunt,
1218 1602 1417 1675 quique
1470 1604 1524 1658 in
1584 1603 1764 1676 ipsum

190 1700 438 1759 Christum
472 1694 784 1771 proximum
811 1694 917 1755 sibi
938 1697 1083 1754 diem
1122 1712 1263 1768 pene
1293 1696 1523 1753 electam
1549 1708 1762 1754 noctem

190 1792 296 1867 lidei
323 1793 492 1847 oculis
520 1789 900 1848 intendebant.
934 1789 990 1846 In
1017 1788 1120 1846 hac
1147 1788 1314 1860 igitur
1337 1798 1497 1846 nocte
1529 1804 1625 1861 per
1651 1791 1765 1846 sin-
1824 1812 1833 1821 ε

1877 564 2047 619 scelus
2064 564 2507 633 valde.Quoniam
2525 564 2687 635 igitur
2699 563 2889 621 statuit
2902 564 3069 632 diem,
3088 566 3140 620 in
3156 581 3263 636 quo
3277 552 3486 634 iudicet

1877 657 1946 715 de
1982 659 2114 715 orbe
2145 668 2433 724 terrarum,
2468 659 2675 715 idcirco
2704 660 2757 714 in
2783 661 2885 715 hoc
2901 669 3148 729 tempore
3179 659 3480 715 vindictam

1875 750 2109 821 justitia:
2135 767 2247 806 sua:
2276 766 2385 807 non
2420 752 2750 822 generaliter
2777 759 3023 808 exercet.
3058 752 3127 807 Et
3173 752 3277 808 hoc
3304 760 3478 808 totum

1876 845 1932 901 in
1957 844 2441 915 exprobrationem
2472 847 2646 902 sancti
2674 845 2777 902 Job
2804 846 3078 918 loquitur,
3112 864 3274 920 quem
3324 849 3478 905 velut

1874 952 2027 995 reum
2060 939 2347 994 criminum
2400 940 2451 994 iu
2484 941 2586 995 hoc
2616 939 2818 995 malum
2847 955 3156 1011 poenarum,
3208 940 3304 996 Dei
3348 928 3476 997 sen-

1874 1030 2040 1087 tentia
2074 1047 2170 1102 pro
2202 1041 2353 1101 parte
2381 1033 2729 1089 condemnat.
2782 1031 2934 1091 Unde
2973 1033 3168 1089 scribit
3197 1076 3211 1101 ,
3244 1034 3331 1089 cui
3386 1050 3476 1090 re-

1872 1132 2018 1182 stent
2075 1125 2345 1197 plurima,
2393 1141 2515 1199 qua:
2544 1127 2721 1183 adhuc
2768 1128 2843 1184 sit
2880 1127 3225 1199 postmodum
3280 1145 3473 1203 recep-

1873 1227 2051 1277 turus.

1945 1311 2087 1383 Ergo
2107 1311 2209 1367 Job
2237 1317 2434 1383 frustra
2457 1312 2622 1386 aperit
2662 1329 2719 1368 os
2758 1331 2934 1383 suum,
2967 1323 3013 1369 et
3046 1314 3236 1384 absque
3259 1315 3475 1371 scientia

1866 1404 2021 1459 verba
2046 1404 2379 1476 multiplicat.
2405 1405 2563 1461 Juxta
2603 1405 2719 1461 haec
2745 1406 3059 1463 convictum
3089 1418 3337 1463 sanctum
3369 1407 3472 1463 Job

1869 1496 2023 1553 Heliu
2056 1497 2373 1569 arbitratur,
2408 1508 2464 1555 et
2508 1498 2741 1570 quadam
2766 1499 3056 1555 verborum
3087 1501 3299 1556 ratione
3330 1514 3462 1556 con-

1868 1594 2105 1654 clusum.

2405 1667 2638 1726 CAPUT
2680 1668 2928 1725 XXXVI.

1937 1785 2150 1841 Addens
2179 1802 2378 1859 quoque
2414 1785 2571 1841 Helia
2610 1786 2722 1842 lucc
2750 1787 2952 1843 locutus
2975 1770 3054 1843 est
3080 1804 3098 1842 :
3126 1786 3341 1844 Sustine
3392 1803 3476 1844 me

188 1866 288 1958 gnta
330 1894 576 1956 tempora
622 1882 1013 1956 praedictorum
1040 1929 1055 1955 ,
1096 1883 1211 1941 sive
1256 1883 1560 1955 prophetiis
1588 1926 1601 1950 ,
1644 1885 1759 1941 sive
1794 1866 1836 1926 Β
1865 1878 2137 1949 paululum
2163 1889 2215 1935 et
2245 1878 2490 1935 indicabo
2514 1881 2627 1935 tibi.
2654 1880 2840 1935 Adhuc
2868 1882 3003 1937 enim
3034 1881 3196 1937 habeo
3218 1881 3359 1954 quod
3380 1898 3473 1955 pro

188 1975 649 2050 signiﬁcationibus
674 2018 691 2047 ,
734 1975 802 2032 de
838 1975 1060 2033 Christo
1091 1976 1211 2032 laeta
1254 1975 1563 2049 gaudioque
1592 1977 1756 2050 plena

190 2070 525 2142 praenuntiata
555 2078 703 2125 sunt.
740 2069 982 2141 Itemque
1012 2068 1078 2125 ad
1109 2069 1255 2126 illam
1285 2070 1759 2140 comparationem

188 2163 357 2219 latura:
384 2162 744 2220 revelatiouis
771 2162 1004 2218 ﬁliorum
1036 2162 1131 2220 Dei
1157 2205 1171 2230 ,
1204 2163 1293 2218 ubi
1322 2163 1548 2235 gloriam
1572 2163 1761 2222 :eterni

187 2258 311 2315 illius
344 2257 446 2316 diei
476 2258 797 2332 percepturi
837 2267 1003 2327 sunt,
1051 2266 1107 2315 et
1160 2260 1213 2314 in
1243 2275 1301 2315 re
1329 2259 1443 2331 ipsa
1473 2256 1764 2316 beatitudi-

189 2367 292 2408 nem
319 2353 625 2424 possessuri
658 2371 670 2407 :
705 2368 811 2408 nox
844 2361 929 2409 est
956 2367 1201 2423 praesens
1221 2353 1340 2409 ha-c
1367 2353 1500 2421 vita,
1530 2354 1617 2409 cui
1644 2351 1758 2409 fru-

188 2457 289 2506 ctus
314 2448 393 2504 sui
421 2448 474 2503 in
506 2446 750 2504 futurum
781 2445 1087 2504 absconditi
1113 2446 1239 2504 sunt
1264 2491 1281 2518 ,
1329 2458 1384 2504 et
1428 2448 1554 2505 ideo
1584 2447 1762 2504 adhuc

188 2555 277 2596 nos
300 2551 408 2609 est,
441 2539 571 2613 quia
602 2540 842 2598 nondum
865 2539 1017 2598 vides
1038 2541 1184 2613 quod
1208 2557 1417 2613 speras.
1446 2540 1685 2598 Proinde
1706 2541 1759 2597 in

188 2630 272 2694 hac
302 2643 454 2692 nocte
486 2635 935 2707 exspectationis,
969 2634 1152 2707 hymni
1186 2643 1239 2692 et
1266 2635 1472 2691 cantica
1504 2636 1757 2707 Scriptu-

186 2727 344 2786 rarum
373 2728 523 2786 dicta
551 2738 679 2786 sunt
721 2728 881 2785 nobis
904 2772 919 2798 ,
961 2728 1136 2786 donec
1173 2728 1417 2785 discussa
1445 2739 1608 2785 nocte
1640 2728 1761 2786 lidei

188 2819 243 2878 ad
264 2820 398 2879 diem
429 2831 660 2879 aeternae
701 2819 1005 2877 mansionis
1034 2821 1438 2892 perveniamus.

243 2915 336 2982 Qui
357 2902 506 2972 docet
539 2932 637 2971 nos
654 2930 810 2985 super
813 2917 1053 2989 jumenta
1080 2923 1251 2979 terrae,
1271 2923 1319 2969 et
1341 2930 1498 2984 super
1525 2913 1762 2970 uolucres

185 3007 597 3064 relieruditnos.
625 3007 795 3065 Docet
815 3006 868 3062 in
894 3005 1285 3063 communibus
1306 3006 1606 3075 eruditum,
1631 3007 1761 3063 sub-

186 3100 428 3158 tilioribus
455 3119 470 3157 :
502 3092 672 3158 docet
695 3114 804 3157 non
834 3099 1019 3157 solum
1068 3114 1167 3171 per
1194 3108 1402 3156 naturae
1445 3099 1587 3157 dona
1609 3142 1626 3169 ,
1659 3099 1757 3157 sed

182 3193 322 3250 etiam
351 3207 443 3264 per
469 3194 672 3266 gratiae
694 3208 943 3249 munera.
984 3190 1295 3249 Secundum
1327 3194 1592 3266 Iropicum
1622 3208 1756 3251 vero

1864 1970 1975 2026 Deo
1996 1972 2202 2043 loquar.
2230 1971 2289 2028 Id
2319 1982 2405 2029 est
2430 2015 2443 2039 ,
2492 1990 2590 2042 pro
2611 1972 2823 2045 justitia
2857 1983 2911 2031 et
2959 1990 3121 2031 causa
3163 1975 3282 2031 Dei.

1941 2066 2189 2139 Repetam
2211 2068 2481 2123 scientiam
2509 2086 2675 2125 meam
2696 2086 2728 2123 a
2765 2070 3045 2144 principio,
3079 2080 3126 2125 et
3154 2080 3474 2145 aperatoreut

1863 2174 2037 2214 meum
2082 2160 2314 2233 probabo
2334 2164 2563 2236 justum.
2607 2160 2734 2218 Vere
2783 2163 2922 2217 enim
2963 2163 3156 2234 absque
3200 2164 3475 2219 mendacio

1863 2255 2115 2307 sermonis
2144 2255 2276 2322 mei,
2308 2263 2355 2309 et
2386 2256 2613 2327 perfecta
2643 2257 2862 2312 scientia
2909 2258 3209 2329 probabitur
3239 2258 3348 2313 tibi.
3407 2259 3474 2314 Et

1863 2343 1918 2400 in
1951 2346 2051 2401 hoc
2073 2356 2270 2419 quarto
2295 2363 2552 2404 sermone
2579 2365 2703 2416 suo,
2732 2351 2799 2405 de
2822 2349 3092 2420 singulari
3119 2350 3333 2423 justitia
3358 2351 3470 2406 Do-

1864 2440 2020 2507 mini,
2046 2440 2374 2511 profundum
2412 2444 2634 2499 nimium
2655 2488 2669 2512 ,
2719 2453 2774 2501 et
2801 2445 3029 2515 c0pioso
3056 2459 3312 2503 sermone
3344 2463 3469 2518 pro.

1863 2533 2156 2603 sequitur:
2202 2535 2292 2590 ubi
2343 2536 2511 2592 multa
2544 2526 2741 2593 arcana
2785 2537 2843 2594 in
2873 2539 3110 2596 obscuro
3153 2554 3466 2596 sacramen-

1865 2632 2047 2682 torum
2090 2627 2397 2698 recondita,
2447 2638 2502 2685 et
2542 2630 2702 2702 longe
2731 2640 2941 2688 remota
2990 2632 3249 2705 mysteria
3280 2634 3469 2691 dicere

1862 2719 2099 2777 videtur.

1932 2812 2075 2869 Deus
2103 2825 2334 2884 potentes
2378 2835 2483 2874 non
2512 2819 2715 2892 objicit,
2749 2837 2869 2876 cum
2917 2834 2963 2878 et
3014 2822 3124 2897 ipse
3149 2823 3220 2878 sis
3244 2832 3461 2895 potens:

1861 2907 1953 2962 sed
1982 2924 2084 2962 non
2114 2911 2283 2965 salvat
2308 2913 2516 2983 impios.
2554 2914 2682 2969 Hmc
2708 2925 2794 2970 est
2819 2915 3047 2986 iustitiae
3081 2916 3200 2986 ejus
3228 2918 3464 2972 immen-

1861 2998 2022 3091 sitas,
2067 3010 2123 3057 et
2152 3010 2365 3060 naturm
2396 3004 2552 3062 bona:
2604 3006 2882 3077 voluntas,
2934 3018 2995 3064 ut
3041 3008 3171 3064 nulli
3201 3009 3467 3073 invideat,

1859 3095 1983 3165 quia
2021 3110 2184 3152 nemo
2215 3099 2293 3165 ei,
2325 3100 2576 3171 quamvis
2611 3114 2804 3173 potens
2828 3103 2918 3169 sit,
2950 3113 3128 3174 potest
3166 3104 3468 3176 coaequari.

1933 3189 2001 3244 Et
2008 3192 2273 3265 judicium
2297 3196 2616 3269 pauperibus
2643 3197 2843 3253 tribuit.
2864 3197 3027 3254 Juxta
3052 3197 3279 3268 justitia:
3301 3196 3470 3269 acqui-

185 3286 528 3356 intellectum,
568 3287 840 3358 jumenta,
874 3286 1126 3343 homines
1154 3287 1405 3345 carnales
1436 3288 1758 3360 plerumque
1786 3262 1831 3324 ε
1867 3283 1993 3340 tatis
2023 3300 2137 3341 sum
2169 3297 2441 3345 tenorem.
2485 3290 2719 3347 Sanctos
2744 3300 2927 3347 autem
2961 3299 3017 3347 et
3044 3292 3363 3348 innocentes
3388 3292 3470 3346 vi-

184 3378 539 3453 iutelliguntur
562 3423 580 3449 ,
624 3380 713 3452 qui
745 3380 889 3452 gulae
918 3390 975 3437 et
1006 3374 1181 3437 ventri
1212 3424 1227 3449 ,
1257 3391 1312 3438 et
1338 3382 1570 3438 luxuria:
1592 3382 1759 3439 dediti

181 3482 304 3529 sunt.
332 3471 434 3530 Alii
465 3484 659 3531 autem
690 3473 1014 3531 volatilibus
1038 3484 1451 3546 comparantur,
1486 3475 1603 3532 sive
1636 3491 1763 3547 pro-

182 3574 279 3635 pter
305 3566 594 3631 levitatetn
611 3580 824 3623 morum
847 3606 862 3634 ,
891 3567 1008 3622 sive
1039 3575 1263 3639 pr0pter
1285 3568 1621 3639 superbiam,
1654 3584 1758 3640 qua

182 3665 422 3715 tumentes
448 3658 613 3731 quasi
642 3658 699 3714 in
727 3658 895 3714 altum
910 3659 1217 3715 elevantur.
1257 3657 1415 3716 Unde
1442 3658 1583 3715 dicit
1612 3660 1760 3731 Apo-

180 3754 358 3813 stolus:
384 3754 520 3813 Noli
545 3756 715 3812 altum
741 3772 943 3827 sapere.
976 3755 1043 3810 Et
1060 3750 1323 3811 Dominus
1348 3756 1402 3810 in
1426 3755 1754 3827 Evangelio:

185 3848 299 3916 Quia
331 3852 466 3925 quod
520 3860 600 3907 est
643 3854 700 3907 in
746 3850 1044 3906 horninibus
1089 3846 1287 3921 altum,
1337 3850 1652 3907 abominatio
1681 3860 1756 3908 est

180 3952 278 4000 ante
302 3943 487 4001 Deum.
522 3944 659 4004 Nam
692 3946 746 4000 in
789 3942 989 4002 Graeco
1012 3944 1280 4017 superbus
1310 3946 1636 4023 ὑπερηφάνης
1668 3946 1756 4001 di-

178 4034 312 4103 eitur,
351 4037 503 4109 quod
549 4045 638 4093 est
664 4052 818 4111 super
844 4048 1101 4111 apparens
1126 4078 1142 4107 ,
1177 4045 1236 4092 ut
1269 4037 1469 4094 elatam
1518 4047 1751 4095 mentem

178 4125 404 4201 hominis,
435 4131 811 4203 tumidamque
832 4129 1123 4202 signiticet.

236 4222 308 4278 lbi
332 4224 635 4281 clamabunt
674 4234 727 4281 et
767 4241 872 4280 non
907 4226 1168 4293 exaudiet,
1216 4234 1427 4297 prapter
1455 4226 1753 4295 superbiam

176 4312 606 4385 πειστικὴ,οιωὰ
637 4316 800 4387 dixit,
833 4316 904 4373 ibi
934 4318 1271 4385 clamabunt,
1306 4310 1556 4375 fortassis
1585 4319 1754 4390 signi-

177 4406 317 4466 ﬁczre
352 4412 534 4468 voluit
572 4410 752 4467 locum
785 4426 1095 4483 pennarum,
1131 4412 1221 4469 ubi
1266 4429 1373 4468 non
1424 4414 1749 4470 exaudieudi

175 4512 283 4557 sunt
305 4513 644 4572 peceatores,
677 4513 903 4576 propter
929 4506 1239 4576 superbiam
1288 4505 1554 4561 malorum
1585 4523 1602 4564 :
1635 4506 1750 4563 sive

175 4602 224 4646 ut
240 4594 323 4651 alii
337 4596 620 4665 dixerunt,
641 4597 707 4652 ab
732 4598 942 4668 injuriis
963 4600 1239 4669 malorum,
1277 4600 1401 4671 quia
1433 4600 1557 4656 mali
1591 4599 1745 4656 bonis
1770 4586 1800 4671 ξ

175 4688 383 4760 ctjustis
404 4692 791 4749 insectationis
820 4693 1044 4764 injurias
1072 4695 1316 4766 irrogare
1338 4709 1445 4750 non
1465 4693 1742 4751 desinunt.

230 4780 345 4839 Non
378 4801 509 4859 ergo
529 4791 731 4858 frustra
754 4787 935 4843 audiet
975 4785 1139 4852 Deus,
1185 4797 1234 4841 et
1265 4788 1587 4860 omnipotens
1617 4804 1745 4844 cau—

173 4879 581 4951 msingulorum
614 4881 917 4937 intuebitur.
951 4881 1067 4937 Hoc
1105 4881 1220 4950 ait,
1252 4882 1394 4954 quod
1424 4893 1745 4955 peccatores

173 4974 507 5040 persistentes
557 4975 615 5032 in
661 4974 820 5032 malis
856 4975 971 5032 suis
995 5017 1011 5038 .
1042 4991 1154 5031 non
1185 4974 1371 5031 audiat
1401 4974 1544 5032 Deus
1571 4992 1585 5031 :
1608 4993 1744 5048 quo-

173 5063 296 5121 niam
316 5067 432 5126 sine
452 5083 623 5127 causa
648 5069 835 5142 utique
858 5069 926 5126 ad
949 5083 1072 5127 eum
1094 5069 1351 5139 clament,
1375 5070 1463 5142 qui
1490 5084 1600 5127 non
1626 5086 1743 5129 me-

170 5167 334 5217 rentur
356 5162 557 5219 audiri.

229 5250 393 5312 Etiam
416 5274 534 5313 cum
560 5259 779 5328 dixeris,
809 5274 912 5315 non
940 5259 1274 5315 considerat:
1293 5260 1539 5330 judicare
1567 5275 1742 5316 coram

169 5341 275 5413 illa,
303 5358 351 5404 et
367 5360 613 5423 aspecta
657 5367 796 5407 eum.
825 5350 1056 5421 Quando
1083 5350 1271 5419 vides,
1305 5351 1441 5419 Job,
1477 5352 1600 5422 quia
1631 5368 1740 5408 non

170 5438 332 5496 statim
356 5442 501 5501 Deus
538 5443 721 5501 reddit
741 5445 1121 5516 peccatoribus
1149 5461 1271 5517 qua:
1293 5454 1592 5515 merentur,
1625 5447 1738 5503 noli

170 5531 593 5599 pusillanimitate
620 5537 819 5609 frangi,
853 5547 912 5592 ut
942 5538 997 5592 in
1028 5537 1420 5609 blasphemiam
1453 5555 1732 5611 crumpas,

168 5633 215 5676 et
238 5625 376 5683 dicas
404 5630 572 5686 Deum
604 5631 890 5701 iniusmm,
919 5634 1034 5687 sive
1066 5633 1306 5702 iniquum
1334 5650 1346 5687 :
1374 5633 1467 5689 scil
1494 5634 1739 5701 judicare

168 5727 275 5773 eum
301 5736 363 5776 eo
388 5720 580 5793 debes,
615 5725 667 5781 id
694 5733 801 5793 est,
832 5726 1050 5797 judiciis
1096 5727 1215 5797 ejus
1258 5727 1593 5793 consentire,
1628 5744 1734 5783 non

169 5820 339 5881 contra
371 5831 509 5883 eum.
542 5819 1204 5893 prmsumptuosojudiclo
1248 5829 1340 5878 tuo
1371 5821 1423 5878 in
1446 5822 1565 5894 ejus
1597 5823 1736 5895 inju-

166 5903 285 5962 riam
301 5909 585 5994 prosilire,

1865 3390 1959 3433 ros
1985 3380 2271 3437 consuevit
2314 3382 2598 3455 Scriptura
2625 3384 2808 3441 divina
2838 3400 3112 3457 pauperes
3159 3385 3466 3456 appellare.

1902 3506 1907 3513 ι
1937 3471 2063 3527 Non
2092 3479 2293 3544 auferet
2318 3492 2350 3529 τι
2367 3479 2517 3549 justo
2538 3478 2722 3533 oculos
2750 3494 2893 3532 suos.
2924 3478 3036 3533 Iloc
3058 3475 3154 3545 ait,
3186 3484 3242 3533 et
3271 3477 3466 3532 beatus

1861 3564 2031 3621 David
2059 3585 2072 3622 :
2100 3567 2254 3652 oculi
2278 3569 2491 3625 Domini
2515 3587 2673 3642 super
2684 3576 2879 3646 justus,
2909 3580 3017 3628 etc.

1932 3658 2002 3714 Et
2022 3678 2167 3733 reges
2191 3664 2248 3718 in
2274 3665 2404 3720 solio
2432 3666 2659 3721 collocat
2685 3665 2738 3720 in
2768 3674 3077 3739 perpetuum
3097 3709 3110 3731 ,
3140 3674 3189 3719 et
3210 3664 3322 3720 illic
3354 3665 3466 3720 eri-

1858 3765 2072 3824 guntur.
2105 3756 2206 3813 Hic
2234 3773 2391 3829 reges
2438 3774 2546 3814 non
2599 3760 2774 3815 solum
2823 3760 3012 3815 saeculi
3045 3759 3233 3831 hujus,
3284 3760 3379 3815 sed
3410 3764 3466 3812 ct

1858 3847 2123 3906 Ecclesiae
2155 3865 2315 3921 reges
2338 3860 2394 3907 et
2424 3854 2704 3921 praepositi
2729 3853 2958 3923 intelligi
2992 3858 3243 3923 possunt.
3281 3850 3347 3907 Et
3374 3865 3465 3904 sc-

1855 3943 2094 3999 cundum
2120 3946 2360 4016 tropicos
2393 3946 2725 4014 intellectus,
2759 3960 2942 4017 reges,
2971 3946 3140 4000 animi
3175 3944 3459 3999 hominum

1855 4046 2005 4105 sunt,
2034 4037 2128 4107 qui
2163 4040 2494 4108 corporibus
2522 4048 2673 4096 recte
2730 4040 3113 4106 dominantur,
3174 4037 3373 4107 quibus
3406 4037 3459 4092 iu

1855 4127 2071 4200 psalmo
2089 4129 2318 4186 dicitur;
2344 4129 2415 4185 Et
2440 4148 2598 4202 nunc,
2626 4148 2793 4203 reges,
2822 4130 3122 4201 intelligite;
3151 4129 3452 4197 erudimini,

1852 4224 1944 4297 qui
1963 4224 2222 4297 judicatis
2242 4234 2456 4281 terram.
2488 4227 2564 4281 Ita
2598 4226 2652 4282 hi
2680 4240 2839 4299 reges
2871 4225 3359 4297 erigunturaDeo,
3389 4234 3449 4280 ut

1852 4317 2080 4375 sedeant
2110 4335 2234 4376 cum
2264 4321 2629 4392 principibus.

1923 4411 1992 4467 Et
2020 4414 2065 4469 si
2093 4416 2285 4487 fuerint
2329 4417 2383 4470 in
2412 4417 2625 4481 catenis,
2682 4425 2728 4471 et
2757 4416 3048 4471 vinciantur
3079 4415 3288 4488 funibus
3327 4431 3459 4489 puu-

1850 4510 2064 4580 pertntis
2093 4525 2111 4564 :
2138 4511 2383 4566 indicabit
2411 4513 2485 4565 cis
2513 4527 2676 4582 opera
2705 4526 2881 4565 eorum
2898 4552 2913 4577 ,
2945 4517 2992 4564 et
3021 4508 3217 4565 scelera
3240 4523 3449 4576 eorum,

1820 4605 1971 4676 jquia
2002 4604 2208 4659 uiolenti
2241 4607 2473 4675 fuerunt.
2508 4606 2575 4661 Hi
2604 4605 2793 4676 igitur
2848 4605 2900 4660 in
2951 4602 3161 4660 catenis
3195 4602 3448 4671 fortibus,

1851 4694 2103 4753 videlicet
2128 4697 2332 4768 judicis
2378 4699 2499 4766 Dei,
2551 4708 2608 4756 et
2656 4698 2994 4770 paupertatis
3025 4697 3245 4752 funibus
3296 4695 3453 4751 colli-

1847 4800 2050 4860 gantur
2079 4809 2092 4845 :
2122 4790 2175 4846 id
2203 4802 2310 4856 est,
2365 4807 2523 4864 opem
2575 4794 2743 4848 divini
2773 4791 2962 4847 auxilii
2993 4806 3099 4846 non
3133 4790 3400 4845 habentes
3426 4832 3440 4856 ,

1848 4884 2027 4953 pinnis
2098 4886 2494 4957 temporalibus
2563 4887 2720 4959 quasi
2773 4886 3008 4942 vinculis
3052 4885 3445 4953 astringantur,

1845 4977 2027 5033 omnis
2057 4978 2138 5035 rei
2168 4978 2329 5034 bona:
2360 4979 2552 5050 inopes
2578 4978 2755 5035 ell‘ecti
2790 4992 2892 5051 pro
2916 4978 3180 5051 qualitate
3209 4974 3440 5030 merito—

1841 5085 1986 5126 num.

1920 5162 2181 5221 Revelabit
2205 5181 2404 5238 quoque
2433 5181 2611 5222 aurem
2651 5181 2849 5235 eorum,
2877 5172 2932 5219 ut
2961 5163 3210 5228 corripiat
3242 5175 3261 5214 :
3283 5168 3333 5215 et
3363 5160 3445 5212 lo—

1848 5268 2053 5331 quem,
2078 5268 2136 5317 ut
2164 5270 2487 5317 reuertantur
2514 5260 2579 5315 ab
2608 5260 2902 5331 iniquitate.
2950 5259 3150 5314 Aurem
3177 5299 3191 5323 ,
3240 5254 3443 5325 inquit,

1849 5352 2030 5408 cordis
2061 5352 2128 5409 ad
2172 5354 2536 5411 obediendum
2571 5354 2675 5410 sibi
2729 5354 2871 5409 Deus
2910 5366 3008 5418 per
3051 5347 3441 5419 castigationes

1848 5456 1904 5503 et
1932 5456 2173 5504 secretas
2203 5448 2593 5519 inspiratioues
2613 5448 2845 5519 aperiet.

1923 5543 1983 5597 Si
2008 5544 2266 5597 audierint
2293 5554 2339 5599 et
2371 5544 2765 5606 obserrnverint,
2823 5537 3149 5613 complebunt
3171 5537 3280 5591 dies
3322 5550 3443 5589 suos

1846 5636 1898 5691 in
1929 5637 2082 5703 bono,
2117 5649 2163 5691 ct
2190 5656 2353 5692 annos
2378 5656 2497 5693 suos
2522 5640 2575 5693 in
2602 5639 2788 5709 gloria.
2824 5638 2934 5691 lloc
2983 5646 3067 5690 est
3095 5632 3238 5705 quod
3278 5631 3439 5688 Salo-

1847 5733 2071 5787 monuit
2102 5750 2115 5786 :
2148 5732 2553 5805 Memoria'justi
2580 5750 2694 5786 Cum
2720 5732 2982 5787 laudibus.

1918 5826 1979 5883 Si
2012 5838 2181 5881 autem
2214 5844 2317 5881 non
2349 5828 2609 5883 audierint
2642 5843 2660 5884 :
2687 5827 2978 5884 transibunt
3011 5842 3102 5900 per
3128 5826 3366 5898 gladium
3394 5830 3444 5879 et

1844 5929 2211 5978 consumeutur
2239 5920 2296 5979 in
2331 5920 2575 5980 stultitia.
2614 5920 2671 5981 Id
2719 5931 2834 5993 est,
2863 5922 2912 5982 si
2951 5921 3261 5981 instruente
3288 5919 3438 5994 Deo,
