3948 6334
420 232 531 298 735

1205 239 1557 300 APPENDIX
1595 238 1686 298 AD
1725 234 1968 296 TOMUM
2011 233 2361 293 SEPTIMUM
2401 236 2458 296 S.
2501 235 2902 297 HIERONYMI.

3614 247 3716 308 736

425 359 521 431 qui
560 358 723 417 docet
771 357 1050 418 hominem
1077 359 1361 416 scientiam
1393 403 1408 428 ,
1451 357 1644 414 audire
1673 365 2021 427 contempse—
2047 353 2097 412 Α
2125 368 2280 422 super
2305 371 2386 408 me
2424 363 2608 427 puteus
2648 372 2704 410 os
2729 373 2902 415 suum.
2944 356 3178 415 Proinde
3232 359 3548 419 noverimus
3589 366 3714 436 quia

428 453 563 522 rint,
595 469 693 525 per
717 452 980 526 gladium,
1011 451 1064 508 id
1109 461 1212 519 est,
1248 467 1344 524 per
1363 451 1503 507 hanc
1535 449 1925 507 mortalitatem
1954 450 2024 504 de

430 547 538 604 hoc
577 548 779 604 saeculo
822 547 1212 619 praeteribunt,
1245 545 1386 602 utin
1421 545 1672 612 Stultitia,
1719 543 1772 600 id
1801 555 1920 611 est,
1972 541 2028 601 in

431 641 541 698 illis
588 641 753 708 locis,
787 641 876 698 ubi
921 641 1073 697 stulti
1127 640 1562 714 deputabuntur,
1591 639 1682 711 qui
1732 639 1926 695 dicunt
1973 638 2029 694 in

431 734 601 793 corde
642 750 769 803 suo,
820 751 923 790 non
950 743 1027 791 est
1072 733 1234 803 Deus,
1267 734 1492 792 aeternis
1519 733 1856 792 cruciatibus
1895 749 2032 791 con-

433 836 744 884 sumantur.

505 920 852 977 Simulatores
862 929 912 976 et
927 920 1112 977 callidi
1135 932 1414 992 provocant
1441 921 1576 976 iram
1599 918 1718 990 Dei,
1745 939 1905 995 neque
1923 922 2032 976 cla-

431 1012 646 1069 mabunt
671 1029 786 1068 cum
814 1015 971 1068 vincti
994 1014 1209 1085 fuerint.
1239 1013 1422 1086 lpsum
1449 1022 1702 1071 sanctum
1729 1015 1832 1072 Job
1871 1031 2034 1088 aper-

434 1105 547 1163 tius
576 1105 632 1162 in
655 1106 761 1164 hoc
788 1106 1005 1163 videtur
1033 1106 1190 1164 Helia
1213 1109 1367 1180 quasi
1394 1123 1460 1164 ex
1478 1108 1703 1180 obliquo
1725 1122 2032 1180 percutere,

434 1198 579 1270 quod
606 1207 663 1256 et
688 1201 802 1271 ipse
825 1201 980 1270 quasi
1002 1201 1196 1256 callide
1223 1209 1280 1257 et
1306 1201 1557 1272 nequiter
1582 1211 1772 1274 ageret
1806 1221 1819 1258 :
1854 1203 2032 1261 virum

435 1307 651 1364 quoque
678 1294 957 1366 egregium
981 1295 1286 1352 simularet.
1313 1295 1528 1368 Quique
1551 1297 1714 1353 etiam
1743 1311 1868 1354 cum
1891 1307 2038 1354 esset

434 1387 654 1443 vinctus
685 1387 858 1459 plagae
881 1387 1043 1460 hujus
1069 1388 1442 1460 compedibus,
1473 1390 1712 1446 clamare
1741 1391 1808 1445 ad
1842 1391 2032 1461 Deum,

436 1489 492 1536 et
513 1481 772 1538 invocare
793 1497 944 1549 eum,
976 1492 1088 1538 uta
1120 1482 1330 1554 laqueis
1355 1483 1661 1555 ptenalibus
1685 1483 1920 1555 illigatus
1945 1484 2040 1541 ab-

435 1575 772 1645 solveretur,
807 1576 1032 1632 minime
1073 1584 1337 1642 curaret,
1393 1577 1538 1649 quod
1563 1577 1748 1649 utique
1776 1577 2039 1648 despera-

439 1667 589 1725 tione
643 1668 760 1726 sive
804 1677 1125 1741 contemptu
1175 1668 1408 1727 faceret.
1453 1670 1530 1727 De
1579 1672 1797 1727 carteris
1823 1686 2040 1744 quoque

2134 446 2250 502 loca
2298 446 2647 506 inferualium
2701 453 3143 523 ergastulorum,
3204 456 3506 513 secundum
3557 459 3718 515 ﬁdem

2132 538 2576 610 Scripturarutn,
2626 544 2769 600 inter
2822 545 3116 603 immensas
3164 549 3344 622 abyssi
3395 564 3564 622 aquas
3615 553 3726 608 sint

2132 635 2427 690 constituta
2459 652 2473 691 :
2504 636 2573 691 ab
2607 637 2712 692 illis
2735 638 2894 695 inferi
2933 641 3156 697 sedibus
3205 643 3385 699 nullus
3409 643 3575 700 homo
3606 661 3726 701 me-

2135 727 2238 782 rito
2265 742 2366 782 suo
2387 728 2649 785 liberatus
2677 741 2784 802 est,
2817 732 2922 788 nisi
2951 735 3128 805 gratia
3158 735 3370 792 Domini
3395 737 3568 793 nostri
3597 737 3728 795 Jesu

2133 819 2358 877 Christi.
2387 820 2454 876 Et
2481 837 2586 876 non
2610 823 2811 893 solum,
2847 824 3022 897 inquit
3059 825 3241 894 Heliu,
3269 843 3299 882 a
3346 829 3606 885 tartareis
3635 845 3732 885 au-

2133 916 2329 988 gustiis
2378 916 2694 974 liberaberis
2725 959 2740 977 .
2788 935 2981 975 verum
3025 920 3188 976 etiam
3235 920 3289 977 in
3331 922 3599 978 latissimo
3649 940 3734 978 re-

2135 1009 2340 1082 frigerii
2383 1027 2634 1080 nemore,
2671 1013 2816 1070 velut
2849 1013 2902 1070 in
2930 1012 3138 1086 campis
3175 1015 3431 1087 spatiosis
3462 1015 3603 1072 liber
3650 1017 3734 1072 in-

2137 1106 2323 1163 cedes.

2211 1202 2437 1276 Requies
2465 1211 2638 1258 autem
2685 1219 2876 1259 mensa:
2914 1213 3016 1259 tua:
3053 1204 3151 1260 erit
3193 1204 3347 1275 plena
3394 1203 3732 1276 pinguedine.

2139 1295 2526 1353 Ammnitatem
2556 1297 2815 1367 paradisi,
2841 1310 2894 1354 et
2914 1296 3336 1368 iucunditatem,
3357 1297 3603 1367 requiem
3640 1312 3737 1350 no-

2141 1389 2400 1444 minando
2444 1389 2794 1462 signiﬁcavit.
2826 1389 3154 1447 lmmeusam
3185 1405 3316 1446 vero
3343 1389 3741 1445 abundantiam

2141 1484 2266 1538 vita:
2306 1481 2502 1549 beatae,
2529 1498 2649 1554 qua:
2681 1489 2830 1538 esset
2867 1480 3028 1552 plena
3062 1479 3332 1538 ubertatis
3379 1479 3740 1550 pinguedine.

2141 1590 2206 1630 ac
2234 1575 2340 1632 loci
2397 1575 2548 1632 illius
2575 1574 2751 1632 felicis
2798 1574 3009 1631 referta
3036 1573 3272 1640 deliciis,
3305 1573 3478 1628 voluit
3509 1573 3742 1628 demou-

2143 1676 2321 1725 strare
2347 1686 2361 1723 :
2393 1669 2552 1739 cujus
2583 1677 2785 1725 terram
2843 1677 3090 1724 sanctam
3133 1666 3406 1723 mansueti
3435 1665 3745 1722 secundum

438 1763 824 1834 peccatoribus
868 1763 1126 1821 similiter
1175 1763 1280 1821 hoc
1331 1767 1510 1838 ipsum
1558 1774 1736 1836 potest
1766 1766 2037 1839 intelligi,
2070 1759 2120 1821 B
2147 1762 2629 1834 repromissionem
2658 1762 2871 1818 Domini
2901 1760 3284 1833 possidebunt;

440 1855 532 1929 qui
564 1871 686 1913 cum
718 1857 969 1914 venerint
1020 1858 1079 1914 in
1109 1857 1437 1931 profundum
1471 1859 1759 1929 malorum,
1791 1869 2038 1916 contem-

441 1957 575 2005 neut
620 1966 636 2005 :
688 1959 745 2007 et
773 1948 843 2006 de
866 1949 1095 2018 Iudaeis,
1126 1959 1182 2006 et
1205 1950 1276 2007 de
1298 1949 1595 2019 haereticis,
1625 1954 1716 2023 qui
1759 1951 2042 2025 ﬁcta_dog-

440 2053 586 2100 mata
616 2045 769 2117 quasi
809 2046 1057 2102 veritatis
1084 2045 1363 2103 velamine
1401 2047 1744 2119 aperientes,
1776 2049 1831 2102 in
1863 2047 2041 2104 noctis

440 2139 668 2213 perﬁdia
698 2141 978 2197 obstinato
1006 2149 1066 2198 et
1094 2140 1354 2198 obturato
1386 2140 1555 2197 corde
1584 2140 1905 2212 persistunt.

515 2234 772 2292 Morietur
789 2237 845 2292 in
876 2245 1176 2308 tempestate
1203 2237 1378 2293 anima
1405 2252 1609 2306 eorum,
1657 2246 1705 2291 et
1730 2221 1836 2292 vita
1865 2254 2044 2293 eorum

437 2329 573 2384 inter
601 2328 947 2398 effeminatos.
983 2328 1223 2385 Vitiosos
1272 2338 1330 2387 et
1356 2330 1484 2386 vitia
1530 2343 1652 2386 esse
1679 2329 2000 2387 noverimus
2024 2373 2040 2398 ,

442 2437 563 2496 qute
600 2422 740 2481 sicut
794 2423 865 2507 de
895 2423 1194 2481 virtutibus
1247 2423 1414 2480 animi
1460 2423 1597 2481 nihil
1647 2426 1698 2480 in
1731 2439 1792 2481 se
1845 2425 2046 2481 habent

442 2520 688 2592 quietum
713 2560 732 2588 ,
785 2519 968 2590 virile,
999 2529 1057 2577 et
1085 2520 1265 2590 frugi,
1293 2518 1394 2578 sed
1419 2529 1596 2576 totum
1628 2519 2000 2577 turbulentum
2029 2562 2044 2588 ,

444 2610 735 2669 remissum
763 2619 821 2670 et
847 2610 1042 2684 fragile
1073 2629 1086 2668 :
1121 2612 1194 2669 ita
1224 2627 1454 2668 necesse
1485 2619 1571 2668 est
1601 2620 1659 2668 ut
1705 2611 1858 2668 velut
1911 2622 2049 2668 tem-

442 2713 654 2779 pestate
682 2705 920 2762 animam
961 2720 1180 2778 semper
1210 2706 1325 2762 suis
1376 2706 1655 2764 illecebris
1700 2707 2004 2779 inquietent
2029 2751 2046 2779 ,

447 2805 770 2871 portumque
801 2798 1067 2855 virtutum
1098 2797 1378 2855 hominem
1407 2814 1514 2856 non
1536 2799 2048 2872 sinantapprehen-

446 2891 601 2961 dere,
635 2900 692 2951 et
715 2892 779 2949 ﬁt
807 2893 926 2950 istis
955 2891 1154 2949 talibus
1183 2892 1463 2962 ﬂuctibus,
1486 2892 1630 2965 quod
1651 2892 1912 2951 Salomon
1933 2894 2006 2949 ait
2032 2935 2047 2960 ,

449 2995 509 3042 ut
533 2986 714 3058 jaceat
759 2986 940 3042 anima
975 2995 1251 3059 tamquam
1297 2986 1351 3042 in
1382 2987 1552 3044 corde
1582 2987 1772 3054 maris,
1804 2996 1860 3043 et
1901 2988 2054 3044 velut

447 3080 784 3154 gubernator
831 3081 885 3137 in
936 3095 1129 3151 magna
1181 3089 1532 3154 tempestate.
1568 3080 1668 3137 Vel
1723 3079 1886 3136 aliter
1917 3090 2054 3137 tem-

2214 1857 2390 1913 Causa
2441 1866 2532 1912 tua
2580 1856 2728 1926 quasi
2763 1856 2912 1928 impii
2945 1854 3190 1926 judicata
3237 1861 3335 1921 est,
3359 1868 3575 1908 causam
3595 1851 3751 1923 judi-

2143 1954 2379 2026 ciumque
2416 1952 2654 2024 recipies.
2700 1949 2911 2007 Judicio
2952 1948 3043 2005 Dei
3089 1957 3146 2004 ut
3196 1947 3423 2016 impius,
3453 1956 3510 2003 et
3560 1961 3751 2019 ptena-

2142 2063 2262 2105 rum
2291 2047 2504 2104 debitor
2533 2060 2659 2104 reus
2708 2045 2964 2102 inventus
2990 2059 3075 2110 es,
3106 2051 3167 2099 et
3197 2042 3403 2099 idcirco
3442 2041 3749 2099 secundum

2145 2143 2400 2198 meritum
2445 2155 2626 2198 causa:
2677 2147 2804 2206 tum,
2835 2138 3094 2210 judicium
3146 2135 3562 2194 severissimum
3597 2150 3752 2193 rece-

2144 2235 2295 2308 piSti.
2326 2235 2395 2291 Et
2426 2235 2518 2290 ubi
2549 2233 2754 2290 dictqu
2796 2241 2901 2299 est,
2926 2247 3146 2287 causam
3172 2229 3555 2302 judiciumque
3602 2229 3749 2286 rcci-

2146 2329 2285 2402 pies,
2313 2328 2403 2384 alii
2425 2327 2702 2394 dixerunt,
2731 2335 2945 2400 prapter
2969 2325 3285 2398 impietatem
3309 2339 3607 2388 munerum,
3632 2337 3754 2394 qua:

2146 2423 2532 2495 accipiebant:
2583 2421 2674 2476 ubi
2719 2420 2821 2478 sub
2870 2418 3182 2492 pluralitate
3218 2418 3513 2474 locutionis
3542 2458 3558 2484 ,
3619 2432 3752 2472 san-

2147 2525 2294 2572 ctum
2317 2513 2421 2572 Job
2461 2514 2618 2570 Heliu
2651 2512 2864 2569 videtur
2888 2512 3052 2568 ferire
3089 2511 3454 2567 sermonibus.

2222 2608 2344 2665 Non
2371 2619 2420 2664 te
2447 2619 2568 2681 ergo
2597 2617 2799 2680 superet
2820 2607 2921 2672 ira,
2948 2614 3004 2660 ut
3028 2604 3256 2677 aliquem
3299 2604 3563 2677 opprimas
3597 2621 3620 2672 ;
3666 2619 3758 2658 nec

2149 2706 2428 2762 multitudo
2472 2706 2734 2760 donorum
2776 2703 2989 2758 inclinet
3021 2711 3088 2758 te.
3122 2702 3361 2758 Docetur
3391 2702 3459 2756 ab
3487 2701 3654 2757 llcliu
3679 2704 3760 2758 vir

2153 2800 2433 2872 patientiae
2472 2805 2529 2854 et
2565 2795 2898 2868 integritatis
2947 2795 3148 2850 virtute
3191 2793 3555 2850 fortissimus.
3607 2793 3760 2863 Opti-

2153 2911 2274 2950 mus
2299 2891 2467 2965 judex
2490 2901 2609 2959 est,
2642 2891 2731 2964 qui
2766 2889 2855 2946 his
2882 2889 3161 2961 pessimis,
3192 2888 3480 2946 iracundia
3520 2898 3576 2945 et
3606 2889 3761 2961 cupi-

2154 2986 2344 3053 ditate,
2392 2985 2604 3042 duobus
2631 2985 2774 3042 vitiis
2803 2999 2914 3040 non
2967 2992 3232 3041 tenetur:
3277 2984 3478 3056 quibus
3505 2983 3614 3041 hoc
3645 2984 3762 3040 loco

2157 3083 2225 3138 ab
2256 3079 2414 3137 Helia
2445 3089 2666 3136 sanctus
2694 3081 2776 3135 vir
2798 3090 3087 3152 correptus
3118 3077 3388 3151 arguitur.

450 3185 638 3247 pestas
668 3176 937 3233 adventus
961 3192 1028 3233 ac
1052 3176 1320 3248 judicium
1352 3178 1449 3234 Dei
1471 3187 1577 3247 est,
1599 3177 1668 3236 de
1688 3194 1797 3252 quo
1817 3181 1966 3246 dicit,
1996 3179 2051 3234 in
2078 3161 2123 3224 Ο
2233 3177 2442 3250 Depone
2469 3177 2877 3249 magnitudinem
2903 3186 3048 3232 tuam
3077 3175 3266 3247 absque
3290 3175 3633 3231 tribulatione
3655 3216 3674 3242 ,
3715 3183 3763 3230 et

447 3267 726 3324 circumitu
747 3271 859 3342 ejus
881 3280 1153 3342 tempestas
1173 3269 1366 3328 valida.

524 3360 729 3432 Eripiet
767 3365 830 3418 de
856 3364 1096 3436 angustia
1139 3382 1239 3420 sua
1268 3352 1567 3437 pauperem.
1601 3366 1906 3440 Pauperem
1935 3366 2053 3426 Sal-

453 3466 703 3512 vatorem
745 3468 994 3513 nostrum
1019 3457 1396 3530 intelligimus,
1425 3461 1515 3532 qui
1549 3471 1772 3533 propter
1801 3477 1898 3518 nos
1922 3477 2055 3533 pau-

453 3566 554 3624 per
579 3551 754 3608 factus
785 3561 872 3608 est
891 3593 908 3620 ,
937 3552 1029 3624 qui
1069 3553 1123 3608 in
1154 3551 1348 3610 diebus
1372 3556 1554 3611 carnis
1583 3571 1725 3625 suae,
1761 3571 1949 3628 preces
1991 3573 2054 3613 ac

452 3642 881 3715 supplicationes
909 3644 1059 3702 Patri
1087 3645 1286 3703 obtulit
1311 3688 1328 3715 ,
1359 3655 1418 3702 ut
1457 3658 1643 3720 posset
1667 3665 1696 3704 a
1725 3635 1901 3707 m’orte
1939 3651 2053 3707 salo

455 3755 583 3798 vum
614 3739 800 3799 facere
821 3756 1140 3813 pauperem,
1169 3752 1418 3800 sanctum
1462 3745 1719 3815 populum
1747 3744 1847 3802 Dei
1879 3746 2048 3801 humi-

454 3832 566 3890 lem
633 3835 852 3905 spiritu.
913 3833 1010 3891 Vel
1077 3850 1370 3908 pauperem
1425 3837 1732 3909 quemlibet
1783 3837 2054 3908 justorum

455 3937 612 3986 eruet
633 3927 704 3985 de
727 3929 979 4001 angustia
1002 3943 1410 4000 pressurarum,
1435 3931 1578 3987 sicut
1595 3930 1758 3987 etiam
1784 3931 1840 3988 in
1859 3931 2059 3988 divinis

456 4021 759 4094 Scripturis
788 4022 1010 4079 diverso
1034 4022 1200 4080 modo
1229 4022 1459 4095 legimus
1488 4023 1770 4080 liberatos.

529 4112 600 4170 Et
625 4115 871 4170 reuelabit
892 4116 948 4170 in
979 4115 1318 4172 tribulatione
1342 4133 1523 4172 aurem
1552 4119 1689 4190 ejus.
1724 4116 1781 4172 ld
1807 4128 1913 4184 est,
1946 4117 2060 4174 for-

461 4208 531 4266 tis
560 4210 633 4264 sit
661 4210 1032 4282 unusquisque
1060 4225 1255 4267 eorum
1286 4212 1342 4267 in
1389 4213 1761 4282 tribulatione,
1795 4216 2062 4269 corrobo-

463 4313 620 4361 rante
644 4303 963 4362 visitatione
992 4304 1205 4372 divina,
1237 4306 1458 4377 quando
1484 4321 1515 4361 a
1544 4306 1660 4362 Deo
1690 4305 1858 4361 homo
1891 4307 2062 4364 tribu-

463 4395 565 4454 lari
615 4399 974 4469 permittitur,
1017 4398 1453 4456 consolationem
1499 4399 1556 4455 in
1587 4414 1722 4455 aure
1741 4400 1925 4456 cordis
1957 4399 2065 4455 Do-

464 4491 621 4557 mini,
656 4492 765 4549 illic
790 4491 1065 4549 audiendo
1095 4494 1377 4566 percipiet.

2155 3288 2329 3328 omnes
2349 3273 2586 3328 robustos
2609 3271 2938 3343 fortitudine.
2966 3271 3022 3328 Id
3049 3280 3156 3339 est,
3181 3285 3282 3327 nec
3303 3285 3500 3342 parvos
3519 3285 3627 3326 nec
3651 3284 3766 3325 tua-

2153 3380 2289 3438 gnos
2319 3375 2408 3421 tua
2441 3365 2642 3437 injusta
2667 3363 2951 3436 Opprimas
2996 3363 3368 3420 dominatione
3390 3406 3407 3432 ,
3445 3364 3532 3420 vel
3567 3377 3766 3421 omnes

2154 3472 2338 3518 motus
2366 3461 2583 3532 depone
2609 3461 2928 3518 fortitudine
2959 3462 3238 3533 superbia:
3262 3461 3584 3518 roboratus.

2231 3551 2316 3608 Ne
2357 3551 2636 3623 protrahas
2673 3562 2892 3621 noctem,
2925 3561 2981 3608 ut
3028 3553 3310 3608 ascendant
3329 3554 3515 3626 populi
3545 3570 3647 3626 pro
3671 3553 3764 3610 eis.

2156 3646 2280 3702 Jam
2299 3645 2493 3703 suflicit
2528 3647 2809 3719 hucusque
2826 3647 2880 3704 itt
2904 3647 3004 3704 hac
3031 3647 3280 3710 ctecitate
3305 3647 3669 3704 visisseJam
3697 3647 3764 3704 ad

2160 3740 2337 3797 lucem
2373 3740 2673 3812 prudentia:
2703 3756 2768 3797 ac
2805 3742 3036 3813 justitize
3077 3741 3264 3800 venire
3297 3743 3569 3800 contende
3605 3761 3623 3795 :
3655 3743 3768 3801 sive

2159 3842 2378 3890 noctem
2403 3851 2564 3906 quam
2592 3835 2688 3890 tibi
2716 3851 2783 3892 ex
2805 3835 3035 3893 diversis
3059 3836 3296 3906 peccatis
3317 3836 3653 3893 contesuisti
3672 3882 3689 3906 ,
3711 3846 3770 3892 ut

2161 3926 2218 3982 in
2238 3942 2302 3982 ea
2348 3928 2498 3984 velut
2527 3927 2582 3984 in
2627 3928 2900 3985 continuis
2924 3945 2986 3985 ac
3007 3929 3231 4000 jugibus
3267 3938 3323 3986 et
3361 3928 3649 4001 perpezuis
3682 3941 3762 3987 te-

2162 4019 2347 4076 nebris
2371 4020 2684 4077 ambulares
2708 4040 2723 4078 :
2749 4023 2860 4093 jam
2887 4037 3094 4093 quasso,
3126 4023 3222 4091 ait,
3250 4038 3319 4080 ne
3338 4023 3519 4079 adhuc
3548 4036 3771 4095 pretra-

2165 4115 2264 4171 lias
2285 4162 2299 4186 ,
2328 4124 2385 4171 et
2415 4122 2686 4190 tamquam
2708 4125 2912 4173 restem
2955 4117 3211 4174 addendo
3236 4127 3457 4188 peccata
3487 4121 3769 4190 peccatis,

2161 4210 2216 4265 in
2245 4209 2464 4280 longum
2493 4209 2783 4267 delecteris
2821 4209 3120 4268 extendere
3149 4229 3163 4267 :
3192 4209 3400 4267 lumine
3425 4227 3558 4283 ergo
3576 4229 3773 4268 corre-

2164 4302 2367 4374 ptionis
2397 4301 2560 4374 hujus
2599 4301 2712 4373 jam
2761 4302 2924 4359 ﬁnem
2967 4301 3168 4358 talibus
3214 4303 3436 4374 impone
3475 4305 3770 4375 peccatis:

2165 4414 2295 4455 nam
2333 4398 2707 4470 protractione
2739 4399 2840 4455 hac
2884 4397 3311 4456 inemendabilis
3358 4398 3468 4456 vita
3525 4412 3619 4455 tua
3656 4400 3771 4465 ﬁet,

2166 4504 2227 4549 ut
2249 4508 2349 4565 pro
2370 4493 2623 4550 omnibus
2650 4492 2806 4548 malis
2825 4491 3091 4563 operibus
3119 4493 3251 4558 tuis,
3282 4493 3619 4564 populorum
3649 4507 3774 4564 pre-

535 4583 712 4658 fgitur
731 4588 951 4643 salvabit
980 4596 1028 4643 te
1071 4587 1134 4643 de
1162 4603 1253 4643 ore
1281 4603 1504 4660 angusto
1545 4589 1818 4658 latissime,
1865 4599 1917 4646 et
1959 4606 2062 4646 non
2091 4566 2146 4627 D
2169 4603 2264 4644 ces
2293 4586 2592 4644 ascendant
2643 4585 2712 4640 ab
2766 4585 2935 4641 Deum
2971 4603 2986 4641 :
3017 4600 3158 4657 quos
3188 4586 3384 4658 utique
3427 4584 3774 4657 iniquissime

465 4677 685 4734 habente
705 4680 1100 4752 fundamentum
1128 4681 1304 4738 subter
1331 4699 1404 4738 se.
1437 4683 1552 4740 Hoc
1581 4683 1636 4740 in
1677 4686 1799 4741 loco
1821 4684 2064 4742 inferno.

466 4787 589 4829 rum
613 4771 926 4830 habitacula
950 4776 1020 4831 ab
1046 4776 1205 4832 lleliu
1227 4775 1631 4847 describuntur,
1655 4795 1778 4848 qua:
1799 4779 2064 4837 immensa

466 4867 768 4939 capacitate
793 4869 898 4932 sui,
925 4868 1336 4927 fundamentum
1370 4887 1476 4928 non
1507 4870 1771 4929 habeant.
1807 4873 1887 4929 Ad
1926 4889 2065 4947 quo-

466 4975 588 5016 rum
621 4969 804 5018 tamen
834 4959 1190 5019 fundamenta
1222 4964 1275 5020 in
1308 4965 1589 5037 prophetis
1639 4965 1892 5037 legimus,
1926 4969 2064 5024 luci-

466 5055 642 5112 ferum
671 5057 763 5130 qui
790 5072 952 5114 mane
986 5056 1264 5114 oriebatur
1294 5059 1603 5131 depositum
1639 5079 1651 5116 :
1689 5061 2064 5121 multitudines

465 5165 682 5223 quoque
708 5166 922 5224 regum,
970 5163 1025 5208 et
1060 5154 1289 5226 populos
1315 5155 1750 5213 innumerabiles
1796 5157 2061 5228 gentium.

465 5243 575 5300 Ore
602 5254 782 5301 autem
805 5256 1039 5318 angusto
1071 5245 1230 5302 inferi
1266 5246 1390 5303 ideo
1416 5247 1788 5319 appellantur,
1823 5265 1890 5306 co
1920 5249 2066 5322 quod

465 5337 705 5407 amplum
729 5338 798 5393 sit
824 5337 891 5392 ad
916 5338 1320 5408 recipiendum,
1345 5349 1639 5410 angustum
1665 5340 1733 5397 ad
1785 5341 2069 5399 dimitten-

467 5430 600 5486 dum
641 5432 900 5502 quoniam
934 5443 1182 5489 mortuos
1215 5434 1360 5488 intra
1390 5449 1450 5489 se
1478 5443 1727 5504 teneant,
1757 5447 1812 5493 et
1863 5451 1960 5492 eos
1999 5437 2065 5493 ad

471 5527 637 5582 vitam
669 5545 776 5583 non
809 5527 1079 5598 patiantur
1104 5529 1277 5585 exire.
1305 5529 1472 5585 David
1502 5546 1720 5602 quoque
1753 5541 1974 5587 sanctus
1996 5533 2072 5586 si-

467 5618 672 5675 militer
705 5621 778 5674 ait
802 5619 868 5675 ad
921 5620 1090 5677 Deum
1119 5640 1132 5676 :
1157 5621 1346 5678 Libera
1373 5639 1454 5677 me
1481 5638 1546 5677 ea:
1572 5622 1866 5678 odientilms
1889 5641 1990 5692 me,
2022 5635 2072 5679 et

471 5715 534 5768 de
562 5714 838 5785 profundis
881 5733 1156 5788 aquarum.
1195 5716 1318 5773 Non
1362 5735 1444 5772 me
1490 5719 1754 5791 demerget
1801 5731 2071 5793 tempestas

472 5825 644 5882 aqua,
698 5824 860 5880 neque
889 5809 1158 5867 absorbent
1205 5828 1284 5868 me
1310 5811 1672 5884 profundunt:
1702 5830 1861 5887 neque
1895 5822 2075 5885 urgeat

2171 4680 2539 4752 deprimebas,
2574 4679 3041 4751 interpellantium
3076 4687 3272 4735 contra
3302 4688 3375 4744 te,
3404 4693 3652 4750 suasque
3673 4679 3773 4733 mi-

2169 4776 2341 4830 serias
2363 4773 2466 4828 sibi
2497 4788 2529 4828 a
2556 4781 2612 4828 te
2639 4771 2926 4845 irrogatas,
2956 4782 3083 4829 ante
3107 4771 3293 4828 sedem
3314 4771 3516 4827 divina:
3538 4770 3774 4842 justitirc

2169 4869 2584 4941 deponentium.

2239 4961 2373 5019 Cave
2399 4979 2462 5018 ne
2489 4963 2716 5019 declines
2745 4963 2814 5018 ad
2838 4963 3169 5033 iniquitatem
3191 4981 3210 5018 :
3241 4961 3374 5016 Itane
3402 4963 3543 5018 enim
3575 4963 3773 5037 caepisti

2169 5058 2315 5130 sequi
2342 5067 2457 5128 post
2481 5057 2762 5112 miseriam.
2793 5053 2931 5124 Hoc,
2959 5055 3137 5126 inquit
3163 5054 3347 5124 lleliu,
3371 5071 3442 5112 ne
3470 5055 3528 5110 in
3561 5055 3765 5128 despe-

2172 5151 2444 5208 rationem
2475 5150 2719 5206 declines
2750 5158 2899 5220 peto,
2939 5157 2993 5205 et
3025 5147 3381 5219 blaSpbemite
3422 5150 3774 5222 iniquitatem

2169 5247 2281 5318 jam
2315 5259 2542 5311 caveas,
2575 5244 2671 5300 sed
2706 5243 2907 5300 reverti
2956 5242 3185 5299 festines
3231 5244 3298 5299 ad
3351 5244 3544 5300 Deum.
3602 5245 3776 5300 Video

2174 5340 2319 5398 enim
2351 5351 2402 5397 te
2429 5347 2553 5410 post
2576 5338 2738 5409 hujus
2766 5339 2944 5410 plagae
2969 5348 3071 5394 tua:
3097 5338 3431 5394 horrendam
3466 5339 3773 5404 miseriam,

2171 5435 2236 5491 ad
2263 5435 2542 5490 interitum
2569 5442 2742 5501 tuum,
2789 5433 2930 5489 hanc
2957 5432 3260 5504 impietatis
3290 5431 3447 5504 sequi
3468 5433 3614 5488 velle
3647 5448 3774 5504 per-

2171 5530 2391 5600 niciem,
2414 5539 2469 5587 et
2491 5529 2826 5584 voluntatem
2853 5537 3023 5596 tuam,
3057 5536 3116 5584 et
3136 5527 3549 5601 cogitationem,
3579 5525 3650 5583 ad
3681 5527 3780 5582 ad-

2171 5625 2475 5680 versarium
2509 5624 2731 5679 mittere
2758 5621 3221 5694 pusillanimitate
3256 5621 3557 5692 deiectum.

2252 5715 2385 5772 Ecce
2413 5716 2551 5770 Deus
2581 5715 2814 5770 excelsus
2844 5715 2896 5769 in
2928 5713 3240 5786 fortitudine
3288 5731 3402 5782 sua,
3437 5722 3486 5768 et
3516 5714 3699 5769 nullus
3730 5712 3780 5768 ei

2180 5810 2366 5868 similis
2405 5810 2456 5863 in
2487 5807 2893 5881 legislutoribus.
2922 5807 2978 5864 Si
3009 5808 3215 5880 poterit
3246 5806 3295 5865 ei
3323 5821 3452 5865 esse
3477 5805 3777 5880 quispiam,
