3948 6334
183 285 264 344 737
1013 289 1493 355 COMMLNTAllll
1535 298 1597 355 IN
1640 300 1898 361 LIBRUM
1938 303 2081 363 JOB.
2123 308 2279 365 CAP.
2326 310 2565 371 XXXVI.

3314 324 3421 386 738

178 416 221 462 et
242 403 451 475 potentia
471 410 528 458 et
550 404 759 462 virtute
788 406 1009 476 similis,
1036 413 1537 483 poteritetjnstitia
1557 425 1720 487 atque
1746 418 1802 479 Α
1829 418 1909 474 vel
1944 421 2078 476 facta
2112 434 2262 492 Stllll,
2290 426 2343 481 in
2372 428 2708 486 revelatiouc
2731 431 2997 491 adventus
3025 435 3261 509 Domini,
3295 442 3422 499 obs-

180 498 417 570 sapientia,
448 497 691 569 legisque
722 500 1209 569 multiplicatione,
1241 505 1463 575 judiciis
1494 522 1716 579 quoque

177 589 728 660 ejussimilisiaveniri.
752 592 819 648 Et
844 592 965 650 ideo
985 610 1289 666 cognosce,
1320 599 1419 668 ait,
1447 601 1572 671 quia
1597 603 1715 657 nuto

175 682 240 739 lus
261 697 286 736 a
314 681 436 749 Deo,
460 684 554 755 qui
586 684 735 741 solus
762 694 849 743 est
879 697 934 743 et
959 685 1116 745 fortis
1142 699 1197 746 et
1234 692 1475 763 sapiens,
1512 694 1714 764 injuste

173 773 337 845 poterit
356 773 725 833 condemnari.

225 865 332 932 Quis
350 867 528 933 poterit
556 870 781 925 scrutari
806 872 914 928 uias
935 877 1070 948 ejus.
1095 874 1232 943 Quis
1252 876 1459 949 utique,
1482 878 1585 936 nisi
1614 880 1716 937 im-

168 960 282 1033 pius,
305 962 583 1033 superbus,
616 965 735 1021 sive
756 967 1081 1040 sacrilegus,
1111 969 1229 1027 vias
1252 971 1560 1031 divinorum
1585 990 1716 1047 ope-

168 1069 260 1108 rum
292 1051 510 1109 scrutari
540 1060 875 1123 praesumat?
917 1062 1061 1130 quod
1091 1078 1199 1120 non
1226 1064 1385 1131 licet;
1424 1076 1480 1124 et
1525 1078 1711 1125 tamen

164 1146 409 1215 quantavis
439 1147 745 1208 intentione
773 1155 973 1211 mentis
1003 1158 1303 1229 perquirat,
1336 1174 1431 1216 eas
1465 1162 1713 1220 invenire

164 1256 247 1296 non
275 1241 481 1309 paterit.

217 1332 423 1406 Autqsis
450 1337 607 1391 audet
638 1340 687 1393 ei
721 1339 891 1397 dicere
916 1359 936 1398 .·
969 1342 1226 1413 Operatus
1253 1363 1306 1403 es
1344 1349 1712 1421 iniquitatem?

160 1425 263 1493 Quis
287 1442 407 1499 ergo
432 1438 545 1485 tam
571 1434 921 1503 temerarius,
951 1446 1006 1492 et
1025 1437 1242 1509 iniquus
1264 1448 1429 1512 atque
1454 1442 1710 1513 injustus,

158 1517 227 1585 qui
248 1515 336 1572 hoc
354 1517 551 1575 audeat
575 1520 758 1593 loqui?
780 1523 908 1581 Htec
930 1527 1183 1585 omniain
1210 1529 1466 1601 injuriam
1490 1533 1595 1589 Job
1621 1534 1708 1591 di-

156 1621 330 1665 t'llllilll'.

210 1702 439 1761 Memento
464 1708 608 1778 quod
635 1709 840 1781 ignores
870 1730 1000 1785 opus
1024 1719 1161 1789 ejus,
1190 1718 1258 1774 de
1282 1736 1383 1792 quo
1412 1722 1709 1779 cecinerunt

1819 512 2050 570 curitate
2099 518 2185 573 sui
2237 528 2292 573 et
2353 522 2731 593 profunditate
2787 532 3198 602 mysteriorum,
3252 538 3424 597 veluti

1818 605 2001 661 clausa
2042 610 2197 678 signa
2245 612 2464 669 inventa
2512 627 2661 674 sunt.
2695 619 2955 678 lmbrium
2996 640 3128 682 vero
3173 629 3414 698 nomine,

1817 694 1966 768 large
1983 698 2208 757 ell‘usam
2228 707 2458 776 gratiam
2482 708 2722 779 Spiritus
2743 715 2919 771 sancti
2939 730 3063 774 esse
3086 721 3420 793 noverimus,

1816 788 1957 845 sicut
1991 791 2070 847 ait
2098 792 2415 867 Apostolus,
2447 818 2542 869 per
2580 804 2849 861 lauacrum
2876 812 3225 881 generationis
3262 826 3312 869 et
3338 832 3423 873 re-

1816 885 2113 943 novationis
2136 889 2369 962 Spiritus
2397 897 2590 967 sancti,
2621 916 2770 970 quem
2791 902 2982 973 e/j'udit
3010 905 3066 961 in
3092 924 3188 963 nos
3215 909 3419 967 abunde

1814 992 1907 1047 per
1931 975 2115 1034 Iesum
2146 980 2437 1044 Christum.

1890 1071 1994 1139 Qui
2036 1074 2105 1129 de
2136 1078 2358 1135 nubibus
2387 1084 2581 1153 ﬂuunt,
2613 1104 2730 1159 qua:
2774 1102 3068 1161 prcetexunt
3099 1108 3285 1155 cuncta
3316 1100 3414 1156 de-

1813 1178 1989 1235 super.
2026 1166 2212 1224 Nubes
2241 1172 2448 1230 scimus
2483 1176 2810 1254 plerumque
2849 1185 2903 1242 in
2945 1186 3253 1259 Scripturis
3286 1208 3414 1249 san-

1812 1265 1932 1313 ctos
1952 1260 2240 1330 appellari,
2265 1266 2408 1321 sicut
2430 1277 2485 1324 et
2514 1272 2864 1333 manifestum
2888 1288 2975 1335 est
3000 1282 3237 1352 quodam
3264 1284 3410 1359 loco,

1811 1350 2032 1411 dicente
2066 1356 2298 1415 Domino
2328 1375 2342 1418 :
2368 1358 2438 1417 Et
2464 1365 2686 1422 nubibus
2713 1371 2995 1440 mandabo,
3022 1350 3091 1430 ine
3118 1378 3303 1449 pluunt
3322 1350 3413 1435 su;

1810 1462 1900 1516 per
1933 1464 2046 1502 eam
2075 1448 2309 1519 pluviam
2341 1470 2362 1510 :
2395 1455 2446 1512 id
2487 1466 2593 1527 est,
2630 1460 2874 1531 vineam,
2906 1466 3055 1535 quod
3095 1448 3178 1525 est
3201 1511 3216 1537 ,
3246 1486 3412 1544 super

1809 1634 2046 1703 pluviam
2077 1655 2183 1695 non
2215 1642 2575 1705 eﬁ‘nnderent.
2611 1650 2690 1708 De
2720 1652 2920 1711 talibus
2948 1655 3117 1727 igitur
3148 1662 3405 1733 nubibus,

1809 1730 2073 1797 apostolis
2097 1733 2379 1804 videlicet,
2408 1752 2462 1795 et
2493 1746 2813 1812 apostolicis
2843 1748 3001 1823 viris,
3033 1755 3410 1825 praedicatori-

2366 1800 2374 1804 τ
2530 1800 2544 1812 .
2856 1800 3001 1823 .-,
3033 1800 3382 1825 ,μη-.-.μνη

152 1800 240 1853 riri.
270 1800 353 1855 Vel
381 1819 547 1858 omne
572 1808 835 1876 generale
857 1823 996 1880 opus
1017 1811 1159 1881 ejus,
1184 1814 1269 1869 vel
1290 1824 1441 1871 certe
1469 1818 1705 1887 speciale
1734 1808 1781 1869 B
1812 1819 1909 1875 bus
1931 1823 2201 1894 veritatis,
2229 1828 2305 1884 illi
2339 1830 2547 1889 imbres
2568 1835 2760 1907 pluunt
2790 1842 2953 1900 talem
2980 1846 3247 1918 pluviam,
3285 1864 3409 1921 quae

152 1907 256 1921 an...
281 1894 384 1921 ..ιι-ο
436 1896 621 1921 0....--
656 1900 827 1921 -.μ-ε-
887 1918 901 1921 _
926 1920 931 1921 ,
952 1904 962 1915 -
990 1920 1011 1921 η
1366 1918 1375 1921 -
1488 1909 1499 1921 ο
1573 1911 1584 1921 .
1613 1911 1667 1921 η.
1810 1912 1823 1921 .
1882 1914 1894 1921 .
2028 1919 2037 1921 _

150 1907 259 1963 opus
279 1894 407 1966 ejus.
436 1896 621 1967 Super
651 1900 833 1955 omnia
877 1904 1022 1959 enim
1064 1921 1282 1977 magna,
1326 1918 1381 1965 et
1430 1909 1704 1968 mirabilia

147 2000 279 2056 opera
317 1988 462 2057 ejus,
505 1999 593 2046 est
629 1990 1054 2064 dispensationis
1099 1995 1306 2055 Christi
1350 2003 1697 2074 mysterium,

146 2079 254 2150 quod
276 2082 440 2137 oculus
462 2100 570 2139 non
598 2086 747 2154 uidit,
777 2104 867 2143 nec
892 2091 1034 2145 auris
1050 2092 1272 2163 audivit,
1306 2111 1396 2149 nec
1418 2096 1469 2151 in
1497 2112 1587 2151 cor
1608 2101 1704 2154 tto-

145 2174 267 2227 minis
291 2178 538 2233 ascendit.
580 2179 688 2236 Alii
717 2180 972 2239 dixerunt
996 2202 1007 2238 :
1036 2184 1325 2256 Memento,
1359 2190 1483 2262 quia
1508 2209 1699 2266 magna

143 2266 342 2341 sintcjus
370 2286 554 2341 opera,
599 2289 713 2345 quas
750 2274 1099 2334 laudauerunt
1142 2281 1259 2338 viri.
1314 2282 1392 2341 De
1439 2286 1696 2344 omnibus

141 2361 355 2430 operibus
381 2363 480 2421 Dei
506 2366 659 2431 dicit.
689 2384 814 2440 qum
843 2372 1021 2429 sancti
1044 2374 1142 2429 viri
1169 2374 1223 2431 in
1255 2375 1527 2436 honorem
1558 2380 1700 2437 divi-

143 2465 208 2506 na:
227 2456 584 2513 venerationis
616 2462 814 2516 merito
839 2462 1235 2522 laudaverunt.

198 2544 365 2604 Omnes
400 2548 641 2608 homines
678 2553 850 2611 vident
898 2575 1036 2625 eum,
1079 2563 1434 2636 unusquisque
1470 2565 1700 2623 intuetur

137 2640 301 2705 procul.
340 2642 441 2700 Per
482 2658 697 2703 naturae
734 2649 967 2720 bonum,
1006 2655 1201 2712 notitia
1244 2661 1511 2717 creatoris
1552 2661 1701 2720 inest

135 2735 347 2793 cordibus
380 2738 703 2811 hominum;
736 2756 787 2799 et
831 2750 1080 2816 quamvis
1112 2751 1308 2823 aliquis
1341 2762 1448 2810 tam
1496 2772 1697 2828 parvus

134 2826 189 2891 sit
210 2837 255 2883 et
281 2830 529 2903 frigidus,
561 2844 620 2891 ut
641 2836 859 2895 alienus
881 2855 1003 2898 esse
1025 2843 1243 2899 studeat
1269 2861 1299 2902 a
1319 2826 1571 2905 creatore
1596 2866 1697 2908 suo

132 2918 238 2989 Deo,
260 2925 432 2981 nullus
454 2934 647 2985 tamen
671 2941 754 2987 est
783 2933 875 3004 qui
901 2950 960 2990 se
979 2935 1317 2995 abscondita
1342 2942 1528 2999 calore
1549 2944 1688 3015 ejus.

130 3015 180 3069 Et
203 3016 312 3075 idco
335 3024 713 3097 unusquisque
736 3029 1071 3102 mortalium,
1101 3032 1228 3088 licet
1252 3034 1322 3089 de
1349 3035 1534 3108 longe,
1568 3054 1697 3095 sen-

127 3109 177 3165 tit
205 3123 253 3167 et
292 3115 590 3189 intelligit,
637 3119 978 3180 dissimiliter
1018 3124 1242 3197 quidem
1273 3129 1521 3198 omnino,
1569 3132 1695 3202 quia

127 3220 208 3260 nou
236 3217 501 3282 tamquam
522 3229 724 3285 corpus
744 3226 837 3272 aut
857 3218 999 3274 sicut
1016 3234 1413 3294 quemcumque
1439 3226 1690 3295 spiritum
1720 3209 1766 3273 C

123 3311 348 3373 creatum,
384 3305 458 3362 ita
518 3307 683 3363 sentit
728 3325 851 3366 esse
890 3311 1084 3379 Deum,
1118 3314 1233 3372 sive
1277 3316 1552 3389 intelligit,
1585 3320 1682 3376 sed

119 3497 183 3543 est
204 3489 495 3550 intuendus
520 3512 534 3549 :
556 3496 649 3552 ubi
672 3497 724 3552 in
754 3498 874 3569 ipso
891 3500 1081 3556 obtutu
1100 3503 1283 3560 cordis
1306 3506 1685 3579 intelligendo,

120 3578 240 3637 videt
259 3582 418 3642 homo
444 3587 598 3660 quod
629 3602 793 3661 supra
825 3590 1002 3661 ipsum
1034 3602 1120 3651 est
1148 3595 1281 3653 illud
1313 3578 1557 3657 divinum
1587 3617 1685 3658 no-

115 3688 241 3744 men,
270 3679 412 3748 quod
443 3684 813 3754 contemplari
841 3699 1093 3745 conatur.

172 3766 287 3824 Ecce
311 3770 456 3830 Deus
496 3792 713 3851 magnus
743 3778 949 3836 rincens
979 3782 1247 3840 scientiam
1278 3799 1531 3845 nostram.
1568 3790 1688 3849 Nu-

112 3877 249 3921 merus
267 3883 533 3924 annorum
560 3873 678 3943 ejus
706 3872 1101 3932 inwstimabilis.
1131 3877 1370 3938 Vincens
1397 3886 1682 3944 scientiam

111 3969 319 4018 nostram
351 3965 734 4038 magnitudine
781 3967 1033 4029 scientiae
1058 3989 1171 4031 sua:
1201 3986 1256 4033 et
1282 3978 1581 4038 altitudine
1595 3983 1684 4055 ju-

106 4047 340 4110 diciorum
372 4071 632 4114 suorum.

163 4145 252 4212 Qui
274 4151 445 4221 aufert
480 4150 655 4207 stillas
693 4152 900 4226 pluviae,
932 4167 981 4213 et
1008 4158 1229 4227 e/fundit
1262 4163 1455 4221 imbres
1484 4169 1560 4221 ad
1587 4168 1674 4224 in-

100 4246 189 4292 star
211 4245 498 4316 gurgitum.
534 4246 688 4303 Hanc
716 4263 849 4323 ergo
881 4252 1137 4323 pluviam,
1172 4255 1346 4328 legem
1380 4259 1552 4333 Moysi
1587 4264 1675 4318 in-

102 4333 403 4411 telligatttus,
445 4358 575 4414 qua:
604 4342 672 4399 de
716 4345 859 4401 coelo
889 4348 1035 4405 velut
1076 4350 1261 4422 pluvia
1290 4355 1440 4411 venit
1471 4359 1677 4429 populo

96 4426 403 4492 ludmorum.
444 4438 514 4493 Et
544 4438 723 4508 pluvia
751 4440 889 4497 dicta
917 4453 1003 4499 est
1029 4455 1255 4516 propter
1277 4426 1675 4523 praeceptorum

97 4525 508 4598 multitudinem,
543 4533 692 4589 sicut
722 4543 779 4589 et
806 4536 923 4607 ipse
951 4537 1170 4611 Moyses
1199 4542 1265 4599 de
1294 4544 1483 4601 eadem
1511 4560 1674 4616 gente

92 4615 380 4679 Iudaeorum
413 4626 526 4692 ait,
559 4625 754 4682 dicens
786 4643 801 4688 ;
835 4627 1175 4703 Exspectetur
1201 4635 1334 4690 sicut
1359 4615 1539 4710 pluvia
1567 4642 1675 4697 elo-

91 4712 241 4778 quium
272 4733 478 4773 meum.
504 4718 677 4790 Hujus
703 4720 867 4793 igitur
891 4722 1094 4793 pluvia:
1119 4728 1295 4785 stillas
1324 4730 1392 4785 de
1425 4731 1514 4788 illa
1544 4750 1674 4805 gen-

90 4812 130 4859 te
156 4808 378 4867 abstulit
409 4812 584 4879 Deus,
617 4822 676 4869 ut
697 4824 779 4870 est
807 4815 893 4873 vel
922 4816 989 4873 de
1016 4816 1394 4879 incarnatione
1424 4826 1512 4881 vel
1540 4842 1671 4898 pas-

87 4898 241 4969 sione,
271 4904 356 4961 vel
387 4905 463 4962 de
499 4909 909 4967 resurrectione
938 4910 1167 4982 Christi,
1200 4931 1321 4985 quae
1347 4917 1521 4974 Judaei
1552 4936 1674 4978 cre-

84 4990 196 5051 dere
221 5012 443 5055 exczeca
456 5010 512 5056 to
534 5001 703 5057 corde
727 5005 1041 5073 noluerunt,
1065 5023 1186 5077 qua:
1209 5022 1333 5065 sunt
1361 5027 1521 5082 parva
1545 5018 1668 5086 qui-

81 5084 184 5142 dem
205 5094 474 5149 mandata
501 5093 718 5166 legalia.
742 5104 803 5153 ut
822 5113 886 5154 ea
915 5099 980 5155 ad
1007 5100 1284 5173 Evangelii
1306 5104 1469 5161 tidem
1492 5084 1675 5166 trans-

77 5176 247 5252 ferret,
281 5185 437 5242 sicut
478 5190 559 5243 ait
598 5189 895 5260 Apostolus
928 5210 941 5246 :
988 5192 1209 5250 Verbum
1250 5199 1390 5253 enim
1429 5216 1673 5259 consum—

79 5287 208 5329 muns
231 5289 276 5331 et
292 5279 543 5336 brevians
564 5283 616 5336 in
634 5283 924 5355 iniquitate,
941 5297 995 5342 et
1018 5286 1243 5361 reliqua.
1271 5291 1334 5347 Et
1359 5292 1426 5349 de
1445 5294 1530 5351 his
1550 5299 1670 5354 stil-

74 5363 151 5435 lis,
178 5373 483 5445 parvisque
504 5376 694 5446 guttis,
723 5386 947 5435 tonante
972 5381 1287 5454 Evangelia,
1325 5388 1668 5456 prmdicatio-

74 5461 143 5515 nis
158 5461 360 5522 Christi
388 5469 602 5525 imbres
624 5472 779 5528 ellusi
810 5486 935 5530 sunt
956 5493 1117 5547 super
1142 5490 1365 5536 terram.
1394 5483 1459 5538 Et
1478 5484 1530 5540 hi
1561 5487 1663 5542 im-

70 5554 180 5615 bres
209 5560 278 5617 ad
312 5564 504 5619 instar
535 5568 804 5636 gurgitum
837 5584 961 5625 esse
1006 5572 1261 5629 dicuntur
1296 5592 1310 5631 :
1340 5580 1429 5647 qui
1480 5580 1665 5650 utique

68 5663 177 5707 cum
212 5656 263 5710 in
312 5666 530 5713 terram
559 5663 780 5731 copiose
822 5662 1179 5737 descendant,
1234 5670 1661 5739 profunditatem

65 5746 111 5802 in
141 5764 199 5807 se
238 5762 293 5808 et
324 5754 728 5810 obscuritatem
763 5760 1042 5816 continent
1076 5765 1486 5833 mysteriorum,
1543 5785 1663 5832 qua:

59 5834 107 5897 in
134 5842 278 5916 Lege
302 5857 362 5903 et
387 5847 674 5920 prophetis
698 5866 793 5923 per
816 5852 1015 5924 liguras
1035 5865 1089 5910 et
1112 5858 1499 5917 similitudines
1516 5861 1659 5922 dicta

1807 1912 2007 1973 habeat
2027 1919 2079 1974 in
2102 1936 2162 1976 se
2188 1922 2599 1986 similitudinem
2620 1937 2919 2007 gurgitum,
2939 1912 3164 2014 propter
3182 1912 3412 2001 arca-no-

1805 2022 1924 2063 rum
1950 2011 2256 2071 caelestium
2285 2021 2619 2087 Opacitatem
2651 2041 2667 2083 :
2699 2029 2791 2085 ubi
2819 2011 3061 2105 congrue
3091 2035 3224 2093 illud
3249 2036 3414 2095 Davi-

1808 2099 1995 2159 dicunt
2027 2104 2229 2164 dicitur
2262 2125 2276 2163 :
2310 2109 2607 2172 Tenebrosa
2632 2136 2771 2192 aqua
2799 2124 2854 2179 in
2882 2099 3103 2184 nubibus
3124 2130 3280 2187 aeris.
3310 2130 3407 2189 Ha:

1803 2196 1970 2270 igitur
2026 2206 2217 2271 nubes,
2263 2208 2508 2281 inquam,
2558 2229 2658 2286 per
2687 2232 2826 2288 quas
2875 2219 3081 2278 imbres
3127 2226 3405 2298 gurgitum

1802 2292 1981 2351 linunt
2006 2296 2060 2352 in
2086 2307 2313 2370 terram,
2348 2316 2666 2374 praetexunt
2687 2321 2885 2368 cuneta
2908 2292 3163 2386 desuper.
3192 2292 3408 2377 Haben-

1804 2395 1885 2444 tes
1905 2390 2052 2446 euim
2075 2391 2218 2450 intra
2245 2411 2304 2453 se
2321 2414 2495 2470 aquas
2519 2404 2831 2478 Evangelii,
2860 2416 2917 2464 ut
2936 2409 3157 2468 ﬂumina
3181 2414 3248 2471 de
3272 2431 3404 2474 ven-

1799 2958 2018 3026 operiet.
2046 2959 2123 3017 Ita
2153 2963 2297 3019 enim
2324 2966 2615 3037 praedictas
2644 2972 2819 3031 nubes
2845 2978 3114 3049 extendit,
3146 2991 3203 3037 ut
3224 2982 3293 3040 de
3316 2984 3398 3043 eis

1798 3048 1851 3106 in
1886 3066 2104 3111 omnem
2146 3067 2345 3116 terram
2377 3065 2577 3121 exierit
2605 3081 2781 3125 sonus
2810 3087 3024 3146 eorum,
3076 3087 3133 3133 et
3172 3077 3226 3135 in
3256 3079 3394 3139 lines

1798 3144 1946 3200 orbis
1995 3157 2156 3205 terra:
2191 3152 2354 3211 verba
2397 3156 2617 3216 illorum
2653 3179 2666 3215 :
2699 3144 3159 3234 quemadmodum
3204 3184 3394 3245 postea

1798 3234 2010 3294 locutus
2031 3251 2117 3298 est
2141 3243 2206 3299 ad
2225 3244 2527 3318 discipulos
2555 3268 2707 3323 suos,
2733 3255 2784 3311 id
2807 3267 2913 3327 est,
2944 3261 3117 3321 nubes
3141 3234 3291 3335 suas,
3314 3266 3401 3325 di-

1788 3700 1955 3759 Maris
1994 3706 2182 3776 etiam,
2222 3713 2412 3769 mundi
2470 3718 2722 3777 videlicet
2763 3722 2922 3797 hujus
2951 3731 3202 3790 cardines
3229 3751 3394 3793 occu-

1789 3795 1990 3863 pavit:
2037 3799 2155 3856 sive
2198 3804 2455 3864 cardines
2503 3812 2691 3869 tnundi
2740 3795 3028 3885 possumus
3080 3824 3388 3901 intelligere

1786 3890 2083 3965 principes,
2117 3906 2172 3953 et
2219 3902 2399 3971 capita
2446 3910 2691 3977 gentium
2732 3912 3072 3975 diversarum
3107 3890 3385 3996 :quovrum

1787 3986 2068 4043 erroribus
2100 4004 2166 4046 ac
2203 3995 2388 4063 pravis
2416 3997 2791 4063 doctrinarum
2833 4012 3187 4073 suasionibus
3228 4035 3388 4076 mun-

1783 4074 1886 4131 dus
1904 4077 1958 4132 in
1989 4080 2112 4137 loco
2144 4088 2556 4157 superstitionis
2577 4095 2971 4159 daemoniorum
3004 4106 3154 4163 velut
3184 4110 3238 4165 in
3260 4126 3385 4169 car-

1782 4169 1911 4227 dine
1936 4176 2279 4236 vertebatur.

1853 4265 1959 4323 Per
1978 4268 2092 4325 htec
2118 4274 2260 4329 enim
2279 4278 2491 4350 judicat
2514 4285 2756 4355 populos,
2788 4299 2840 4344 et
2879 4292 2969 4347 dat
3014 4310 3157 4352 escas
3204 4301 3383 4359 multis

1780 4362 2105 4420 mortalibus.
2132 4366 2256 4424 lstis
2280 4371 2426 4428 enim
2465 4375 2634 4433 rebus
2666 4394 3141 4445 sacramentorum
3182 4394 3383 4463 praedi-

1777 4454 1901 4519 ctis,
1924 4456 2116 4512 statuit
2140 4458 2281 4518 Deus
2302 4465 2527 4535 pietatis
2545 4485 2657 4527 sum
2672 4472 2880 4543 judicio
2901 4454 3379 4559 universis-popu-

1780 4544 1848 4601 lis
1885 4548 2158 4621 misereri,
2190 4564 2245 4612 et
2281 4557 2414 4615 dare
2443 4577 2599 4621 escas
2628 4566 2894 4628 doctrina:
2922 4575 3081 4634 verbi
3121 4579 3231 4652 sui,
3263 4583 3379 4643 sive

1781 4643 2171 4711 mysteriorum
2225 4651 2436 4708 cunctis
2486 4659 2833 4732 mortalibus,
2883 4668 3187 4728 secundum
3231 4677 3378 4747 quod

1780 4732 1898 4803 ipse
1940 4737 2012 4793 ait
2062 4755 2079 4795 :
2129 4739 2246 4815 Ego
2289 4761 2405 4802 sum
2447 4752 2599 4821 panis
2650 4757 2811 4827 vivus,
2856 4762 2948 4833 qui
2993 4764 3057 4819 de
3100 4732 3374 4827 creto-de:-

1776 4829 1971 4883 scendi.

1849 4922 1919 4978 In
1956 4928 2193 4985 ntanibus
2231 4932 2497 4991 abscondit
2525 4938 2714 5015 lucem,
2745 4954 2794 4999 et
2820 4950 3055 5022 prtecipit
3094 4955 3141 5009 ei
3166 4965 3221 5010 ut
3250 4974 3372 5013 rur-

1776 5031 1863 5069 sus
1891 5016 2153 5077 adueniat.
2186 5021 2464 5084 Potestate
2486 5029 2618 5099 justi
2647 5016 2839 5103 judicii
2875 5016 2991 5107 sui,
3016 5044 3197 5103 lumen
3230 5052 3377 5107 noti-

1778 5108 1866 5165 tia:
1904 5126 2018 5167 su:e
2054 5116 2341 5175 abscondit
2374 5137 2405 5178 a
2437 5129 2817 5193 peccatoribus
2850 5135 3058 5193 malum
3096 5145 3375 5211 operanti-

1776 5202 1900 5270 bus,
1921 5215 1978 5262 et
2006 5210 2192 5267 venire
2213 5228 2335 5269 eam
2367 5218 2433 5272 ad
2464 5219 2918 5283 illuminationem
2954 5234 3151 5291 mentis
3184 5241 3376 5306 ρι’ωεί-

1774 5300 1887 5369 pit;
1915 5303 1959 5358 si
1984 5302 2158 5362 Deum
2187 5309 2493 5380 adjutorem
2518 5316 2636 5387 ejus
2667 5321 2940 5394 quiSpiam
2969 5300 3205 5388 ﬁdeliter
3225 5349 3372 5406 quae-

1773 5404 1939 5450 reret.

1844 5488 2130 5545 Annuntiat
2154 5495 2216 5548 de
2251 5512 2311 5550 ea
2346 5501 2513 5555 amico
2548 5521 2663 5573 suo,
2693 5509 2832 5577 quod
2867 5516 3118 5582 possessio
3146 5522 3258 5590 ejus
3279 5521 3367 5591 sit,

1773 5589 1819 5633 et
1847 5585 1915 5634 ad
1939 5600 2054 5638 eam
2076 5588 2235 5657 possit
2259 5596 2553 5649 ascendere.
2589 5597 2736 5654 Deus
2770 5602 2890 5658 luce
2920 5608 3370 5672 inanil'estationis

1772 5687 1887 5727 suae
1918 5673 2131 5733 ﬁdelem
2156 5680 2261 5736 sibi
2289 5685 2524 5741 amicum
2555 5688 2605 5744 in
2648 5693 2817 5750 corde
2850 5696 3009 5755 docet
3033 5710 3087 5755 et
3129 5703 3370 5765 inStruit.

1774 5766 2042 5825 Erudiens
2076 5789 2292 5844 quoque
2318 5783 2605 5837 annuntiat
2639 5786 2709 5852 ei,
2744 5791 2889 5859 quod
2920 5794 3007 5849 lux
3038 5796 3152 5852 sive
3191 5799 3280 5856 illa
3306 5802 3369 5859 il-

1771 5860 2145 5924 luminationis
2165 5872 2361 5944 gratia,
2390 5876 2506 5933 sive
2526 5877 2834 5949 divinorum
2864 5886 3102 5950 Charitas
3133 5900 3367 5971 promis.
