3948 6334
549 197 655 263 739

1350 191 1695 257 APPENDlx
1737 198 1830 258 AD
1869 192 2109 257 TUilUtt
2151 192 2499 257 SEPTIMUM
2542 199 2600 257 S.
2647 188 3050 257 lllERONYMl.
3694 211 3777 277 πο

552 316 736 381 eorum
772 316 1049 395 P05:85>it)
1077 315 1194 389 ejus
1229 317 1319 385 sit,
1355 330 1409 374 ct
1451 319 1684 386 adeam,
1716 319 1761 374 si
1791 319 2151 391 dispontttas-
2176 304 2441 381 A'veniat
2466 333 2638 390 usque
2663 312 2715 373 in
2740 306 2961 375 coelum.
2997 314 3150 375 Unde
3170 321 3227 375 et
3255 313 3448 378 tonabit
3472 319 3546 382 eis
3563 320 3776 394 Dominus

551 421 844 478 censiones
869 417 920 472 in
963 416 1129 472 corde
1157 432 1281 482 suo,
1312 413 1559 485 quotidie
1589 411 1926 484 proﬁciendo
1959 426 2150 484 pervc-
2188 422 2203 453 ί
2259 429 2394 469 voce
2422 422 2823 484 praeceptorum
2852 427 3099 479 suorum,
3125 421 3192 468 ut
3219 412 3433 471 timeant
3472 432 3501 473 a
3528 418 3645 479 facie
3666 422 3778 497 ejus.

555 524 691 573 ’Μ’
1079 580 1307 638 CAPUT
1349 530 1620 636 xxxv":

627 702 800 773 Super
835 698 933 753 Itoc
978 698 1186 771 expavit
1224 713 1313 751 cor
1353 712 1542 750 meum.
1577 694 1703 751 Sive
1748 692 2016 766 obstupuit
2065 707 2155 746 cor

554 811 749 863 meum,
774 802 852 849 ἰιι
888 793 982 847 alii
1014 792 1290 847 dixerunt.

602 885 696 943 Et
722 893 950 941 emotum
972 892 1051 939 est
1071 883 1137 939 de
1173 881 1289 939 loco
1315 898 1432 936 suo.
1465 879 1752 937 Praedictis
1789 878 2000 936 divinis
2037 894 2158 952 my-

552 978 767 1043 steriis,
799 985 855 1033 et
895 977 1020 1032 luce
1057 976 1397 1048 cognitionis
1426 974 1527 1031 Dei
1558 972 1848 1047 patefacta,
1879 989 2004 1046 qua:
2050 972 2158 1029 nisi

551 1072 744 1128 amicis
772 1070 873 1135 Dei
917 1078 972 1126 et
1001 1069 1258 1129 fidelibus
1288 1068 1707 1124 demonstratur
1745 1083 1760 1122 :
1806 1066 2157 1138 perterritum

547 1173 652 1230 cst,
685 1164 884 1234 inquit,
918 1178 1019 1221 cor
1056 1177 1238 1218 meum
1270 1162 1456 1228 lleliu,
1487 1170 1543 1217 et
1576 1160 1700 1218 zelo
1744 1161 2066 1232 ignorantiae
2088 1161 2155 1216 ad

551 1267 1022 1317 sacramentorum
1052 1258 1419 1330 cognitionem
1452 1257 1799 1312 translatum.

623 1352 816 1407 Audiet
843 1352 1170 1406 auditionem
1210 1352 1267 1404 in
1313 1360 1509 1405 terrore
1536 1350 1679 1404 vocis
1719 1352 1855 1423 ejus,
1886 1358 1935 1405 et
1974 1365 2157 1405 sonum

553 1448 618 1503 de
647 1463 737 1502 ore
766 1444 911 1501 illius
941 1444 1325 1513 procedentem.
1365 1442 1837 1509 Quemadmodum
1866 1443 1983 1499 vult
2015 1443 2158 1498 Deus

554 1538 738 1597 audite
766 1537 914 1609 quod
947 1536 1102 1603 dicit,
1148 1536 1221 1592 ita
1263 1535 1456 1593 audite
1487 1552 1503 1596 ι
1534 1535 1795 1607 quoniam
1842 1546 2010 1592 terret
2050 1550 2158 1590 vox

552 1632 671 1702 ejus
695 1631 861 1687 tantis
889 1629 1258 1686 sacramentis
1281 1628 1669 1701 mysteriorum
1697 1626 1992 1699 prtevalida
2021 1643 2038 1680 :
2068 1641 2158 1682 so-

2257 507 2374 577 Quo
2407 507 2624 577 fragore
2652 505 2878 562 tonitrui
2917 506 3081 561 simul
3108 512 3361 575 agnosce,
3388 506 3503 581 quiti
3534 513 3654 572 Detts
3676 533 3777 579 ante

2256 602 2590 658 desiderium
2621 616 2812 658 eorum
2852 596 3246 672 inrestigabllls
3269 601 3421 659 sitet
3442 604 3721 668 immensus.

2330 695 2551 750 Tonabil
2591 693 2733 750 Deus
2760 695 2816 749 in
2842 706 2964 750 voce
2983 704 3087 750 sua
3108 689 3428 766 mirabiliter,
3453 699 3545 770 qui
3570 696 3672 774 [itit
3695 723 3780 759 ma-

2256 805 2360 862 gna
2407 797 2454 843 et
2499 787 2880 843 inscrutubilia.
2914 787 3020 842 Alii
3071 786 3331 843 dixerunt
3370 796 3391 847 ξ
3424 794 3608 849 toirabit
3648 794 3779 855 Deus.

2259 881 2403 936 Deus
2432 880 2757 936 mirabiliter
2793 889 3075 952 operatur,
3125 881 3341 951 quando
3370 881 3511 940 isttt‘d
3534 882 3778 949 tonitruum

2259 973 2493 1031 nominis
2532 973 2639 1040 sui,
2681 988 2788 1045 quo
2828 974 2883 1028 in
2918 982 3038 1029 toto
3064 973 3268 1030 mundo
3298 974 3450 1032 fama
3486 977 3783 1050 'ejus'ttoti'tia

2257 1067 2662 1136 crebrescit,‘in
2691 1068 2914 1124 auribus
2944 1068 3073 1125 facit
3102 1070 3299 1125 animat
3325 1068 3617 1141 personare.

2333 1162 2437 1231 Qui
2490 1162 2725 1235 praecipit
2771 1162 2898 1231 niui,
2930 1171 2988 1218 ut
3031 1162 3311 1218 descendat
3338 1167 3709 1239 'superteri'am,
3748 1182 3784 1227 et

2259 1256 2456 1327 hyemis
2476 1254 2686 1325 pluviis,
2701 1264 2748 1310 et
2767 1255 2918 1309 imbri
2945 1256 3266 1327 fortitudinis
3287 1272 3412 1313 suae.
3428 1257 3599 1315 Nivem
3619 1264 3781 1319 cando-

2258 1363 2376 1404 rem
2419 1347 2627 1420 gratite,
2669 1365 2791 1421 quae
2836 1364 2937 1420 per
2958 1348 3293 1420 baptismum
3332 1351 3786 1426 ﬁdelibtiS'Spirilus

2259 1442 2435 1498 sancti
2458 1442 2599 1498 dona
2629 1442 2907 1510 tribuitur,
2939 1444 3191 1515 superius
3221 1443 3455 1501 diximus
3482 1456 3625 1516 poese
3650 1450 3786 1522 signi-

2260 1535 2436 1603 ﬁcari,
2466 1546 2519 1591 et
2548 1535 2800 1607 exempla
2846 1536 2961 1592 illic
2990 1537 3427 1595 testimoniorum
3457 1541 3521 1597 de
3543 1539 3789 1614 Scripturis

2260 1628 2426 1683 multa
2458 1628 2805 1698 protulimus.
2831 1627 2900 1684 de
2928 1630 3128 1701 quibus
3149 1639 3205 1686 et
3228 1630 3361 1687 illud
3385 1631 3697 1702 Davidicum,
3717 1636 3787 1691 ubi

552 1741 793 1798 numque
822 1724 934 1781 oris
963 1723 1104 1794 ejus,
1146 1721 1261 1778 sive
1308 1732 1364 1776 ut
1406 1722 1501 1776 alii
1531 1720 1814 1787 dixerunt,
1854 1719 2148 1789 strepitum,
2181 1712 2226 1773 Β
2256 1723 2334 1779 ait
2370 1723 2424 1778 in
2473 1722 2726 1793 psalmo:
2765 1722 2902 1778 Nive
2940 1723 3329 1781 deatbab‘untur
3355 1720 3407 1781 in
3437 1722 3651 1796 Sulpicii,
3678 1731 3788 1801 quod

553 1819 671 1890 pari
703 1817 866 1873 modo
912 1815 1118 1872 audite.
1168 1815 1268 1871 llic
1298 1830 1430 1885 ergo
1468 1827 1636 1868 sonus
1680 1821 1764 1869 est
1812 1812 2152 1867 maxillarum

552 1914 676 1981 Dei,
701 1915 792 1983 qui
817 1913 958 1969 forte
988 1910 1194 1966 idcirco
1215 1924 1384 1965 sonus
1413 1908 1595 1964 dictus
1625 1917 1730 1976 est,
1766 1923 1871 1964 non
1893 1907 2156 1979 simplici-

549 2016 633 2063 ter
654 2020 858 2073 sermo,
893 2014 950 2059 ut
974 2003 1341 2059 inohcdientia
1370 2001 1591 2068 surdus,
1612 2012 1667 2057 et
1690 2001 1960 2056 obdurato
1987 2001 2157 2058 corde

550 2099 868 2156 incredulos
892 2112 998 2154 vox
1020 2098 1221 2154 clarior
1249 2106 1580 2167 percuteret,
1608 2101 1663 2150 et
1687 2104 1833 2151 totos
1863 2095 1931 2151 ad
1964 2096 2157 2151 timcn-

552 2193 681 2250 dum
718 2191 1006 2248 Dominum
1031 2202 1426 2245 commoveret.

640 2282 831 2339 Subter
861 2298 1036 2338 omnes
1061 2281 1216 2336 catos
1251 2281 1360 2353 ipse
1401 2279 1716 2349 considerat,
1748 2290 1797 2337 et
1815 2279 1989 2336 lumen
2016 2280 2159 2337 illius

554 2393 709 2451 super
739 2377 987 2433 terminos
1025 2386 1194 2432 terrm.
1228 2376 1371 2443 Quid
1403 2376 1474 2430 sit
1518 2377 1621 2432 hoc
1651 2376 1849 2432 mirum
1877 2375 1948 2433 de
1974 2376 2158 2432 omni-

558 2473 798 2542 potentia
832 2472 952 2540 Dei,
987 2473 1081 2544 qui
1117 2472 1319 2542 ubique
1347 2482 1432 2528 est
1463 2473 1519 2528 in
1549 2472 1711 2541 ccelo,
1739 2483 1797 2529 et
1820 2473 1874 2528 in
1901 2484 2072 2541 terra,
2104 2473 2159 2529 in

555 2567 716 2636 mari,
750 2577 804 2623 et
833 2567 886 2621 in
910 2567 1150 2639 abyssis.
1186 2567 1293 2625 Sed
1320 2567 1606 2624 videamus
1629 2569 1930 2625 secundum
1956 2570 2162 2642 allego-

559 2660 737 2716 ricum
770 2660 1140 2728 intellectum,
1169 2660 1300 2732 quid
1345 2660 1414 2716 sit
1441 2662 1587 2733 quod
1617 2662 1684 2719 de
1714 2663 1824 2719 Deo
1857 2664 2013 2721 ileliu
2040 2665 2116 2720 ait
2142 2680 2158 2725 :

558 2753 759 2810 Subter
791 2768 984 2810 omnes
1010 2753 1179 2810 coelos
1207 2754 1545 2811 considerat.
1578 2754 1808 2813 Sanctos
1843 2756 2017 2826 viros,
2046 2773 2160 2815 caa-

558 2848 648 2904 los
664 2848 947 2919 Scriptura
976 2849 1161 2905 divina
1185 2850 1462 2919 appellare
1477 2852 1786 2919 consuevit,
1809 2862 2037 2925 propter
2051 2868 2163 2911 cte-

558 2942 754 3009 lestem
790 2946 978 3014 utique
1022 2945 1528 3013 conversationem,
1561 2946 1760 3016 quibus
1805 2946 1882 3004 ita
1912 2948 2112 3006 dicitur
2145 2968 2160 3006 :

558 3037 883 3092 conversatio
910 3038 1086 3092 ‘vestra
1125 3038 1179 3092 in
1211 3036 1352 3093 caelis
1391 3047 1488 3093 est.
1522 3040 1784 3097 Dominus
1823 3058 1955 3115 ergo
1973 3046 2164 3102 subter

2258 1826 2344 1871 est
2382 1816 2434 1870 in
2470 1816 2668 1871 umbra.
2710 1816 2826 1872 Hoc
2858 1817 3023 1888 igitur
3051 1818 3155 1885 ait,
3182 1819 3327 1891 qn'od
3358 1816 3603 1890 Caelestis,
3627 1821 3671 1879 id
3705 1833 3785 1892 est,

2258 1908 2402 1965 Deus
2431 1909 2499 1965 de
2527 1910 2670 1966 calo
2696 1911 2944 1980 veniens,
2975 1926 3133 1983 rcges
3154 1926 3373 1984 quoque
3393 1911 3698 1972 discreturos
3716 1914 3789 1981 sit,

2258 2012 2314 2058 et
2342 2011 2699 2073 separaturus
2731 2019 2746 2056 :
2784 2003 2905 2060 sive
2936 2004 2989 2060 in
3019 2005 3211 2061 umbra
3241 2006 3357 2062 sint
3385 2006 3696 2068 dealbandi‘:
3720 2006 3789 2064 ulti

2261 2096 2364 2151 hoc
2384 2094 2515 2151 mihi
2538 2097 2846 2167 significare
2864 2096 3110 2165 videtur,
3132 2100 3269 2169 quia
3295 2101 3620 2171 rcgenerttti'o
3642 2108 3792 2158 vetus-

2261 2188 2595 2245 tissimorum
2643 2188 2922 2245 hominum
2965 2190 3023 2245 in
3059 2188 3305 2259 Christo,
3338 2192 3669 2250 obumbrante
3706 2193 3794 2265 Spi-

2261 2281 2368 2336 ritu
2399 2290 2613 2349 sancto,
2640 2292 2787 2339 esset
2812 2282 3119 2341 efﬁcienda.
3151 2282 3279 2341 Hinc
3304 2286 3664 2359 igitur'gratia‘,
3688 2282 3795 2345 nivis

2264 2372 2484 2430 nomine
2510 2374 2835 2446 significata,
2856 2391 2922 2432 ex
2951 2386 3229 2449 praecepto
3251 2378 3548 2436 divinitatis
3565 2379 3797 2437 descendit

2263 2469 2317 2525 in
2352 2478 2574 2537 terram,
2605 2469 2748 2539 quod
2791 2478 2899 2537 est,
2930 2485 3027 2542 per
3050 2470 3236 2527 Jesum
3282 2471 3554 2528 Christum
3592 2471 3717 2528 venit
3746 2470 3797 2527 ad

2265 2562 2535 2629 homines,
2573 2576 2673 2633 per
2698 2578 2860 2634 quam
2893 2574 3147 2622 vetustas
3165 2562 3357 2623 nostra
3388 2562 3740 2624 instauraretur
3761 2568 3800 2623 in

2263 2657 2478 2713 melius.
2519 2658 2722 2712 Contra
2764 2657 2903 2715 banc
2940 2662 3165 2731 gratiam
3206 2658 3439 2730 Christi,
3482 2661 3801 2718 tribulationes

2267 2753 2709 2823 persecutionum
2751 2752 2966 2809 futuras
3006 2754 3060 2810 in
3098 2754 3303 2826 pluviis
3327 2755 3652 2829 hyemalibus
3668 2755 3804 2811 voluit

2265 2843 2528 2915 indicare,
2557 2855 2615 2901 et
2646 2856 2867 2917 propter
2893 2861 3088 2918 graves
3118 2858 3409 2918 pressuras
3438 2849 3693 2923 hyemales
3712 2848 3803 2920 plu-

2266 2939 2381 2993 vias
2406 2938 2543 2993 dixit
2572 2959 2585 2996 :
2630 2953 2768 3011 quas
2800 2949 2982 2998 tamen
3021 2941 3200 2998 imber
3248 2944 3579 3001 fortitudinis
3612 2942 3804 3016 Spiritus

2269 3036 2440 3090 sancti
2470 3044 2618 3091 esset
2641 3044 3003 3107 superaturos
3026 3079 3043 3105 ,
3077 3038 3202 3107 quia
3232 3038 3319 3094 eis
3348 3039 3544 3096 dictum
3571 3034 3803 3095 estz‘Non

561 3127 665 3209 lios
685 3128 857 3184 cmlos
874 3128 1208 3201 considerat,
1232 3129 1323 3186 vel
1345 3129 1474 3186 dum
1490 3147 1551 3188 ea
1578 3147 1698 3203 qua;
1726 3134 1870 3191 inim
1891 3114 1987 3194 ξος
2012 3149 2157 3205 sum,
2190 3114 2237 3179 C
2267 3128 2403 3183 enim
2425 3143 2513 3182 vos
2542 3128 2667 3183 estis
2687 3130 2778 3201 qui
2800 3130 3088 3200 loquimini,
3130 3131 3222 3187 sed
3239 3133 3456 3205 spiritus
3486 3130 3646 3188 Patris
3669 3128 3805 3196 vestri,

558 3238 883 3278 arcanorum
905 3233 1179 3280 scrutator
1219 3225 1553 3297 intrOSpicit,
1597 3228 1679 3284 vel
1716 3228 1848 3285 dum
1875 3230 2166 3288 imbecilli-

562 3324 726 3371 tatem
768 3332 1061 3387 corporum
1098 3334 1319 3383 enrutn,
1355 3335 1475 3390 qua:
1506 3321 1673 3377 animi
1721 3323 1956 3393 imperio
1980 3326 2161 3380 crucis

564 3407 763 3464 virtute
788 3408 1170 3478 subdiderint,
1198 3409 1471 3481 gubernat
1500 3427 1564 3467 ac
1603 3414 1856 3483 sustinet,
1890 3424 1947 3472 et
1974 3428 2162 3473 contra

559 3502 860 3557 carnalium
899 3505 1221 3575 passionum
1270 3505 1408 3561 bella
1452 3506 1793 3564 corroborat.
1845 3510 2162 3567 Secundum

560 3596 707 3675 hunc
733 3610 961 3652 sensum
990 3607 1095 3664 est,
1131 3599 1280 3670 quod
1310 3599 1508 3656 timore
1536 3615 1837 3658 concussus
1865 3602 2161 3675 Propheta,

557 3673 637 3746 ait
665 3708 678 3746 :
721 3692 791 3747 Et
819 3693 1000 3749 subtus
1037 3711 1117 3749 me
1144 3696 1351 3751 turbata
1373 3706 1451 3752 est
1474 3698 1726 3755 habitudo
1751 3718 1885 3759 mea.
1918 3673 2163 3763 Termini

559 3802 802 3857 quoque,
832 3789 948 3844 sive
978 3788 1116 3845 lines
1148 3800 1309 3846 terras
1338 3791 1441 3860 ipsi
1479 3794 1651 3849 sancti
1680 3803 1829 3862 sunt,
1858 3780 2027 3853 finem
2054 3807 2164 3855 ter-

560 3864 709 3938 renis
755 3883 1102 3954 passionibus
1143 3896 1200 3942 et
1246 3885 1634 3957 cupiditatibus
1671 3890 2050 3962 imponentes,
2096 3911 2163 3951 eo

562 3975 708 4046 quod
739 3991 845 4032 non
874 3976 984 4033 sint
1011 3982 1062 4033 in
1090 3979 1270 4035 medio
1302 3980 1617 4054 Babylonis,
1643 4000 1746 4041 nec
1776 3987 1963 4043 seculi
1996 3989 2159 4061 hujus

563 4068 710 4124 vitiis
734 4070 1172 4140 circumdentur,
1214 4075 1515 4131 secundum
1534 4077 1689 4148 quod
1717 4078 1908 4136 Petrus
1933 4094 2162 4153 aposto-

562 4160 648 4216 lus
677 4162 754 4217 ait
778 4182 793 4225 ;
818 4162 1055 4221 Christus
1085 4169 1246 4239 igitur
1273 4170 1327 4224 in
1358 4187 1513 4227 carne
1539 4190 1745 4244 passus,
1776 4174 2165 4251 reliquitnobis

562 4254 878 4326 exemplum,
910 4259 1033 4327 quia
1057 4277 1242 4332 passus
1273 4272 1351 4318 est
1377 4265 1431 4319 in
1461 4282 1635 4334 carne,
1667 4268 1817 4325 desiit
1848 4284 1958 4327 esse
1985 4289 2015 4326 a
2048 4272 2164 4343 pec-

562 4348 712 4415 catis,
762 4358 815 4402 ut
848 4353 965 4422 jam
1003 4369 1106 4409 non
1145 4353 1414 4412 hominum
1461 4359 1749 4430 desideriis,
1786 4364 1877 4417 sed
1906 4363 2164 4423 uoluntati

567 4440 684 4509 Dei,
710 4442 851 4512 quod
876 4444 1129 4516 reliquum
1148 4457 1224 4502 est
1246 4450 1300 4510 in
1320 4466 1495 4514 carne,
1521 4453 1653 4506 vivat
1676 4457 1921 4526 temporis
1939 4475 1957 4511 :
1980 4459 2031 4513 id
2054 4470 2159 4530 est,

564 4531 749 4588 vivens
774 4552 871 4605 pro
905 4546 1170 4608 tempore,
1211 4542 1588 4600 desinentibus
1617 4545 1673 4601 in
1704 4562 1875 4606 carne
1896 4554 2159 4621 peccatis,

564 4626 712 4682 velut
742 4628 794 4683 in
828 4630 1025 4688 finibus
1057 4632 1263 4691 habitet
1298 4638 1500 4693 carnis.
1537 4638 1593 4693 In
1637 4639 1724 4696 his
1753 4641 1955 4699 ﬁnibus
1986 4648 2161 4716 posita

562 4721 747 4797 regina
771 4720 934 4789 Saba,
959 4739 1080 4795 qua:
1103 4731 1288 4798 typum
1314 4730 1534 4799 gerebat
1556 4732 1836 4802 Ecclesiae,
1861 4739 1973 4794 veri
1996 4739 2163 4796 Salo-

570 4815 747 4870 monis
776 4816 975 4871 meruit
1004 4818 1198 4875 audire
1226 4819 1571 4891 sapientiam.
1606 4827 1766 4885 Tales
1790 4830 1955 4903 igitur
1980 4837 2165 4892 termi-

565 4922 667 4963 nos
700 4908 840 4964 Deus
860 4907 1061 4965 luminc
1086 4912 1271 4982 gratiae
1283 4930 1397 4972 suae
1410 4926 1572 4989 atque
1585 4923 1876 4993 agnitionis
1904 4926 2159 4987 illustrat.

636 5000 767 5085 Post
792 5018 910 5058 eum
937 5008 1104 5079 rugiet
1132 5010 1353 5066 sonitus.
1382 5014 1594 5072 Sive'ut
1613 5016 1707 5072 alii
1736 5016 2034 5083 dixerunt:
2058 5024 2165 5094 fre-

563 5106 665 5153 met
696 5114 811 5154 vox.

636 5191 863 5248 Tonabit
881 5210 997 5250 voce
1026 5200 1398 5270 magnitudinis
1420 5219 1552 5271 sum,
1574 5213 1622 5260 et
1643 5222 1747 5263 non
1773 5208 2164 5287 investigabitur

565 5304 680 5343 cum
708 5291 891 5348 audita
919 5293 1076 5365 fuerit
1104 5313 1204 5352 vos:
1229 5300 1365 5370 ejus.
1405 5296 1540 5355 Cum
1591 5302 1779 5371 positis
1818 5304 1874 5360 in
1917 5317 2163 5366 extremo

565 5391 727 5439 terrae
763 5384 1099 5455 hominibus,
1132 5388 1277 5445 Deus
1306 5392 1362 5445 in
1390 5392 1711 5449 memoriam
1744 5398 1983 5467 venerit,
2014 5401 2162 5459 illico

567 5489 731 5547 super
779 5475 1096 5535 infirmitate
1146 5481 1497 5540 mortalitatis
1559 5500 1695 5555 suas,
1757 5500 2039 5557 gementes
2096 5494 2162 5550 ad

566 5560 689 5625 eum
739 5572 982 5643 rugicnt,
1022 5574 1163 5631 sicut
1196 5576 1464 5648 propheta
1506 5580 1584 5635 ait
1627 5596 1642 5635 :
1674 5581 1956 5657 Rugiebam
2012 5606 2043 5642 (ι
2074 5605 2165 5660 ge-

568 5665 695 5717 mitu
724 5663 896 5720 cordis
923 5669 1059 5735 mei;
1090 5680 1145 5725 et
1190 5681 1319 5728 tunc
1350 5672 1440 5729 hic
1474 5674 1687 5746 rugitus
1715 5676 1877 5735 faciet
1921 5680 2159 5741 sonitum

569 5755 622 5815 in
650 5755 846 5815 aliectu
876 5761 1165 5835 orationis,
1193 5766 1545 5827 clamantium
1574 5768 1644 5828 ad
1666 5769 1864 5845 Deum,
1902 5775 1997 5849 qui
2022 5791 2151 5853 per-

1692 5886 1711 5897 ..
2048 5876 2059 5903 ι

2265 3218 2353 3289 qui
2382 3218 2614 3290 loquitur
2643 3221 2696 3273 in
2722 3220 2885 3275 vobis.

2340 3313 2444 3382 Qui
2476 3316 2531 3369 in
2559 3332 2715 3370 manu
2744 3316 2976 3371 omnium
3004 3316 3276 3372 hominum
3307 3318 3507 3391 signat,
3543 3325 3598 3374 ut
3622 3314 3809 3373 noverint

2265 3409 2462 3481 singuli
2497 3424 2658 3480 opera
2687 3425 2805 3463 sua.
2834 3409 2893 3465 In
2923 3425 3118 3478 manu,
3154 3411 3205 3466 id
3235 3420 3345 3481 est,
3384 3412 3438 3467 in
3468 3411 3613 3468 liberi
3640 3405 3808 3466 arbitrii

2268 3510 2559 3572 potestate,
2582 3502 2879 3558 secundum
2902 3502 3196 3575 imaginem
3227 3513 3285 3561 et
3308 3504 3698 3562 similitudinem
3717 3500 3808 3565 Del,

2266 3612 2371 3667 qua
2412 3595 2577 3652 homo
2616 3606 2703 3652 est
2753 3612 2783 3651 a
2841 3597 2953 3653 Deo
3003 3599 3260 3655 conditus
3300 3610 3357 3656 et
3394 3608 3601 3655 creatus
3636 3594 3810 3652 :‘ltabct

2267 3686 2408 3744 hanc
2437 3688 2753 3758 sapientiam
2795 3689 2963 3746 veluti
2992 3690 3227 3761 quodam
3257 3692 3423 3763 signo
3448 3680 3635 3747 divinat
3658 3701 3813 3759 opers-

2270 3781 2433 3837 tionis
2472 3784 2799 3856 impressam
2822 3825 2836 3853 ,
2871 3792 2932 3839 ut
2968 3784 3123 3855 juxta
3155 3784 3315 3841 liberi
3350 3774 3809 3855 arbitril‘j'udiciitm
3912 3808 3913 3821 ι

2267 3877 2481 3933 noverit
2534 3876 2909 3949 unusquisque
2952 3874 3239 3934 hominum
3282 3892 3459 3953 Opera
3489 3893 3605 3946 sua,
3642 3877 3740 3933 sive
3770 3878 3813 3927 ut
3912 3858 3913 3953 ᾗ

2264 3972 2358 4027 alii
2397 3971 2677 4040 dixerunt,
2717 3972 3076 4043 inﬁrmitatem
3115 3987 3270 4027 suam
3313 3973 3531 4038 noverit,
3571 3969 3622 4025 id
3649 3968 3806 4035 est,ut

2265 4079 2393 4120 vasa
2422 4064 2631 4136 fragilia
2654 4079 2715 4122 se
2741 4065 2919 4121 subita
2944 4074 3124 4121 morte
3156 4065 3456 4138 confringi.
3500 4088 3503 4089 ν

2336 4157 2671 4229 Ingredietur
2710 4158 2871 4213 bestia
2911 4156 3189 4214 latibulum
3214 4170 3373 4214 suum
3390 4199 3406 4225 ,
3435 4167 3484 4214 et
3513 4158 3567 4214 in
3591 4164 3812 4211 antrostto
3910 4214 3911 4227 χ

2266 4249 2570 4307 morabitur.
2602 4251 2833 4308 Bestiam
2861 4251 3043 4318 istam,
3072 4252 3420 4309 inventorem
3453 4250 3699 4308 malarum
3723 4246 3815 4301 dia-

2267 4345 2448 4402 bolum
2487 4362 2595 4401 non
2623 4346 2857 4402 absurde
2882 4347 3171 4413 sentimus,
3202 4348 3297 4419 qui
3324 4346 3559 4417 idcirco,
3587 4352 3640 4402 et
3662 4341 3811 4411 sing".

2264 4440 2396 4497 laris
2437 4440 2583 4497 ferus
2623 4440 2842 4508 dicitur,
2874 4440 3001 4512 quia
3032 4441 3316 4511 praecedit,
3348 4441 3476 4499 sive
3501 4446 3706 4512 superat
3729 4446 3819 4489 ma-

2190 4517 2245 4583 Ῑ)
2273 4535 2383 4591 litia
2407 4534 2527 4604 ejus
2557 4534 2817 4590 malitiam
2839 4534 3082 4589 omnium
3106 4535 3460 4606 operantium
3497 4532 3813 4605 iniquitatem.

2268 4631 2393 4685 llaec
2434 4628 2599 4700 igitur
2641 4630 2817 4685 bestia
2860 4628 3201 4686 rationabilis
3230 4630 3545 4703 ingreditur
3570 4624 3812 4685 latibulum
3908 4668 3909 4711 ξ

2265 4739 2443 4791 suum,
2487 4728 2675 4795 pectus
2717 4724 2928 4781 scilicet
2968 4726 3265 4782 humanum
3310 4742 3325 4781 :
3373 4724 3595 4799 quando
3631 4736 3688 4778 ex
3721 4730 3819 4791 per'

2265 4817 2431 4873 missu
2461 4816 2649 4887 judicii
2682 4816 2801 4887 Dei,
2832 4825 3162 4888 potestatem
3189 4816 3721 4890 accipitthominibus
3740 4808 3818 4865 (lo-

2267 4912 2530 4982 minandi,
2553 4914 2608 4968 et
2635 4911 2689 4969 in
2717 4921 2934 4969 antrum
2965 4914 3112 4985 quod
3143 4927 3305 4971 suum
3342 4914 3494 4982 fecit,
3525 4910 3626 4969 sibi
3649 4906 3814 4966 conati-

2272 5008 2378 5063 tuit
2402 5007 2813 5064 habitationem.
2846 5006 2980 5065 Sive
3006 5016 3225 5065 antrum
3257 5008 3349 5066 vel
3378 5009 3546 5065 etiam
3579 5001 3818 5061 latibulum
3906 5004 3907 5066 ξ

2271 5103 2491 5172 diaboli,
2534 5118 2724 5160 omnes
2769 5112 3087 5175 peccatores
3129 5100 3475 5177 intelligendi
3523 5109 3647 5158 sunt
3678 5092 3811 5151 τάπιτί

2270 5195 2522 5252 videlicet
2548 5196 2871 5252 infidelitate
2898 5195 2985 5253 vel
3011 5197 3183 5269 saxei,
3210 5208 3354 5269 quos
3379 5195 3531 5253 vitiis
3556 5192 3662 5251 suis
3684 5198 3813 5259 atque

2271 5289 2546 5347 illecebris
2582 5290 2849 5362 possidet,
2880 5301 2935 5348 et
2966 5289 3022 5348 in
3052 5306 3289 5364 quorum
3315 5291 3586 5349 cordibus
3612 5282 3814 5346 crimini

2270 5384 2482 5456 busque
2506 5385 2827 5456 requiescit.
3340 5390 3343 5403 '

2338 5501 2414 5554 Ab
2445 5500 2776 5556 interioribus
2815 5502 3108 5575 egredietur
3149 5510 3447 5573 tempestas,
3480 5499 3615 5556 etab
3641 5504 3813 5552 arcturo

2265 5594 2453 5666 frigus.
2496 5592 2610 5649 Non
2645 5594 2779 5649 mihi
2812 5593 3023 5650 videtur
3052 5593 3198 5665 quod
3225 5593 3293 5650 de
3327 5593 3490 5651 isrius
3527 5588 3707 5650 mundi
3730 5586 3820 5677 pla.-

2264 5687 2371 5757 gis,
2403 5685 2519 5742 sive
2547 5685 2925 5757 qualitatibus,
2960 5686 3042 5741 vel
3081 5688 3247 5743 etiam
3278 5682 3518 5744 secreth
3547 5683 3657 5757 ejtts
3683 5674 3812 5737 moti-

2267 5781 2369 5839 bus
2406 5780 2615 5840 diserit
2660 5799 2674 5838 :
2722 5779 2842 5852 sed,
2880 5776 3343 5889 q‘ttqmadmodttm
3376 5772 3820 5889 disimnjswigt‘i'tmt

2293 5879 2381 5910 te
2450 5872 2583 5905 ,υ
3444 5870 3471 5903 ιε
3544 5854 3831 5901 ,ἀντ’-*έν
