3948 6334
203 235 280 298 ill

969 223 1448 286 COMMENTARII
1492 227 1556 284 IN
1596 223 1858 286 LIBRUM
1896 228 2039 285 ton.
2085 223 2240 287 CAP.
2281 220 2550 290 XXXVII.

3328 224 3437 292 742

197 355 292 413 sive
325 345 584 408 latibulum
625 335 1205 410 dmmoniorum,'esse‘
1225 343 1464 398 humana
1495 339 1727 414 praecor-
1758 331 1808 404 Ᾱ
1839 349 1958 413 ptus
1999 335 2164 400 homo
2203 343 2256 399 in
2309 337 2478 400 Deum
2525 343 2778 413 intelligi,
2823 340 2964 402 sicut
2993 345 3260 417 prOphcta
3292 338 3446 418 prie-3

197 450 265 506 dia
300 462 312 500 :
351 443 414 499 ita
451 442 560 495 haec
589 438 856 494 interiora
883 452 1006 492 cum
1037 451 1098 492 ea
1135 437 1367 507 ingrcssi
1393 437 1616 502 fuerint,
1650 452 1737 491 se-

197 550 314 600 creta
349 551 522 594 eorum
566 543 622 588 et
665 533 848 588 abdita
889 530 1254 602 intelligamus
1286 531 1512 586 consilia
1546 549 1558 584 :
1594 531 1734 585 unde

196 640 236 692 in
259 635 382 689 hunc
409 627 657 685 mundum
690 626 1132 697 persecutionum
1165 634 1518 695 tempestates
1548 625 1736 680 venire

195 727 466 790 creduntur,
507 728 566 776 ut
602 727 661 776 et
702 727 1017 790 peccatores
1056 727 1366 788 conterant,
1400 718 1540 773 sicut
1567 717 1742 789 {Egyo-

193 821 326 895 ptios,
362 815 547 889 quibus
575 811 726 870 venit
754 811 1023 869 immissio
1051 828 1150 883 per
1181 813 1406 882 angelos
1436 813 1630 868 malos.
1666 812 1735 868 Et

193 911 335 971 sancti
375 907 552 966 eadem
591 914 918 978 tempeState
957 906 1376 962 tribulationum
1407 905 1570 960 nimia
1602 920 1738 962 eon-

196 1009 460 1072 turbentur,
496 1002 637 1060 sicut
675 1003 896 1074 quidam
938 1017 1127 1058 eorum
1159 1005 1238 1058 ait
1272 1021 1284 1058 :
1318 1001 1531 1057 Graveti
1556 1019 1735 1059 sumus

194 1117 320 1173 supra
343 1100 591 1163 virtutem,
623 1096 698 1150 ita
723 1105 781 1150 ut
821 1095 1030 1150 taederet
1057 1111 1152 1150 nos
1181 1096 1336 1150 etiam
1366 1096 1532 1149 vivere
1564 1110 1581 1148 :
1610 1094 1736 1151 Fri-

190 1211 272 1267 gus
293 1205 488 1264 quoque
516 1190 639 1261 ejus
668 1189 1014 1244 infidelitatis
1047 1188 1384 1253 immittitur,
1413 1197 1470 1242 ut
1499 1203 1527 1242 a
1557 1187 1740 1244 chari-

193 1300 280 1345 tate
305 1286 412 1354 Dei,
439 1292 494 1342 et
520 1285 708 1340 calore
736 1283 864 1339 lidei
892 1283 1264 1350 discedentes,
1291 1284 1343 1338 in
1374 1283 1612 1353 algorem
1641 1297 1737 1339 ne-

189 1384 384 1455 gallonis
407 1381 684 1436 incurrant
715 1396 730 1433 :
761 1393 885 1450 qua:
915 1377 1099 1432 omnia
1129 1377 1433 1432 immittunt
1459 1376 1736 1432 daimones

191 1492 266 1545 per
292 1472 664 1539 ministerium,
695 1479 753 1528 et
784 1472 1088 1525 sententias
1116 1469 1444 1539 principum,
1471 1479 1523 1522 et
1555 1469 1741 1525 inlide-

187 1572 289 1628 litnn
331 1555 676 1639 potestdtum.
715 1567 983 1620 Arcturus
1034 1577 1186 1628 vero,
1239 1562 1364 1633 quia
1411 1560 1464 1616 in
1515 1561 1736 1617 sinistra

190 1663 339 1720 mundi
377 1669 458 1719 est
491 1660 848 1727 constitutus,
879 1657 1254 1714 adversariam
1287 1663 1498 1726 partem
1528 1655 1737 1726 signiti-

1841 1656 2095 1714 dixerunt
2145 1675 2158 1712 :

1842 437 2125 503 nuntiavit,
2173 439 2404 493 dicens:
2442 437 2576 492 Ecce
2624 439 2890 494 descendit
2926 439 3178 496 Dominus
3209 441 3262 494 in
3301 441 3435 498 nube

1839 532 1933 587 leri
1976 534 2030 587 in
2077 532 2390 607 .Egyptunt.
2436 533 2542 588 Per
2569 549 2730 604 quem
2776 533 2960 588 divina
3001 536 3198 606 gratia,
3243 545 3297 590 et
3333 535 3432 591 do-

1837 628 2009 682 ctrina
2039 629 2302 695 caelcstis,
2340 627 2544 682 mundo
2575 628 2905 683 cﬂundenda
2944 628 3440 698 przenuntiahatur.

1839 719 1904 775 Et
1932 721 2158 793 pulchre
2190 722 2362 778 nubes
2390 723 2526 778 levis
2552 721 2751 778 dicitur
2775 740 2788 776 :
2816 721 2932 779 sive
2955 723 3080 794 quia
3105 724 3225 794 ipse
3249 724 3442 780 Salva-

1839 821 1927 870 tor
1973 825 2256 886 peccatum
2305 831 2413 872 non
2458 815 2588 872 fecit
2612 819 2798 888 Agnus
2830 817 2949 882 Dei,
2983 816 3101 873 sive
3127 817 3256 887 quia
3284 817 3439 888 virgo

1838 908 2027 975 Maria,
2056 920 2228 966 mater
2254 909 2492 979 Domini,
2510 925 2618 965 non
2633 925 2703 966 ex
2723 909 2871 966 virili
2892 911 3102 968 semine
3121 919 3438 983 aggravata,

1839 1004 1977 1060 levis
2005 1004 2177 1061 nubes
2206 1014 2292 1061 est
2320 1006 2484 1062 dicta.

1910 1097 1979 1152 Et
2021 1100 2179 1153 nubes
2220 1109 2468 1171 spargunt
2499 1100 2671 1155 lumen
2698 1117 2868 1155 suum.
2907 1101 3036 1170 Qum
3063 1102 3284 1156 lustrant
3313 1118 3444 1157 cun-

1839 1201 1920 1245 cta
1946 1207 2040 1262 per
2065 1191 2335 1245 circuitum
2365 1208 2690 1263 quocumque
2719 1209 2805 1249 eas
2839 1194 3076 1248 voluntas
3103 1193 3442 1264 gubernantis

1840 1285 2064 1351 duxerit,
2093 1285 2162 1338 ad
2188 1301 2338 1339 ontne
2367 1286 2507 1357 quod
2539 1287 2782 1356 prweepit
2813 1286 2920 1341 illis
2947 1304 3106 1358 super
3134 1288 3320 1358 facient
3348 1304 3441 1342 or-

1839 1379 1915 1433 bis
1951 1390 2232 1434 terrarum.
2275 1380 2483 1436 Lumen
2527 1381 2713 1451 utique
2764 1381 3043 1453 Evangelii
3093 1381 3443 1452 praedicatio-

1841 1489 1970 1528 num
2000 1474 2384 1529 cornscatione
2413 1473 2691 1529 mittentes
2723 1490 2736 1530 :
2773 1474 2955 1530 lumen
2989 1474 3267 1545 Evangelii
3292 1491 3445 1546 spar-

1839 1576 1971 1634 gunt
2001 1581 2167 1636 supra
2210 1566 2376 1621 corda
2410 1567 2773 1622 credentium.
2812 1567 2916 1621 Alit
2949 1582 3081 1622 vero
3113 1568 3443 1639 interpretes

2206 1657 2276 1713 Et
2318 1659 2433 1729 ipsa
2463 1676 2554 1730 per
2583 1660 2913 1715 circumitum
2941 1661 3155 1714 vertitur
3178 1660 3232 1714 in
3257 1660 3448 1731 guber-

187 1766 255 1814 ett
291 1776 302 1814 :
341 1756 402 1812 de
428 1754 586 1824 cujus
619 1755 840 1809 climate
868 1762 1068 1808 ventus
1099 1749 1282 1820 aquilo
1313 1748 1530 1820 gelidus
1566 1748 1740 1819 spirat
1769 1739 1816 1802 Β
1845 1750 2072 1817 naculis,
2099 1753 2169 1805 ad
2195 1752 2459 1823 aperauda
2486 1756 2663 1807 omnia
2691 1769 2808 1825 qua:
2834 1753 3169 1808 mandaverat
3197 1754 3288 1808 eis.
3317 1754 3446 1810 llaec

186 1861 339 1908 coritra
361 1847 666 1906 meridiem.

246 1941 411 1998 Plaute
438 1940 549 1997 Deo
582 1941 862 1996 concrescit
889 1939 1033 2012 gelu,
1057 1948 1104 1992 et
1127 1953 1331 1993 rursum
1357 1935 1606 1990 latissime
1624 1936 1744 2006 fun-

185 2037 344 2090 duntur
366 2050 526 2107 aqua.
565 2033 722 2102 Quod
759 2031 1019 2087 biedixit
1046 2032 1214 2087 ﬂante
1239 2030 1353 2085 Deo
1383 2044 1742 2085 concrescere

183 2144 339 2199 aquas,
363 2128 412 2184 id
450 2140 556 2196 eat,
590 2127 841 2197 glaciari,
871 2135 927 2182 et
953 2135 1244 2182 concretas
1272 2126 1411 2194 ﬁeri,
1442 2126 1494 2181 in
1529 2126 1742 2196 psalmo

185 2241 219 2281 e.‘
243 2224 495 2286 contrario
540 2223 678 2280 dicit
717 2241 730 2277 :
772 2220 971 2290 Flabit,
1019 2221 1216 2292 inquit,
1261 2221 1475 2291 spiritus
1518 2222 1648 2285 eius,
1694 2228 1743 2274 et

183 2322 472 2390 ﬂuentaque
497 2336 516 2375 :
545 2318 602 2373 id
633 2327 715 2372 est
742 2316 1086 2372 resolventnr
1125 2329 1188 2368 ac
1209 2313 1468 2368 deﬂuent.
1494 2313 1598 2368 Sed
1626 2313 1744 2368 sive

185 2413 254 2482 hic
273 2413 418 2478 ﬂante
445 2413 716 2480 Dc0,sive
740 2412 790 2465 iu
818 2409 1044 2480 psalmo,
1079 2408 1221 2479 ﬂabit
1252 2407 1465 2478 spiritus
1495 2410 1629 2478 ejus,
1656 2406 1744 2476 ju-

184 2506 312 2564 bente
338 2506 442 2562 Deo
471 2546 486 2573 ,
519 2507 640 2561 sive
675 2504 888 2574 jubebit
912 2501 1184 2572 spiritus,
1221 2500 1524 2568 intelligere
1556 2514 1747 2569 possu-

188 2615 302 2654 mus.
351 2599 415 2654 Et
459 2597 606 2670 quod
655 2597 742 2652 hic
789 2594 924 2650 dixit
952 2641 965 2662 ,
1014 2597 1320 2650 concrescit
1358 2594 1504 2663 gelu,
1549 2591 1651 2647 hoc
1689 2591 1745 2648 in

185 2692 344 2763 psalmi
381 2691 668 2760 superiore
708 2689 979 2747 versiculo
1019 2689 1098 2743 ait
1141 2705 1154 2742 :
1194 2686 1396 2741 Emittit
1439 2685 1746 2756 crystallum

181 2802 304 2841 suum
341 2788 464 2841 sicut
497 2789 672 2859 frusta
700 2785 873 2856 panis.
911 2784 984 2850 lta
1013 2795 1195 2836 autem
1233 2782 1465 2853 hycmali
1501 2791 1746 2850 tempore

185 2879 280 2936 lieri
315 2881 585 2947 novimus,
619 2888 677 2933 ut
705 2878 896 2942 ﬂante,
929 2875 979 2931 id
1008 2885 1112 2945 est,
1142 2875 1368 2944 jubente
1409 2873 1544 2938 Deo,
1577 2872 1746 2927 nimio

185 2971 362 3044 frigore
391 2971 721 3037 densentur,
768 2968 854 3026 vel
893 2969 1055 3024 etiam
1099 2975 1458 3022 concrescant
1485 2979 1659 3036 aquae,
1691 2971 1748 3020 et

182 3064 346 3122 iterum
388 3075 639 3138 tempore
683 3065 824 3120 aeris
867 3063 1240 3119 resolvantur.
1270 3059 1586 3117 Secundum
1623 3074 1742 3130 my-

1797 1861 1807 1876 '
1844 1854 1972 1900 sunt
2005 1844 2173 1916 igitur
2212 1861 2333 1916 quae
2363 1845 2660 1913 mandavit,
2701 1857 2756 1902 et
2799 1847 3057 1917 praecepit
3089 1848 3313 1904 caeteris
3346 1863 3450 1902 nu-

1854 1939 2016 1994 bibus
2062 1940 2176 1994 suis
2211 1938 2402 1995 dicens
2436 1955 2450 1993 :
2487 1938 2569 1995 Ite
2595 1942 2649 1994 in
2678 1941 2972 1996 uniuersum
3001 1941 3277 2011 mundum,
3306 1957 3448 2013 pra:-

1846 2037 2016 2091 dicate
2056 2033 2398 2106 Evangelium
2437 2036 2690 2091 universa:
2726 2045 2997 2092 creaturae.
3029 2036 3265 2092 Proinde
3295 2037 3454 2106 quasi

1845 2139 2012 2187 vento
2039 2131 2231 2199 Spiritu
2265 2131 2385 2197 Dei,
2413 2147 2520 2201 quo
2545 2140 2602 2185 ut
2628 2131 2800 2186 nubes
2828 2130 3150 2201 agebantur,
3183 2129 3450 2201 prohibiti

1847 2233 1973 2280 sunt
2000 2225 2082 2279 ire
2120 2223 2453 2295 Bithyniam,
2486 2234 2540 2280 ct
2570 2224 2638 2280 de
2665 2224 2852 2280 Iudaea
2882 2223 3107 2278 Romam
3139 2224 3244 2279 illis
3276 2233 3454 2280 trans-

1851 2317 1928 2372 ire
1957 2324 2296 2386 praeceptum
2319 2357 2333 2381 ,
2368 2324 2425 2370 et
2461 2317 2535 2370 ita
2573 2315 2712 2370 sicut
2742 2315 2912 2372 editio
2936 2315 3186 2372 continet
3211 2356 3225 2382 ,
3256 2315 3448 2373 orbem

1857 2411 2170 2466 universum
2205 2409 2500 2464 lustrantes
2528 2411 2940 2464 circumierunt.

1922 2503 2041 2558 Sive
2065 2504 2118 2556 in
2145 2519 2250 2556 una
2277 2503 2438 2569 tribu,
2460 2502 2564 2555 sive
2594 2502 2647 2556 in
2679 2512 2816 2556 terra
2843 2519 2960 2567 sua,
2985 2503 3090 2557 sive
3121 2503 3172 2557 in
3200 2517 3451 2571 quocum-

1849 2613 1947 2667 que
1986 2597 2098 2651 loco
2142 2596 2518 2650 misericordia:
2558 2612 2668 2651 sine
2708 2613 2792 2650 eas
2814 2597 3030 2667 jusserit
3060 2596 3296 2650 inueniri.
3337 2597 3452 2650 lloc

1850 2697 1934 2746 est
1962 2687 2106 2758 quod
2138 2689 2253 2760 ipse
2283 2689 2544 2743 Dominus
2570 2688 2647 2743 ait
2675 2688 2731 2743 in
2764 2689 3060 2758 Evangelia
3093 2703 3110 2743 ι
3137 2686 3300 2742 Erilis
3321 2687 3454 2743 mihi

1857 2789 2006 2834 testes
2039 2783 2090 2835 in
2123 2779 2436 2846 Jerusalem,
2477 2791 2520 2835 et
2562 2780 2826 2846 Samaria,
2858 2788 2904 2834 et
2937 2796 3096 2851 usque
3119 2780 3187 2834 ad
3208 2781 3455 2834 ultimum

1852 2885 2004 2928 terra:
2041 2891 2058 2926 :
2091 2874 2181 2928 ubi
2213 2873 2341 2929 illud
2372 2875 2640 2944 praecipue
2671 2873 2988 2931 intuendum
3016 2883 3097 2930 est
3119 2915 3134 2940 ,
3163 2873 3303 2944 quod
3332 2875 3406 2927 ait
3435 2888 3451 2927 :

1851 2964 1909 3020 In
1940 2981 2282 3037 quocumque
2327 2967 2447 3022 loco
2490 2966 2884 3023 misericordiae
2914 2981 3026 3022 suae
3047 2965 3274 3035 jusserit
3301 2965 3458 3020 inve-

1853 3061 1957 3116 niri
2004 3075 2020 3114 :
2072 3062 2162 3116 ubi
2209 3075 2304 3132 per
2349 3061 2582 3131 gratiam
2626 3061 2830 3117 Christi
2874 3069 3037 3130 atque
3076 3058 3296 3131 pietatis
3341 3072 3456 3114 suas

179 3159 320 3216 sticus
348 3157 830 3216 vero.intellectus
859 3156 914 3212 in
945 3154 1238 3227 prasteritis
1268 3154 1742 3226 generationibus,
1775 3142 1821 3206 C
1855 3155 2305 3224 misericordiam,
2338 3155 2667 3226 significavit
2692 3155 2757 3209 ad
2787 3155 2948 3211 tidem
2985 3153 3344 3210 revocandos.

179 3251 239 3308 ob
257 3250 496 3309 meritum
525 3267 688 3308 suum
717 3251 1057 3321 relinquente
1085 3249 1196 3304 Deo
1224 3263 1397 3320 genus
1424 3246 1746 3312 humanum,

178 3344 285 3401 ﬂatu
324 3347 432 3402 oris
473 3345 616 3412 Dei,
659 3353 715 3400 et
747 3343 970 3416 iustitia:
1011 3342 1129 3412 ejus
1161 3351 1419 3396 manante
1450 3341 1750 3409 sententia,

179 3437 284 3494 dum
308 3448 626 3496 removetur
651 3439 720 3494 ab
749 3437 872 3509 igne
892 3433 1080 3491 divino
1101 3477 1116 3501 ,
1144 3434 1325 3490 omnis
1347 3441 1592 3488 creatura
1621 3449 1751 3488 con-

175 3541 304 3608 creta
335 3543 414 3590 est
461 3545 744 3604 tamquam
793 3531 939 3603 gelu,
973 3538 1029 3586 et
1060 3546 1088 3583 a
1118 3543 1250 3584 vera
1281 3528 1378 3583 Dei
1410 3529 1746 3600 cognitione,

179 3627 366 3699 frigoris
401 3629 488 3684 sui
536 3627 911 3684 immensitate
949 3626 1268 3682 constricta.
1313 3623 1466 3679 Nunc
1497 3639 1626 3680 vero
1653 3639 1750 3693 per

177 3723 378 3791 gratiam
405 3721 632 3779 Domini
661 3731 716 3778 et
743 3721 1044 3778 Salvatoris
1067 3720 1265 3787 nostri,
1292 3719 1436 3775 sicut
1455 3719 1531 3774 ait
1554 3721 1749 3776 Petrus

175 3817 425 3884 apostolus
453 3835 470 3872 :
505 3816 770 3888 Tempora
792 3813 1103 3888 ignorantiw
1124 3814 1416 3884 despiciens
1439 3811 1602 3880 Deus,
1630 3831 1752 3868 rur-

175 3920 272 3961 sum
296 3908 360 3964 ab
385 3908 483 3965 illo
507 3909 700 3979 algore
725 3905 1013 3964 oblivionis
1038 3915 1200 3976 atque
1222 3905 1442 3971 duritia,
1468 3921 1589 3976 qua:
1611 3907 1753 3961 sicut

176 3997 299 4072 longi
331 4002 599 4074 temporis
627 4001 754 4074 gelu
791 3999 1148 4066 obduruerat,
1182 3998 1467 4053 charitatis
1498 3999 1595 4054 Dei
1629 4001 1752 4068 igne

173 4095 436 4166 solvuntur
469 4112 631 4169 aqua:
662 4095 986 4166 populorum
1011 4135 1027 4161 ,
1071 4104 1126 4149 ut
1169 4093 1335 4148 ﬂuant
1381 4102 1437 4148 et
1465 4103 1751 4149 recurrant

174 4187 232 4262 ad
249 4187 432 4246 Deum.

219 4279 567 4339 Frumentum
607 4282 866 4338 desiderat
909 4281 1086 4336 nubes.
1123 4280 1236 4336 Hoc
1274 4289 1357 4336 est
1399 4280 1750 4346 frumentum,

172 4375 227 4433 de
251 4394 351 4451 quo
378 4380 653 4438 Dominus
681 4379 734 4434 in
765 4377 1060 4450 Evangelio
1085 4378 1162 4431 ait
1184 4391 1282 4448 per
1311 4375 1647 4444 parabolain,
1674 4372 1756 4429 di-

170 4489 281 4531 cens
309 4495 320 4529 :
352 4475 604 4551 Colligite
630 4473 836 4528 zizania
863 4473 914 4526 in
940 4472 1219 4544 fasciculos
1239 4471 1307 4525 ad
1329 4469 1750 4537 comburendum,

1925 3253 2178 3305 Ausculta
2204 3250 2315 3307 lucc
2333 3294 2348 3319 ,
2375 3251 2503 3320 Job,
2530 3261 2632 3319 sta,
2667 3261 2714 3305 et
2733 3250 3018 3306 considera
3043 3249 3305 3304 mirabilia
3338 3245 3456 3304 Dei.

1853 3345 2125 3402 Admonet
2153 3345 2331 3412 lleliu,
2358 3355 2418 3402 ut
2441 3357 2778 3403 sacramenta
2803 3346 2856 3400 in
2885 3343 3108 3400 Christo
3130 3352 3185 3399 et
3212 3342 3461 3399 Ecclesia

1851 3437 2219 3507 adimplenda,
2255 3437 2358 3494 Job
2388 3453 2521 3494 aure
2549 3437 2734 3494 cordis
2763 3437 3060 3507 diligenter
3088 3434 3360 3501 intendat,
3395 3447 3453 3492 et

1853 3531 1904 3586 in
1949 3531 2150 3586 mentis
2192 3546 2307 3587 sua:
2341 3532 2563 3602 specula
2595 3532 2954 3599 constitutus,
2991 3529 3081 3586 ubi
3113 3531 3277 3585 etiam
3315 3528 3457 3600 vigi-

1853 3625 2015 3680 lantia
2050 3625 2347 3680 eontuendi
2387 3625 2617 3681 docetur
2648 3635 2797 3682 stare
2830 3642 2842 3680 :
2876 3624 3192 3680 consideret
3221 3623 3458 3679 miracu-

1852 3719 2024 3774 lorum
2071 3719 2162 3774 Dei
2205 3720 2383 3774 futura
2414 3719 2700 3790 mysteria,
2733 3735 2854 3790 qua:
2889 3733 2984 3789 per
3013 3717 3184 3773 nubes
3213 3717 3455 3772 rationa-

1853 3814 1930 3868 les
1957 3822 2284 3883 operaturus
2309 3813 2399 3867 sit.

1928 3904 2201 3974 Numquid
2239 3906 2368 3973 scis,
2409 3905 2622 3978 quando
2664 3905 2904 3978 proserpit
2948 3904 3089 3959 Deus
3131 3903 3356 3975 pluviis,
3399 3912 3459 3958 ut

1855 4001 2179 4055 ostenderent
2227 4000 2393 4054 lucem
2434 4001 2648 4054 nubiunt
2690 4001 2843 4071 ejus?
2880 3999 3029 4054 More
3067 3997 3458 4067 prophetarum

1858 4108 1955 4164 pro
1985 4093 2148 4147 factis
2181 4092 2356 4148 futura
2389 4101 2806 4148 commemorat.
2831 4091 3087 4161 Pratcipit
3117 4091 3284 4161 igitur
3313 4090 3459 4146 Deus

1857 4186 2053 4257 pluvris
2081 4185 2442 4256 evangelicis,
2475 4194 2533 4241 ut
2557 4185 2776 4240 nubium
2803 4200 3024 4240 suarum
3049 4185 3247 4250 lucem,
3274 4181 3328 4238 id
3350 4191 3459 4252 est,

1857 4290 2041 4337 sancta
2086 4294 2251 4350 opera
2293 4295 2388 4334 sua
2418 4279 2678 4334 doctores
2711 4293 2808 4350 per
2837 4277 3166 4333 inlusionem
3201 4276 3326 4332 ﬁdei
3357 4277 3458 4332 de-

1859 4383 2227 4430 monstrarent
2262 4392 2274 4428 :
2309 4381 2361 4429 et
2393 4373 2508 4428 hmo
2552 4373 2615 4426 ad
2657 4370 3044 4430 illuminandos
3073 4371 3324 4427 homines
3351 4371 3458 4426 mi-

1860 4467 2156 4524 sericordia
2189 4466 2433 4523 cmlestis
2461 4475 2740 4534 Operatur.

171 4572 373 4630 triticum
415 4541 600 4638 auiam
628 4576 924 4641 congretale
947 4567 1002 4621 in
1027 4565 1272 4621 horreum
1299 4581 1486 4618 meum.
1521 4563 1754 4620 Proinde
1780 4541 1836 4604 D
1933 4563 2199 4635 Numquid
2225 4562 2360 4616 nosti
2387 4562 2596 4616 seruitus
2623 4561 2838 4615 nubium
2861 4577 3096 4632 magnas,
3131 4567 3178 4614 et
3206 4559 3464 4630 perfectas

168 4663 260 4721 hoc
285 4665 472 4721 vivum
507 4663 867 4729 frumentum,
898 4659 1158 4715 doctores
1190 4673 1438 4729 quosque
1472 4657 1752 4723 Ecclesia,

169 4757 246 4828 qui
270 4759 418 4816 velut
448 4757 629 4815 nubes
661 4763 883 4827 portant
907 4769 1078 4826 aquas
1110 4753 1414 4822 Evangelii,
1443 4750 1636 4806 audire
1663 4750 1757 4804 de-

167 4851 380 4927 siderat,
417 4851 570 4909 sicut
609 4860 665 4907 et
702 4848 782 4920 illi
809 4848 902 4919 qui
934 4855 1092 4903 erant
1120 4846 1190 4902 de
1218 4845 1320 4900 hoc
1349 4846 1621 4900 lrmnento
1651 4845 1753 4899 do-

167 4946 372 5020 minico,
398 4947 720 5000 habitantes
739 4942 1047 4998 Antiochiae
1071 4939 1309 5008 Pisidiae,
1337 4939 1601 5010 rogabant
1623 4939 1760 4993 Pau-

168 5037 270 5107 lum
296 5048 352 5096 et
393 5038 730 5104 Barnabam,
771 5045 832 5091 ut
860 5035 1217 5106 loquerentur
1257 5034 1334 5088 eis
1371 5033 1600 5089 verbum
1635 5033 1752 5102 Dei,

167 5134 296 5201 quod
318 5134 582 5191 fecerunt
607 5131 839 5204 apostoli
868 5130 1164 5186 suadentes
1197 5145 1520 5201 permanere
1549 5131 1600 5184 in
1630 5146 1756 5200 gra-

166 5227 234 5281 tia
260 5229 374 5284 Dei.
403 5227 705 5286 Cornelius
733 5241 952 5296 quoque
973 5224 1040 5280 ad
1073 5223 1292 5280 Petrum
1317 5223 1393 5278 ait
1419 5241 1431 5278 :
1460 5221 1616 5278 Nunc
1636 5240 1758 5296 ergo

166 5335 326 5384 ontnes
363 5339 465 5376 nos
513 5322 570 5375 in
613 5329 890 5393 conspectu
931 5328 1021 5373 tuo
1065 5318 1337 5384 adsumus,
1379 5317 1561 5372 audire
1587 5318 1760 5373 omnia

163 5432 493 5490 timeumque
539 5419 628 5473 tibi
667 5425 922 5489 prwcepta
961 5423 1080 5468 sunt
1108 5432 1138 5467 a
1169 5412 1414 5469 Domino.
1450 5414 1514 5468 Et
1546 5413 1758 5482 Moyses

163 5515 230 5567 ait
261 5531 275 5569 :
308 5515 565 5588 Excipiat
594 5513 728 5569 velut
759 5513 935 5582 pluvia
961 5510 1221 5579 eloquium
1250 5524 1440 5569 meum,
1471 5518 1516 5562 et
1543 5507 1763 5562 descen-

163 5607 279 5662 dant
309 5609 450 5664 sicut
475 5624 565 5662 ros
593 5606 741 5661 rcrba
771 5622 904 5660 mea.
936 5602 1090 5663 Unde
1118 5612 1173 5659 et
1197 5601 1488 5672 Apostolus
1511 5601 1588 5654 ait
1613 5618 1626 5656 :
1653 5599 1764 5668 Ego

165 5703 416 5772 plarttaui,
450 5702 645 5773 Apollo
675 5701 886 5774 rigavit,
914 5699 1004 5754 sed
1040 5697 1174 5753 Deus
1203 5699 1572 5752 incrementum
1600 5697 1760 5752 dedit.

162 5796 286 5856 Haec
325 5797 512 5856 nubes
554 5804 754 5871 potest,
783 5804 838 5853 et
866 5793 983 5870 ipse
1010 5791 1296 5860 Dominus,
1326 5789 1380 5846 id
1409 5799 1513 5877 est,
1543 5804 1763 5848 assum-

1823 4667 1830 4678 '
1861 4658 2146 4713 scientias?
2191 4655 2290 4710 llic
2318 4654 2448 4709 dum
2495 4654 2632 4710 dicit
2663 4655 2936 4726 perfectas
2960 4653 3242 4719 scientias,
3273 4653 3344 4708 de
3375 4669 3463 4708 ra-

1859 4753 2153 4809 tionalibus
2194 4766 2254 4807 se
2293 4747 2525 4806 nub‘i'bus
2556 4750 2838 4805 evidenter
2868 4750 3106 4805 ostendit
3154 4748 3336 4805 dicere
3363 4791 3378 4813 ,
3407 4756 3466 4804 et

1859 4844 2274 4918 praedicatorum
2298 4843 2419 4908 viis,
2447 4851 2500 4897 et
2524 4840 2800 4897 subtilium
2824 4855 3083 4896 sensuum
3107 4843 3332 4897 semitis.
3365 4838 3464 4895 Dic

1861 4937 2020 5003 mihi,
2065 4951 2276 5007 quaeso,
2306 4934 2350 4988 si
2382 4945 2718 5004 cognoscere
2751 4933 2981 5003 potuisti
3012 4949 3133 5004 qua:
3171 4933 3378 4988 semita:
3405 4931 3462 4985 in

1863 5032 2104 5090 nubibus
2147 5038 2274 5085 sunt
2306 5044 2514 5100 magna:
2544 5038 2599 5082 et
2630 5030 2889 5097 perlecta:
2918 5026 3200 5082 scientiae?
3231 5024 3466 5095 Figura-

1865 5125 1976 5188 bat,
2027 5124 2141 5178 haec
2185 5121 2437 5188 dicendo,
2484 5120 2813 5190 apostolicas
2858 5119 3056 5186 nubes,
3089 5133 3317 5189 quarum
3352 5132 3464 5174 una

1864 5217 2125 5276 citissima
2161 5215 2336 5271 nubes
2377 5213 2454 5270 ait
2495 5214 2562 5269 ad
2605 5213 2948 5269 Salvatorem
2991 5211 3114 5265 :‘l'u
3146 5227 3197 5265 es
3225 5209 3464 5264 Christus

1866 5312 2038 5367 Filius
2080 5309 2178 5363 Dei
2222 5308 2351 5378 viri,
2399 5321 2519 5377 qua:
2550 5305 2807 5377 quoniam
2839 5317 3101 5373 suspensa
3133 5317 3161 5356 a
3195 5310 3340 5356 terra
3361 5342 3376 5369 ,
3410 5309 3468 5356 et

1867 5405 2114 5477 proxima
2151 5411 2269 5459 erat
2297 5402 2459 5470 caelo,
2485 5397 2780 5470 respondet
2805 5397 2858 5453 ei
2891 5396 3154 5452 Dominus
3187 5413 3200 5449 :
3233 5393 3348 5449 Hoc
3373 5394 3466 5449 tibi

1868 5517 1968 5554 non
2000 5496 2238 5553 rivelauit
2267 5512 2411 5562 caro,
2441 5504 2490 5548 et
2528 5494 2764 5566 sanguis,
2798 5490 2886 5547 sed
2920 5489 3078 5544 Pater
3109 5506 3274 5544 meus.
3309 5488 3468 5543 Alius

1868 5609 1997 5649 vero
2024 5591 2306 5662 apostolus
2334 5597 2616 5659 tamquam
2647 5587 2820 5642 nubes
2847 5585 3007 5656 plena
3035 5583 3190 5654 aquis
3215 5586 3470 5652 pertecm:

1868 5687 2132 5750 scientiae,
2173 5699 2204 5737 a
2241 5684 2476 5738 tonitiuo
2505 5678 2786 5750 Evangelii
2816 5677 3098 5748 copiosum
3135 5676 3361 5729 imbrem
3390 5675 3472 5729 el-

1867 5779 2046 5840 lundit
2066 5779 2140 5836 ita
2168 5776 2381 5845 dicens,
2407 5771 2472 5830 In
2504 5771 2762 5849 principio
2787 5777 2897 5828 erat
2934 5766 3176 5841 Verbum,
3208 5774 3317 5826 etc.
3351 5765 3472 5843 Quo
