3948 6334
488 323 597 385 745

1242 316 1636 384 i’APPENDlX
1674 317 1768 375 AD
1806 313 2050 374 TOMUM
2087 311 2443 372 SEPTIMUM
2482 312 2542 373 S.
2583 309 2991 370 HIERONYMI.
3083 283 3086 285 -

3647 317 3734 378 7H

491 446 829 504 validissimo
875 444 1123 502 tonitruo
1167 442 1372 514 ubique
1411 450 1729 510 resonante,
1773 449 1832 496 ιιι
1872 453 2091 496 omnem
2121 443 2172 502 Α
2198 445 2486 508 cupantur.
2515 435 2673 494 Heliu
2697 446 2877 494 autem
2909 436 2954 494 si
2981 434 3279 508 pr0pltetia3
3303 407 3536 506 spiritum
3557 437 3732 510 habuit,

491 552 694 598 terram
749 540 818 596 ad
864 539 1025 595 ﬁdem
1077 537 1364 608 religionis
1414 546 1654 592 tremore
1702 543 2019 591 concuteret
2069 550 2086 591 :

490 632 631 689 alius
654 632 705 688 in
726 629 912 688 Judtea
939 644 1037 701 per
1061 627 1314 686 iteratam
1337 627 1676 684 nativitatem
1697 634 1941 694 exortus,
1971 625 2088 681 vel-

492 733 553 782 ut
590 739 753 796 parva
783 721 1051 780 nubecula
1093 723 1167 778 ita
1205 722 1408 787 crevit,
1439 729 1496 776 et
1524 718 1691 775 ﬂante
1720 719 1916 789 spiritu
1952 716 2090 774 dila-

496 827 640 873 tatus
671 824 775 885 est,
805 826 864 872 ut
892 814 1109 886 pluvias
1139 813 1526 886 mysteriorum
1551 828 1582 866 a
1608 809 1820 867 saeculis
1847 817 2092 865 secreto-

495 928 614 968 rum
640 909 897 984 perl‘ecta:
918 909 1183 975 scientiae,
1208 923 1383 980 usque
1402 907 1470 963 ad
1492 905 1764 979 Illyricum
1786 911 2088 976 spargeret,

489 1009 737 1082 aliasque
796 1009 964 1066 totius
1006 1006 1194 1064 mundi
1237 1005 1488 1077 regiones
1527 1002 1693 1074 largis
1732 999 2092 1058 cﬂ'usionibus

492 1104 772 1175 irrigaret.
807 1102 876 1158 Et
903 1101 1034 1158 hinc
1069 1111 1153 1158 est
1181 1108 1242 1156 ut
1274 1096 1442 1170 aliqui
1471 1111 1659 1153 eorum
1687 1093 2092 1165 appellarentur

493 1197 592 1255 lilii
619 1197 874 1269 tonitrui,
908 1196 1046 1252 alius
1075 1211 1209 1251 vero
1233 1192 1508 1250 diceretur
1534 1189 1681 1245 lilius
1707 1183 2093 1259 suspendentis

489 1305 686 1364 aquas.

566 1383 761 1440 Nonne
783 1381 1085 1439 vestimenta
1115 1388 1204 1435 tua
1228 1377 1402 1434 calida
1427 1385 1566 1445 sunt,
1592 1390 1708 1430 eum
1733 1375 1954 1447 per/lata
1980 1374 2094 1443 fue-

490 1477 560 1535 rit
590 1487 726 1534 terra
768 1477 962 1532 Austro
987 1477 1009 1530 ?
1051 1472 1155 1529 Alii
1187 1472 1468 1537 dixerunt,
1499 1479 1589 1524 tua
1632 1468 1765 1522 stola
1791 1465 1965 1521 calida
1993 1473 2090 1520 est.

490 1568 608 1626 Hoc
634 1567 856 1642 quidem
887 1583 1078 1624 verum
1109 1573 1212 1634 est,
1247 1562 1394 1635 quod
1437 1559 1776 1617 meridianus
1805 1565 2002 1614 ventus
2025 1555 2097 1611 sit

490 1663 726 1732 calidus,
759 1678 870 1734 quo
899 1662 1066 1718 ﬂante
1109 1659 1276 1716 etiam
1305 1658 1635 1716 vestimenta
1666 1654 1974 1719 hominum,
2007 1651 2095 1708 vel

490 1772 808 1827 corporum,
842 1772 962 1828 qua:
991 1755 1294 1810 animarum
1318 1751 1642 1811 vestimenta
1665 1756 1816 1816 sunt,
1845 1745 2098 1803 concale-

2191 530 2489 586 secnndum
2541 529 2686 585 hunc
2725 529 3064 586 intellectum
3106 543 3266 601 quem
3311 528 3550 593 diximus.
3594 536 3739 602 potuit

2189 622 2654 693 contemplatione
2707 624 2906 680 tuentis
2950 639 3064 680 sua:
3110 625 3226 680 haec
3277 623 3331 679 in
3373 621 3578 681 Christo
3611 644 3739 684 reve-

2190 715 2351 774 landa
2394 731 2764 789 cognoscere,
2817 729 2872 774 et
2914 718 3038 774 aliis
3085 717 3284 784 modis,
3326 718 3513 790 quibus
3557 720 3740 778 videtur

2189 811 2456 868 caelorum
2500 812 2966 882 nuncupationem
3007 812 3270 876 sensisse,
3310 809 3438 868 licet
3477 811 3571 870 hoc
3597 815 3743 886 ipsum

2191 904 2246 960 in
2277 904 2588 961 irrisionem
2614 905 2786 961 sancti
2815 903 2921 961 Job
2945 903 3055 961 dici
3084 920 3190 962 non
3217 903 3486 962 debuerit.

2267 997 2493 1053 Ostende
2536 996 2705 1064 nobis,
2745 997 2872 1069 quid
2917 997 3154 1053 dicamus
3189 997 3289 1053 illi.
3336 995 3451 1052 Nos
3490 999 3661 1070 quippe
3681 1001 3749 1056 in-

2189 1091 2440 1146 volvimur
2470 1091 2710 1146 tenebris.
2747 1089 3069 1147 Insultantis
3107 1090 3335 1146 verbum
3371 1099 3475 1156 est,
3501 1101 3553 1146 et
3577 1107 3747 1163 expro-

2192 1185 2425 1251 brantis,
2454 1183 2685 1240 ostende
2703 1184 2882 1252 nobis,
2915 1199 3039 1240 cum
3076 1183 3208 1240 illud
3242 1182 3467 1240 verbum
3495 1182 3642 1253 dicat,
3669 1186 3750 1242 sed

2193 1278 2262 1335 ad
2291 1277 2758 1350 comparationem
2792 1277 3041 1334 scientiae
3071 1277 3174 1333 sub
3203 1277 3522 1348 ignorantia:
3549 1278 3751 1338 tenebris

2195 1381 2564 1431 commanent.
2593 1371 2726 1428 Nam
2755 1371 3033 1444 quomodo
3062 1387 3093 1427 a
3121 1379 3312 1428 sancto
3350 1369 3454 1427 Job
3475 1370 3666 1429 discere
3688 1371 3756 1429 in-

2195 1466 2385 1538 quirit,
2419 1481 2582 1539 quem
2608 1465 2661 1520 in
2699 1463 2884 1521 verbis
2910 1465 3032 1520 suis
3062 1463 3420 1536 reprehendit
3441 1474 3493 1520 et
3517 1464 3756 1536 reprobat.

2197 1561 2457 1629 Ostende,
2485 1561 2687 1633 inquit,
2710 1576 2745 1617 o
2772 1558 2898 1627 Job,
2922 1560 2968 1616 si
3001 1559 3204 1631 aliquid
3235 1559 3492 1630 amplius,
3516 1567 3570 1614 et
3591 1558 3756 1616 melius

2200 1671 2367 1713 nosse
2395 1665 2448 1712 te
2479 1654 2795 1724 arbitraris,
2822 1654 3081 1726 quoniam
3108 1668 3210 1709 nos
3230 1652 3452 1727 grandis
3481 1654 3759 1726 ignorantiae

2199 1759 2367 1821 atque
2412 1747 2715 1804 inscientia:
2766 1747 3014 1804 tenebris
3065 1746 3400 1804 detinemur.
3448 1745 3653 1804 Certum
3695 1757 3764 1803 at

493 1858 673 1908 scunt.
724 1848 833 1906 Sed
879 1847 1004 1920 quia
1055 1846 1250 1910 nubes,
1301 1843 1555 1900 homines
1600 1848 1856 1907 sanctos,
1903 1839 2104 1894 veritas
2133 1842 2339 1915 Bergo
2384 1841 2531 1915 quod
2581 1841 2740 1899 l-leliu
2787 1841 3049 1899 deridens
3097 1842 3200 1900 Job
3253 1849 3421 1914 atque
3461 1842 3762 1901 subsannans

494 1939 802 2014 prophetia:
846 1953 947 1995 nos
984 1936 1294 2008 intelligere
1318 1933 1583 2006 compulit
1609 1939 1832 1989 ventum
1858 1929 2100 1987 calidum

493 2050 524 2090 a
557 2034 787 2093 meridie
815 2034 1116 2106 spirantem
1136 2074 1152 2100 ,
1181 2030 1489 2088 ferventem
1523 2027 1710 2093 tidem,
1741 2025 1833 2082 vel
1862 2024 2100 2097 gratiam

495 2128 732 2201 Spiritus
779 2127 956 2185 sancti
1002 2126 1304 2195 ardentem,
1349 2134 1404 2181 et
1450 2123 1656 2179 clarius
1702 2120 2100 2178 illuminantem

497 2222 887 2294 intelligamus,
919 2219 1008 2278 vel
1046 2220 1223 2290 ipsum
1267 2217 1556 2274 Dominum
1589 2225 1861 2284 nostrum,
1895 2213 1965 2270 de
1991 2227 2101 2284 quo

507 2317 742 2390 legimus
790 2332 806 2371 :
853 2313 996 2372 Deus
1033 2313 1096 2370 ab
1133 2315 1325 2370 Austro
1354 2312 1528 2377 ueniet
1570 2352 1586 2380 ,
1626 2325 1736 2382 quo
1778 2307 2102 2365 rationalem

500 2421 702 2469 terram
751 2408 1043 2482 perﬂante,
1089 2408 1324 2464 virtutes
1368 2405 1561 2472 animi,
1603 2420 1725 2475 qua:
1766 2409 1897 2460 sunt
1932 2400 2101 2458 vesti-

497 2511 678 2560 menta
721 2501 1003 2559 interioris
1043 2499 1308 2567 hominis,
1342 2498 1718 2565 inardescunt,
1763 2506 1822 2553 et
1849 2495 1974 2553 ideo
2001 2509 2101 2551 ve-

491 2599 750 2656 stimenta
797 2597 1166 2670 appellantur,
1206 2595 1466 2667 quoniam
1515 2593 1640 2664 ipsi,
1669 2592 1758 2664 qui
1790 2591 1872 2647 eis
1902 2591 2097 2658 utitur,

495 2690 780 2762 pulchram
817 2690 1055 2746 animam
1097 2687 1305 2745 faciunt
1328 2728 1344 2754 ,
1389 2694 1446 2742 et
1473 2685 1754 2742 decoram.
1792 2684 1863 2739 Et
1899 2683 1968 2740 ob
1995 2681 2103 2739 hoc

494 2782 744 2840 hortatur
768 2782 1064 2854 Apostolus
1091 2780 1280 2838 dicens
1309 2795 1328 2837 ι
1359 2775 1604 2850 Fratres,
1627 2777 1828 2833 induite
1854 2794 1944 2832 vos
1967 2777 2104 2832 sicut

495 2876 642 2935 electi
679 2875 810 2945 Dei,
848 2884 900 2932 et
940 2875 1136 2944 dilecti,
1167 2874 1366 2930 uiscera
1392 2873 1780 2938 misericordiw,
1813 2871 2104 2946 benignita-

493 2982 635 3043 tem,
679 2970 1026 3027 humilitatem
1049 3015 1063 3038 ,
1106 2968 1416 3024 modestiam
1439 3008 1456 3036 ,
1494 2967 1843 3042 patientiam,
1883 2975 1991 3022 etc.
2034 2964 2104 3022 Et

494 3064 614 3122 haec
642 3064 811 3137 igitur
835 3062 907 3120 ab
937 3062 1122 3131 Helia,
1163 3062 1306 3119 sicut
1332 3070 1388 3118 et
1413 3059 1544 3128 alia,
1576 3059 1773 3132 spiritu
1802 3056 2103 3131 praphetite

495 3157 778 3214 dicuntur.

2205 1938 2322 1994 huic
2342 1937 2509 1993 dicat.

2280 2032 2410 2102 Quis
2431 2031 2667 2086 narrabit
2687 2030 2736 2087 ei
2759 2047 2877 2104 quae
2901 2031 3085 2104 loquor
3111 2029 3137 2084 2
3159 2027 3387 2085 Etiamsi
3418 2028 3612 2085 locutus
3633 2027 3764 2102 fudit

2205 2125 2380 2194 homo,
2405 2125 2756 2180 devorabitur.
2787 2122 2915 2180 Dixi
2940 2122 3038 2181 tibi
3065 2122 3306 2195 quidem,
3335 2138 3372 2179 ο
3395 2122 3517 2194 Job,
3540 2130 3597 2178 ut
3615 2131 3770 2178 osten-

2204 2218 2364 2276 deres
2392 2218 2529 2275 mihi
2555 2218 2686 2290 quid
2715 2218 2861 2291 loqui
2887 2232 3105 2290 possem
3140 2236 3152 2272 :
3187 2216 3284 2274 sed
3310 2216 3432 2274 lucc
3455 2217 3564 2289 ipsa
3591 2232 3698 2290 quae
3713 2215 3770 2273 de

2204 2311 2319 2370 Deo
2350 2312 2497 2380 dico,
2528 2313 2653 2384 quis
2693 2313 2743 2369 ei
2774 2327 2942 2369 ausus
2969 2320 3054 2369 est
3097 2311 3246 2385 loqui
3273 2314 3297 2368 τ
3325 2311 3490 2370 Certe
3517 2314 3561 2368 si
3589 2311 3771 2370 locutus

2204 2406 2370 2464 fuerit
2405 2407 2675 2480 quispiam
2704 2451 2720 2478 ,
2749 2407 2897 2480 quod
2937 2407 2987 2464 ei
3017 2406 3246 2464 omnino
3275 2420 3387 2464 non
3419 2406 3661 2478 expedit,
3688 2419 3770 2475 pro

2206 2501 2310 2556 hoc
2364 2500 2484 2572 ipso
2514 2509 2740 2572 peccato
2771 2501 3101 2558 temeritatis
3149 2508 3206 2557 et
3233 2500 3606 2558 irreverentia:
3635 2501 3774 2557 devo-

2203 2597 2435 2660 rabitur,
2478 2603 2535 2652 ut
2584 2595 2674 2652 hic
2728 2596 2888 2653 lleliu
2922 2596 3018 2652 ait.
3049 2595 3127 2652 Ita
3166 2595 3222 2652 in
3263 2595 3492 2666 psalmis
3537 2594 3771 2666 legimus:

2204 2686 2451 2742 Devorati
2477 2697 2598 2743 sunt
2621 2689 2782 2762 juxta
2808 2698 3012 2762 petram
3029 2687 3243 2759 judiees
3273 2703 3457 2742 eorum
3480 2702 3497 2740 :
3519 2686 3605 2741 ubi
3630 2683 3770 2741 intel-

2203 2779 2429 2852 ligitur,
2481 2791 2709 2851 peccato
2746 2779 3061 2836 diﬂidentize
3090 2780 3395 2836 devoratos
3424 2787 3579 2849 atque
3613 2778 3775 2832 absor-
3835 2851 3841 2857 l

2205 2884 2328 2946 ptos
2350 2874 2564 2947 judices
2599 2874 2788 2947 populi
2818 2873 3039 2931 lsraelis
3063 2874 3115 2929 in
3143 2889 3352 2940 eremo,
3387 2875 3478 2945 qui
3497 2889 3600 2930 non
3627 2868 3802 2928 credi-‘

2204 2965 2405 3024 derunt
2469 2965 2612 3039 quod
2663 2977 2887 3038 possent
2930 2967 3000 3024 de
3054 2977 3206 3039 petra
3265 2980 3530 3040 aquarum
3585 2964 3778 3022 ﬂumina

2213 3061 2416 3118 virtute
2445 3061 2645 3117 divinae
2673 3061 3055 3134 promissionis
3081 3061 3261 3119 educi.

2275 3157 2340 3210 At
2383 3172 2521 3211 nunc
2567 3173 2670 3211 non
2710 3156 2883 3212 uident
2924 3156 3112 3212 lucem.
3147 3157 3333 3214 Subito
3379 3173 3472 3214 aer
3517 3165 3709 3231 cogetur
3731 3153 3777 3206 iu

568 3249 653 3306 Tu
696 3251 918 3324 forsitan
962 3266 1078 3306 cum
1117 3265 1178 3306 eo
1216 3247 1503 3321 fabricatus
1528 3262 1581 3302 es
1619 3245 1771 3303 caelos
1817 3285 1832 3312 ,
1857 3245 1948 3317 qui
1977 3244 2108 3300 soli-
2137 3239 2185 3306 C
2216 3251 2399 3318 nubes,
2429 3259 2480 3306 et
2511 3259 2692 3307 ventus
2721 3252 2980 3307 transiens
3006 3251 3208 3326 fugabit
3239 3269 3344 3308 eas.
3379 3251 3458 3308 Ita
3491 3248 3781 3308 infelicitate

497 3345 724 3413 dissimi,
765 3344 920 3418 quasi
948 3359 1049 3400 tere
1080 3343 1180 3417 {usi
1205 3351 1345 3398 sunt.
1379 3341 1508 3396 Haec
1533 3339 1602 3397 ab
1642 3340 1797 3397 Heliu
1820 3338 1981 3410 juxta
2015 3339 2104 3394 lit-

498 3449 668 3497 teram
709 3440 764 3496 in
807 3439 1060 3512 injuriam
1103 3437 1206 3496 Job
1243 3453 1341 3508 per
1377 3436 1609 3494 ironiam
1648 3436 1920 3493 dicuntur.
1974 3434 2104 3492 Haec

500 3534 666 3607 igitur
693 3533 869 3606 prima
900 3531 1082 3591 l'ronte
1107 3530 1415 3589 intellectus
1442 3529 1604 3602 hujus
1626 3528 1768 3586 dicta
1793 3528 1922 3584 sint.
1946 3526 2102 3584 Nunc

493 3644 629 3686 vero
669 3626 969 3686 secundum
1013 3625 1316 3698 prophetia:
1345 3624 1626 3697 spirituum,
1658 3638 1881 3680 sensum
1908 3620 2101 3694 mysti-

495 3737 618 3780 cum
658 3734 1072 3794 persequamur,
1113 3729 1177 3775 ut
1215 3717 1386 3776 caelos
1431 3717 1744 3788 Scripturas
1773 3723 1992 3772 sanctas
2020 3713 2104 3770 in-

491 3814 796 3888 telligamus
826 3854 844 3884 ,
909 3827 1031 3883 quae
1092 3811 1162 3868 de
1204 3811 1347 3868 coelo
1388 3809 1532 3866 datm
1585 3817 1714 3865 sunt
1761 3806 2099 3876 hominibus,

490 3924 721 3980 quarum
769 3906 1190 3979 perpetuitatem
1229 3919 1296 3960 ex
1335 3903 1461 3960 mris
1489 3901 1766 3960 soliditate
1801 3900 1978 3956 voluit
2007 3900 2104 3957 de-

490 4012 816 4061 monstrare.
869 4000 978 4059 Sed
1024 3999 1158 4056 dicit
1193 3998 1462 4071 quispiam
1511 4015 1525 4052 :
1567 3993 1843 4068 quomodo
1881 4004 2102 4052 aiterna:

491 4106 653 4155 erunt
693 4096 990 4168 Scriptura:
1031 4093 1229 4150 divina:
1253 4132 1271 4161 ,
1303 4092 1348 4147 si
1379 4089 1612 4147 mundus
1640 4096 1792 4146 certo
1823 4087 1954 4152 ﬂne,
1988 4086 2104 4144 Deo

499 4189 880 4255 denuntiante,
909 4194 995 4243 est
1023 4181 1444 4243 terminandus?
1470 4183 1551 4239 sic
1577 4183 1722 4237 enim
1744 4180 1819 4236 ait
1838 4179 1894 4236 in
1924 4180 2104 4236 Evan-

501 4287 647 4362 gelio
679 4305 693 4344 :
725 4286 921 4344 Caelum
945 4294 994 4341 et
1026 4295 1162 4341 terra
1188 4281 1500 4339 transibunt.
1525 4280 1727 4338 Verum
1753 4286 1838 4335 est
1859 4278 2100 4350 quidem,

493 4382 638 4456 quod
674 4381 940 4439 librorum
973 4379 1246 4452 pelliculae
1275 4393 1398 4434 cum
1427 4377 1561 4448 ipsis
1593 4375 1791 4432 litteris
1815 4372 2105 4431 abolendae

491 4483 650 4542 sunt;
689 4472 787 4530 sed
827 4472 953 4544 quia
999 4471 1278 4542 subiungit
1309 4467 1606 4540 Dominus,
1646 4467 1812 4523 Verba
1841 4483 1957 4522 vero
1988 4481 2103 4520 mea

489 4586 594 4626 non
617 4570 947 4643 prtcteribunt
975 4583 992 4623 :
1026 4567 1214 4639 procul
1241 4565 1408 4622 dubio
1436 4566 1581 4637 quod
1615 4564 1823 4622 eisdem
1855 4564 2102 4632 apicibus

2204 3341 2515 3416 hujus-modi
2536 3343 2798 3400 excaecati
2819 3353 2970 3413 sunt,
2991 3354 3048 3400 ut
3072 3345 3204 3400 ﬂant
3231 3344 3683 3416 quemadmodum
3701 3355 3781 3396 aer

2203 3436 2422 3510 quando
2453 3436 2750 3494 crassescit
2791 3436 2846 3493 in
2886 3437 3062 3494 nubes
3085 3480 3100 3504 ,
3145 3447 3200 3495 et
3231 3441 3306 3494 ita
3344 3439 3402 3494 in
3426 3438 3574 3510 justo
3602 3433 3781 3508 judicio

2205 3531 2300 3586 Dei
2339 3531 2488 3588 velut
2525 3531 2674 3589 venti
2724 3529 2781 3587 in
2821 3531 3026 3604 impetu
3071 3531 3418 3601 auferentur,
3464 3533 3603 3588 sicut
3630 3527 3780 3601 impii,

2203 3641 2341 3697 quos
2388 3625 2577 3698 dejicit
2621 3636 2818 3683 ventus
2867 3643 2897 3682 a
2954 3626 3093 3684 facie
3135 3635 3316 3683 terrm.
3359 3626 3473 3684 Alii
3513 3626 3778 3683 dixerunt:

2208 3717 2457 3774 Omnibus
2483 3728 2661 3775 autem
2690 3736 2791 3775 non
2825 3728 2900 3774 est
2930 3719 3136 3775 uisibile
3165 3720 3364 3789 lumen,
3396 3719 3543 3792 quod
3569 3719 3714 3792 fulget
3737 3718 3782 3771 in

2204 3811 2444 3878 nubibus,
2475 3821 2523 3867 et
2559 3813 2772 3886 spiritus
2812 3813 3002 3867 transit
3037 3822 3086 3868 et
3119 3812 3322 3885 [ugabit
3355 3829 3467 3868 eas.
3491 3811 3590 3870 Hic
3622 3807 3785 3884 mysti-

2200 3922 2324 3963 cum
2348 3908 2534 3963 nescio
2557 3907 2686 3978 quid
2717 3907 2930 3965 locutus
2959 3915 3066 3974 est,
3094 3905 3238 3980 quod
3264 3907 3381 3979 jam
3416 3925 3523 3964 non
3557 3905 3783 3961 omnibus

2204 4000 2514 4070 reSplendet
2561 3999 2887 4057 illuminatio
2940 4000 3248 4072 Evangelii.
3298 4000 3401 4057 His
3451 4001 3641 4072 utique
3687 4011 3782 4053 non

2204 4093 2545 4164 resplendet,
2577 4109 2808 4164 quorum
2853 4108 3049 4150 sensus
3077 4095 3377 4150 exetecavit
3419 4094 3583 4158 Deus,
3611 4101 3668 4148 ut
3693 4103 3786 4146 non

2204 4191 2425 4246 videant
2445 4190 2628 4246 lumen
2658 4190 2940 4262 Evangelii
2964 4189 3151 4261 gloria:
3165 4188 3394 4259 Christi,
3415 4187 3511 4261 qui
3530 4196 3612 4246 est
3631 4185 3785 4256 imago

2205 4283 2499 4341 invisibilis
2531 4283 2728 4340 Patris.
2760 4284 2860 4340 Hic
2885 4283 3050 4357 igitur
3077 4283 3302 4356 spiritus
3324 4284 3499 4355 iusta
3527 4280 3786 4341 sententiae

2207 4377 2300 4432 Dei
2329 4375 2534 4448 iugabit
2562 4393 2657 4434 eos
2682 4392 2713 4433 a
2739 4388 2883 4435 coetu
2913 4377 3227 4445 beatorum,
3255 4385 3315 4434 nt
3345 4393 3462 4434 non
3485 4377 3697 4434 videant
3716 4374 3786 4430 lu-

2207 4485 2330 4525 men
2358 4469 2636 4540 Evangelii
2667 4470 2857 4542 gloriae
2885 4470 3111 4527 Christi.

2279 4564 2356 4619 Ab
2392 4563 2647 4636 Aquilone
2694 4583 2882 4620 aurum
2926 4566 3114 4633 veniet,
3150 4576 3199 4623 et
3243 4585 3277 4622 a
3321 4566 3443 4623 Deo
3475 4564 3787 4641 formidolosa

488 4660 800 4734 pollicetur,
830 4661 942 4718 erit
983 4671 1270 4716 aeternum.
1315 4657 1422 4715 llos
1463 4657 1628 4729 igitur
1656 4656 1851 4724 caelos,
1886 4655 1961 4710 ait
1992 4654 2099 4711 He-
2123 4644 2178 4706 D
2202 4657 2458 4713 laudatio.
2491 4658 2686 4714 Audivi
2717 4658 3005 4730 quemdam
3033 4659 3107 4715 ita
3137 4658 3442 4730 dicentem,
3475 4659 3617 4732 quod
3651 4666 3787 4714 aesta-

483 4754 584 4819 liu,
628 4751 682 4808 in
728 4752 927 4825 quibus
973 4761 1059 4809 est
1096 4750 1403 4808 divinitatis
1449 4759 1663 4808 secreta
1690 4749 2003 4820 dispositio,
2039 4758 2098 4806 tu

487 4846 714 4902 forsitan
741 4859 865 4901 cum
897 4843 1038 4912 Deo,
1071 4844 1217 4901 velut
1246 4843 1409 4900 simili
1449 4844 1660 4915 pollens
1690 4843 1984 4914 sapientia,
2016 4842 2098 4898 fa-

2206 4752 2276 4809 tis
2315 4763 2582 4824 tempore,
2627 4755 2744 4810 sole
2780 4753 2836 4810 in
2871 4754 3124 4826 aquilone
3164 4767 3452 4824 nascente,
3497 4769 3686 4812 aurora
3713 4767 3786 4809 ar-

2204 4844 2424 4901 dentior
2445 4845 2659 4914 rutilat,
2685 4848 2758 4900 ita
2791 4855 2846 4901 ut
2888 4847 3005 4917 ipse
3031 4847 3113 4903 sol
3146 4848 3389 4904 colorem
3421 4863 3647 4903 aureum
3672 4859 3790 4917 prae-

488 4940 728 4998 bricatus
755 4955 815 4997 es
846 4957 859 4994 :
891 4954 1031 5011 quos
1060 4939 1205 4996 Deus
1236 4948 1478 4996 azternus
1504 4949 1633 4995 ante
1665 4939 1850 4994 mundi
1878 4937 2094 4994 consti-
2199 4940 2341 4996 ferat
2376 4957 2389 4994 :
2435 4947 2491 4995 et
2537 4940 2666 4996 inde
2701 4941 2860 4996 Heliu
2892 4941 3041 5013 loqui
3076 4942 3323 4998 videatur
3366 4957 3567 4999 aurum
3598 4940 3785 5007 venire,

487 5036 755 5093 tationem
786 5032 1076 5106 prmﬁnivit
1103 5034 1430 5105 quandoque
1461 5048 1749 5104 erumpere
1779 5034 1832 5089 in
1861 5047 2092 5104 corpora
2198 5035 2248 5091 id
2271 5045 2375 5102 est,
2402 5034 2606 5091 mundo
2627 5035 2935 5091 ﬂammeam
2959 5045 3135 5091 rotam
3160 5037 3294 5093 solis
3317 5037 3557 5101 oboriri.
3582 5047 3787 5107 etsuper

485 5128 818 5197 litterarum,
865 5128 959 5198 qui
1006 5128 1059 5183 in
1103 5125 1200 5183 illo
1246 5126 1582 5184 :eternaliter
1633 5137 1809 5191 erant,
1843 5143 1949 5181 non
1977 5125 2089 5196 jam

485 5221 811 5288 existentes,
858 5220 954 5278 sed
997 5221 1100 5292 ipsi
1131 5219 1235 5276 soli
1266 5220 1634 5291 prazscientiaa
1665 5236 1776 5276 sum
1807 5220 1930 5276 luce
1956 5235 2090 5275 con-

482 5316 682 5386 spicui.
733 5316 801 5372 Et
838 5315 1033 5383 caelos,
1064 5322 1286 5370 sanctos
1313 5314 1534 5386 angelos
1564 5330 1669 5372 non
1701 5315 1936 5371 absurde
1965 5330 2092 5371 sen-

483 5410 669 5478 timus,
698 5410 788 5482 qui
809 5421 1030 5481 propter
1050 5409 1320 5466 cmlorum
1345 5408 1762 5478 habitationem,
1791 5410 2094 5466 rectissime

480 5505 608 5562 coeli
654 5504 935 5576 dicuntur,
981 5514 1038 5562 et
1067 5514 1194 5561 sunt
1219 5504 1366 5560 velut
1402 5518 1477 5560 tes
1507 5504 1811 5560 aeternitate
1841 5503 2083 5560 solidati.

480 5599 560 5656 De
605 5599 803 5671 quibus
855 5599 1141 5655 Psalmista
1185 5597 1446 5670 singulari
1482 5599 1706 5655 nomine
1736 5597 1810 5652 ait
1845 5616 1857 5652 :
1893 5597 2088 5654 Caelum

481 5693 595 5747 caeli
630 5690 872 5746 Domino.
910 5691 1220 5748 Secundum
1254 5691 1525 5762 tropicum
1562 5692 1905 5748 intellectum
1937 5692 2083 5762 caeli,

480 5783 651 5837 sancti
696 5797 888 5838 omnes
934 5793 1159 5854 propter
1190 5785 1473 5840 caelestem
1503 5786 1978 5840 conversationem
2033 5794 2089 5842 et

481 5885 706 5956 promer
733 5879 1186 5952 praedicationem
1220 5882 1597 5940 mandatorum
1619 5882 1927 5943 etelestium
1953 5899 2087 5942 nun-

2194 5125 2299 5182 boc
2333 5127 2660 5197 praaclarum
2687 5126 2841 5182 sidus
2871 5127 2943 5182 sit
2967 5126 3033 5183 ad
3067 5129 3239 5183 Deum
3273 5129 3596 5186 hominibus
3624 5127 3787 5185 tormi-

2195 5221 2386 5277 dolosa
2416 5223 2673 5278 laudatio.
2706 5222 2816 5278 Nos
2839 5233 3022 5279 autem
3053 5240 3245 5280 aurum
3282 5238 3519 5283 sanctos
3552 5223 3790 5294 intelligi-

2196 5333 2340 5385 mus,
2366 5316 2460 5387 qui
2491 5317 2794 5374 secundum
2827 5319 3169 5390 spiritualem
3203 5336 3433 5378 sensnm
3464 5323 3535 5379 ab
3559 5320 3788 5394 aquilone

2201 5409 2444 5476 diabolo,
2499 5411 2760 5481 sanguine
2813 5412 3028 5468 Domini
3063 5413 3430 5472 redimuntur.
3490 5417 3602 5472 lloc
3643 5416 3788 5486 igitur

2194 5505 2358 5561 modo
2381 5507 2529 5563 venit
2558 5507 2628 5562 ad
2660 5507 2828 5566 Deum
2861 5520 3034 5567 castus
3058 5521 3383 5569 sanctorum
3414 5528 3542 5570 cum
3569 5522 3788 5571 tremore

2195 5601 2528 5658 laudantium
2555 5619 2701 5671 eum,
2735 5621 2799 5660 ac
2831 5606 2933 5661 sibi
2957 5622 3079 5665 cum
3110 5607 3340 5678 quadam
3375 5609 3698 5672 formidine,
3725 5605 3789 5660 in«

2194 5694 2460 5751 credibile
2483 5695 2891 5767 arbitrantium,
2922 5699 3063 5770 quod
3088 5712 3385 5770 potuerunt
3411 5702 3484 5759 de
3507 5702 3663 5758 hoste
3683 5713 3788 5771 gra-

2193 5791 2420 5847 vissimo
2475 5791 2716 5848 liberari.
2747 5793 2998 5862 Quotidie
3026 5810 3241 5866 quoque
3277 5796 3784 5860 examinationibus,

2196 5884 2347 5943 velut
2375 5901 2571 5944 aurum
2594 5886 2828 5948 ﬂammis
2857 5889 3219 5950 tentationum
3250 5901 3568 5966 excoctum,
3601 5889 3669 5950 de
3692 5888 3788 5949 lor-
