3948 6334
218 332 307 392 ibi
867 292 869 294 η
1041 338 1517 399 COMMENTARII
1557 340 1620 396 IN
1664 341 1922 401 LIBRUM
1964 344 2104 402 JUB.
2146 345 2296 404 CAP.
2340 346 2630 408 XXXVIII.

3370 355 3474 414 746

218 469 327 510 nace
357 450 532 507 mundi
567 451 721 508 i5tins
753 465 1037 510 eruuntur.
1074 457 1177 513 Alii
1211 458 1487 525 dixerunt,
1523 460 1595 513 Ab
1626 461 1770 530 nqui-
1802 467 1844 524 Α
1878 460 2022 528 mihi,
2074 463 2120 517 si
2167 463 2323 519 habes
2363 465 2785 538 intelligentiam.
2831 468 2943 525 Deo
2987 470 3322 540 respondere
3365 488 3473 528 non

213 547 312 602 Ione
352 546 497 600 nubes
527 545 721 601 coloris
756 549 926 617 aurei,
970 551 1024 603 in
1065 552 1144 605 Itis
1179 561 1254 607 est
1295 570 1484 624 magna
1523 557 1689 624 gloria
1727 565 1776 609 et

212 637 353 693 ltoncr
371 639 770 711 omnipotentis:
801 657 906 695 non
937 641 1228 698 invenimus
1255 644 1651 702 similitudinem
1675 647 1778 702 uir-

210 733 316 787 tutis
341 733 464 806 ejus.
500 732 577 790 Ita
605 735 749 790 enim
775 746 995 792 sanctos
1019 737 1291 798 homines.
1323 743 1411 812 qui
1445 751 1573 797 sunt
1602 745 1776 800 nubes

209 823 309 889 Dci,
335 833 498 878 tentat
529 824 698 896 frigor
723 825 1016 898 aquilonis,
1046 837 1105 884 ut
1131 844 1228 885 eos
1252 832 1542 899 pretiosos,
1574 840 1629 888 ct
1653 833 1774 905 igne

207 915 459 972 charitatis
506 919 704 974 rutilos
741 919 951 976 reddat.
997 921 1064 977 Et
1113 922 1322 980 idcirco
1359 940 1553 995 magna
1597 926 1771 998 gloria

204 1010 395 1067 Domini
441 1019 496 1068 et
535 1012 714 1069 honor
740 1013 1142 1086 omnipotentis
1180 1026 1286 1072 est.
1333 1016 1450 1072 Non
1493 1016 1772 1075 invenitur

201 1105 316 1160 alius
346 1104 543 1160 similis
571 1105 793 1164 virtutis
818 1107 942 1178 ejus
966 1148 981 1176 ,
1013 1108 1105 1180 qui
1140 1117 1288 1165 tanta
1322 1111 1459 1166 bona
1493 1126 1559 1168 ex
1603 1111 1771 1168 rebus

197 1200 460 1256 contrariis
484 1211 694 1272 speret.

253 1292 413 1367 Digne
435 1312 555 1350 eum
585 1297 813 1354 invenire
841 1316 944 1355 non
973 1317 1273 1374 possumus.
1308 1301 1534 1376 Magnus
1557 1304 1770 1376 fortitu-

196 1387 300 1442 dine
327 1397 372 1442 et
389 1387 602 1461 judicio
623 1400 674 1446 et
686 1391 928 1463 justitia,
953 1403 1000 1447 et
1021 1398 1260 1449 enarrari
1288 1412 1391 1450 non
1417 1405 1603 1469 potest.
1638 1395 1768 1454 Ideo

196 1481 417 1537 timebunt
441 1498 562 1538 eunt
587 1485 705 1553 uiri,
737 1493 786 1540 et
810 1503 910 1542 non
934 1488 1197 1543 audebunt
1221 1491 1560 1564 contemplari
1589 1510 1768 1549 omnes

193 1575 268 1646 qui
293 1575 385 1631 sibi
404 1577 650 1633 uidentur
674 1595 782 1635 esse
803 1581 1081 1654 sapientes.
1114 1582 1408 1652 Quoniam,
1435 1585 1634 1658 inquit,
1662 1587 1768 1643 sic-

192 1680 242 1726 ut
262 1671 581 1730 fortitudine
613 1689 844 1747 magnus
875 1685 932 1733 et
964 1688 1165 1749 potens
1195 1689 1282 1736 est
1309 1680 1454 1737 Deus
1480 1699 1492 1735 :
1523 1681 1594 1737 ita
1621 1681 1768 1752 judi-

188 1766 262 1822 cio
281 1775 331 1822 et
355 1766 568 1838 justitia
598 1784 766 1826 verus
793 1782 898 1839 est,
931 1781 986 1829 et
1014 1773 1268 1830 enarrari
1299 1791 1408 1832 non
1443 1785 1644 1847 potest.
1676 1777 1765 1834 Id-

1882 553 2057 622 potuit
2079 573 2090 607 :
2115 557 2270 626 quasi
2303 557 2405 613 hoc
2439 559 2601 616 modo
2634 560 2872 631 loquitur
2899 562 2948 616 ei
2979 562 3146 617 Deos.
3177 563 3255 616 Tn
3284 563 3470 634 igitur,

1875 645 2000 716 Job,
2031 649 2122 719 qni
2146 649 2293 706 circa
2320 667 2484 708 unum
2517 652 2912 711 homunculum
2940 655 3142 726 injuste
3173 672 3260 712 tne
3290 657 3476 728 arguis

1874 741 2090 812 operari
2117 762 2130 798 :
2153 744 2244 800 ubi
2272 760 2397 800 eras
2427 763 2550 802 eum
2574 763 2676 818 ego
2703 748 2988 815 mundum,
3021 765 3182 820 quem
3207 765 3273 805 ex
3302 749 3477 806 nihilo

1877 832 2142 905 feceram,
2189 836 2596 905 gubernarem?
2642 848 2698 896 et
2740 855 2867 896 cum
2913 856 3130 896 onmem
3169 851 3478 898 creaturam

1875 925 2248 984 moderatione
2289 928 2519 999 justitite
2548 947 2756 1004 regam,
2807 934 2858 989 in
2907 944 2960 989 te
3005 949 3154 990 eram
3189 934 3476 1005 injustitite

1871 1021 2075 1094 aliquid
2105 1027 2371 1082 acturus?
2399 1029 2498 1085 llic
2528 1029 2674 1088 Deus
2706 1033 2810 1088 hoc
2836 1047 3094 1090 sermone
3131 1033 3235 1090 sub
3259 1036 3474 1091 anima-

1872 1113 2026 1180 lium,
2054 1117 2344 1190 aviumque
2373 1123 2712 1192 nominibus,
2739 1141 2934 1197 magna
2956 1135 3012 1183 et
3030 1127 3189 1186 valde
3214 1128 3470 1200 obscura,

1870 1214 1927 1260 et
1955 1205 2217 1266 Ecclesiae
2247 1223 2589 1270 sacramenta
2624 1219 2889 1274 contexit.
2923 1219 3068 1276 Deus
3116 1236 3250 1292 ergo
3273 1237 3472 1278 secun-

1869 1299 2000 1356 dum
2032 1305 2298 1376 mystieos
2322 1308 2634 1365 intellectus
2664 1311 2718 1366 in
2742 1312 3470 1386 prmdestinationeaposto-

1871 1394 1951 1450 los
1981 1398 2290 1469 prmeipnos
2323 1409 2544 1457 sanctos
2577 1402 2838 1460 Ecclesiae
2877 1407 3228 1464 fundamenta
3266 1412 3475 1465 consti-

1871 1491 1973 1546 tuit
1993 1534 2010 1560 ,
2043 1491 2184 1549 sicut
2212 1494 2292 1550 ait
2319 1499 2598 1566 apostolus
2629 1517 2643 1554 :
2678 1500 3128 1573 Supertedi/icati,
3158 1507 3355 1578 inquit,
3384 1525 3473 1586 su-

1869 1598 1961 1653 per
1981 1584 2320 1654 {undamenta
2342 1589 2698 1658 apostolorum
2729 1601 2776 1647 et
2802 1593 3201 1666 prapltetarum.
3224 1597 3380 1666 Sive,
3417 1584 3474 1655 ut

1869 1673 1964 1730 alii
1994 1674 2273 1745 dixerunt,
2311 1678 2411 1736 Ubi
2434 1697 2547 1736 eras
2574 1699 2693 1736 cum
2725 1684 3006 1754 fundarem
3036 1695 3252 1757 terram,
3284 1689 3338 1745 id
3363 1701 3471 1758 est,

1868 1781 1990 1824 cum
2025 1769 2329 1828 Ecclesiam
2374 1773 2442 1830 de
2473 1783 2617 1831 terra
2649 1777 2871 1833 humani
2910 1781 3130 1851 generis
3172 1796 3475 1856 congrega-

187 1859 316 1915 circo
342 1861 502 1917 sicuti
529 1870 636 1932 est,
678 1879 707 1918 a
734 1875 988 1922 creatura
1021 1881 1118 1922 sua
1143 1883 1263 1940 qum
1294 1869 1431 1926 adeo
1475 1870 1756 1928 imbecillis

1875 1869 2007 1931 tam,
2038 1863 2236 1920 virtute
2269 1863 2395 1920 fidei
2424 1867 2751 1925 stabilirem.

187 1961 255 2009 est
281 1963 333 2011 ct
379 1954 623 2025 infirma,
669 1974 776 2014 non
806 1969 984 2030 potest
1031 1960 1310 2018 inveniri:
1358 1972 1585 2034 propter
1618 1963 1765 2036 quod

186 2050 346 2121 magni
368 2051 475 2107 viri
499 2061 666 2124 atque
687 2053 902 2110 cordati
927 2071 1037 2111 non
1065 2067 1401 2128 praesnment
1420 2059 1655 2115 serutari
1686 2059 1767 2115 in-

185 2143 718 2216 comprehensibilem
743 2188 758 2214 ,
799 2163 979 2220 neque
1019 2149 1381 2221 contemplari
1432 2150 1762 2207 invisibilem

184 2238 530 2296 conabuntur.
561 2240 676 2298 Hoc
707 2251 888 2300 autem
920 2252 1092 2299 totum
1126 2245 1178 2300 in
1221 2245 1395 2300 sancti
1424 2245 1528 2302 Job
1557 2261 1763 2317 exproo

183 2332 464 2391 bratiOnem
515 2336 755 2391 dicitur:
784 2337 876 2410 qui
908 2337 1112 2396 dixerit
1151 2355 1211 2396 se
1248 2355 1277 2395 a
1321 2340 1434 2398 Deo
1478 2342 1601 2397 sine
1646 2342 1764 2398 ullo

180 2426 462 2500 iniquitatis
508 2430 707 2486 merito
755 2430 1113 2502 flagellatum.
1159 2432 1269 2489 Alii
1318 2433 1622 2490 dixerunt:
1659 2435 1765 2504 Qui

172 2522 294 2593 juste
317 2521 534 2593 judicat
553 2564 567 2589 ,
603 2540 708 2578 non
735 2533 890 2596 putas
916 2526 1104 2582 audire
1130 2527 1285 2583 eum?
1305 2537 1580 2600 propterea
1616 2531 1767 2607 time-

181 2617 284 2672 bunt
305 2634 418 2673 eum
451 2618 715 2684 homines,
751 2619 1002 2676 timebunt
1022 2638 1226 2692 quoque
1252 2633 1299 2679 et
1323 2625 1581 2697 sapientes
1607 2641 1630 2682 :
1659 2625 1763 2684 hoc

180 2711 434 2785 inquiunt,
477 2713 608 2786 quia
641 2713 791 2771 Deus
811 2715 962 2786 juste
985 2716 1219 2788 judicat,
1265 2718 1408 2790 apud
1447 2735 1609 2792 quem
1650 2736 1759 2779 non

176 2817 251 2864 est
266 2823 626 2878 personarum
650 2809 918 2881 acceptio.
938 2810 1142 2868 Omnes
1161 2813 1446 2882 sapientes
1470 2821 1528 2870 et
1552 2813 1757 2886 idiotte,

174 2901 578 2959 considerantes
604 2905 962 2976 semetipsos,
1005 2904 1275 2962 timebunt
1314 2921 1440 2963 eum
1476 2925 1491 2960 :
1521 2909 1760 2965 scientes

174 2995 280 3066 quia
307 2997 614 3054 secundum
653 2998 874 3056 modum
899 2998 1130 3071 jnstitiae
1167 3016 1282 3058 suae
1314 3001 1460 3058 ultor
1506 3002 1762 3076 iniquita-

173 3097 268 3148 tutn
295 3100 376 3150 est
407 3111 422 3150 :
454 3093 721 3152 exaudiet
743 3095 888 3152 enim
913 3095 1098 3170 iniqua
1129 3096 1424 3168 patientes.

673 3212 903 3272 CAPUT
932 3213 1226 3272 XXXVIII.

233 3341 568 3416 Respondeas
614 3353 788 3400 autem
817 3343 1077 3402 Dominus
1115 3345 1216 3401 Job
1244 3346 1309 3402 de
1345 3347 1549 3404 turbine
1596 3347 1752 3405 dixit.

169 3431 416 3493 Sermone
468 3437 706 3494 terribili
756 3447 815 3495 et
852 3438 1196 3511 increpativo
1240 3439 1556 3512 arguendns
1609 3439 1750 3508 Job,

165 3542 476 3601 responsum
506 3546 536 3588 a
567 3531 796 3590 Domino
818 3535 1054 3606 accepit,
1087 3535 1192 3592 hoc
1221 3537 1366 3593 enim
1401 3537 1578 3609 ipsum
1607 3540 1751 3609 quod

163 3619 223 3678 de
247 3625 463 3681 turbine
497 3625 723 3695 dicitur,
753 3627 822 3684 ad
844 3636 1116 3686 terrorem
1148 3631 1387 3702 pertinet
1413 3631 1752 3705 objurgatio-

162 3716 252 3785 nis,
281 3719 427 3791 quod
483 3730 652 3789 esset,
705 3732 768 3779 ut
813 3724 950 3793 dixi,
1003 3723 1369 3798 inerepandus
1418 3742 1449 3783 a
1499 3728 1747 3786 Domino.

164 3807 366 3869 Dixerat
393 3813 551 3871 enim
595 3814 698 3872 Job
736 3830 796 3874 se
818 3816 1028 3889 justum
1058 3819 1264 3891 injuste
1299 3835 1328 3875 a
1361 3820 1598 3880 Domino
1627 3838 1752 3881 case

160 3901 370 3974 ligatum
399 3924 413 3962 :
443 3907 521 3964 de
553 3907 771 3965 turbine
797 3925 930 3983 ergo
958 3911 1225 3970 Dominus
1243 3914 1341 3970 ait.

220 3997 341 4064 Quis
364 4009 446 4056 est
467 4001 571 4056 iste
598 4001 863 4059 involvens
890 4006 1170 4061 sententias
1195 4007 1515 4065 sermonibus
1538 4010 1754 4082 imperi-

72 4105 80 4113 ’
156 4088 244 4144 tis?
287 4091 385 4148 llis
425 4093 623 4150 verbis
662 4104 949 4152 amovetur
975 4097 1132 4154 Heliu
1177 4113 1300 4156 cum
1349 4101 1467 4159 suis
1504 4103 1751 4161 confusis

152 4193 297 4257 atque
341 4188 650 4258 permixtis
689 4189 1153 4263 disputationibus
1200 4207 1389 4253 contra
1437 4196 1543 4254 Job
1595 4215 1608 4253 :
1658 4198 1747 4255 ubi

150 4275 235 4333 Dei
282 4281 456 4337 verba
510 4279 773 4340 videntur
813 4284 1066 4358 intelligi.
1111 4286 1182 4343 Et
1217 4288 1262 4344 si
1305 4298 1386 4359 tu,
1418 4305 1452 4345 ο
1490 4288 1615 4358 Job,
1665 4290 1753 4347 lo-

151 4371 352 4441 quendo
381 4373 524 4431 talia
555 4375 611 4431 in
639 4391 750 4444 me,
789 4377 987 4435 delicta
1014 4379 1199 4452 aliqua
1235 4382 1561 4440 commisisti
1593 4399 1610 4440 :
1643 4384 1745 4441 iste

145 4467 252 4536 quis
279 4478 367 4526 est
397 4469 500 4542 qui
547 4478 602 4527 te
645 4470 852 4529 audeat
881 4473 1234 4547 redarguere,
1269 4477 1576 4547 praesertim
1617 4493 1741 4536 eum

1945 1952 2076 2019 Quis
2099 1956 2274 2025 posuit
2302 1973 2572 2014 mensuras
2591 1964 2730 2034 ejus,
2758 1963 2802 2019 si
2827 1966 2988 2033 nosti,
3017 1966 3095 2022 uel
3120 1968 3238 2040 quis
3261 1971 3475 2026 tetendit

1867 2063 2026 2116 super
2053 2063 2169 2102 eam
2201 2047 2434 2106 lineam?
2482 2052 2752 2110 Virtutem
2785 2071 2938 2114 suam
2973 2059 3140 2129 Deus,
3183 2070 3238 2119 et
3280 2073 3475 2134 poten-

1869 2137 1998 2193 tiam
2026 2155 2448 2215 mensurasque,
2482 2155 2541 2202 et
2566 2148 2757 2204 mundi
2779 2149 3156 2210 conditionem
3185 2155 3472 2229 describit,

1867 2243 2035 2300 super
2068 2248 2232 2302 quem
2264 2234 2465 2291 lineam
2510 2237 2637 2294 boni
2683 2243 2929 2314 rectique
2960 2246 3146 2316 operis
3177 2247 3261 2304 sui
3292 2257 3474 2307 teten-

1866 2325 2027 2384 derit.
2060 2328 2242 2385 Aliter
2274 2348 2287 2387 :
2322 2346 2598 2390 mensura:
2637 2335 2900 2393 Ecclesia:
2937 2351 3064 2396 sunt
3100 2357 3130 2396 a
3171 2342 3304 2399 solis
3345 2352 3470 2400 ortu

1865 2435 2039 2493 usque
2065 2423 2133 2479 ad
2159 2439 2456 2482 occasum:
2493 2428 2547 2485 in
2575 2445 2681 2502 qua
2719 2432 2898 2490 adhuc
2929 2451 3201 2494 mensura:
3234 2439 3469 2514 intelligi

1865 2523 2117 2586 possunt,
2141 2518 2428 2589 inqualitas
2448 2530 2503 2577 et
2525 2522 2813 2594 plenitudo
2838 2525 3142 2599 Trinitatis,
3169 2532 3254 2587 cui
3280 2531 3473 2589 Eccle-

1865 2611 1961 2666 sia:
1989 2610 2190 2668 dicitur
2219 2630 2318 2686 per
2346 2618 2676 2688 prophetam
2710 2635 2724 2674 :
2756 2619 2822 2675 In
2848 2633 3030 2678 exortu
3065 2628 3178 2698 ejus
3202 2627 3369 2682 dilata
3390 2630 3470 2683 lo-

1863 2721 1979 2759 cum
2009 2706 2330 2762 tabernaculi
2361 2709 2458 2776 tui,
2490 2720 2540 2766 et
2574 2711 2735 2783 pelles
2763 2713 3223 2772 tabernaculorum
3261 2728 3470 2776 tuorum

1861 2799 2100 2864 extende,
2127 2816 2191 2854 ne
2211 2817 2422 2871 parcas,
2443 2801 2629 2875 longos
2658 2805 2746 2876 [ac
2765 2806 3034 2878 [utriculos
3057 2818 3194 2879 tuos,
3223 2821 3269 2866 et
3295 2811 3467 2870 clauos

1862 2899 1980 2947 tuos
2019 2893 2312 2963 consolida,
2351 2896 2420 2951 ad
2449 2898 2686 2954 dextram
2725 2910 2774 2955 et
2819 2901 3087 2958 sinistram
3130 2907 3419 2977 penetrabis
3447 2924 3467 2961 :

1860 2999 2034 3040 semen
2060 2986 2198 3040 enim
2224 2996 2370 3042 tuum
2399 2999 2575 3062 gentes
2601 2990 2949 3064 ltwreditabit,
2973 3006 3022 3052 et
3041 2997 3273 3054 civitates
3295 3000 3468 3057 deser-

1861 3087 1942 3134 tas
1972 3079 2302 3137 inltabitabit.
2346 3082 2524 3156 Super
2564 3086 2662 3142 has
2691 3088 2855 3160 igitur
2880 3106 3172 3149 mensuras
3216 3094 3466 3152 locorum

1862 3173 2140 3240 omnium,
2189 3177 2504 3233 universum
2539 3181 2798 3238 mundum
2833 3195 2998 3241 recta:
3048 3185 3177 3244 ﬁdei
3209 3190 3461 3260 tetendit,

1781 3255 1824 3318 C
1861 3275 1918 3322 ut
1965 3277 2112 3325 esset
2155 3271 2407 3329 omnibus
2444 3272 2497 3328 in
2541 3274 2819 3333 Christum
2865 3279 3215 3338 credentibus
3253 3255 3460 3340 labiuni

1861 3376 2030 3418 unum
2064 3381 2076 3418 :
2111 3363 2230 3421 hac
2256 3381 2388 3438 ergo
2431 3370 2694 3440 mysteria
2733 3381 2860 3430 ante
2897 3375 3104 3432 smcula
3142 3378 3464 3449 constituta,

1855 3451 1963 3511 Job
1984 3456 2187 3528 quippe
2209 3458 2303 3530 qui
2328 3459 2455 3516 dum
2482 3477 2589 3518 non
2615 3476 2784 3536 esset,
2809 3467 2954 3525 scire
2982 3484 3091 3526 non
3117 3473 3310 3542 potuit.
3337 3473 3466 3531 Sive

1857 3562 2144 3607 mensuras
2175 3552 2463 3624 Ecclesiae,
2495 3557 2845 3619 diversitates
2866 3565 3171 3636 gratiarum
3199 3578 3350 3628 recte
3379 3572 3464 3627 in-

1853 3640 2171 3715 telligimus,
2204 3662 2339 3718 quas
2366 3649 2666 3721 Apostolus
2691 3653 2994 3715 divisiones
3016 3661 3245 3731 spiritus
3268 3666 3464 3735 appel-

1853 3735 2006 3804 lavit,
2053 3739 2144 3810 qui
2184 3740 2258 3797 ita
2289 3756 2412 3798 cum
2457 3744 2526 3800 de
2558 3747 2796 3806 diversis
2826 3753 3021 3823 gratiis
3055 3756 3286 3824 diceret,
3337 3760 3413 3814 ait
3445 3778 3462 3817 :

1852 3827 1985 3884 Haec
2010 3840 2184 3888 autem
2207 3837 2382 3890 omnia
2410 3848 2660 3909 operatur
2689 3857 2825 3897 unus
2853 3853 3005 3916 atque
3031 3846 3167 3901 idem
3196 3850 3417 3919 spiritus
3436 3893 3453 3919 ,

1851 3919 2083 3978 dividens
2134 3925 2422 4000 unicuique
2464 3939 2620 4000 prout
2658 3933 2786 3988 uult.
2831 3934 2962 3991 Item
3003 3938 3127 3993 ait:
3163 3937 3458 4014 Unicuique

1850 4019 2024 4068 autem
2062 4027 2297 4073 nostrum
2327 4019 2453 4074 data
2495 4031 2572 4076 est
2615 4025 2790 4095 gratia
2828 4028 3114 4084 secundum
3155 4021 3468 4089 mensuram

1850 4105 2151 4164 donationis
2179 4108 2391 4169 Christi.
2423 4113 2527 4171 Per
2553 4114 2653 4172 has
2685 4116 2850 4188 igitur
2877 4119 3080 4190 gratias
3114 4121 3346 4182 intentio
3368 4141 3456 4184 est

1849 4201 2354 4274 contemplationis,
2407 4206 2563 4263 velut
2611 4209 2753 4266 linea
2804 4223 2954 4270 recte
2995 4215 3340 4276 credentium
3395 4221 3449 4278 in

1848 4293 1982 4362 Deo,
2009 4295 2156 4353 sicut
2180 4296 2380 4355 dicitur
2398 4298 2455 4356 in
2481 4301 2713 4360 Actibus
2734 4305 3126 4377 Apostolorum
3154 4327 3169 4366 :
3192 4309 3325 4368 Erat
3345 4313 3453 4370 illis

1847 4405 1936 4444 cor
1957 4405 2117 4445 unum
2141 4399 2189 4447 et
2216 4393 2393 4448 anima
2415 4410 2521 4449 una
2545 4395 2603 4450 in
2631 4395 2822 4454 Deum.

1921 4482 2092 4556 Super
2125 4501 2226 4557 quo
2253 4485 2400 4544 bases
2438 4487 2583 4546 illius
2619 4491 2861 4550 solidata:
2883 4498 3043 4552 sunt?
3077 4497 3231 4557 Unde
3275 4503 3454 4574 potuit

147 4558 205 4614 ad
233 4560 645 4636 increpandam
684 4581 794 4622 non
833 4567 904 4624 sit
933 4567 1189 4638 idoneus,
1229 4571 1320 4643 qni
1365 4571 1518 4630 velut
1547 4574 1741 4630 melior
1771 4650 1820 4665 ﬁ
1843 4588 2098 4634 crmtura
2129 4580 2413 4638 rationalis
2440 4592 2496 4639 et
2533 4585 2756 4657 sapiens
2788 4603 2925 4662 opus
2949 4558 3452 4665 Creatoris,-ante-

144 4652 432 4728 objurgare
470 4664 530 4713 te
569 4655 800 4714 debeat?
827 4658 1027 4716 Amoto
1057 4662 1228 4734 igitur
1255 4662 1416 4720 Heliu
1446 4664 1517 4722 de
1559 4665 1739 4724 medio
1771 4650 2010 4744 unam
2047 4682 2195 4730 esset
2241 4673 2383 4746 ipsa,
2412 4650 2774 4750 cognoscere,
2813 4650 2937 4741 eum
2983 4687 3146 4744 etiam
3183 4650 3326 4748 nunc
3356 4691 3447 4750 vix

142 4757 256 4801 cum
279 4748 564 4820 imperitis
595 4749 716 4822 ejus
745 4753 1056 4821 sententiis,
1088 4757 1364 4813 convertit
1389 4771 1452 4814 se
1477 4759 1740 4818 Dominus

138 4840 198 4897 ad
219 4841 348 4912 Job,
367 4853 429 4902 et
456 4845 536 4901 ait
564 4846 642 4912 ei,
663 4855 722 4904 ut
739 4847 809 4903 ad
825 4847 1251 4921 increpationem
1274 4851 1393 4923 ejus
1410 4853 1738 4912 audiendam

139 4949 193 4992 se
220 4947 598 5010 praepararet,
627 4939 819 4998 dicens
848 4941 952 5001 hoc
981 4944 1145 5002 modo
1173 4965 1184 5000 :

199 5031 434 5107 Accinge
469 5035 604 5090 sicut
647 5037 725 5092 uir
753 5036 959 5095 lumbos
997 5048 1113 5096 tuos
1144 5040 1515 5115 :interragabo
1556 5053 1604 5098 te
1625 5089 1639 5113 ,
1692 5053 1739 5100 et

137 5130 390 5199 responde
419 5129 574 5186 mihi.
607 5129 800 5189 Omnis
831 5133 996 5204 igitur
1023 5135 1115 5207 qui
1154 5150 1277 5192 eum
1327 5136 1440 5194 Deo
1468 5147 1556 5194 est
1584 5138 1739 5194 locu-

134 5227 302 5289 turus,
332 5222 566 5279 lumbos
593 5223 744 5295 prius
771 5225 1024 5283 castitate
1049 5227 1273 5298 jubetur
1302 5230 1607 5303 accingere.
1637 5232 1741 5289 [’0-

133 5312 284 5380 pulus
304 5315 487 5371 etiam
519 5315 696 5388 legem
727 5318 1037 5389 auditurus,
1063 5330 1118 5378 et
1139 5323 1336 5394 pascha
1364 5323 1740 5383 celebraturus

128 5406 180 5461 in
202 5423 428 5477 eremo,
456 5409 678 5468 lumbos
704 5416 908 5470 mentis
927 5414 1149 5486 jubetur
1169 5417 1478 5489 accingere,
1507 5434 1578 5476 ne
1605 5418 1741 5477 Iluc-

129 5506 348 5559 tuantes
380 5505 549 5560 sinus
569 5505 874 5563 carnalium
901 5510 1318 5580 cogitationum,
1346 5527 1596 5582 gressum
1617 5527 1737 5572 san—

126 5603 224 5651 etas
280 5599 743 5658 conversationis
796 5601 1121 5674 impediant,
1165 5607 1254 5662 vel
1299 5621 1466 5678 super
1517 5608 1737 5667 lumbos

128 5697 346 5746 nostros
375 5705 686 5762 corporeos
714 5692 1038 5751 vestimenta
1063 5697 1470 5772 praecingimus.
1498 5700 1737 5759 Dicendo

123 5793 254 5852 ergo
283 5801 299 5836 :

197 5871 302 5930 Ubi
316 5891 445 5933 eras
467 5881 678 5949 quando
701 5880 956 5952 ponebam
977 5883 1320 5956 fundamenta
1340 5887 1530 5946 ιστωγ
1550 5887 1579 5946 Ι
1586 5889 1738 5946 ndica

416 5973 699 6040 Parnm"
747 5977 985 6044 XXVI.

1847 4775 2032 4836 posset
2057 4767 2239 4837 aliqua
2265 4783 2333 4824 ex
2359 4771 2618 4842 operibus
2637 4774 2758 4845 ejus
2785 4790 2981 4836 sensus
3010 4781 3301 4854 attingere.
3333 4785 3450 4842 Ali-

1850 4865 1954 4924 ter,
1979 4872 2144 4930 super
2164 4875 2271 4932 quo
2296 4860 2457 4920 bases
2485 4872 2651 4922 terra:
2675 4868 2939 4927 Ecclesia:
2959 4873 3132 4931 solide
3163 4877 3448 4934 stabiliun-

1849 4959 1958 5018 tur,
1992 4953 2098 5008 nisi
2123 4968 2289 5026 super
2315 4954 2594 5014 Christum
2625 4971 2858 5034 petram,
2889 4967 2980 5037 qui
3004 4979 3086 5024 est
3118 4969 3443 5043 principium

1847 5043 2326 5104 fundamentorum
2373 5050 2515 5120 ejus.
2565 5052 2738 5111 Bases
2781 5066 2967 5114 autem
3014 5059 3272 5118 Ecclesia:
3317 5074 3448 5120 sunt

1846 5137 2024 5194 sancti
2045 5140 2244 5212 quique
2269 5149 2521 5212 potentes
2539 5155 2591 5200 et
2617 5145 2806 5216 fortes,
2829 5163 2861 5204 a
2883 5150 3081 5222 quibus
3106 5154 3301 5210 eadem
3323 5171 3447 5214 sns-

1844 5232 2049 5288 tinetur
2089 5243 2144 5290 et
2182 5237 2406 5308 regitur.
2451 5237 2556 5294 Alii
2585 5238 2878 5300 dixerunt:
2907 5244 3084 5316 Super
3121 5264 3226 5318 quo
3264 5251 3446 5308 circuli

1842 5331 1957 5401 ejus
1983 5329 2077 5397 fixi
2103 5331 2262 5386 sunt?
2286 5342 2343 5388 ut
2368 5333 2739 5407 intelligamus
2761 5341 2976 5410 pondus
3009 5343 3223 5401 roboris
3251 5349 3444 5407 mundi

1841 5423 2140 5480 secundum
2174 5424 2326 5481 illum
2355 5442 2579 5485 sensum
2611 5447 2753 5504 esse,
2783 5451 2892 5506 quo
2930 5435 3215 5497 Psalmista
3237 5441 3307 5500 de
3335 5444 3442 5503 hoc

1841 5512 2109 5588 loquitur,
2141 5517 2332 5577 dicens
2372 5538 2386 5576 :
2421 5521 2628 5579 Etenim
2665 5527 2894 5597 ﬁrmavit
2928 5532 3099 5587 orbem
3130 5543 3283 5593 terrm
3304 5580 3317 5604 ,
3349 5543 3442 5612 qui

1840 5623 1944 5663 non
1983 5613 2404 5672 commovebitur.
2446 5616 2654 5675 Circuli
2681 5619 2829 5678 enim
2859 5626 3079 5682 rotundi
3114 5628 3285 5702 figura
3312 5643 3433 5705 est,

1840 5701 2034 5775 ﬁguris
2080 5709 2291 5763 caeteris
2339 5709 2644 5780 pulchrior.
2697 5713 2832 5772 Nam
2882 5721 3128 5778 circulus
3180 5739 3246 5783 ex
3291 5701 3443 5784 omni

1843 5808 1998 5868 parte
2036 5797 2139 5854 sibi
2165 5810 2250 5856 est
2275 5815 2548 5873 congruos
2571 5815 2624 5861 et
2650 5809 2876 5880 :equalis
2906 5826 2922 5878 ;
2954 5821 3204 5886 totusque
3230 5833 3331 5888 per
3351 5832 3443 5878 se-

1843 5891 2135 5964 metipsum
2149 5894 2355 5954 solidus
2376 5897 2550 5969 vadit,
2574 5911 2632 5957 et
2652 5899 2796 5961 inter
2817 5906 3102 5965 oculorum
3127 5911 3325 5982 aciem,
3349 5929 3450 5990 per

2872 5999 2950 6062 21s
