3948 6334
510 290 617 351 747

1286 285 1635 347 APPENDIX
1674 286 1765 344 AD
1804 284 2051 344 TOMUM
2091 284 2442 344 SEPTIMUM
2485 287 2543 342 S.
2588 285 2994 346 BIEBONYMI.
3645 296 3724 356 748

513 422 675 467 suum
700 405 972 463 inﬁnitum
1015 403 1283 471 habitum,
1311 404 1438 474 quia
1468 403 1588 458 sine
1618 400 1735 457 ullo
1762 402 1870 457 line
1892 414 2110 470 semper
2135 400 2191 462 Α
2215 402 2408 459 faciem
2434 403 2638 475 abyssi,
2670 411 2800 460 tunc
2825 403 3130 460 secundum
3155 402 3314 460 lldem
3350 404 3459 461 libri
3482 406 3723 481 Geneseos,

513 504 570 560 in
599 503 954 574 semetipsum
987 498 1248 568 recurrit,
1279 508 1339 556 et
1372 498 1834 570 inexplicabiliter
1873 497 2111 554 ducitur.

515 598 617 655 llic
643 597 808 670 igitur
829 595 1139 667 signiﬁcare
1169 593 1303 649 mihi
1328 593 1544 650 videtur
1573 592 1851 650 hominem
1879 593 1931 648 in
1962 591 2115 646 nullo

510 689 620 747 sibi
666 688 1046 746 adversantem
1078 699 1257 757 neque
1296 702 1358 742 se
1401 702 1469 742 ex
1517 694 1675 756 parte
1717 684 1899 755 aliqua
1937 698 2113 754 oppu-

511 790 796 857 gnantem,
821 780 1014 853 quales
1042 789 1207 837 erunt
1227 779 1283 836 in
1315 779 1500 835 futuro
1532 778 1693 836 beato
1715 778 1918 834 saeculo
1945 795 1958 831 :
1983 786 2114 833 tunc

510 877 657 932 enim
681 890 811 932 caro
838 891 946 930 non
971 874 1321 945 concupiscet
1343 873 1608 930 adversus
1628 872 1900 943 spiritum,
1928 879 1985 927 et
2004 871 2116 939 spi-

508 970 648 1027 ritus
679 969 947 1025 adversus
970 982 1223 1024 carnem.
1267 966 1530 1036 Quamvis
1560 964 1722 1035 hujus
1752 966 1899 1035 pacis
1938 962 2115 1019 beati-

506 1061 754 1120 tudinem
779 1061 943 1119 etiam
966 1060 1023 1116 in
1050 1061 1154 1116 hoc
1177 1058 1383 1115 Stecnlo
1406 1056 1659 1113 nonnulli
1679 1055 1853 1112 sancti
1873 1072 1939 1111 ex
1958 1064 2113 1126 parte

507 1155 952 1228 praesenserint:
1000 1168 1108 1208 non
1136 1152 1358 1224 quidem
1398 1151 1604 1207 nullam
1634 1148 1918 1206 interioris
1958 1158 2115 1204 exte-

506 1250 783 1321 riorisque
812 1264 874 1304 se
904 1249 956 1303 in
990 1248 1124 1317 ipsis
1152 1245 1443 1303 sentiendo
1464 1244 1823 1312 discordiam,
1853 1243 1952 1301 sed
1986 1244 2115 1298 bos-

507 1341 659 1399 tilem
696 1341 950 1397 vitiorum
978 1340 1286 1397 exercitum
1317 1338 1707 1394 resistentibus
1734 1336 1994 1393 fortiores
2021 1349 2115 1391 su-

507 1433 753 1508 perando
783 1432 1105 1500 virtutibus,
1126 1430 1460 1499 utHeleana,
1495 1439 1654 1502 pater
1679 1430 1853 1487 sancti
1884 1429 2113 1484 Samue-

502 1528 607 1597 lis,
648 1530 732 1584 vir
759 1542 901 1583 unus
923 1527 1105 1583 dictus
1145 1533 1249 1582 est.
1289 1524 1381 1582 Sic
1408 1526 1593 1595 itaque
1623 1531 1770 1581 totus
1802 1523 1857 1578 in
1885 1536 1945 1578 se
1982 1521 2106 1590 erit,

505 1623 724 1693 sibique
751 1620 1111 1687 conveniens,
1144 1627 1201 1675 et
1236 1616 1597 1673 immobiliter
1623 1616 1676 1671 in
1716 1615 1808 1670 illa
1839 1614 2012 1683 gloria
2045 1627 2111 1669 ac

503 1719 625 1772 sine
656 1715 764 1771 ﬁne
793 1715 1126 1770 consistens.
1152 1712 1216 1769 Hi
1246 1712 1411 1783 igitur
1432 1709 1627 1766 circuli
1652 1710 1866 1779 ﬁgurati
1900 1724 1996 1779 per
2022 1707 2106 1762 di-

2217 497 2474 567 praacepit
2514 498 2654 553 Deus
2684 497 2775 553 die
2803 499 2969 553 tertio
2993 539 3007 563 ,
3050 507 3110 552 ut
3136 512 3325 554 omnes
3358 513 3496 570 aqua:
3516 501 3561 557 in
3588 505 3730 562 locum

2217 605 2382 644 unum
2397 600 2885 662 congregarentur.
2905 590 3117 658 Quibus
3132 593 3295 647 etiam
3310 594 3572 651 terminum
3588 596 3736 654 [ὶηειιι-

2214 696 2323 752 que
2354 683 2636 753 imposuit,
2675 701 2745 740 ne
2770 698 2831 738 se
2867 683 3018 739 foras
3046 684 3249 740 limites
3279 698 3420 749 suos,
3455 687 3516 742 ad
3535 692 3736 759 operien-

2214 775 2339 831 dam
2396 786 2599 833 terram
2644 792 2863 834 rursum
2903 776 3271 835 effunderent.
3326 777 3535 835 Vulvam
3570 782 3629 838 de
3658 800 3738 854 qua

2211 884 2362 926 mare
2388 870 2719 941 procederat
2746 880 3211 951 καταχρηστικῶς,
3244 872 3413 942 ipsam
3443 882 3616 931 terram
3638 878 3739 932 sub

2207 961 2484 1033 iacentem
2525 977 2816 1032 possumus
2855 965 3184 1036 intelligere,
3219 973 3282 1021 ut
3320 966 3389 1022 de
3423 981 3503 1034 ea,
3541 977 3589 1024 et
3628 970 3743 1026 inea

2211 1069 2409 1126 aquam
2440 1065 2685 1113 creatam
2735 1072 2765 1111 a
2813 1057 2925 1113 Deo
2970 1073 3095 1114 esse
3130 1057 3435 1115 credamus.
3473 1059 3596 1115 Duas
3628 1063 3741 1117 enini

2214 1158 2398 1218 partes
2425 1148 2612 1205 mundi
2642 1162 2885 1221 magnas,
2910 1151 3109 1207 ctelum
3135 1162 3191 1206 et
3213 1160 3437 1221 terram,
3458 1150 3585 1208 Deus
3609 1168 3665 1208 ex
3685 1156 3747 1210 ni-

2212 1238 2326 1296 hilo
2355 1241 2510 1306 fecit,
2536 1252 2593 1296 et
2618 1243 2725 1297 ima
2753 1258 2944 1299 earum
2976 1243 3045 1298 de
3065 1244 3288 1299 materia
3321 1242 3546 1311 informi,
3567 1255 3746 1301 ceteras

2211 1343 2393 1389 autem
2435 1344 2715 1391 creaturas
2754 1335 3043 1392 distinctas
3088 1334 3207 1393 sive
3246 1335 3505 1393 formatas
3536 1337 3749 1405 instituit,

2211 1422 2358 1481 inter
2387 1441 2617 1497 quarum
2650 1428 2988 1484 creationem
3022 1439 3078 1485 et
3104 1443 3273 1500 aquas
3303 1428 3565 1485 credimus
3594 1430 3748 1498 factas,

2210 1532 2446 1588 quarum
2476 1520 2695 1590 quidem
2731 1521 3104 1577 conditionem
3127 1563 3143 1591 ,
3189 1522 3243 1577 in
3276 1522 3536 1594 principio
3563 1523 3755 1581 Getieis

2209 1612 2474 1683 scriptam
2517 1628 2623 1669 non
2651 1615 2914 1686 legimus;
2967 1617 3194 1671 aliarum
3230 1631 3363 1672 vero
3398 1631 3529 1686 pene
3555 1620 3751 1672 cunnum

2209 1703 2417 1760 factura
2471 1706 2523 1760 in
2566 1705 2725 1762 libris
2757 1708 3051 1764 Dominicis
3076 1718 3398 1766 recensetur
3438 1727 3450 1763 :
3484 1709 3598 1765 licet
3628 1720 3676 1765 et
3704 1710 3757 1766 de

505 1808 762 1865 lectionis
792 1807 887 1863 Dei
918 1807 1172 1878 copulam
1195 1848 1210 1872 ,
1245 1805 1393 1876 ligno
1429 1804 1612 1860 crucis
1652 1801 1797 1858 afﬁxi
1842 1811 1968 1857 sunt
1993 1844 2007 1869 ,
2054 1792 2186 1857 etB
2215 1796 2333 1868 ipso
2376 1799 2510 1853 mari
2544 1808 2769 1856 sanctus
2803 1800 2971 1856 David
2999 1800 3221 1868 dixerit,
3253 1817 3377 1857 cum
3402 1799 3468 1857 de
3497 1803 3640 1858 beam
3665 1802 3757 1857 viro

501 1902 878 1971 unusquisque
903 1913 1093 1955 eorum
1123 1896 1257 1953 dicit
1285 1914 1297 1952 :
1335 1894 1558 1966 Conﬁdo
1593 1894 1752 1960 enim,
1785 1895 1910 1961 quia
1946 1909 2110 1964 neque

502 2012 664 2062 mors,
689 2012 856 2068 neque
879 1995 1011 2061 vita,
1043 2003 1152 2049 etc.

575 2088 682 2145 Aut
703 2088 824 2161 quis
849 2087 1059 2142 demisit
1082 2084 1313 2157 lapidem
1333 2084 1644 2157 angularem
1672 2087 1784 2156 ejtts
1800 2083 1826 2136 7
1853 2083 1952 2138 llic
1972 2082 2109 2153 lapis

505 2181 787 2256 angularis
815 2179 1089 2243 Christus,
1131 2179 1221 2251 qui
1265 2194 1297 2233 a
1335 2179 1447 2233 Deo
1487 2177 1647 2233 Patre
1678 2176 1890 2248 positus
1926 2187 2013 2233 est
2054 2176 2106 2233 in

499 2277 862 2334 fundamento
882 2284 1044 2330 terrae
1075 2270 1372 2328 Dominica:
1397 2287 1411 2325 :
1441 2270 1559 2340 ipse
1585 2277 1671 2325 est
1697 2269 1842 2324 enim
1871 2282 1978 2323 non
2011 2282 2106 2324 so-

503 2368 618 2425 lum
649 2362 1098 2429 fundamentalis,
1125 2361 1221 2418 sed
1251 2371 1307 2417 et
1334 2358 1643 2429 angularis,
1671 2360 1724 2414 in
1745 2374 1854 2430 quo
1873 2358 1984 2413 duo
2008 2376 2102 2429 po-

496 2463 634 2534 puli,
662 2460 979 2518 Judaeorum
1006 2456 1268 2513 videlicet
1308 2465 1363 2511 et
1402 2454 1683 2523 Gentium,
1726 2454 2100 2510 continentur.

497 2554 577 2610 De
616 2567 728 2624 quo
762 2560 818 2607 et
845 2549 1135 2606 Psalmista
1165 2548 1241 2603 ait
1275 2564 1289 2601 :
1325 2545 1488 2616 Lapis
1526 2561 1679 2616 quem
1708 2544 2107 2615 reprobaverunt

499 2644 841 2717 ludificantes,
876 2643 962 2697 hic
988 2642 1160 2713 factus
1191 2648 1265 2696 est
1286 2641 1341 2694 in
1367 2649 1524 2711 caput
1551 2637 1752 2710 anguli.
1779 2638 1845 2693 Et
1867 2638 2103 2709 Aposto-

494 2739 584 2795 lus
608 2738 686 2794 ait
712 2755 725 2792 :
770 2736 896 2810 Ipso
926 2751 1128 2791 summo
1156 2734 1403 2806 angulari
1432 2732 1605 2805 lapide
1633 2730 1840 2787 Christo
1865 2730 2018 2800 Jesu,
2050 2732 2103 2786 in

496 2847 599 2904 quo
629 2832 800 2886 cumis
828 2837 1093 2883 structura
1122 2826 1485 2898 compaginata
1528 2824 1708 2878 crescit
1750 2824 1805 2877 in
1848 2821 2105 2894 templum

497 2935 755 2981 sanctum.
787 2923 945 2979 Hunc
981 2923 1147 2993 igitur
1175 2921 1334 2976 Pater
1363 2918 1574 2975 dimisit
1613 2919 1671 2974 in
1703 2927 1930 2988 terram,
1960 2927 2019 2974 ut
2049 2918 2105 2973 in

496 3019 916 3077 fundamentum
949 3026 1268 3088 poneretur.

568 3110 699 3167 Cum
728 3128 808 3166 me
832 3110 1113 3165 laudarent
1137 3108 1295 3165 simul
1322 3116 1468 3163 astra
1502 3107 1776 3174 matutina,
1822 3116 1871 3162 et
1899 3106 2105 3179 jubila-

493 3214 604 3261 rent
631 3221 806 3260 omnes
847 3203 948 3275 filii
993 3202 1127 3259 Dei?
1156 3203 1402 3258 Detnisso
1430 3202 1614 3273 itaque
1644 3201 1697 3256 in
1730 3200 2103 3258 fundamentis

453 3297 463 3305 ’
496 3298 634 3355 Sion
662 3295 844 3367 lapide
866 3296 1131 3367 pretioso,
1162 3296 1251 3367 qni
1282 3306 1368 3351 est
1395 3294 1665 3350 secundus
1691 3292 1858 3349 homo
1877 3293 1945 3349 de
1962 3294 2104 3350 caelo

494 3389 764 3455 cmlestis,
788 3387 1146 3444 laudaverunt
1164 3428 1179 3452 ,
1209 3386 1420 3456 inquit,
1453 3401 1540 3441 me
1563 3385 1731 3440 simul
1757 3396 1902 3441 astra
1929 3398 2104 3441 matu-

498 3484 635 3548 tina,
659 3491 714 3539 et
736 3480 1097 3553 injttbilarunt
1123 3496 1319 3537 omnes
1343 3480 1441 3534 lilii
1465 3479 1585 3536 Dei.
1616 3481 1776 3535 Astra
1805 3490 1862 3535 et
1883 3479 1981 3534 ﬁlii
2005 3480 2103 3536 Dei

496 3575 683 3648 angeli
728 3574 1147 3645 intelliguntur,
1203 3572 1297 3643 qui
1352 3572 1406 3625 in
1465 3571 1749 3647 nativitate
1801 3570 2104 3627 Salvatoris

497 3667 938 3725 exsultaverunt.
970 3666 1123 3723 Sient
1160 3664 1240 3721 ait
1268 3664 1497 3735 angelus
1527 3664 1593 3718 ad
1628 3670 1876 3732 pastores
1922 3683 1932 3716 ;
1971 3663 2103 3720 Ecce

496 3760 794 3832 evangelise
818 3759 960 3814 vobis
979 3758 1232 3831 gaudium
1262 3771 1532 3828 magnum,
1560 3755 1685 3827 quia
1706 3764 1859 3809 natus
1884 3764 1958 3810 est
1986 3754 2104 3810 Sal-

495 3865 664 3916 valor,
707 3852 796 3923 qui
838 3860 915 3907 est
955 3848 1193 3905 Christus
1240 3847 1512 3914 Dominus,
1562 3847 1615 3900 in
1657 3846 1864 3900 civitate
1905 3843 2098 3900 David.

490 3949 630 4006 Item
662 3947 1009 4017 Evangelista
1036 3961 1049 3997 :
1078 3943 1143 3998 Et
1165 3942 1332 3999 subito
1356 3946 1500 4015 facta
1520 3950 1595 3998 est
1615 3958 1731 3996 cum
1758 3941 1943 4014 angelo
1965 3942 2103 3998 mul-

494 4040 686 4110 titudo,
716 4049 770 4094 el
806 4047 1027 4093 cretera.
1063 4037 1188 4091 Ideo
1224 4043 1407 4090 autem
1439 4034 1619 4105 angeli
1655 4042 1803 4089 astra
1832 4034 2098 4090 matutina

494 4135 774 4196 dicuntur,
806 4132 929 4202 quia
961 4131 1107 4186 inter
1137 4140 1422 4185 creaturas
1448 4128 1744 4183 rationales
1774 4128 1932 4198 primi
1969 4128 2097 4185 facti

491 4227 701 4287 suntin
727 4225 818 4282 die
848 4225 938 4296 qui
973 4232 1061 4279 est
1089 4224 1367 4289 Christus,
1398 4233 1449 4279 ei
1497 4222 1592 4277 ﬁlii
1639 4222 1735 4279 Dei
1762 4234 1888 4279 sunt
1930 4242 1942 4276 :
1986 4239 2093 4279 non

496 4328 627 4375 sunt
649 4318 742 4373 ﬁlii
769 4316 1144 4384 tenebrarum,
1176 4315 1318 4371 sicut
1337 4314 1415 4370 illi
1440 4314 1534 4385 qui
1558 4315 1627 4371 de
1650 4329 1841 4371 eorum
1867 4330 2096 4372 numero

496 4410 731 4482 collapsi
767 4420 914 4477 sunt,
947 4408 1070 4465 lacti
1110 4423 1219 4463 non
1249 4408 1423 4462 solum
1458 4407 1550 4462 ﬁlii
1582 4407 1964 4475 tenebrarum,
1996 4408 2093 4464 sed

495 4505 657 4560 etiam
687 4510 932 4559 rectores
963 4500 1337 4571 tenebrarum,
1364 4500 1414 4555 id
1448 4512 1553 4571 εει,
1591 4500 1869 4557 hominum
1902 4516 2094 4571 pecca-

2210 1890 2528 1962 loquere2ur
2552 1910 2565 1946 :
2598 1893 2731 1965 Spes
2756 1897 2874 1968 ejus
2896 1896 2951 1950 in
2974 1894 3198 1950 Domino
3219 1893 3334 1950 Deo
3364 1896 3545 1966 ipsius,
3569 1896 3649 1966 qui
3667 1899 3763 1968 fecit

2211 1984 2393 2039 malum
2416 1994 2462 2041 et
2484 1995 2700 2053 terram,
2729 2004 2872 2043 mare
2891 2000 2942 2043 et
2967 1990 3143 2043 omnia
3168 2004 3286 2060 qua:
3305 1986 3361 2043 in
3385 1989 3458 2044 eis
3476 1998 3609 2044 sunt.
3637 1988 3760 2044 llunc

2209 2091 2342 2147 ergo
2376 2078 2541 2133 maris
2582 2094 2926 2149 processum,
2974 2074 3294 2139 effusionem
3329 2096 3580 2153 aquarum
3611 2081 3762 2137 dicere

2211 2170 2340 2224 mihi
2372 2169 2610 2239 videtur,
2640 2173 2733 2244 qui
2760 2174 2829 2229 de
2859 2170 3089 2231 occultis
3118 2191 3385 2231 venarum
3421 2188 3569 2232 terra:
3597 2176 3764 2232 ﬁnibus

2209 2261 2498 2317 entanabat
2521 2303 2538 2331 ,
2569 2274 2624 2319 et
2651 2264 2938 2334 aperiebat
2965 2282 3182 2322 omnem
3214 2266 3414 2323 faciem
3445 2278 3614 2324 terrai.
3639 2267 3766 2336 Quod

2208 2353 2263 2410 in
2290 2354 2498 2411 diluvio
2534 2358 2879 2415 manifestius
2912 2359 3114 2416 factum
3149 2360 3406 2432 legimus,
3448 2360 3537 2416 ubi
3563 2358 3760 2416 dicitur:

2210 2445 2278 2502 Et
2309 2465 2483 2504 omnes
2511 2448 2681 2522 fontes
2728 2452 2901 2525 abyssi
2946 2469 3152 2525 magna:
3180 2454 3354 2524 erupti
3393 2462 3533 2508 sunt.
3569 2452 3767 2509 Proinde

2209 2540 2423 2597 vulvam
2484 2538 2669 2611 maris,
2732 2557 2898 2602 terrae
2941 2545 3120 2602 sinum
3153 2544 3364 2602 dictum
3406 2541 3674 2611 existimo,
3722 2556 3769 2599 ut

2210 2649 2359 2691 mare
2411 2634 2482 2692 de
2531 2637 2722 2694 eadem
2771 2638 3117 2711 progenitum
3158 2640 3497 2697 noverimus.
3539 2638 3638 2696 Sed
3665 2638 3771 2694 dicit

2208 2727 2406 2800 aliquis
2450 2746 2462 2784 :
2515 2730 2626 2799 Ego
2666 2748 2927 2803 aquarum
2981 2734 3154 2789 moles
3198 2735 3346 2790 caelo
3391 2743 3447 2790 et
3487 2740 3636 2789 terra:
3672 2732 3772 2787 dico

2209 2837 2331 2878 esse
2354 2823 2674 2894 congenitas
2693 2866 2707 2890 ,
2741 2836 2795 2879 et
2823 2822 2984 2880 simul
3012 2833 3244 2882 creatas.
3288 2825 3538 2898 Denique
3560 2824 3622 2881 de
3645 2824 3774 2895 aquis

2214 2915 2676 2985 quemadmodum
2723 2925 2778 2974 et
2826 2916 2894 2973 de
2946 2927 3090 2975 terra
3139 2919 3265 2975 fecit
3321 2920 3491 2987 Deus,
3521 2920 3631 2974 sive
3673 2933 3774 2987 pro-

2208 3006 2370 3066 duxit
2414 3020 2644 3067 caeteras
2693 3018 2988 3068 creaturas.
3046 3010 3102 3069 Si
3161 3027 3293 3084 ergo
3342 3013 3447 3068 hoc
3495 3009 3769 3084 opinionem

2209 3105 2369 3161 istam
2398 3106 2708 3176 conﬁrmat,
2756 3116 2815 3164 ut
2858 3107 2982 3163 ideo
3012 3112 3069 3165 et
3110 3123 3267 3180 aqua:
3294 3125 3363 3165 ex
3406 3108 3577 3164 nihilo
3604 3114 3774 3163 create

2130 3181 2499 3268 Cdicantur,
2555 3204 2679 3273 quia
2726 3213 2778 3259 et
2829 3202 2897 3259 de
2947 3200 3077 3274 ipsis
3128 3203 3260 3270 alia,
3310 3214 3368 3260 et
3412 3204 3515 3259 alia
3567 3203 3618 3258 in
3664 3201 3773 3271 ipsis

2201 3293 2433 3365 iubente
2461 3296 2572 3351 Deo
2602 3311 2760 3367 quam
2794 3296 3028 3367 plurima
3052 3298 3357 3353 animantia
3385 3302 3774 3369 processerunt:

2206 3386 2275 3445 de
2309 3388 2451 3444 cmlo
2478 3387 2609 3459 quid
2649 3389 2891 3445 dicemus
2916 3430 2931 3456 ,
2980 3389 3124 3460 quod
3150 3400 3235 3445 est
3283 3405 3417 3461 pars
3448 3388 3629 3446 mundi
3656 3400 3776 3458 prte-

2204 3481 2458 3550 smntior,
2491 3482 2561 3537 de
2590 3498 2699 3552 quo
2728 3500 2834 3538 non
2866 3484 3118 3554 legimus,
3154 3484 3304 3554 quod
3337 3500 3416 3541 ex
3446 3499 3513 3540 eo
3542 3482 3684 3555 quasi
3708 3482 3777 3535 in-

2203 3573 2362 3629 fortni
2393 3575 2621 3630 materia
2650 3573 2852 3645 aliquid
2879 3587 3227 3648 procreatum
3269 3579 3363 3633 sit.
3396 3578 3457 3634 In
3481 3592 3588 3649 quo
3612 3576 3772 3638 etiam,

2202 3664 2348 3737 quod
2369 3665 2437 3723 ad
2469 3668 2729 3738 majorem
2761 3669 2979 3725 decoris
3008 3670 3127 3740 eius
3166 3671 3418 3740 pertinet
3450 3668 3779 3741 pulchritudi.

2203 3774 2350 3828 nem,
2383 3761 2573 3817 stellas
2596 3776 2663 3819 ac
2690 3761 2936 3819 diversos
2959 3773 3229 3819 astrorum
3259 3765 3463 3836 globos
3489 3763 3624 3820 Deus
3648 3762 3773 3826 fecit,

2200 3852 2494 3919 ordinavit,
2542 3863 2598 3907 ct
2616 3856 2941 3925 composuit.
2971 3856 3037 3911 Et
3052 3855 3204 3926 juxta
3239 3860 3388 3913 hanc
3418 3857 3774 3916 assertionem,

2200 3945 2421 4003 meliora
2468 3955 2631 4002 erunt
2669 3949 2835 4004 maris
2860 3959 2916 4005 et
2944 3958 3103 4004 terra:
3146 3949 3451 4016 elementa,
3502 3965 3658 4021 quam
3685 3962 3777 4003 cur

2199 4035 2345 4102 lum,
2383 4037 2543 4109 cujus
2571 4050 2823 4096 ornatum
2852 4040 3286 4113 pulcherrimum
3323 4041 3667 4099 admirantes
3705 4055 3781 4094 su-

2197 4130 2459 4200 spicimus
2490 4149 2502 4186 :
2535 4133 2792 4201 quoniam
2840 4135 3106 4206 praecellit
3158 4136 3245 4192 vel
3291 4136 3546 4193 maxime
3572 4143 3779 4190 certans

2196 4233 2502 4278 creaturas.

2266 4313 2397 4369 Cum
2425 4334 2666 4388 ponerem
2703 4318 2887 4373 nubent
2924 4320 3285 4376 vestimentum
3311 4324 3472 4394 ejus,
3502 4329 3550 4376 et
3585 4318 3785 4390 caligine

2194 4406 2331 4462 illud
2352 4412 2502 4481 quasi
2523 4413 2709 4484 pannis
2731 4413 2968 4482 infantia:
2993 4414 3339 4472 obvolverem.
3367 4413 3513 4473 Cum
3531 4431 3679 4487 ergo,
3700 4410 3784 4477 nil.

2197 4517 2449 4574 magnum
2481 4506 2555 4561 sit
2586 4522 2739 4563 mare
2766 4507 3093 4575 latitudine,
3126 4518 3177 4565 et
3211 4510 3574 4582 longitudine
3602 4518 3653 4564 et
3679 4521 3785 4576 pro-

492 4607 696 4652 torum.
743 4593 897 4650 Tunc
934 4608 1066 4650 voce
1109 4608 1326 4664 magna,
1378 4593 1523 4649 sicut
1562 4593 1934 4664 supradicunn
1979 4605 2083 4662 est,
2115 4573 2168 4635 Ῐ)
2194 4573 2365 4651 fundo
2398 4615 2409 4652 :
2447 4613 2542 4668 per
2569 4598 2946 4657 fortitudinem
2978 4573 3156 4657 tamen
3189 4573 3473 4671 pote'ntia:
3506 4618 3642 4658 mea:
3674 4573 3786 4654 illud

491 4691 862 4747 landaverunt
890 4703 978 4744 me
1010 4703 1202 4743 omnes
1228 4688 1405 4757 angeli
1447 4688 1576 4744 mei.
1617 4685 2084 4755 Quemadmodum
2197 4690 2586 4760 velutparvum
2614 4691 3130 4762 elementum,nubc
3155 4702 3447 4765 tamquam
3478 4694 3785 4750 vestimento

486 4783 546 4841 in
586 4783 730 4840 illius
761 4780 1017 4848 ονίριιιεν,
1052 4779 1272 4835 humani
1311 4782 1528 4850 generis
1565 4777 1764 4843 salute,
1802 4777 2086 4836 laudantes
2192 4783 2412 4839 contexi
2439 4792 2494 4839 et
2524 4770 2790 4855 caligine;
2818 4787 3048 4843 modicis
3078 4787 3381 4854 videlicet,”
3404 4798 3465 4846 et
3493 4789 3687 4846 vilibus
3715 4799 3789 4840 re-

492 4878 663 4932 Deunt
698 4874 864 4945 gavisi
893 4882 1043 4928 sunt.
1084 4873 1212 4928 Item
1245 4884 1389 4926 astra
1424 4871 1683 4926 matutina
1718 4886 1911 4927 omnes
1938 4871 2086 4930 ﬁlios
2190 4875 2295 4931 bus
2324 4878 2515 4947 operui
2544 4921 2558 4947 ,
2604 4895 2726 4947 quae
2764 4880 3139 4937 assimilantur
3170 4884 3380 4952 pannis
3425 4881 3690 4938 infantiae.
3729 4877 3787 4933 Et

485 4967 746 5024 Ecclesia:
780 4983 886 5020 non
920 4964 1160 5020 absurde
1191 4965 1477 5030 sentimus,
1512 4963 1601 5033 qui
1636 4978 1732 5033 per
1754 4962 2079 5035 baptismum
2189 4970 2314 5040 quia
2358 4986 2509 5026 mare
2551 4974 2801 5042 superius
2829 4974 3063 5029 diximus
3094 4977 3251 5046 quasi
3283 4974 3366 5033 de
3411 4976 3589 5033 vulva
3616 4988 3791 5047 prore.

483 5077 849 5121 renascuntur
879 5060 1100 5114 Christo
1126 5102 1140 5128 ,
1175 5058 1318 5116 sicut
1354 5059 1429 5113 ait
1470 5058 1768 5129 Aposmlns
1795 5058 1860 5113 ad
1895 5060 2083 5116 Ecéle-
2189 5062 2358 5130 dere,
2395 5080 2622 5120 servans
2651 5066 3067 5123 translationem
3099 5068 3389 5135 nominis,
3437 5070 3622 5139 ipsum
3654 5077 3788 5121 mare

481 5157 621 5214 siam
662 5155 910 5211 scribens
959 5172 972 5205 :
1015 5151 1205 5206 Omnes
1257 5168 1344 5206 eos
1386 5150 1506 5206 estis
1524 5149 1644 5221 [ﬁlii
1692 5168 1783 5221 per
1822 5153 1980 5221 ﬁdem
2025 5154 2082 5211 in
2184 5159 2333 5215 velut
2376 5162 2661 5231 parvulum
2698 5171 3085 5232 procreatum:
3137 5172 3430 5233 tamquam
3477 5164 3681 5236 pannis
3715 5160 3790 5216 in-

482 5248 687 5308 Christo
713 5246 861 5303 Jesu.
894 5247 959 5302 lli
982 5261 1115 5318 ergo
1139 5257 1359 5315 propter
1387 5244 1624 5315 vigiliam
1650 5246 1998 5315 matutinum,
2026 5248 2079 5305 in
2182 5252 2365 5307 l’antia:
2391 5254 2467 5307 ait
2488 5251 2719 5324 caligine
2747 5253 3087 5323 obvolutum,
3118 5257 3254 5324 sive,
3288 5268 3361 5311 ut
3397 5256 3499 5312 alii
3524 5256 3785 5316 dixerunt,

478 5359 587 5417 qua
615 5341 880 5399 Dominus
912 5342 1249 5403 resurrexit,
1291 5350 1436 5393 astra
1470 5338 1734 5395 matutina
1775 5341 2038 5399 dicuntur
2060 5386 2076 5414 ,
2179 5354 2227 5399 et
2257 5344 2445 5399 nebula
2477 5344 2673 5399 obvolri
2699 5344 2854 5402 illud.

477 5438 568 5495 vel
599 5454 698 5509 pro
735 5437 1030 5508 incipiente
1074 5437 1152 5491 eis
1178 5434 1365 5507 gratim
1404 5451 1545 5491 novo
1570 5436 1805 5504 lumine,
1848 5438 1994 5497 unde
2022 5448 2076 5497 et
2249 5438 2579 5493 Circumdedi
2622 5437 2761 5494 illud
2803 5441 3032 5497 terminis
3061 5444 3216 5510 meis,
3256 5453 3311 5499 et
3341 5445 3515 5515 posui
3544 5454 3728 5499 vectem
3750 5448 3790 5493 et

476 5526 742 5605 neophyti
769 5541 1172 5602 nuncupantur.
2174 5534 2309 5588 ostia
2335 5573 2350 5599 ,
2394 5546 2445 5588 et
2470 5533 2578 5588 dixi
2599 5549 2618 5588 :
2664 5532 2837 5605 Usque
2863 5534 2966 5589 huc
2993 5537 3159 5591 venies
3189 5548 3234 5590 et
3265 5552 3385 5592 non
3412 5538 3671 5608 procedes
3691 5551 3791 5590 ams

550 5624 683 5696 Quis
713 5624 966 5682 conclusit
998 5626 1142 5682 ostiis
1167 5644 1325 5684 mare.
1357 5626 1569 5700 quando
1601 5626 1897 5699 erumpebat
1926 5630 2069 5699 quasi
2171 5625 2333 5699 plius,
2364 5635 2415 5681 et
2438 5626 2521 5681 hic
2546 5628 2840 5702 confringcs
2863 5637 3112 5686 tumentes
3131 5630 3332 5702 ﬂuctus
3363 5641 3517 5689 tuos.
3554 5629 3786 5687 Termini

471 5719 537 5776 de
566 5718 717 5774 vulva
740 5720 1041 5790 procedens.
1077 5720 1213 5777 Cum
1242 5721 1294 5777 in
1332 5720 1649 5778 conditione
1680 5723 1867 5779 mundi
1914 5739 2065 5792 aqua:
2172 5721 2286 5787 isti,
2330 5720 2502 5777 divini
2540 5738 2828 5779 sermones
2857 5734 3014 5792 sunt,
3054 5727 3143 5797 qui
3173 5729 3472 5785 sententia
3502 5727 3786 5787 immobili.

470 5827 689 5870 omnem
721 5820 923 5867 terram
958 5814 1254 5884 aperirent,
1296 5824 1356 5872 et
1386 5815 1629 5872 tenebrat
1671 5824 1858 5875 essent
1895 5831 2062 5888 super
2169 5817 2317 5875 velut
2366 5817 2586 5874 termini
2622 5816 2787 5875 deﬁxi
2818 5818 3217 5892 intelliguntur,
3252 5819 3374 5879 hoc
3411 5820 3605 5896 ipsum
3635 5830 3714 5880 est
3738 5830 3789 5875 et

3896 260 3899 345 Α
