3948 6334
231 309 333 368 Ἠθ

1015 301 1507 360 COMMENTARII
1546 303 1610 360 IN
1652 301 1906 364 LIBRUM
1945 303 2086 360 JOB.
2130 303 2284 362 CAP.
2331 301 2614 364 XXXVIII.

3390 310 3492 366 750

242 423 352 483 illud
381 421 518 494 quod
558 419 831 491 sequitur,
881 421 996 476 Deo
1030 419 1280 487 dicente,
1315 419 1469 490 posui
1498 425 1706 476 vectem
1733 428 1789 474 et
1815 422 1866 482 Α
1895 433 2111 488 quoque
2145 417 2490 474 infidelitatis
2519 417 2791 483 obstruxi,
2827 427 2884 478 ut
2913 418 3255 488 quantalibet
3286 429 3493 492 tempe-

240 519 376 574 ostia.
415 517 611 580 Aliter,
641 514 766 584 quis
797 513 1067 570 conclusit
1093 513 1252 568 ostiis
1278 513 1466 570 mare?
1522 513 1793 570 Szeeulum

240 611 330 666 hoc
369 607 652 678 Scriptura:
693 606 896 662 divina
939 606 1258 678 frequenter
1291 622 1443 661 tnare
1488 606 1788 675 appellant,

235 713 286 760 ut
322 703 470 758 etiam
497 710 718 757 sanctus
749 699 916 756 David
947 701 1026 755 ait
1052 718 1065 754 :
1097 699 1216 756 Hoc
1255 718 1394 756 mare
1426 717 1714 772 magnum,
1746 709 1792 754 ct

231 797 488 867 spatiosum
530 793 791 849 manibus.
842 793 1015 850 Item:
1060 793 1162 862 Qui
1192 793 1508 850 descendunt
1553 809 1692 848 mare
1739 793 1793 846 in

235 889 438 942 navibus.
491 885 554 940 Et
581 887 832 944 Abacuc:
869 886 1064 942 Misisti
1101 889 1154 942 in
1186 903 1329 943 mare
1352 904 1506 959 equm
1534 897 1670 943 tuos.
1727 887 1795 942 Et

233 981 412 1038 Isaias:
462 978 665 1033 Occidit
703 990 871 1034 cetum
911 981 1000 1051 qui
1044 980 1097 1034 in
1128 983 1387 1035 moriest.
1418 979 1658 1036 Proinde
1690 979 1794 1034 hoc

230 1089 360 1130 mare
395 1074 675 1144 pra-copiis
705 1073 943 1139 divinis,
983 1073 1130 1130 velut
1171 1075 1493 1142 quibusdam
1526 1073 1792 1130 limitibus

229 1184 480 1226 sacrorum
509 1167 858 1239 eloquiorum
888 1169 1255 1239 concluditur,
1295 1180 1352 1224 ut
1379 1170 1447 1224 de
1480 1178 1634 1224 utero
1671 1184 1793 1224 eor-

228 1262 299 1318 dis
330 1261 406 1317 sui
428 1303 442 1326 ,
487 1261 573 1316 ubi
621 1261 1050 1333 cogitationibus
1094 1262 1246 1318 velut
1273 1277 1342 1319 ex
1365 1263 1601 1325 semine,
1630 1276 1789 1316 curas

225 1364 362 1426 atque
390 1354 678 1412 illecebras
704 1354 1009 1412 mundiales
1035 1357 1405 1426 voluptatum,
1431 1355 1792 1411 delectatione

225 1448 579 1518 concipiebat,
619 1447 732 1520 jam
780 1463 888 1504 non
943 1449 994 1503 in
1047 1464 1186 1520 opus
1232 1448 1386 1520 quasi
1429 1447 1790 1520 parturieudo

222 1550 548 1612 erumperet,
596 1557 768 1614 seque
815 1541 1129 1600 cll'uuderet
1171 1542 1228 1600 in
1274 1542 1490 1600 diversa
1541 1542 1787 1598 facinora

223 1633 587 1705 perpetranda;
636 1645 691 1691 et
737 1634 866 1691 ideo
907 1651 1032 1691 cum
1074 1635 1299 1691 vidisset
1336 1634 1601 1707 propheta
1628 1652 1789 1691 mun-

220 1730 326 1786 dum
351 1730 663 1787 credentem
695 1731 841 1796 Deo,
886 1730 990 1786 hoc
1030 1730 1232 1786 bonum
1265 1729 1319 1785 in
1349 1745 1408 1787 se
1437 1731 1790 1786 continentiae

1899 522 2100 569 statum
2131 528 2195 570 ac
2220 514 2656 584 persecutionum
2683 513 2966 580 violentia,
2997 514 3208 571 deﬁxos
3228 515 3496 573 obedien-

1900 605 1992 661 tia:
2057 606 2260 662 limites
2309 607 2702 662 transcendere
2742 607 3124 678 compellatur.
3183 607 3488 681 Numquam

1897 698 2185 756 charitatis
2235 716 2371 756 meae
2429 701 2800 771 circumsepta
2847 703 3148 765 transiliat.
3201 705 3292 760 cui
3341 705 3490 761 disi:

1895 793 2190 864 Hucusque
2237 798 2426 852 venies
2450 837 2466 863 ,
2498 805 2555 851 et
2599 811 2706 853 non
2732 797 2998 866 procedes
3030 799 3284 868 amplius,
3317 811 3373 856 et
3404 800 3490 855 hic

1894 887 2209 957 conlringes
2240 897 2512 944 tumentes
2541 887 2743 944 fluctus
2773 900 2915 944 tuos.
2949 887 3007 945 Id
3036 899 3140 956 est,
3169 891 3215 945 si
3237 893 3327 961 qui
3352 893 3490 948 forte

1891 981 2286 1052 cogitationum
2338 983 2600 1038 malarum
2653 983 2952 1058 ﬂuctuste
2997 986 3137 1041 intra
3168 986 3392 1058 pelagus
3415 986 3492 1040 tui

1893 1073 2076 1130 cordis
2124 1075 2424 1147 exagitant,
2451 1085 2758 1147 ventusque
2789 1076 3000 1134 validus
3032 1094 3410 1149 pressurarum
3438 1089 3492 1133 te

1894 1165 2144 1232 funditus
2190 1183 2540 1226 commovere
2601 1177 2916 1240 pertentat,
2961 1171 3031 1226 de
3077 1181 3224 1226 statu
3268 1186 3488 1244 quoque

1897 1269 1987 1314 tuo
2019 1260 2073 1316 iu
2101 1260 2310 1316 aridam
2339 1260 2670 1332 siccitatem,
2695 1263 2844 1319 velut
2872 1263 2927 1318 in
2955 1279 3118 1320 arena
3144 1265 3364 1320 steriles
3390 1267 3487 1318 im-

1895 1351 2083 1422 pellat.
2129 1353 2256 1409 llaac
2282 1355 2621 1410 munimenta
2649 1355 2770 1412 ﬁdei
2803 1365 2857 1411 et
2885 1357 3173 1414 charitatis
3196 1374 3330 1413 mea:
3357 1373 3489 1414 cave

1894 1462 1962 1502 ue
1991 1459 2236 1504 transeas
2263 1464 2276 1502 :
2305 1457 2364 1505 et
2392 1449 2467 1504 ita
2496 1449 2588 1506 ﬁet
2609 1493 2626 1518 ,
2659 1459 2721 1505 ut
2745 1450 2988 1508 minaces
3018 1451 3168 1510 venti
3202 1453 3489 1524 insurgen-

1895 1548 1977 1596 tes
2001 1541 2141 1595 allisi
2176 1542 2227 1596 in
2263 1553 2417 1612 petra
2447 1543 2778 1600 validissima
2809 1544 3198 1601 dissolvantur.

1966 1633 2241 1704 Numquid
2285 1649 2398 1710 post
2437 1650 2610 1696 ortum
2641 1651 2786 1695 tuum
2817 1642 3109 1712 prn'cepisti
3148 1642 3412 1710 diluculo,
3442 1654 3487 1698 et

1891 1729 2167 1784 ostendisti
2202 1748 2406 1787 aurora:
2445 1734 2615 1788 locum
2652 1751 2828 1788 suum.
2873 1735 2987 1805 lIoc
3022 1735 3289 1794 Doluinus
3317 1738 3390 1792 ait
3420 1739 3484 1792 ad

220 1825 470 1896 possidere
495 1867 509 1891 ,
559 1826 847 1898 gratulans
884 1827 962 1881 ait
990 1825 1058 1881 ad
1091 1824 1262 1882 Deum
1291 1843 1305 1881 :
1361 1825 1438 1880 Tu
1468 1827 1798 1896 conﬁrmasti
1822 1823 1864 1884 Β
1893 1821 2018 1889 Job,
2053 1823 2199 1895 quod
2229 1825 2573 1882 conditarum
2603 1843 2668 1884 ac
2689 1839 3028 1885 secretarum
3054 1847 3236 1886 rerum
3266 1848 3486 1886 suarum

218 1919 263 1973 in
296 1920 467 1973 virtute
509 1929 602 1973 tua
649 1937 813 1974 mare.
857 1919 1109 1976 Mundum
1156 1918 1280 1974 dico
1323 1918 1536 1974 fidelem
1583 1929 1789 1974 sancta:

218 2011 441 2068 Ecclesia:
471 2013 734 2083 populum
765 2031 776 2066 :
823 2013 912 2084 qui
952 2030 1100 2074 mare
1132 2012 1452 2083 specialiter
1479 2011 1701 2078 dicitur,
1736 2022 1792 2068 et

216 2107 397 2164 habitat
420 2109 470 2163 in
506 2109 615 2165 hoc
646 2109 869 2164 mundo.
917 2109 982 2164 Et
1020 2109 1122 2165 iste
1151 2118 1237 2164 est
1266 2108 1358 2163 ille
1393 2107 1624 2163 mundus
1658 2108 1788 2164 lide-

216 2199 360 2266 Iium,
410 2200 476 2257 de
523 2217 642 2273 quo
685 2203 947 2258 Dominus
988 2204 1104 2258 ait:
1149 2201 1240 2259 Sic
1267 2201 1403 2256 enim
1433 2203 1617 2257 dilexit
1650 2201 1714 2256 Di
1731 2219 1788 2257 us

213 2293 330 2349 hunc
354 2297 633 2360 mundum,
669 2309 721 2352 ut
752 2295 956 2352 Filium
984 2314 1135 2352 suum
1166 2297 1484 2368 unigenitum
1516 2297 1662 2351 daret
1694 2313 1789 2365 pro

212 2405 278 2443 eo.
318 2388 404 2443 Est
433 2400 487 2446 et
529 2390 770 2448 mundus
806 2390 1252 2459 incredulorum,
1285 2389 1351 2445 de
1391 2406 1501 2460 quo
1531 2389 1790 2446 similiter

214 2475 451 2538 Dominus
483 2485 563 2540 ait
586 2484 654 2540 ad
677 2485 976 2556 discipulos
1001 2499 1130 2541 suos
1155 2502 1169 2540 :
1198 2487 1256 2538 Si
1281 2486 1508 2539 mundus
1535 2501 1621 2539 vos
1641 2485 1748 2539 odit
1771 2501 1787 2537 :

211 2561 368 2630 scitote
395 2578 515 2645 quia
546 2579 775 2647 priorem
808 2595 888 2632 me
916 2580 1036 2632 odio
1063 2578 1274 2643 habuit,
1317 2588 1425 2632 etc.
1491 2577 1583 2642 Sic
1606 2577 1789 2647 itaque

211 2667 328 2723 duos
349 2669 584 2724 tnundos
613 2672 936 2740 populorum
965 2671 1018 2725 in
1054 2671 1156 2727 hoc
1181 2670 1478 2740 corporali,
1509 2671 1638 2726 etin
1669 2670 1789 2724 aui-

210 2757 320 2816 mali
350 2759 550 2818 mundo
577 2763 809 2820 dicimus
835 2765 1109 2832 habitare,
1139 2765 1231 2835 qui
1262 2777 1313 2820 et
1348 2764 1456 2818 duo
1481 2764 1675 2829 maria,
1703 2779 1788 2820 se-

209 2856 420 2913 cundum
459 2858 780 2930 exemplum
813 2859 1067 2930 superius
1096 2861 1369 2926 positum,
1401 2858 1506 2914 dici
1534 2868 1784 2930 possunt,

209 2948 266 3003 ab
292 2949 386 3007 hoc
416 2954 642 3009 scilicet
673 2953 811 3009 mari
837 2971 1103 3026 aquarum
1145 2953 1553 3024 metaphoricos
1586 2971 1786 3010 nomen

207 3046 517 3117 accipientes
541 3092 558 3117 ,
604 3050 732 3120 quia
777 3058 832 3106 et
861 3049 1056 3105 domus
1084 3049 1254 3117 bona,
1289 3051 1405 3104 sive
1437 3049 1601 3114 mala,
1629 3058 1686 3104 et
1713 3050 1790 3104 ci-

206 3141 328 3197 vitas
353 3144 563 3213 optima
589 3186 603 3209 ,
636 3145 755 3200 sive
784 3146 1046 3216 pessima.
1089 3144 1240 3202 Mare
1280 3160 1410 3200 vero
1447 3143 1685 3215 uapiros
1710 3142 1790 3198 di-

1896 1931 1993 1986 per
2039 1933 2204 1989 gyros
2231 1933 2362 1974 suos
2382 1933 2730 1978 recurrentes
2755 1922 2822 1978 ad
2852 1923 3104 1979 ordinata
3138 1926 3277 1990 loca,
3308 1925 3489 1980 redire

1893 2010 2142 2080 quotidie
2173 2011 2290 2082 ipse
2313 2011 2572 2084 disponat
2609 2031 2621 2068 :
2652 2023 2708 2070 et
2738 2016 2942 2072 idcirco
2970 2017 3075 2073 Ioh
3106 2019 3372 2088 arguitur,
3401 2020 3490 2088 qui

1893 2105 2064 2161 Deum
2120 2105 2387 2164 [actorem
2430 2117 2486 2164 et
2531 2109 2958 2180 gubernatorem
3017 2128 3200 2167 rerutn
3249 2114 3486 2166 «uitulum

1892 2197 2101 2254 diceret
2146 2199 2301 2254 nullo
2341 2200 2716 2257 moderamine
2759 2205 3034 2274 aquitatis
3075 2217 3358 2274 operattun
3397 2215 3494 2261 :et

1892 2291 2048 2359 quasi
2084 2291 2155 2345 ita
2199 2290 2391 2347 dicens
2422 2294 2498 2347 ait
2521 2295 2570 2348 ei
2600 2311 2612 2347 :
2667 2294 2745 2350 'I'u
2785 2297 2874 2364 qui
2923 2296 3079 2352 valde
3105 2299 3407 2366 sapit-mem
3439 2306 3490 2352 te

1893 2385 2175 2440 arbitraris
2203 2428 2217 2451 ,
2266 2397 2322 2442 et
2371 2387 2527 2458 quasi
2572 2389 2871 2456 eomqualis
2912 2391 3088 2445 lucem
3119 2407 3294 2446 meam
3324 2391 3491 2446 fueris

1893 2476 2219 2546 fabricatus,
2254 2487 2310 2534 et
2335 2478 2404 2534 de
2436 2480 2572 2534 meis
2597 2480 2818 2550 jttdiciis
2847 2482 3132 2551 disputare
3164 2499 3322 2551 posse
3365 2500 3484 2538 cre-

1892 2571 2030 2628 dis:
2083 2573 2129 2628 si
2181 2574 2447 2629 elemeuta
2509 2584 2792 2632 astrorum
2848 2585 3180 2647 pra‘ceptum
3228 2578 3488 2646 impleant

1892 2666 2216 2734 Creatoris,
2244 2677 2296 2723 te
2345 2666 2575 2724 forsitan
2617 2669 2942 2740 disponente
2977 2672 3222 2741 mysterii
3255 2671 3334 2726 sui
3369 2687 3487 2741 per-

1890 2768 2028 2830 gunt
2051 2774 2300 2828 cursum,
2337 2777 2458 2816 cmn
2492 2761 2594 2817 ista
2639 2763 2961 2834 priusquam
3013 2773 3068 2818 tu
3101 2763 3153 2819 in
3187 2763 3358 2818 Adam
3395 2781 3486 2834 [lt‘t'

1894 2866 1982 2905 me
2025 2851 2292 2908 existeres
2320 2894 2336 2919 ,
2383 2853 2494 2908 sint
2540 2865 2745 2910 creata.
2803 2856 3013 2910 Aliter:
3044 2855 3158 2912 Hoc
3187 2857 3484 2912 diluculum

1892 2945 2144 3002 SalVator
2195 2956 2382 3004 uoster
2425 2958 2542 3014 est,
2575 2949 2664 3018 qui
2694 2959 2752 3005 et
2795 2950 2876 3005 sol
2904 2951 3130 3018 justitirc
3159 2953 3487 3022 appellatur.

1893 3036 2015 3107 Ipse
2050 3037 2237 3094 calore
2284 3039 2407 3094 ﬁdei
2460 3050 2516 3094 et
2562 3041 2860 3109 splendore
2911 3044 3101 3114 gratia;
3126 3059 3259 3110 sum,
3305 3045 3490 3099 Eccle-

1891 3133 2026 3189 siam
2046 3177 2060 3201 ,
2095 3134 2356 3190 mundum
2385 3136 2594 3190 scilicet
2625 3137 2946 3192 rationalem
2978 3136 3269 3193 illuminat.
3327 3139 3491 3209 Igitur

189 3245 380 3310 _cunlur
410 3238 602 3309 populi
635 3213 970 3295 ﬂuctuantes
996 3284 1012 3309 ,
1061 3239 1154 3310 qui
1188 3239 1240 3292 in
1271 3239 1370 3293 hac
1401 3235 1508 3291 vita
1538 3213 1789 3307 inquieto
1897 3227 2158 3296 numquid
2185 3227 2399 3292 ιυ,.ιοι›,
2427 3229 3230 3300 praecepistihuicdiluculo,ut
3249 3234 3489 3289 oriretur

205 3340 340 3387 motu
380 3331 708 3402 incertoque
749 3332 1051 3403 iaetantur.
1112 3334 1246 3387 Cum
1294 3347 1552 3403 ponerem
1586 3331 1785 3387 nubem

206 3425 580 3483 vestimentum
607 3426 728 3498 ejus
750 3469 764 3493 ,
794 3437 849 3482 et
876 3427 1109 3497 caligine
1138 3427 1267 3482 illud
1302 3427 1446 3482 velut
1481 3428 1672 3494 pannis
1699 3427 1786 3480 in-

203 3521 368 3577 fantia:
391 3522 772 3578 obvolverem.
814 3519 1022 3578 Nubem
1060 3523 1246 3578 omnia
1280 3521 1624 3592 operientem
1659 3520 1783 3590 Spi-

205 3614 352 3670 ritum
399 3626 660 3672 sanetum
685 3656 701 3680 ,
754 3617 1027 3672 creaturis
1063 3615 1317 3672 omnibus
1344 3614 1583 3671 infusum
1607 3631 1672 3669 ae
1697 3629 1788 3670 su-

204 3705 468 3774 perfusum
504 3707 881 3778 accipiamus,
920 3707 988 3764 de
1019 3724 1128 3779 quo
1159 3707 1232 3762 ait
1266 3725 1278 3762 :
1317 3707 1547 3780 Spiritus
1579 3705 1789 3761 Domini

179 3802 607 3874 ,superferebatur
641 3819 795 3873 super
825 3819 1006 3872 aquas.
1068 3801 1256 3874 Caligo
1287 3811 1470 3857 autem
1526 3801 1786 3872 quidquid

201 3907 274 3952 est
312 3896 471 3954 inane
523 3909 681 3952 trans
725 3897 987 3951 mnudmn
1021 3914 1033 3951 :
1069 3896 1160 3951 ubi
1213 3896 1408 3952 levitas
1447 3905 1532 3950 est
1556 3936 1569 3960 ,
1603 3894 1657 3950 id
1682 3903 1783 3959 est,

201 3999 334 4044 retro
359 3988 617 4046 defectus
648 3989 874 4061 intelligi
901 3998 1100 4060 potest.
1135 3987 1411 4043 Moraliter
1433 3996 1614 4042 autem
1637 3987 1786 4057 juxta

198 4086 575 4142 auctoritatem
624 4084 960 4156 Scripturae,
1024 4083 1198 4139 nubes
1245 4091 1370 4139 sunt
1417 4080 1791 4151 unusquisque

201 4179 438 4238 veritatis
464 4179 850 4236 annuntiator.
903 4178 1106 4234 IIorum
1143 4177 1307 4248 igitur
1330 4173 1519 4231 verbis
1540 4173 1790 4230 consola-

198 4272 342 4329 toriis
373 4283 544 4344 atque
571 4271 818 4328 doctrina
846 4311 860 4338 ,
908 4270 1142 4325 rorando
1183 4267 1446 4340 desuper,
1487 4269 1569 4322 ait
1601 4267 1789 4321 Domi-

199 4378 314 4433 nus,
341 4367 609 4422 mundum
633 4365 878 4422 ﬁdelium
907 4363 975 4418 ab
1001 4374 1139 4418 aestu
1163 4363 1523 4419 tentatimium
1553 4356 1788 4430 protexi,

197 4459 350 4529 eique
389 4459 646 4516 umbram
678 4474 840 4528 supra
889 4457 1257 4527 promissiOne
1297 4468 1520 4511 acterna:
1562 4454 1792 4509 beatitu-

197 4551 329 4609 dinis
381 4553 634 4624 praibui,
693 4551 799 4607 hoc
831 4563 954 4619 est,
1003 4552 1389 4607 vestimentum
1433 4565 1530 4621 per
1571 4556 1790 4603 sanctos

1892 3321 1962 3378 de
1992 3323 2133 3378 εελιιυ
2167 3323 2526 3394 resplendens
2549 3322 2632 3379 his
2655 3326 2743 3393 qni
2775 3325 3040 3380 sedebant
3081 3325 3133 3380 in
3168 3328 3410 3383 tem-bris
3439 3339 3494 3383 et

1893 3415 2083 3470 umbra
2109 3417 2296 3471 tnortis
2323 3433 2336 3470 :
2358 3417 2813 3485 quemadmodum
2833 3434 2965 3489 ergo
2985 3428 3063 3483 ut,
3083 3418 3206 3488 Iob,
3241 3431 3360 3489 post
3392 3422 3491 3475 iui-

1895 3508 2028 3564 tium
2061 3517 2209 3564 tuum
2237 3511 2541 3581 praecipere
2567 3527 2674 3566 non
2711 3513 2934 3580 potuisti
2961 3513 3182 3568 :eteruis
3205 3554 3218 3579 ,
3252 3525 3311 3569 ut
3338 3532 3491 3570 mutt—

1891 3602 1964 3659 do
1988 3603 2039 3657 in
2068 3619 2324 3659 errorum
2355 3604 2599 3658 tenebris
2638 3605 2935 3660 constituto
2969 3615 3117 3660 esset
3145 3606 3446 3661 diluculum
3475 3626 3487 3663 :

1892 3696 1968 3752 ita
2001 3711 2103 3752 nec
2130 3706 2252 3766 post
2283 3697 2473 3751 mortis
2505 3712 2758 3752 occasum
2788 3698 2907 3767 ejus
2927 3741 2941 3762 ,
2979 3699 3402 3755 resurreCtiouis
3438 3716 3487 3754 et

1891 3789 2071 3846 locum
2122 3791 2312 3860 gloria:
2343 3790 2462 3860 ejus
2515 3790 2567 3844 in
2610 3789 2807 3846 dextra
2858 3791 3036 3855 Patris
3076 3792 3157 3847 sui
3201 3793 3488 3846 ostendero

1892 3883 2153 3954 potuisti,
2188 3898 2346 3953 quem
2379 3891 2498 3954 post
2540 3894 2773 3940 mortem
2814 3900 2974 3954 quam
3009 3895 3203 3953 Sponte
3231 3902 3485 3958 suscepe-

1891 3987 1998 4044 rat,
2032 3976 2098 4031 ad
2133 3993 2218 4031 me
2247 3977 2442 4032 iterum
2478 3979 2750 4034 revocavi.
2793 3979 2945 4034 Sicut
2973 3979 3089 4046 ipse
3113 3981 3376 4036 Dominus
3401 3984 3490 4036 .Ie-

1891 4087 1986 4128 sus
2015 4072 2090 4126 ait
2115 4073 2166 4125 in
2195 4071 2529 4143 Evangelia:
2567 4073 2627 4129 Si
2651 4091 2774 4146 ergo
2804 4073 3034 4128 videritis
3063 4073 3233 4145 filium
3266 4078 3490 4132 hominis

1893 4166 2254 4220 ascendentem
2279 4165 2366 4220 ubi
2393 4175 2501 4221 erat
2527 4168 2690 4238 prius.

1965 4258 2034 4314 Et
2083 4260 2295 4314 tenuisti
2331 4261 2630 4317 concutiens
2669 4270 2895 4316 extrema
2925 4270 3104 4324 term.
3143 4274 3192 4319 et
3218 4268 3492 4321 excussisti

1893 4355 2080 4425 impios
2125 4372 2192 4411 ex
2232 4357 2330 4412 ea?
2369 4354 2557 4412 Potest
2588 4355 2703 4411 hate
2749 4367 2889 4412 terra
2933 4358 3176 4414 Ecclesia
3219 4361 3485 4434 intelligi:

1893 4449 1963 4506 de
2003 4448 2157 4520 cujus
2203 4449 2577 4505 fundamentis
2623 4449 2885 4505 Dominus
2927 4452 3179 4522 superius
3222 4453 3381 4521 dixit,
3421 4457 3491 4513 de

1897 4559 2001 4616 qua
2040 4544 2093 4598 in
2125 4543 2386 4599 extremis
2421 4553 2582 4598 terra:
2605 4584 2620 4610 ,
2652 4542 2705 4598 id
2737 4552 2853 4610 est,
2885 4542 2941 4598 in
2973 4545 3267 4601 novissimo
3287 4551 3491 4603 saeciilo

196 4660 336 4702 meos
366 4647 660 4703 ministros
687 4644 964 4717 Evangelii
997 4645 1047 4701 ei
1073 4662 1240 4716 super
1277 4660 1432 4700 mare
1465 4642 1788 4714 populorum
1821 4605 1872 4670 υ
1899 4637 2210 4695 excutiendi
2251 4646 2382 4694 sunt
2420 4650 2770 4709 peccatores;
2811 4640 2884 4693 ita
2933 4639 3047 4709 ipse
3083 4641 3342 4698 Dominus
3370 4646 3444 4698 ait
3476 4663 3488 4698 :

195 4738 420 4808 expandi
451 4757 465 4793 :
525 4753 596 4794 ne
629 4737 890 4793 videlicet
931 4739 1135 4795 inﬁdeli
1182 4747 1431 4793 caumate
1464 4744 1790 4792 torreretur.

194 4828 338 4896 Quod
386 4833 560 4887 etiam
609 4846 764 4885 mare
804 4831 1130 4902 p0pulorum
1171 4831 1315 4886 intra
1350 4829 1790 4899 pradicationem

193 4925 493 4996 perfectam
541 4923 820 4996 Evangelii
866 4925 1135 4997 positum,
1179 4933 1402 4994 propter
1454 4938 1664 4978 morum
1709 4921 1794 4975 in-

194 5019 414 5078 fantiam
470 5022 530 5077 iu
581 5020 907 5093 quibusdam
944 5019 1116 5075 lactea
1150 5018 1418 5086 doctrina,
1466 5019 1614 5073 velut
1640 5015 1791 5070 vilio-

193 5113 336 5172 ribus
367 5114 724 5172 vestimentis
754 5110 1028 5187 operitur,
1079 5129 1145 5169 eo
1171 5112 1311 5183 quod
1343 5111 1636 5168 sacratiora
1674 5125 1789 5181 my-

192 5209 355 5264 steria
410 5223 527 5264 non
575 5207 794 5264 valeant
825 5208 1067 5273 intueri,
1102 5223 1222 5278 qua:
1263 5218 1390 5260 sunt
1415 5201 1789 5276 intelligentiae

193 5297 430 5357 involuta
483 5299 744 5373 caligine.
787 5299 1135 5356 Circumdedi
1178 5299 1309 5355 illud
1356 5297 1604 5356 terminis
1631 5299 1790 5364 meis,

191 5405 248 5451 et
278 5396 436 5466 posui
486 5405 698 5452 vectem
744 5407 798 5452 et
835 5397 997 5450 ostia.
1040 5394 1335 5466 Hucusque
1361 5397 1571 5461 venies,
1603 5402 1793 5448 etnon

193 5490 466 5560 procedes
515 5491 790 5562 amplius,
842 5501 895 5546 et
939 5491 1025 5545 hic
1065 5487 1376 5561 confringes.
1403 5497 1676 5544 tumentes
1697 5486 1797 5541 ﬁu-

192 5592 311 5641 ctus
339 5595 490 5640 tuos.
537 5583 830 5651 'l'crminis,
870 5583 1043 5655 inquit
1069 5583 1234 5651 Deus,
1255 5579 1633 5638 mandatorum
1659 5595 1801 5636 meo—

194 5692 338 5746 rum,
370 5677 700 5749 pizrdictum
723 5693 872 5734 mare
897 5679 1036 5732 intra
1058 5677 1218 5731 ttnius
1247 5676 1366 5732 fidei
1394 5674 1798 5730 confessionem

196 5771 532 5840 congregavi
561 5781 723 5841 atque
755 5770 1032 5838 conclusi,
1065 5780 1116 5823 et
1150 5769 1215 5823 ad
1248 5766 1692 5823 comlensamlum
1723 5782 1800 5826 se,

198 5860 575 5921 fortissimum
625 5863 702 5920 illi
746 5879 957 5922 vectem
1012 5863 1293 5919 charitatis
1344 5864 1614 5934 Oppositi,
1665 5860 1802 5914 ostii

1896 4730 2032 4786 Ecce
2061 4731 2318 4787 mandabo
2337 4776 2353 4801 ,
2395 4747 2441 4785 et
2472 4733 2765 4786 concutiant
2797 4732 2851 4786 in
2879 4732 3116 4788 omnibus
3139 4736 3376 4804 gentibus
3397 4739 3491 4792 deo

1898 4841 2037 4879 mum
2063 4824 2268 4893 Israel,
2317 4825 2450 4880 sicut
2476 4827 2767 4880 concutitur
2797 4826 3025 4882 triticum
3051 4827 3105 4881 in
3131 4829 3320 4884 cribro.
3350 4831 3492 4888 Deus

1897 4935 2031 4990 ergo
2075 4919 2166 4989 qui
2217 4920 2514 4976 secundum
2559 4918 2878 4989 prophetam
2930 4936 3148 4978 mensus
3197 4933 3280 4978 est
3322 4939 3491 4994 aquas

1900 5014 2126 5086 pugillo,
2161 5023 2217 5070 et
2240 5015 2408 5070 caelos
2435 5015 2613 5083 palmo
2641 5015 2962 5084 ponderavit
2987 5061 3000 5083 ,
3042 5028 3092 5070 ct
3122 5017 3295 5071 tribus
3317 5018 3496 5088 digiti.

1896 5116 2100 5164 terram
2124 5107 2408 5178 appendit,
2439 5108 2553 5177 ipse
2584 5121 2679 5175 pro
2705 5106 3080 5177 magnitudine
3111 5117 3340 5178 utraque
3371 5125 3486 5163 Ina-

1897 5217 1969 5256 nu
2003 5211 2196 5256 tenens
2225 5200 2496 5271 margines
2533 5211 2711 5267 terras,
2742 5200 2894 5270 quasi
2925 5201 3161 5255 cribrum
3199 5200 3304 5257 huc
3330 5213 3494 5274 atque

1900 5296 2026 5351 illuc
2065 5296 2338 5360 concutit,
2385 5294 2500 5349 sive
2542 5295 2748 5349 excutit
2782 5305 3052 5365 tamquam
3083 5295 3490 5364 γοειίιιίεηιιιιιι,

1899 5375 1962 5446 ut
2011 5389 2205 5460 impios
2253 5390 2404 5445 velut
2437 5389 2664 5458 paleas,
2700 5397 2757 5443 et
2786 5389 2970 5442 lolium
3018 5389 3254 5442 excutiat
3297 5405 3326 5441 a
3376 5389 3491 5443 fru-

1901 5493 2087 5540 mento
2109 5482 2402 5552 justorum.
2448 5480 2685 5536 Proinde
2713 5480 2828 5536 lucc
2858 5482 3040 5535 omnia
3070 5482 3348 5550 Operantis
3387 5501 3493 5537 non

1902 5577 2080 5631 solum
2133 5575 2395 5631 fortitudo
2420 5617 2434 5640 ,
2482 5590 2670 5629 verum
2719 5584 2773 5628 et
2801 5574 3012 5643 jostitia
3045 5575 3403 5636 demonstrat.
3439 5587 3496 5630 et

1905 5668 2030 5724 inde
2057 5677 2161 5730 est.
2194 5667 2337 5736 quod
2370 5677 2563 5721 sancto
2591 5666 2694 5721 Job
2721 5666 2983 5721 Dominus
3009 5682 3130 5721 eum
3163 5667 3494 5737 increpatio-

1909 5777 1976 5816 ne
2022 5760 2298 5828 loquitur:
2354 5773 2521 5826 quare
2565 5756 2764 5814 dixerit
2811 5758 3085 5813 innocenti
3133 5757 3231 5814 sibi
3280 5773 3493 5828 tamam

1909 5856 2196 5913 acerrima:
2245 5856 2565 5908 tontationis
2615 5855 2838 5910 illatam.
2899 5854 3212 5909 Scottudttm
3248 5856 3508 5912 ttmralrut
