3948 6334
470 305 569 362 751

1239 299 1588 363 APPENDIX
1627 303 1720 362 AD
1760 299 2006 364 TOMUM
2045 297 2402 363 SEPTIMUM
2444 302 2502 366 Β.
2547 301 2984 364 illERONYMI.~

3623 307 3712 370 752

471 435 604 478 vero
631 433 854 476 sensum
886 416 1258 490 intelligentia:
1300 419 1406 475 loci
1435 419 1629 491 hujus,
1664 427 1723 475 ut
1749 419 1963 476 aestimo
1992 417 2069 474 fa-
2097 418 2426 481 Aorientur
2469 418 2524 476 in
2582 428 2654 478 te.
2717 421 2788 478 Et
2835 427 3057 492 peccata
3109 415 3400 489 aliquando
3436 420 3712 481 vestimenta

474 515 635 571 cilior
664 513 872 580 exitus,
901 521 962 568 ut
989 525 1188 568 terram
1220 512 1658 584 interpretemur
1687 521 1935 568 naturam
1967 511 2070 568 hu-

475 625 694 666 manam
722 650 738 677 ,
769 608 892 680 quia
933 607 1003 664 ab
1030 607 1197 665 immo
1219 607 1382 664 homo
1409 609 1590 667 dictus
1611 618 1718 681 est,
1743 618 1798 665 ct
1824 618 2067 666 extrema

472 704 602 772 sint,
637 712 951 758 sanctorum
979 702 1122 770 vita,
1150 704 1277 774 quia
1301 703 1355 758 in
1389 719 1555 760 carne
1585 703 1778 774 positi,
1811 703 1931 760 sine
1952 718 2071 759 car-

473 797 690 853 natibus
719 796 998 853 illecebris
1025 797 1232 853 vivunt.
1277 798 1345 854 Et
1378 798 1504 856 ideo
1536 799 1592 855 in
1621 798 1883 856 extremis
1911 809 2072 856 terra:

473 889 764 946 dicuntur:
799 889 868 945 de
893 889 1128 947 terrenis
1157 891 1371 948 actibus
1401 901 1628 959 euntes,
1659 907 1768 948 non
1799 892 1853 948 in
1890 890 2073 949 medio

474 995 748 1058 tamquam
784 985 837 1040 in
867 995 982 1042 tota
1011 1001 1180 1043 carne
1213 986 1488 1045 viventes.
1546 987 1675 1044 Haec
1704 987 1872 1059 igitur
1893 997 2075 1044 extre-

473 1093 584 1147 ma,
613 1077 734 1134 sive
765 1077 899 1134 lines
928 1089 1093 1136 terra:
1121 1079 1175 1134 in
1207 1095 1372 1136 manu
1400 1080 1615 1136 Domini
1647 1087 1809 1148 sunt,
1836 1081 1978 1135 sicut
2000 1079 2078 1134 ait

475 1172 739 1244 propheta
765 1190 779 1228 :
807 1172 946 1240 Quia
971 1173 1023 1228 in
1049 1190 1209 1229 manu
1239 1174 1356 1248 ejus
1382 1184 1505 1230 sunt
1537 1191 1712 1229 omnes
1739 1175 1867 1245 ﬁnes
1888 1182 2076 1229 teme:

399 1295 408 1303 -
471 1283 610 1338 quos
636 1265 725 1324 hic
755 1266 835 1322 ait
867 1267 1131 1324 Dominus
1153 1283 1216 1324 se
1247 1276 1438 1326 tenere
1463 1278 1628 1340 atque
1647 1275 1943 1324 concutere
1965 1310 1981 1335 ,
2018 1274 2078 1321 ut

474 1372 712 1419 tremant
741 1377 770 1416 a
799 1359 940 1419 facie
965 1361 1084 1434 ejus
1103 1405 1117 1431 ,
1164 1363 1306 1419 sicut
1332 1362 1401 1419 de
1432 1377 1498 1419 eo
1524 1361 1791 1434 propheta
1816 1361 1895 1416 ait
1921 1376 1934 1414 :
1975 1358 2078 1428 Qui

472 1459 682 1532 respicit
709 1467 899 1514 terram
925 1501 940 1526 ,
971 1467 1018 1513 et
1044 1459 1171 1530 facit
1202 1475 1312 1515 eam
1341 1468 1575 1514 tremere.
1628 1458 1694 1513 Et
1729 1456 1804 1512 ita
1833 1454 1902 1512 de
1929 1463 2077 1510 terra

474 1569 665 1610 eorum
697 1553 910 1609 excutit
936 1552 1158 1624 impios,
1191 1567 1333 1623 quos
1359 1551 1546 1624 utique
1569 1549 1941 1608 exsecrandos
1963 1563 2080 1604 mo-

476 1663 568 1704 res
599 1646 954 1718 intelligimus
995 1646 1274 1703 vitiorum.
1325 1645 1552 1703 Excutit
1585 1660 1720 1717 ergo
1760 1644 2024 1700 Dominus
2048 1657 2080 1699 a

475 1743 684 1798 sanctis
709 1742 822 1798 suis
854 1740 1018 1813 hujus
1043 1739 1232 1797 mundi
1256 1739 1484 1812 impios,
1516 1740 1734 1812 quando
1760 1754 1854 1794 eos
1880 1737 2080 1794 abillis

2174 521 2573 584 nuncupantur,
2616 521 2677 570 ut
2713 513 3008 572 Zacharias
3047 512 3315 586 propheta
3353 512 3459 569 ait:
3507 513 3566 568 Et
3588 514 3714 574 Iesus

2174 618 2283 663 erat
2327 607 2544 663 indutus
2585 608 2901 675 uestimentis
2945 608 3194 664 sordidis.
3259 607 3409 664 Dixit
3432 611 3630 684 angelus
3652 617 3708 671 ad

2174 715 2271 757 eos
2301 701 2391 771 qui
2421 701 2642 758 stabant
2665 716 2852 758 coram
2876 716 2960 771 se,
2990 701 3182 759 dicens
3208 701 3449 774 :Auferte
3469 707 3720 766 certintenta

2173 793 2393 850 sordida
2415 795 2480 850 ab
2506 810 2570 850 eo
2593 809 2612 851 :
2638 795 2772 850 dixit
2802 795 2871 849 ad
2901 811 3054 850 eum:
3076 794 3208 851 Ecce
3230 796 3423 852 abstuli
3444 797 3722 869 iniquitatem

2177 897 2340 943 tuam.
2378 887 2552 960 Supra
2578 887 2816 944 diximus
2839 890 3223 946 vestimentum
3251 903 3373 947 esse
3406 888 3611 962 gloriam
3635 893 3722 950 im-

2178 980 2552 1050 mortalitatis,
2583 981 2742 1053 cujus
2771 982 2894 1040 luce
2918 997 3041 1055 quae
3067 999 3360 1057 numquam
3389 983 3586 1042 deﬁciet
3610 1029 3623 1054 ,
3646 989 3728 1044 ho-

2177 1089 2270 1131 mo
2310 1083 2396 1130 est
2439 1075 2780 1133 mternaliter
2823 1077 3159 1134 vestiendus.
3202 1077 3313 1134 Alii
3348 1079 3727 1152 interpretes-ita

2179 1172 2441 1230 dixerunt
2473 1195 2486 1231 :
2522 1173 2590 1230 Et
2618 1184 2675 1231 tu
2704 1192 2910 1232 sumens
2935 1185 3086 1234 terrae
3115 1179 3301 1248 lutum,
3334 1180 3561 1253 figurasti
3581 1181 3727 1238 homi-

2182 1282 2300 1322 nem
2328 1308 2343 1334 ,
2388 1275 2436 1322 et
2467 1267 2727 1337 famosum
2755 1285 2872 1326 eum
2903 1271 3124 1344 posuisti
3142 1287 3298 1346 super
3328 1282 3548 1330 terram:
3571 1277 3614 1333 id
3640 1286 3726 1349 est,

2181 1361 2452 1418 creaturis
2476 1361 2733 1420 omnibus
2760 1366 3230 1435 praeminentem.
3281 1367 3418 1424 Dum
3443 1367 3552 1427 haec
3578 1370 3734 1430 Domi-

2183 1471 2287 1512 nus
2316 1457 2385 1512 ad
2411 1456 2516 1514 Job
2545 1457 2812 1530 loquitur,
2865 1460 3223 1518 vehementer
3249 1462 3509 1534 arguitur.
3556 1463 3732 1524 Secun-

2182 1548 2312 1606 dum
2340 1561 2522 1608 autem
2555 1553 2820 1624 mysticos
2851 1554 3184 1624 intellectus,
3199 1555 3549 1614 obumbrante
3565 1559 3736 1631 Spiritu

2184 1655 2375 1703 saneto
2401 1689 2416 1715 ,
2450 1647 2714 1720 ﬁguratus
2758 1659 2842 1706 est
2867 1649 3034 1708 homo
3063 1651 3222 1708 lesus
3255 1649 3504 1709 Christus
3531 1653 3590 1710 de
3619 1663 3736 1712 terra

2183 1739 2366 1796 Maria:
2396 1740 2644 1812 virginis.
2695 1741 2795 1797 llic
2832 1741 2996 1814 igitur
3033 1742 3197 1799 homo
3223 1741 3294 1800 de
3326 1744 3441 1800 luto
3469 1745 3632 1802 carnis
3655 1745 3741 1802 hu-

475 1834 791 1907 puriﬁcatos
821 1834 1112 1890 constituit
1155 1833 1500 1890 innocentes.
1548 1834 1624 1888 De
1655 1831 1857 1887 talibus
1900 1829 2082 1901 impiis
2112 1823 2162 1886 B
2186 1850 2364 1891 mana:
2408 1846 2726 1908 assumptus
2765 1845 2870 1894 est.
2911 1837 3108 1896 Lutum
3142 1839 3249 1898 hoc
3276 1841 3401 1898 loco
3426 1856 3526 1898 non
3555 1854 3740 1916 propter

475 1940 532 1986 et
575 1927 960 2001 peccatoribus
999 1927 1266 1999 prepheta
1296 1927 1557 1984 dicebat:
1597 1924 1666 1979 In
1691 1925 1949 1980 matutino
1975 1964 1990 1992 ,
2020 1921 2075 1980 id

473 2033 559 2081 est
582 2062 596 2090 ,
629 2023 682 2078 in
709 2020 1024 2093 cognitione
1053 2020 1302 2077 scientia:
1339 2019 1468 2087 Dei,
1501 2017 1626 2074 ﬁdei
1657 2018 1710 2073 in
1740 2032 1827 2074 me
1853 2015 2075 2072 lucerna

475 2125 760 2183 nascente,
784 2113 1160 2183 interﬁciebam
1173 2130 1348 2169 omnes
1371 2120 1666 2184 peccatores
1694 2119 1869 2177 terrae,
1890 2119 1945 2165 ut
1970 2109 2080 2165 dis-

477 2212 744 2286 perderem
780 2212 846 2267 de
883 2211 1090 2267 civitate
1127 2208 1346 2265 Domini
1393 2224 1412 2264 :
1451 2207 1696 2278 qualibet
1733 2205 1923 2278 utique
1961 2205 2080 2260 ani-

480 2323 568 2364 ma
616 2313 805 2363 sancta
831 2349 845 2373 ,
880 2319 1074 2360 omnes
1112 2312 1406 2375 operantes
1457 2299 1818 2371 iniquitatem.
1864 2297 1992 2354 Sive
2024 2299 2079 2352 in

477 2400 777 2457 novissimo
809 2397 1023 2456 tenebit
1051 2398 1200 2454 Deus
1223 2395 1506 2464 mundum,
1535 2393 1691 2466 quasi
1717 2408 1867 2450 reum
1902 2391 1969 2448 ad
1993 2391 2084 2462 ju-

479 2492 679 2549 dicium
709 2506 892 2558 suum,
922 2506 1033 2562 quo
1047 2498 1296 2562 tempore
1312 2496 1566 2546 extrema
1591 2485 1752 2542 etiam
1783 2493 2079 2550 terrarum,

479 2586 832 2643 conseientim
870 2594 1108 2641 tremore
1136 2583 1476 2656 quatientur,
1507 2581 1600 2637 ubi
1636 2578 1891 2636 minimos
1918 2592 2084 2650 quos-

481 2697 590 2754 que
636 2681 688 2737 in
719 2682 979 2737 extremis
1011 2689 1171 2735 terra:
1200 2678 1506 2749 intelligere
1536 2689 1824 2748 possumus
1851 2717 1864 2741 ,
1906 2672 2001 2744 qui
2029 2680 2086 2729 et

483 2774 586 2846 ipsi
634 2774 783 2845 justo
807 2772 1018 2844 judicio
1048 2772 1180 2838 Dei,
1223 2780 1287 2826 ut
1330 2769 1549 2842 superbi
1580 2779 1634 2824 et
1663 2767 1812 2837 impii
1839 2765 1907 2822 de
1937 2774 2085 2821 terra

483 2876 892 2922 mansuetorum
948 2863 1263 2921 excutiendi
1316 2873 1466 2920 sunt.
1525 2861 1676 2916 Beati
1725 2859 1871 2917 enim
1913 2859 2084 2927 mites,

481 2962 732 3034 quoniam
760 2959 860 3033 ipsi
884 2959 1221 3030 possidebunt
1249 2968 1460 3014 terram.

554 3055 878 3111 Restituetur
903 3064 958 3110 ut
980 3053 1154 3109 lutum
1181 3053 1544 3127 signaculum,
1579 3060 1626 3106 et
1652 3050 1808 3106 stabit
1833 3049 1964 3104 sicut
1997 3063 2084 3104 vc-

487 3149 804 3204 stimentum.
845 3147 1197 3219 Signaculum
1223 3146 1405 3213 istud,
1447 3146 1627 3201 anima
1669 3144 1905 3200 hominis
1930 3141 2091 3199 intel-

2180 1927 2450 1984 vilitatem
2503 1931 2741 1987 nominis
2785 1930 2995 1988 dictum
3041 1933 3390 2000 noverimus,
3432 1934 3524 1993 sed
3549 1945 3744 2009 propter

2182 2019 2358 2094 ipsam
2388 2025 2699 2091 materiam,
2746 2023 2816 2082 de
2839 2041 2945 2099 qua
2986 2039 3240 2100 sumptus
3264 2041 3348 2087 est
3369 2028 3641 2088 Christus:
3669 2046 3746 2088 ve-

2184 2117 2280 2174 luti
2309 2118 2482 2175 Adam
2511 2118 2567 2176 in
2592 2119 2892 2193 principio,
2937 2123 3029 2194 qui
3055 2122 3126 2179 de
3149 2123 3282 2180 limo
3307 2126 3467 2182 terra:
3492 2126 3749 2197 plasmatus

2185 2218 2291 2268 est.
2334 2209 2402 2267 Et
2447 2212 2589 2268 sicut
2626 2212 2720 2269 ille
2767 2229 2864 2285 per
2906 2231 3073 2271 unum
3107 2215 3294 2273 existit
3320 2217 3393 2275 de
3428 2219 3547 2276 sinu
3576 2230 3746 2276 terrm:

2186 2307 2258 2365 ita
2307 2317 2361 2366 et
2407 2307 2496 2365 hic
2544 2325 2642 2382 per
2672 2326 2839 2367 unum
2879 2323 3156 2370 creantem
3202 2329 3297 2382 se,
3335 2313 3593 2372 formatus
3611 2311 3750 2373 estin

2185 2409 2344 2458 utero
2394 2404 2606 2460 matris.
2646 2403 2717 2460 Et
2746 2407 2819 2462 ita
2847 2405 3092 2463 famosus
3119 2415 3207 2465 est
3240 2423 3409 2481 super
3436 2424 3636 2466 omnem
3661 2418 3752 2465 ter-

2186 2513 2304 2555 ram
2336 2516 2350 2554 :
2375 2498 2520 2557 unde
2563 2499 2677 2571 jam
2706 2515 2737 2556 a
2767 2499 2900 2558 solis
2930 2509 3056 2558 ortu
3091 2516 3269 2575 usque
3293 2502 3364 2560 ad
3395 2517 3633 2562 occasum
3659 2503 3755 2560 lau-

2187 2593 2350 2652 detur
2380 2611 2583 2652 numen
2614 2595 2850 2654 Domini.

2259 2689 2542 2761 Anferetur
2567 2689 2631 2744 ab
2673 2691 2845 2763 impiis
2865 2690 2962 2747 tua:
2982 2708 3100 2763 sua,
3133 2701 3182 2749 et
3213 2692 3488 2750 brachium
3507 2691 3742 2750 excelsum

2191 2785 2576 2857 confringetur.
2607 2785 2723 2842 Lux
2753 2787 3044 2859 impiorum
3073 2797 3160 2845 est
3191 2787 3356 2861 hujus
3375 2788 3560 2846 mundi
3585 2787 3752 2860 gloria,

2192 2887 2245 2934 et
2276 2876 2543 2947 felicitas,
2577 2895 2700 2951 qua:
2726 2879 2933 2938 mundo
2969 2890 3342 2953 przetereunte
3377 2881 3648 2947 transibit,
3669 2879 3761 2935 sic-

2194 2977 2255 3026 ut
2295 2980 2353 3028 et
2387 2970 2654 3029 Salomon
2686 2971 2766 3028 ait
2798 2991 2813 3028 :
2843 2972 3043 3030 Lumen
3075 2974 3358 3048 impiorum
3398 2976 3759 3048 exstinguetur:

2192 3071 2247 3118 et
2299 3078 2492 3120 eorum
2541 3065 2718 3121 virtus
2747 3075 2802 3122 et
2834 3067 3078 3138 potentia
3105 3110 3120 3138 ,
3180 3082 3302 3140 qua:
3335 3065 3544 3124 brachii
3572 3063 3762 3122 nomine

2193 3155 2337 3212 dicta
2369 3165 2518 3227 sunt,
2545 3157 2696 3214 illico
2721 3167 3106 3217 conterentur.

491 3242 698 3313 ligitur,
747 3257 868 3314 qua:
915 3241 984 3297 ad
1035 3240 1328 3312 imaginem
1373 3239 1470 3296 Dei
1496 3237 1638 3294 facta
1665 3247 1770 3294 est.
1813 3238 2085 3308 Expressa

2271 3251 2546 3324 Numquid
2569 3254 2836 3327 ingressus
2857 3272 2910 3311 es
2934 3257 3261 3329 profundunt
3289 3257 3474 3328 maris,
3528 3264 3574 3311 et
3616 3255 3664 3310 in
3681 3270 3762 3310 no-

489 3345 576 3391 est
605 3335 660 3390 in
692 3349 754 3389 ea
781 3333 1080 3392 similitudo
1108 3332 1368 3390 bonitatis
1398 3333 1515 3400 Dei,
1541 3333 1895 3402 omniumque
1918 3330 2090 3385 virtu-

489 3437 606 3485 tum
651 3428 842 3486 decus.
904 3429 1020 3486 lloc
1063 3430 1227 3502 igitur
1263 3427 1602 3500 signaculum
1627 3426 1882 3498 imaginis
1909 3425 2002 3482 Dei
2035 3432 2092 3482 et

489 3524 888 3592 similitudinis,
922 3538 1020 3596 per
1048 3523 1178 3580 Adae
1209 3531 1490 3594 peccatum
1520 3525 1760 3578 attritum
1787 3521 1963 3577 fuerat
1988 3566 2002 3590 ,
2036 3528 2091 3577 et

491 3618 861 3676 oblitteratum
887 3661 903 3686 ,
953 3628 1013 3674 et
1050 3633 1271 3674 rursum
1325 3633 1423 3689 per
1447 3615 1727 3674 Christum
1754 3616 1952 3672 iterata
1984 3614 2090 3670 im-

489 3714 777 3784 pressione
823 3711 1160 3768 restituetur.
1201 3711 1360 3780 Quod
1404 3710 1747 3782 signaculum
1789 3723 1935 3766 nunc
1963 3708 2090 3780 qui-

490 3807 617 3862 dem
663 3821 761 3878 per
790 3806 951 3862 ﬁdem
978 3847 994 3874 ,
1044 3813 1102 3863 et
1131 3807 1385 3878 baptismi
1414 3805 1646 3877 gratiam
1686 3814 2004 3874 renovatur,
2035 3812 2094 3860 et

491 3901 600 3955 vita
644 3899 910 3968 meliore,
963 3900 1130 3956 menti
1177 3899 1541 3971 inseulpetur.
1585 3898 1692 3957 Sed
1741 3898 1794 3954 in
1843 3913 2094 3954 resurre-

492 3993 675 4050 ctione
703 4002 880 4050 totum
906 3993 1224 4050 omnimodo
1253 3993 1677 4059 restaurabitur,
1707 3991 1926 4064 quando
1953 3992 2095 4048 sicut

496 4085 716 4141 humani
749 4085 1190 4157 corporislutum
1216 4087 1269 4142 in
1290 4087 1700 4158 incorruptione
1727 4085 2090 4157 reparabitur,

494 4179 569 4235 ita
595 4189 650 4236 et
677 4181 855 4236 anima
883 4196 1006 4237 cum
1052 4197 1120 4238 eo
1160 4183 1367 4254 pariter
1405 4183 1733 4239 vestimento
1774 4179 2096 4236 immortali-

496 4275 646 4341 tatis,
697 4275 844 4331 velut
887 4275 1027 4332 stola
1075 4275 1264 4348 gloria:
1298 4277 1584 4332 vestietur.
1639 4275 1711 4333 Ut
1740 4273 2094 4347 quemadmo-

496 4368 624 4424 dum
669 4369 786 4440 ipsa
829 4369 1001 4440 gloria
1029 4411 1043 4434 ,
1090 4379 1143 4426 ct
1193 4369 1530 4441 incorruptio
1562 4367 2005 4430 immortalitatis,
2041 4365 2093 4422 id

495 4469 583 4515 est
605 4501 620 4526 ,
642 4459 901 4516 Christus
927 4469 1114 4517 manet
1138 4460 1190 4516 in
1216 4471 1518 4517 aeternum:
1555 4461 1628 4516 ita
1653 4461 1776 4517 etis
1803 4459 1896 4529 qui
1921 4474 1982 4515 ca
2013 4458 2096 4515 in-

497 4555 660 4611 dutus
689 4555 876 4624 fuerit,
911 4557 1183 4626 gloriosus
1213 4559 1331 4614 sine
1363 4557 1471 4614 ﬁne
1507 4564 1845 4628 permaneat.
1882 4555 1958 4612 De
1984 4571 2093 4626 quo

495 4649 826 4704 vestimento
865 4650 1168 4720 respiciens
1211 4651 1282 4708 ad
1329 4651 1504 4708 lutum
1533 4651 1712 4708 carnis
1756 4667 1891 4718 suae,
1946 4649 2092 4722 Apo-

498 4741 673 4798 stolus
698 4743 774 4798 ait
801 4759 814 4797 :
851 4743 1064 4815 Oportet
1096 4745 1552 4814 corruptibileltoc
1577 4745 1792 4801 induere
1819 4746 2094 4817 incorrup-

499 4836 730 4904 tionem,
779 4845 828 4893 et
856 4838 1075 4893 mortale
1104 4839 1198 4894 hoc
1218 4840 1435 4896 induere
1464 4839 1926 4896 immortalitatem.
1977 4839 2093 4896 Hoc

495 4937 678 4984 tamen
707 4927 1026 5000 diligentius
1057 4940 1141 4986 est
1163 4931 1506 5001 intuendum,
1540 4933 1681 5001 quod
1712 4934 1763 4989 in
1791 4933 2092 5006 Seripturis

495 5020 721 5078 diverso
768 5022 1051 5080 intellectu
1097 5026 1421 5086 vestimenta
1463 5026 1736 5084 dicuntur.
1782 5027 2094 5085 Vestimen-

493 5127 612 5171 tum
664 5130 793 5189 ergo
820 5117 1117 5190 aliquando
1149 5119 1350 5178 dlcltur
1380 5123 1559 5194 ipsum
1591 5137 1790 5196 corpus
1815 5135 2088 5194 nostrum,

493 5226 602 5281 quo
622 5212 800 5268 anima
825 5213 973 5270 velut
993 5217 1197 5272 amictu
1218 5217 1623 5274 circumdatur:
1655 5222 1796 5276 sicut
1827 5224 2092 5296 prepheta

493 5305 571 5358 ait
606 5303 674 5360 ad
717 5305 954 5364 animam
995 5311 1357 5380 peccatricem
1392 5329 1406 5365 :
1462 5309 1672 5384 Oper-iet
1719 5314 1964 5386 iniquitas
1999 5326 2092 5372 tua

493 5399 843 5455 uestimentum
900 5411 1070 5457 tuum.
1139 5405 1272 5459 item
1329 5404 1654 5462 vestimenta
1711 5416 1840 5462 sunt
1893 5408 2090 5466 animm

488 5489 722 5550 virtutes
745 5535 761 5563 ,
806 5495 1003 5568 quibus
1029 5499 1220 5555 eadem
1255 5499 1436 5554 anima
1467 5502 1817 5572 componitur
1845 5513 1900 5560 et
1927 5520 2091 5560 orna-

488 5593 595 5641 tur.
631 5585 706 5643 De
726 5587 926 5660 quibus
953 5591 1220 5662 prepheta
1251 5592 1327 5648 ait
1355 5593 1422 5648 ad
1443 5592 1652 5664 justum
1683 5596 2089 5657 misericordias

489 5690 808 5749 Operanlem
837 5701 848 5737 :
879 5681 1028 5739 Tunc
1055 5697 1288 5760 erumpet
1311 5688 1616 5744 matutinum
1639 5688 1812 5744 lumen
1842 5698 2010 5761 tuum,
2040 5702 2090 5746 et

479 5773 778 5829 uestimenta
821 5785 911 5829 tua
955 5778 1056 5833 cito
1083 5780 1352 5837 orientur:
1387 5782 1455 5838 Et
1485 5783 1743 5856 quoniam
1773 5784 1890 5842 hare
1925 5784 2087 5842 vesti-

487 5875 666 5924 menta
695 5867 812 5926 viva
843 5879 1007 5941 sunt,
1053 5884 1110 5930 et
1135 5876 1511 5956 rationabilia,
1539 5894 1647 5938 non
1677 5879 1810 5938 ﬁent
1837 5880 1956 5954 tibi,
1989 5882 2088 5942 sed

2115 4623 2178 4689 D

2192 3347 2415 3404 uissimis
2435 3348 2608 3422 abyssi
2631 3349 2999 3406 deambulasti.
3020 3350 3438 3408 Providentiam
3465 3367 3612 3408 suam
3639 3349 3762 3406 Deus

2193 3457 2301 3515 qua
2329 3451 2527 3499 cuncta
2551 3444 2837 3516 dispensat
2873 3453 2928 3501 et
2954 3445 3136 3517 regit,
3181 3445 3234 3501 in
3285 3443 3379 3501 his
3428 3444 3570 3502 locis
3614 3440 3762 3499 multo

2194 3535 2536 3609 copioseque
2558 3551 2822 3595 sermone
2847 3537 3144 3609 signiﬁcat.
3171 3537 3330 3597 Unde
3359 3539 3435 3596 ait
3465 3537 3531 3594 ad
3553 3537 3686 3594 Job:
3714 3534 3762 3592 Si

2194 3640 2353 3701 potes
2378 3630 2578 3703 ubique
2608 3646 2755 3700 esse,
2783 3641 2840 3689 et
2864 3646 3030 3688 nosse
3057 3631 3240 3688 omnia
3265 3648 3392 3705 qua:
3418 3639 3601 3689 creata
3623 3636 3760 3685 sunt:

2195 3733 2250 3779 ct
2275 3723 2321 3780 si
2363 3723 2584 3780 abditos
2617 3735 2894 3782 terrarum
2920 3726 3076 3782 sinus
3106 3734 3404 3798 penetrare
3435 3721 3680 3798 potuisti,
3728 3717 3767 3776 si

2196 3816 2364 3874 etiam
2401 3816 2671 3888 profunda
2701 3818 2895 3886 maris,
2920 3828 2976 3876 et
3007 3819 3307 3876 novissima
3337 3820 3463 3892 ejus
3511 3829 3664 3892 atque
3689 3830 3769 3874 ex-

2195 3919 2374 3968 trema
2401 3911 2584 3984 abyssi
2617 3923 2945 3984 pervagatus
2967 3928 3048 3970 es.
3076 3912 3160 3970 Ad
3203 3913 3638 3986 increpationem
3657 3923 3770 3982 ergo

2194 4003 2300 4062 Job
2318 4004 2420 4061 ista
2450 4002 2730 4060 dicuntur.
2759 4003 2978 4062 Uhialii
3030 4006 3340 4064 dixerunt:
3389 4003 3657 4076 Numquid
3703 4001 3772 4056 in-

2197 4115 2405 4170 gressus
2426 4116 2480 4155 es
2524 4099 2718 4171 fontem
2760 4101 2960 4156 maris?
3006 4101 3224 4158 initium
3281 4110 3453 4174 atque
3502 4099 3770 4172 originem,

2199 4191 2344 4248 unde
2369 4194 2548 4264 ipsum
2578 4209 2753 4264 mare,
2775 4195 2929 4266 quasi
2957 4193 3026 4252 de
3055 4195 3308 4265 matrice,
3331 4196 3404 4254 de
3427 4194 3566 4254 mari
3578 4194 3774 4252 Oceano

2199 4295 2444 4354 emanat,
2479 4288 2671 4346 dicere
2692 4289 2932 4358 videtur,
2964 4289 3109 4362 quod
3132 4289 3336 4347 Oceani
3369 4289 3604 4362 perenni
3631 4298 3773 4343 cursu

2203 4394 2268 4436 ac
2295 4395 2526 4438 recursu
2557 4381 2676 4438 ﬁeri
2708 4382 2987 4452 novimus,
3017 4384 3310 4456 feruntque
3339 4381 3450 4440 hoc
3477 4392 3639 4455 atque
3662 4391 3776 4436 con-

2201 4474 2449 4544 ﬁrmant,
2482 4475 2628 4548 quod
2655 4475 2746 4532 illa
2777 4477 3047 4535 immensa
3095 4477 3291 4534 eﬂ'usio
3344 4478 3520 4535 maris
3571 4471 3773 4538 Oceani.

2199 4583 2300 4639 per
2367 4571 2614 4626 omnium
2668 4572 2954 4644 regionum
3006 4587 3071 4628 ac
3130 4572 3544 4644 provinciarum
3605 4567 3777 4626 ﬂuvios

2204 4661 2353 4718 itura
2384 4679 2494 4719 uno
2517 4673 2720 4736 puncto
2753 4664 3016 4738 temporis
3041 4665 3153 4722 ﬁat.
3187 4666 3258 4722 At
3292 4680 3398 4723 nos
3455 4678 3633 4724 tamen
3681 4660 3774 4719 sci-

2205 4772 2326 4813 mus
2351 4756 2597 4814 omnium
2629 4757 2842 4816 dierum
2866 4775 2930 4816 ac
2954 4761 3193 4817 noctium
3216 4760 3513 4819 alternatis
3532 4753 3777 4818 successi-

2203 4849 2329 4919 bus,
2354 4864 2452 4922 per
2482 4851 2647 4908 horas
2675 4852 2860 4924 viginti
2904 4862 3140 4925 quatuor
3169 4855 3380 4924 venire,
3414 4865 3581 4924 atque
3634 4854 3775 4910 unius

2201 4942 2356 4999 horm
2407 4945 2808 5018 aequinoctialis
2855 4947 3128 5007 dodrante
3174 4949 3550 5022 transmisso,
3594 4946 3777 5006 tardius

2203 5038 2324 5094 sine
2359 5039 2793 5111 intermissione,
2827 5041 2944 5100 sive
2965 5043 3058 5101 die
3087 5046 3276 5103 venire
3299 5091 3314 5116 ,
3347 5047 3474 5105 sive
3493 5054 3673 5113 nocte,
3695 5055 3776 5114 per

2203 5135 2454 5206 quinque
2484 5137 2896 5207 aequinoctiales
2919 5137 3087 5195 horas
3130 5139 3418 5198 reﬁuitura
3445 5181 3464 5210 ,
3509 5151 3642 5198 testu
3679 5136 3778 5192 vio-

2202 5227 2470 5300 lentoque
2503 5228 2734 5302 impetu,
2763 5231 2881 5288 sive
2909 5233 2963 5288 in
2991 5235 3204 5306 opertis
3235 5243 3474 5306 tantum,
3502 5236 3619 5292 sive
3646 5241 3774 5289 retu-

2202 5322 2280 5378 sis
2302 5338 2626 5394 maguorum
2651 5340 2870 5398 quoque
2891 5326 3176 5384 ﬂuminum
3214 5327 3484 5387 cursibus
3523 5327 3594 5386 ad
3635 5337 3780 5396 supe-

2201 5419 2354 5475 riora
2380 5419 2776 5490 conscendere,
2806 5437 2873 5480 ac
2900 5437 2998 5494 per
3019 5433 3230 5495 septem
3251 5423 3503 5496 ejusdem
3526 5431 3778 5480 mensura

2201 5515 2367 5572 horas
2392 5530 2562 5572 cursu
2591 5517 2753 5589 paulo
2783 5517 2994 5576 leniore
3013 5517 3290 5589 difﬂuere,
3320 5529 3376 5578 et
3407 5519 3468 5578 in
3499 5534 3564 5579 ea
3585 5525 3779 5576 tantum

2195 5623 2318 5680 quae
2385 5609 2628 5683 quinque
2695 5609 2847 5669 horis
2892 5613 3108 5670 fuerant
3159 5614 3409 5686 suppleta
3442 5655 3459 5681 ,
3540 5623 3776 5668 vacuare.

2195 5701 2437 5760 Proinde
2463 5705 2782 5764 incredibile
2814 5707 2989 5765 videri
3025 5716 3244 5779 potest,
3292 5707 3444 5782 quod
3500 5709 3556 5764 in
3604 5703 3776 5766 eodem

2194 5797 2337 5854 mari
2372 5799 2526 5854 velut
2574 5799 2696 5857 fons
2733 5801 2954 5872 quidam
3002 5813 3272 5861 tantarum
3323 5819 3599 5876 aquarum
3643 5799 3780 5859 ebul-

2193 5890 2313 5962 liat,
2344 5892 2413 5950 de
2437 5891 2597 5966 cujus
2619 5893 2990 5966 profunditate
3011 5906 3066 5954 et
3092 5895 3409 5956 sufﬁciente
3433 5897 3657 5973 abysso,
3692 5890 3779 5952 de-
