3948 6334
222 331 311 393 753

1028 323 1504 385 COMMENTARII
1542 323 1608 385 IN
1646 322 1905 384 LIBRUM
1944 324 2086 383 JOB.
2125 326 2281 386 CAP.
2325 328 2618 389 XXXVIII.

3371 339 3479 396 754

220 449 348 507 finito
368 443 464 503 sibi
492 454 739 517 tempore
766 457 920 517 aqum
948 442 1058 500 illa:
1081 444 1135 501 in
1185 444 1476 516 superficie
1531 442 1763 516 profun-
1799 444 1848 503 Α
1877 452 2024 499 teste
2050 445 2332 501 timuerunt
2363 463 2381 500 :
2413 448 2506 518 qui
2539 449 2693 505 locus
2722 451 3073 521 expositione
3098 467 3209 509 non
3241 453 3475 527 indiget,

220 544 405 606 dantur.
448 550 501 596 et
538 555 752 596 rursum
789 546 1138 596 recurrentes
1182 538 1237 595 iu
1282 538 1509 595 eosdem
1550 537 1778 610 profun-

216 636 438 693 dissimos
461 633 620 690 sinus
639 631 898 689 decidant
929 651 944 688 :
996 632 1418 704 praecipitesque
1455 631 1768 698 discedant,

216 739 314 787 eta
348 728 450 784 Deo
502 726 609 783 sibi
657 726 959 783 constituta
1004 726 1123 798 lege
1161 733 1465 797 perpetua,
1522 725 1593 781 ab
1650 724 1776 780 imis

213 837 405 895 semper
427 819 695 876 ebulliant
722 830 886 892 atque
922 820 1124 876 iterum
1154 819 1208 875 in
1235 819 1342 876 ima
1377 818 1693 884 decurrant,
1720 826 1779 874 et

220 917 328 976 inde
356 914 580 972 forsitan
602 912 812 971 dixerit
841 914 987 970 Deus
1030 914 1097 968 ad
1139 921 1388 969 sanctum
1434 910 1539 968 Job
1572 909 1780 967 :Num-

213 1008 321 1083 quid
349 1008 625 1078 ingressus
653 1020 714 1064 es
740 1005 947 1064 fontem
975 1005 1183 1061 maris?
1227 1004 1497 1075 Quoniam
1526 1004 1639 1059 Deo
1666 1002 1772 1061 soli

213 1112 321 1160 nota
343 1108 466 1156 sunt
502 1114 625 1170 qua:
667 1099 897 1155 creavit.
941 1099 1115 1156 Porro
1154 1100 1454 1155 secundum
1507 1097 1773 1171 mysticos

208 1193 492 1251 intellectus
516 1191 620 1249 hoc
642 1190 849 1249 dixisse
877 1191 1053 1248 Deum
1080 1200 1235 1262 puto,
1264 1190 1410 1262 quod
1435 1189 1580 1247 circa
1610 1190 1773 1245 finem

209 1287 374 1346 steculi
402 1302 503 1356 pro
530 1286 912 1358 redemptione
956 1285 1197 1342 hominis
1245 1284 1313 1340 ad
1360 1283 1571 1340 inferos
1627 1292 1778 1340 esset

206 1382 568 1448 descensurus,
600 1378 693 1435 ubi
720 1394 819 1451 pro
844 1387 1118 1450 potestate
1165 1377 1558 1436 descendentis
1588 1378 1776 1434 deam-

209 1472 403 1529 bulasse
426 1487 555 1528 eum
585 1470 725 1527 dixit
753 1489 766 1525 :
796 1472 936 1541 Quia
963 1470 1309 1542 impossibile
1329 1480 1479 1537 erat,
1510 1481 1572 1526 ut
1617 1470 1775 1542 quasi

204 1580 312 1623 reus
339 1564 548 1637 peccati
597 1564 963 1622 infernalibus
1003 1564 1244 1620 vinculis
1292 1574 1595 1621 teneretur.
1656 1562 1777 1635 Ipse

204 1658 327 1716 enim
348 1658 499 1714 solus
528 1657 706 1715 factus
734 1666 841 1727 est,
874 1658 1020 1716 sicut
1047 1657 1231 1715 homo.
1268 1657 1350 1715 Ad
1379 1672 1627 1731 praesens
1654 1660 1778 1731 qui-

201 1752 307 1810 dem
330 1752 444 1809 sine
475 1751 775 1822 adjutorio,
807 1752 906 1809 sed
938 1760 1119 1809 tamen
1160 1752 1304 1809 inter
1332 1762 1578 1809 mortuos
1609 1752 1771 1810 liber.

1880 536 2009 606 quin
2043 537 2223 607 potius
2254 539 2399 610 quod
2430 540 2665 598 obscure
2694 544 2842 613 prius
2872 544 3079 601 dictum
3124 555 3213 603 est
3239 590 3255 615 ,
3308 562 3475 620 aper-

1882 626 2090 686 tissime
2119 629 2435 688 declaravit.
2473 632 2571 690 γει
2593 646 2743 692 certe
2768 637 2823 692 in
2852 638 3109 709 passione
3136 640 3261 697 etin
3294 652 3471 698 morte

1880 722 2114 792 Domini,
2140 725 2255 782 haec
2281 742 2402 798 quae
2424 728 2704 800 dicuntur,
2738 732 2861 789 luce
2893 744 3022 791 sunt
3045 736 3280 794 clariora
3302 785 3318 809 ,
3379 741 3475 811 qui

1879 816 2115 873 claustra
2148 816 2450 876 inferorum
2478 824 2733 893 aperuit,
2761 834 2817 882 et
2842 836 3157 884 sanctorum
3202 830 3329 888 inde
3357 832 3479 888 ani-

1881 924 1998 965 mas
2028 909 2300 979 liberavit,
2326 913 2475 985 leges
2502 917 2718 981 tartari.
2762 919 2949 976 exiens
2983 920 3221 990 inferos,
3277 923 3478 991 solvit,

1880 1002 2212 1057 sententiam
2247 1006 2445 1061 mortis
2477 1023 2774 1080 resurgens
2802 1012 3018 1069 irritam
3054 1014 3183 1071 fecit
3206 1056 3222 1081 ,
3271 1017 3480 1087 princi-

1879 1104 2038 1167 patus
2064 1107 2120 1153 et
2146 1107 2447 1168 potestates
2478 1110 2803 1172 trementes,
2834 1107 2931 1178 qui
2953 1116 3113 1164 erant
3129 1108 3395 1179 janitores
3419 1118 3476 1166 et

1880 1192 2040 1256 ostia,
2071 1191 2384 1248 transduxit
2411 1193 2756 1267 fiducialiter,
2789 1198 2905 1255 sive
2930 1200 3106 1271 palam
3135 1202 3477 1274 triumphans

1881 1282 1935 1340 in
1966 1286 2290 1358 semetipso.
2326 1286 2640 1345 Secundum
2684 1293 2948 1363 tropicam
2974 1309 3107 1350 vero
3156 1295 3475 1367 intelligen-

1880 1378 2034 1444 tiam,
2068 1380 2243 1449 porta:
2270 1383 2483 1449 mortis,
2508 1398 2708 1442 sensus
2728 1397 2856 1443 sunt
2888 1390 3091 1456 nostri,
3149 1406 3272 1461 qua:
3303 1401 3477 1461 porta:

1884 1482 2011 1527 tunc
2041 1474 2334 1530 virtutibus
2362 1476 2566 1533 clausae
2588 1487 2756 1545 sunt,
2791 1484 3050 1551 quoniam
3083 1499 3113 1539 a
3150 1484 3296 1541 vitiis
3336 1485 3480 1541 obti-

1882 1576 2100 1632 nentur,
2133 1576 2188 1624 et
2219 1582 2316 1638 per
2344 1583 2440 1625 eas
2472 1585 2621 1627 mors
2657 1573 2869 1643 peccati
2896 1615 2911 1641 ,
2938 1574 3009 1630 ad
3039 1590 3223 1632 arcem
3282 1578 3479 1633 mentis

1883 1664 2209 1737 ingreditur.
2242 1666 2377 1736 Qum
2417 1668 2555 1725 ostia
2605 1669 2895 1727 tenebrosa
2944 1670 3070 1727 ideo
3108 1672 3475 1745 appellantur,

1881 1762 2007 1831 quia
2039 1761 2093 1818 in
2117 1762 2373 1818 tenebras
2406 1774 2756 1834 peccatorum
2782 1807 2797 1832 ,
2828 1766 2947 1822 sive
2977 1769 3140 1823 etiam
3168 1784 3479 1839 ptenarum,

199 1844 335 1915 Quod
358 1852 543 1901 autem
572 1843 822 1901 infernus
860 1843 916 1900 in
978 1845 1089 1901 imo
1119 1853 1394 1901 terrarum
1444 1846 1550 1913 sit,
1604 1844 1773 1901 Jonas
1806 1847 1851 1908 Β
1881 1853 2089 1910 aditum
2124 1856 2386 1925 pandunt.
2420 1856 2544 1913 Ista:
2576 1858 2761 1931 itaque
2790 1870 2996 1930 portas,
3025 1860 3142 1917 sive
3172 1864 3286 1918 haec
3310 1862 3476 1928 ostia,

198 1940 467 2013 propheta,
502 1939 593 2012 qui
619 1938 932 2010 specialiter
960 1938 1153 1995 habuit
1182 1936 1409 2011 figuram
1444 1937 1765 2007 Salvatoris,

198 2034 242 2090 in
267 2034 511 2090 oratione
542 2047 642 2089 sua
664 2047 832 2104 quam
866 2032 922 2088 in
943 2041 1139 2088 ventre
1162 2032 1334 2103 piscis
1363 2031 1574 2101 efl‘udit,
1601 2033 1773 2088 mani.

194 2126 315 2184 fuste
336 2127 711 2192 demonstrat,
734 2140 1010 2198 quemque
1032 2124 1085 2182 in
1111 2124 1387 2182 infernum
1416 2125 1601 2197 abyssi
1618 2140 1775 2197 aqua:

195 2218 567 2288 circumluant,
598 2227 653 2275 et
683 2218 867 2276 multis
894 2218 1017 2275 aliis
1038 2217 1176 2275 locis
1215 2217 1519 2289 Scripturae
1551 2218 1619 2274 de
1643 2233 1777 2290 qua-

194 2313 325 2372 litate
353 2315 659 2372 inferorum
686 2313 1004 2385 loquuntur.
1042 2314 1341 2371 Possumus
1388 2322 1446 2370 et
1492 2314 1775 2370 moraliter

194 2407 318 2465 hunc
343 2409 529 2466 locum
558 2409 636 2466 ita
658 2410 886 2475 sentire,
925 2417 986 2465 ut
1010 2408 1138 2481 quia
1179 2422 1329 2465 mare
1371 2423 1469 2480 per
1518 2408 1770 2481 ﬁguram,

198 2503 285 2562 hoc
312 2505 582 2562 smeulum
620 2504 727 2561 dici
777 2504 1074 2560 novimus:
1118 2502 1387 2574 profunda
1431 2503 1552 2574 ejus
1596 2519 1768 2575 super

191 2612 359 2657 omnes
383 2598 608 2670 iniquos
634 2608 691 2656 et
713 2607 1062 2670 peccatores,
1093 2598 1190 2669 qui
1221 2604 1485 2669 quantum
1511 2595 1649 2653 illud
1689 2596 1772 2653 di-

189 2695 371 2767 ligant,
401 2705 591 2753 tamen
622 2696 676 2752 in
707 2696 828 2767 ejus
857 2694 1309 2752 obscurissimam
1344 2694 1771 2767 profunditatem

192 2791 527 2864 demergunt,
557 2800 612 2847 ut
642 2790 868 2848 omnino
896 2806 1002 2847 non
1032 2790 1254 2847 videant
1278 2790 1465 2848 lumen
1509 2792 1764 2863 Evange-

188 2883 236 2941 lii
265 2895 314 2943 et
340 2885 539 2957 gloria:
555 2883 778 2942 Christi.
810 2884 1116 2941 Novissima
1143 2899 1281 2941 vero
1302 2884 1489 2958 abyssi
1516 2885 1628 2941 sint
1650 2900 1771 2940 om—

189 2994 274 3036 nes
299 2979 452 3052 impii
484 2988 541 3035 et
567 2976 843 3051 sacrilegi,
870 2978 960 3051 qui
987 2978 1042 3034 in
1071 2976 1459 3049 profundiores
1511 2988 1769 3051 peccato-

186 3086 292 3129 rum
311 3072 570 3130 tenebras
590 3070 1011 3140 descendentes,
1036 3070 1387 3128 lasciviarum
1408 3072 1578 3127 nimio
1596 3072 1770 3141 fluxu,

188 3164 326 3220 velut
361 3180 637 3237 aquarum
691 3164 1045 3221 multitudine
1097 3164 1523 3236 deprimuntur:
1573 3161 1643 3219 ad
1671 3162 1774 3218 hos

1878 1949 2202 2019 aperiuntur
2225 1948 2538 2007 hominibus
2565 1951 2631 2007 ad
2659 1951 2918 2019 salutem,
2952 1967 3075 2009 cum
3099 1954 3297 2010 evictis
3330 1955 3479 2009 vitiis

1880 2049 2155 2113 tamquam
2182 2041 2434 2099 hostibus
2466 2044 2581 2099 suis
2624 2046 2950 2116 expugnatis
2995 2054 3162 2119 atque
3212 2046 3267 2103 in
3299 2048 3475 2119 fugam

1878 2135 2071 2201 versis,
2095 2137 2402 2193 sanctitatis
2419 2152 2511 2193 eas
2538 2138 2836 2195 virtutibus
2864 2139 3118 2197 homines
3135 2142 3474 2213 aperuerint,

1880 2239 1940 2287 ut
1967 2230 2195 2287 audiant
2240 2246 2364 2288 cum
2419 2232 2804 2291 exhortatione
2833 2249 3153 2293 sermonem
3192 2235 3477 2308 prophetae

1876 2328 2110 2386 dicentis
2144 2348 2155 2383 :
2186 2328 2397 2402 Aperite
2423 2330 2551 2385 mihi
2577 2341 2756 2402 portas
2801 2334 3072 2405 justitite,
3121 2334 3381 2407 ingressus
3422 2335 3475 2389 in

1876 2441 1964 2481 eas
1988 2425 2273 2497 conﬁtebor
2302 2424 2551 2481 Domino.
2576 2426 2809 2483 Sanctus
2830 2427 2975 2484 enim
3002 2428 3169 2484 homo
3198 2429 3267 2484 ad
3294 2430 3471 2500 possi-

1877 2520 2112 2577 dendqu
2136 2520 2445 2577 sanctitatis
2478 2521 2846 2577 testimonium
2865 2563 2880 2587 ,
2903 2532 2961 2578 et
2989 2521 3255 2577 virtutum
3284 2523 3465 2577 moui-

1876 2614 1971 2681 lia,
1995 2614 2378 2671 conservantis
2400 2614 2623 2681 aﬂectu,
2643 2624 2697 2672 et
2724 2616 3119 2687 congaudentis
3142 2616 3470 2689 ingreditur,

1874 2710 2129 2781 quoniam
2158 2726 2224 2767 ex
2255 2711 2668 2783 participatione
2724 2712 2969 2768 thesauri
3017 2714 3361 2783 communis,
3409 2713 3472 2767 fit

1877 2803 1984 2859 illis
2013 2818 2109 2860 cor
2133 2820 2297 2861 unum
2318 2805 2579 2861 etanima
2609 2821 2713 2862 una
2740 2806 2795 2862 in
2822 2806 3012 2863 Deum.
3049 2807 3118 2863 Et
3150 2807 3221 2863 ita
3272 2806 3325 2862 in
3370 2806 3475 2863 hoc

1877 2898 2080 2955 mundo
2112 2900 2266 2955 velut
2291 2899 2344 2955 in
2374 2899 2615 2956 fornacis
2646 2902 3056 2959 examinatione
3094 2902 3302 2973 pariter
3330 2902 3478 2973 posi-

1879 2992 1916 3047 ti
1954 2992 2153 3064 :quasi
2205 3007 2275 3049 ex
2321 3008 2436 3049 uno
2483 3008 2581 3050 ore
2627 2994 2964 3051 benedicunt
3019 2995 3189 3052 Deum
3234 2995 3288 3051 in
3329 2994 3480 3051 omni

1878 3093 2147 3156 tempore,
2180 3095 2236 3142 et
2254 3101 2477 3156 semper
2500 3087 2623 3144 laus
2645 3089 2767 3159 ejus
2790 3090 2844 3145 in
2873 3105 2974 3146 ore
2997 3106 3215 3147 eorum.

1953 3179 2224 3251 Numquid
2269 3181 2613 3237 considerasti
2660 3180 2994 3239 latitudinem
3039 3186 3237 3240 terra}?
3287 3183 3476 3239 Indica

186 3257 435 3318 Dominus
468 3269 659 3319 noster
680 3260 953 3318 neminem
981 3259 1316 3332 despiciens.
1335 3273 1636 3331 omnesque
1661 3258 1771 3314 sal-
1796 3250 1841 3314 Ο
1875 3273 2023 3341 mihi,
2048 3274 2096 3329 si
2113 3250 2279 3342 nosti,
2310 3275 2505 3331 omnia.
2535 3275 2671 3346 Quis
2704 3274 2988 3332 hominum
3038 3292 3200 3334 nosse
3249 3278 3475 3348 poterit,

184 3367 302 3411 vare
326 3355 590 3427 cupiens,
618 3354 810 3412 venire
837 3353 1096 3426 dignatus
1126 3362 1243 3421 est,
1277 3362 1336 3409 ut
1361 3353 1529 3409 corda
1579 3367 1769 3409 eorum

188 3445 503 3504 infidelitate
530 3455 761 3514 ctecata,
793 3462 893 3520 per
920 3448 1152 3520 gratiam
1188 3462 1344 3503 suam
1400 3446 1764 3515 illutninaret,

186 3551 236 3598 et
257 3541 435 3600 effecti
463 3542 557 3599 lux
585 3542 639 3599 in
666 3542 924 3607 Domino,
957 3542 1157 3599 fierent
1203 3540 1468 3614 templum
1524 3540 1643 3612 ejus
1668 3582 1683 3609 ,
1712 3549 1769 3596 ut

184 3632 539 3693 inambularet
568 3646 624 3693 et
648 3634 983 3693 inhabitaret
1018 3637 1072 3691 in
1101 3634 1180 3691 eis
1204 3676 1220 3703 ,
1278 3645 1333 3691 et
1371 3643 1520 3692 esset
1575 3648 1768 3691 eorum

182 3726 339 3785 Deus.

245 3819 522 3896 Numquid
543 3830 739 3895 apertae
765 3830 886 3879 sunt
924 3823 1018 3879 tibi
1038 3832 1203 3896 porta:
1223 3824 1427 3893 mortis,
1456 3832 1504 3878 et
1534 3824 1665 3878 ostia
1693 3833 1771 3878 te-

180 3919 387 3976 uebrosa
409 3921 592 3977 vidisti
614 3923 641 3977 2
662 3922 820 3979 Nulla
847 3931 1102 3980 creatura
1152 3933 1239 3981 est
1266 3926 1517 3997 quamvis
1556 3941 1769 3998 praepo-

182 4019 293 4067 lens
321 4022 378 4070 et
408 4013 617 4086 fortis,
645 4031 767 4087 quae
798 4016 893 4072 Dei
938 4017 1211 4088 majestati
1258 4027 1445 4089 posset
1479 4018 1769 4075 obsistere.

178 4102 381 4165 Etideo
409 4109 543 4181 quia
572 4123 671 4180 per
699 4118 953 4166 naturam
985 4110 1233 4168 sentiunt
1283 4112 1603 4170 Creatorem
1623 4154 1638 4180 ,
1682 4128 1773 4169 ce-

177 4196 302 4256 dunt
320 4201 531 4258 divina:
562 4203 846 4275 potenti-ae,
876 4220 983 4275 qua
1008 4205 1058 4261 ei
1086 4205 1311 4262 omnino
1339 4216 1619 4278 nequeunt
1640 4221 1772 4262 con-

175 4292 353 4351 traire.
393 4294 555 4353 Unde
585 4297 795 4367 antiqui
827 4297 1158 4369 interpretes
1192 4298 1263 4355 ita
1297 4299 1590 4357 dixerunt:
1613 4298 1775 4354 Nunt-

175 4386 292 4454 quid
315 4398 519 4457 aperta:
533 4397 656 4444 sunt
683 4389 775 4444 tibi
804 4399 969 4462 porta:
991 4393 1209 4447 mortis?
1232 4391 1337 4448 Ubi
1360 4391 1772 4459 intellexerunt,

173 4479 289 4549 quia
322 4482 653 4551 huiusmodi
685 4492 857 4554 porta:
877 4525 893 4551 ,
922 4500 1044 4556 qua:
1073 4485 1261 4556 utique
1288 4494 1629 4556 metuuntur,
1663 4502 1770 4543 non

174 4571 277 4628 sint
307 4574 670 4632 insensibiles
702 4585 758 4634 et
786 4575 1113 4635 inanimales
1138 4619 1154 4646 ,
1185 4578 1282 4635 sed
1313 4578 1427 4635 sint
1476 4578 1560 4636 illi
1592 4580 1773 4651 potius

1872 3377 2077 3442 quanta
2107 3370 2479 3441 magnitudine
2507 3370 2878 3441 distendatur,
2913 3374 3016 3429 nisi
3048 3373 3167 3444 ipse
3207 3373 3358 3430 solus
3382 3374 3475 3444 qui

1874 3462 2055 3520 omnia
2084 3462 2372 3519 condidit?
2400 3464 2478 3520 De
2511 3479 2620 3532 quo
2668 3465 2932 3535 propheta
2980 3467 3097 3523 ait:
3125 3466 3232 3533 Qui
3271 3482 3479 3521 mensus

1874 3566 1947 3613 est
1977 3574 2144 3628 aquas
2167 3574 2347 3624 manu,
2379 3566 2425 3613 et
2457 3558 2641 3613 caelum
2663 3559 2837 3625 palmo
2862 3601 2877 3625 ,
2926 3568 2973 3614 et
3024 3576 3232 3615 omnent
3289 3569 3477 3614 terram

1872 3653 2061 3709 clausit
2084 3653 2307 3724 pugillo.
2342 3651 2475 3707 Item
2504 3651 2671 3708 aliter
2704 3670 2717 3707 :
2751 3651 3023 3723 Numquid
3052 3661 3132 3723 tu,
3164 3652 3299 3721 Job,
3330 3666 3473 3723 pra:-

1872 3744 2055 3801 vidisti
2089 3745 2432 3801 latitudinem
2452 3754 2638 3812 terrm,
2665 3745 2718 3801 id
2742 3754 2849 3815 est,
2873 3746 3181 3804 Ecclesium
3208 3746 3473 3811 futuram,

1872 3853 2033 3910 quam
2067 3852 2164 3909 per
2193 3846 2367 3894 totum
2392 3837 2681 3906 mundum,
2728 3848 3014 3894 crescente
3042 3839 3247 3910 ubique
3296 3837 3478 3907 Evan-

1871 3931 2040 4003 gelia,
2069 3930 2319 3987 dilatavi.
2343 3930 2528 3987 Indica
2559 3945 2696 4002 ergo
2722 3930 2854 3987 mihi
2883 3932 2928 3986 si
2962 3932 3067 3988 hoc
3110 3945 3328 4001 sapere,
3358 3931 3475 3987 sive

1874 4023 2167 4095 aliquando
2194 4023 2506 4095 intelligere
2546 4024 2797 4093 potuisti.
2848 4023 2974 4082 Sive
3011 4024 3363 4080 latitudinem
3390 4038 3480 4079 sa-

1876 4116 2098 4187 pientia:
2124 4130 2281 4185 meae,
2305 4132 2469 4188 quam
2503 4126 2689 4183 terra),
2717 4118 2901 4173 domui
2934 4132 3070 4173 mete
3096 4163 3109 4187 ,
3148 4116 3197 4171 id
3228 4125 3335 4187 est,
3366 4116 3475 4172 Ec-

1875 4209 2057 4265 clesiae
2096 4210 2260 4266 tribui
2296 4229 2309 4266 :
2338 4211 2602 4283 numquid
2634 4219 2692 4266 ut
2716 4210 2899 4267 futura
2941 4210 3276 4285 praevidens,
3307 4211 3473 4266 oculo

1879 4305 2079 4361 mentis
2108 4318 2342 4362 accenso
2368 4320 2464 4375 per
2508 4304 2857 4375 temetipsum
2902 4304 3175 4377 inspicere
3206 4302 3474 4375 potuisti?

1876 4412 1999 4470 quae
2018 4398 2286 4469 sapientia
2315 4398 2565 4454 dilatavit
2590 4414 2691 4454 cor
2712 4398 3053 4465 Salomonis,
3078 4399 3222 4455 sicut
3251 4412 3475 4454 arenam

1876 4506 1997 4563 qurc
2022 4499 2104 4546 est
2136 4491 2188 4547 in
2238 4490 2424 4547 littore
2452 4490 2620 4546 maris
2647 4533 2663 4559 ,
2709 4491 2869 4562 eique
2912 4489 3068 4546 dedit
3124 4489 3476 4561 prudentiam

1879 4583 2104 4639 multam
2137 4583 2320 4653 nimis,
2353 4592 2410 4640 et
2435 4599 2557 4656 quae
2586 4584 2640 4639 in
2666 4583 2817 4640 exitu
2845 4583 3091 4651 canitur,
3119 4591 3175 4640 et
3205 4584 3262 4639 in
3286 4583 3477 4640 latitu-

172 4669 398 4738 spiritns
432 4670 734 4737 immundi,
764 4672 966 4729 inimici
997 4674 1207 4743 nostri,
1238 4648 1775 4733 adversaritevvide-
1800 4648 1856 4713 Ῑ)
1879 4676 2004 4733 dine
2029 4692 2251 4733 suarum
2276 4648 2598 4733 ﬁducialiter
2627 4676 2760 4749 agit,
2794 4676 2949 4748 cujus
2988 4648 3321 4749 multiplices
3349 4692 3477 4732 sen-

173 4760 290 4819 licet
314 4773 627 4835 potestates
647 4808 663 4833 ,
715 4781 816 4837 per
864 4782 998 4840 quas
1027 4769 1217 4840 generi
1248 4768 1484 4825 humano
1516 4768 1773 4826 introitus
1873 4787 1990 4838 sus,
2018 4779 2076 4827 et
2106 4771 2394 4828 latitudine
2415 4772 2845 4843 disputationum
2866 4771 3360 4843 ditissimos,jubet
3380 4787 3475 4828 ea-

170 4856 433 4917 inventus
456 4870 541 4918 est
578 4859 646 4917 ad
674 4870 933 4919 mortem.
976 4860 1117 4934 Ipsa:
1158 4873 1293 4920 sunt
1328 4874 1382 4920 et
1426 4864 1567 4920 ostia
1616 4875 1773 4922 tene-
1878 4863 2001 4920 dem
2024 4864 2287 4934 sapientia
2312 4863 2368 4921 in
2398 4864 2565 4920 corde
2608 4865 2849 4921 hominis
2907 4864 3145 4923 describi
3177 4865 3477 4937 tripliciter.

170 4951 356 5023 hrosa,
391 4972 633 5028 quorum
655 4957 872 5013 animos
899 4958 1209 5027 malivolos,
1244 4967 1301 5015 et
1322 4958 1663 5014 obscuritate
1688 4957 1778 5014 in-
1879 4957 2007 5013 llaec
2050 4972 2181 5030 ergo
2218 4956 2388 5013 verba
2435 4969 2663 5028 possunt
2702 4974 2768 5014 ex
2812 4974 3043 5029 persona
3082 4959 3265 5015 Patris
3316 4973 3481 5029 super

171 5048 326 5106 ridiaa
354 5051 583 5124 plenos,
618 5053 763 5108 Deus
794 5052 944 5109 solus
971 5052 1252 5124 perspicit.
1310 5052 1481 5124 Igitur
1509 5053 1771 5125 quoniam

169 5139 218 5197 hi
246 5143 319 5202 de
352 5144 560 5216 quibus
602 5146 920 5217 loquimur,
958 5147 1198 5204 tenebrae
1244 5147 1401 5203 facta:
1443 5156 1574 5202 sunt
1620 5161 1773 5203 rece-

164 5234 344 5292 dendo
366 5253 398 5292 a
427 5252 565 5293 vero
596 5236 823 5303 lumine,
848 5245 902 5296 et
928 5246 1231 5309 potestates
1259 5247 1390 5294 sunt
1419 5238 1769 5295 tenebrarum

165 5332 490 5402 appellatae,
524 5332 576 5389 id
607 5342 713 5400 est,
746 5332 1025 5405 principes
1081 5332 1363 5390 hominum
1393 5342 1768 5405 peccatorum,

165 5434 220 5480 et
244 5426 470 5483 idcirco
496 5427 662 5484 etiam
690 5427 832 5485 ostia
865 5427 1156 5485 tenebrosa
1187 5428 1465 5497 dicuntur,
1515 5429 1772 5499 quoniam

164 5516 505 5591 deceptione
531 5535 746 5590 eorum,
781 5520 956 5578 factus
1001 5530 1086 5577 est
1113 5521 1324 5578 homini
1367 5537 1465 5593 per
1520 5532 1775 5594 peccato—

163 5626 283 5667 rum
319 5613 594 5670 tenebras
618 5614 902 5686 ingressus
923 5614 989 5669 ad
1016 5626 1272 5671 mortem.
1289 5613 1391 5671 Ubi
1416 5630 1546 5685 ergo
1567 5613 1771 5670 dictum

164 5712 273 5775 est,
306 5707 463 5762 ostia
493 5708 783 5765 tenebrosa
812 5708 995 5765 vidisti
1022 5750 1039 5777 ,
1088 5708 1216 5781 quid
1242 5724 1345 5765 nos
1365 5708 1479 5780 jam
1510 5708 1773 5780 exposui-

164 5816 311 5871 mus,
339 5801 452 5858 alii
481 5802 1196 5876 interpreteslocumipsum
1226 5802 1572 5860 manifestius
1597 5811 1776 5858 trans-

165 5894 461 5965 tulerunt,
514 5898 588 5954 ita
625 5896 871 5957 dicentes
902 5916 915 5951 :
945 5897 1045 5953 Aut
1086 5898 1334 5971 ianitores
1375 5897 1569 5971 inferni
1597 5898 1779 5955 uideu-

1881 5051 2169 5122 sapientia,
2192 5067 2315 5123 quae
2340 5060 2425 5108 est
2454 5051 2650 5119 Filius,
2683 5052 2918 5109 disserta
2941 5052 3190 5123 intelligi.

1949 5142 2019 5198 In
2048 5160 2149 5215 qua
2170 5145 2253 5198 uia
2275 5144 2365 5199 lux
2386 5143 2601 5209 habitet,
2633 5153 2680 5200 et
2711 5144 3042 5200 tenebrarum
3070 5144 3189 5214 quis
3220 5142 3364 5200 locus
3387 5143 3475 5210 sit,

1874 5245 1931 5294 ut
1954 5238 2115 5293 ducas
2140 5238 2549 5309 unumquodque
2569 5238 2639 5291 ad
2661 5238 2906 5293 terminos
2936 5253 3055 5292 suos
3082 5280 3096 5305 ,
3121 5244 3169 5291 et
3209 5236 3478 5307 intelligas

1877 5333 2090 5388 semitas
2119 5331 2308 5387 domus
2334 5335 2474 5404 ejus.
2499 5331 2557 5387 In
2584 5330 2670 5387 via
2694 5338 2903 5387 sanctze
2925 5330 3361 5386 conversationis
3384 5328 3484 5386 ho-

1877 5427 2066 5492 minis,
2099 5427 2187 5481 lux
2219 5426 2483 5483 virtutum
2513 5426 2763 5483 habitat:
2800 5426 3150 5483 tenebrarum
3199 5441 3364 5495 vero,
3424 5424 3477 5480 id

1879 5532 1985 5593 est,
2010 5520 2265 5576 vitiorum
2295 5520 2450 5577 locus
2470 5528 2557 5577 est
2584 5519 2749 5575 homo
2772 5527 3054 5590 peccator,
3083 5518 3171 5574 vel
3201 5517 3295 5574 ille
3325 5517 3482 5574 locus

1880 5615 1948 5671 de
1972 5630 2080 5687 quo
2106 5614 2239 5670 dicit
2257 5632 2271 5670 :
2289 5613 2392 5681 Ite,
2420 5615 2703 5684 maledicti,
2721 5615 2775 5669 in
2796 5615 2969 5689 ignem
2982 5622 3259 5683 aeternum,
3283 5615 3372 5683 qui
3394 5629 3483 5685 pa-

1881 5717 2025 5763 ratus
2044 5718 2121 5763 est
2142 5707 2351 5764 diabolo
2376 5717 2424 5764 et
2449 5709 2651 5781 angelis
2679 5712 2815 5782 ejus.
2839 5707 2995 5765 Nosti
3026 5724 3179 5780 ergo,
3209 5708 3336 5777 Job,
3364 5707 3482 5764 dis-

1882 5817 2111 5859 cernere
2135 5801 2562 5874 uniuscujusque
2593 5804 2871 5871 meritum,
2903 5812 2960 5859 et
2983 5801 3281 5859 secundum
3319 5801 3480 5874 justi-

1883 5897 2013 5954 tiam
2046 5911 2489 5970 unumquemque
2528 5896 2720 5954 horum
2753 5897 2820 5954 ad
2865 5897 3133 5956 terminos
3173 5894 3477 5969 praefinitus
