3948 6334
447 334 552 390 τίιὸ

1307 320 1654 384 APPENDIX
1692 325 1786 381 AD
1825 323 2067 383 TWUM
2107 322 2456 379 SEP'HMU.“
2499 321 2555 379 S.
2600 312 3006 377 lilERONYMI.

3616 316 3715 384 756‘

448 444 827 503 retributionis
860 442 1180 515 perducere,
1216 442 1577 511 cogitationes
1616 438 1862 495 cordium
1894 438 2037 509 ipso.
2064 444 2113 501 Α
2145 434 2452 491 teronomio
2484 435 2733 505 legimus,
2761 450 2883 505 qua:
2902 435 3148 490 hostibus
3180 436 3295 491 suis
3315 439 3704 508 repugnantibus

448 558 593 610 rum,
619 550 893 610 tamquam
923 538 1146 594 semitas
1171 536 1461 591 domorum
1485 550 1707 592 suarum
1738 533 2047 604 intelligere

449 635 701 705 potuisti.
724 631 857 687 item
886 632 940 686 in
974 644 1079 701 qua
1112 631 1193 684 via
1215 670 1231 696 ,
1262 630 1376 685 sive
1423 636 1564 683 terra
1590 672 1603 696 ,
1656 637 1712 682 ιιι
1753 627 1840 682 alii
1887 626 2042 681 dixe.

449 737 609 790 runt,
646 727 737 781 lux
770 725 981 779 habitet
1010 740 1023 776 :
1051 722 1138 777 ius
1180 721 1305 777 ﬁdei
1348 729 1405 776 et
1454 720 1785 791 cognitionis
1835 719 2045 776 habitat

445 822 500 874 in
529 820 695 875 corde
733 818 1006 873 credentis
1027 860 1041 883 ,
1094 816 1207 870 sive
1257 815 1347 870 lux
1390 815 1443 870 in
1470 823 1614 869 terra
1640 857 1654 882 ,
1706 813 1956 868 Christus
1987 818 2042 869 in

445 912 715 967 Ecclesia.
752 909 1125 965 Tenebrarnm
1158 916 1367 973 autem,
1399 907 1453 963 id
1479 917 1562 963 est
1594 949 1608 973 ,
1643 907 1966 978 ignorantiae
1987 914 2042 962 et

445 1005 786 1061 inﬁdelitatis
810 1004 989 1065 locus,
1021 1013 1104 1057 est
1133 1017 1230 1058 eor
1255 1002 1627 1072 insipirntium
1674 1015 1835 1073 atque
1864 1002 2041 1058 incre-

436 1098 725 1153 tlulorunt.
784 1098 847 1153 Et
895 1096 1023 1152 ideo
1077 1113 1174 1164 per
1223 1097 1497 1167 quaslibet
1533 1096 1753 1151 semitas
1817 1097 2044 1151 tendant

441 1193 571 1247 boni
603 1204 657 1246 et
686 1190 833 1257 mali,
866 1189 1168 1246 secundum
1200 1191 1457 1245 meritum
1480 1191 1546 1244 ad
1571 1190 1790 1246 domum
1818 1201 2041 1246 aeterna:

443 1281 906 1350 conversationis,
932 1282 1082 1353 justo
1102 1293 1153 1339 et
1192 1283 1338 1338 bono
1367 1281 1593 1337 [tt-initio
1624 1281 1880 1349 ducente,
1920 1296 2042 1352 per~

445 1376 695 1432 veniunt.

522 1470 734 1525 Sciebas
762 1479 884 1525 tunc
932 1469 1072 1542 quod
1124 1469 1417 1526 nasciturus
1462 1486 1632 1535 esses,
1667 1478 1717 1526 et
1772 1486 2042 1525 numerum

448 1563 651 1616 dierum
682 1573 888 1617 tuorum
918 1564 1180 1619 noveras?
1218 1562 1350 1633 Quis
1374 1564 1661 1619 hominum
1692 1564 1842 1621 novit
1887 1571 2041 1620 aute-

445 1674 610 1727 quam
640 1659 735 1725 sit,
765 1657 890 1728 quia
926 1658 1143 1714 iuturus
1189 1667 1294 1727 est,
1323 1659 1608 1730 aetatisque
1638 1674 1752 1715 sua:
1796 1658 1913 1716 dies
1945 1675 2043 1715 an-

447 1769 619 1809 nosve
648 1753 962 1822 cognoscit?
991 1753 1124 1808 ltem
1158 1754 1211 1807 in
1242 1753 1416 1810 Adam
1458 1761 1743 1822 peccator,
1790 1764 1844 1808 et
1894 1752 2040 1808 ﬁlius

2148 538 2201 585 et
2226 528 2614 584 rebellantibus
2644 537 2932 597 praaparat,
2958 536 3018 581 nt
3038 529 3119 584 eis
3146 529 3447 585 secundum
3475 530 3705 600 justitiam

2144 637 2297 677 suam
2318 620 2528 692 inﬁigat
2560 621 2773 677 debitos
2800 636 2990 689 pennas
3012 622 3452 679 tribulationum.
3476 623 3597 680 item
3617 628 3708 683 ali-

2144 724 2229 771 ter
2261 732 2274 769 :
2307 716 2495 771 Nivetn
2527 714 2741 770 nuncin
2770 716 2964 770 bonam
2993 723 3223 784 partem,
3258 730 3402 771 nunc
3426 717 3478 771 in
3513 727 3724 775 contra»

2145 812 2279 866 riam
2312 812 2606 880 accipimus
2642 827 2656 864 :
2685 817 2746 865 et
2770 809 2978 865 ideirco
3005 810 3108 866 sub
3140 809 3283 868 nivis
3311 810 3529 866 nomine
3556 812 3715 881 prati.

2145 914 2393 976 guratum
2424 905 2525 960 hoc
2559 906 2682 961 loco
2702 918 2903 975 corpus
2934 904 3371 960 adversariorum
3406 915 3705 976 potestatum

2144 1000 2421 1072 colligunt,
2455 999 2600 1071 quod
2630 1014 2661 1053 a
2690 998 2968 1055 charitate
2996 998 3092 1055 Dei
3122 999 3287 1071 longe
3313 999 3634 1065 discesserit,
3665 1001 3729 1060 id’

2143 1101 2247 1160 est,
2274 1092 2443 1147 Deum
2477 1091 2808 1146 habitantem
2860 1092 2917 1146 in
2959 1091 3102 1147 caelo
3154 1091 3471 1163 reliquerit,
3502 1100 3558 1146 ut
3586 1092 3712 1162 justo

2139 1187 2348 1258 judicio
2373 1186 2466 1243 Dei
2503 1185 2861 1256 projiceretur
2900 1186 2954 1241 in
2988 1196 3212 1241 terram.
3245 1184 3423 1256 Hujus
3447 1197 3616 1241 autem
3645 1189 3715 1242 ni-

2148 1279 2228 1335 vis
2260 1289 2313 1334 et
2332 1278 2634 1352 grandinis,
2682 1278 2834 1349 quasi
2868 1278 2920 1333 in
2975 1278 3265 1350 quamdam
3311 1277 3564 1334 duritiam
3609 1295 3706 1336 suat

2145 1380 2356 1428 natura:
2383 1372 2549 1427 oblita
2580 1372 2892 1437 transierit,
2926 1372 3082 1443 quasi
3104 1362 3352 1444 quaedam
3379 1381 3604 1438 secreta,
3635 1390 3712 1430 co-

2140 1466 2465 1538 gitationum
2493 1464 2703 1521 scilicet
2743 1465 3184 1522 machinamenta
3210 1511 3225 1535 ,
3273 1466 3558 1522 thesauros
3587 1468 3710 1525 Deus

2141 1556 2315 1613 voluit
2344 1557 2658 1623 nominare,
2693 1558 2834 1612 s‘cut
2866 1557 3129 1627 propheta
3162 1556 3420 1614 Ezechiel
3455 1557 3527 1614 de
3552 1572 3717 1615 eorum

2144 1650 2391 1722 principe
2421 1650 2498 1705 ait
2522 1668 2538 1705 :
2568 1647 2634 1704 In
2653 1649 2987 1705 multitudine
3008 1652 3380 1723 negotiationis
3406 1660 3512 1707 tua:
3526 1653 3717 1725 impleta

2142 1753 2259 1799 sunt
2286 1743 2537 1798 interiora
2565 1750 2656 1797 tua
2686 1743 2977 1815 iniquitate.
3010 1744 3400 1813 Hujuscetnodi
3432 1744 3593 1815 igitur
3633 1747 3721 1800 Do-

447 1847 638 1901 mortis
666 1845 923 1911 eliectns,
958 1847 1176 1917 quando
1223 1847 1368 1903 scire
1411 1848 1493 1903 vel
1541 1860 1734 1918 sapere
1784 1848 2035 1919 potuisti,
2067 1838 2114 1899 Β
2145 1840 2330 1894 minus
2354 1838 2746 1908 cogitationum
2776 1839 3018 1893 omnium
3052 1840 3201 1894 solus
3225 1840 3480 1910 cognitor
3497 1855 3722 1910 perscru.

447 1939 590 2010 quod
615 1939 808 2008 spiritu
839 1949 897 1994 et
935 1940 1109 2009 gratia
1146 1938 1403 2011 baptismi
1451 1940 1765 1996 nasciturus
1797 1956 1923 1997 eras
1975 1941 2043 1997 de

444 2034 750 2090 visceribus
781 2037 969 2089 matris
1002 2026 1302 2101 Ecclesiae,
1332 2043 1386 2090 et
1427 2035 1482 2090 in
1526 2043 1790 2091 aeternum
1848 2051 2043 2092 secun-

446 2128 575 2182 dum
596 2128 953 2184 novissimam
978 2128 1446 2185 resurrectionem
1473 2129 1829 2201 reparandas,
1855 2139 1910 2186 et
1939 2147 2042 2185 nu-

450 2237 665 2278 merum
710 2222 921 2277 dierum
961 2232 1215 2290 tuorum,
1259 2223 1348 2292 qui
1391 2224 1512 2278 sine
1563 2224 1667 2279 line
1701 2233 1850 2292 sunt,
1895 2223 2045 2280 unde

452 2314 570 2386 ipse
603 2330 701 2383 per
723 2317 1072 2387 temetipsum
1093 2330 1429 2387 cognoscere
1455 2315 1713 2385 potuisti?

526 2404 802 2479 Numquid
833 2410 1097 2480 ingressus
1124 2425 1178 2464 es
1207 2408 1475 2463 thesauros
1506 2409 1670 2475 uiuis,
1701 2420 1791 2463 aut
1836 2412 2047 2466 thesau-

451 2517 536 2555 ros
567 2500 840 2574 grandinis
859 2502 1131 2572 aspexisti,
1155 2518 1269 2572 qua
1299 2503 1593 2576 preparasti
1633 2503 1686 2557 in
1719 2512 1924 2577 tempus
1949 2505 2045 2560 Ito-

450 2594 565 2657 stis,
606 2602 654 2648 et
707 2594 763 2649 in
815 2596 951 2649 diem
1000 2611 1191 2666 pugna
1238 2605 1286 2651 et
1318 2597 1486 2652 belli?
1531 2596 1837 2653 Potentiam
1889 2607 2042 2654 suam

452 2686 618 2754 Deus,
648 2702 811 2758 quam
838 2688 1001 2743 etiam
1042 2688 1096 2743 in
1144 2691 1374 2745 secretis
1410 2701 1678 2747 creatura;
1717 2707 1830 2747 sua:
1882 2692 2045 2749 rebus

450 2789 612 2850 atque
634 2780 1003 2838 iuvisibilibus
1034 2783 1227 2849 habet,
1260 2782 1345 2838 bis
1379 2784 1563 2840 verbis
1594 2784 1766 2840 voluit
1818 2785 2045 2842 demon-

453 2879 654 2938 strare,
686 2874 878 2929 dicens
905 2873 971 2930 ad
1000 2873 1105 2932 Job
1138 2893 1151 2931 :
1184 2874 1454 2946 Numquid
1500 2878 1778 2949 ingressus
1819 2893 1881 2935 es
1927 2881 2046 2936 tlte-

452 2978 646 3020 sauros
698 2965 870 3029 nivis,
921 2977 1016 3021 aut
1071 2967 1358 3024 thesauros
1404 2970 1688 3040 grandinis
1735 2973 2045 3042 aspexisti?

2150 1941 2398 2002 tutorque
2427 1939 2533 1986 est.
2564 1931 2697 1998 Hos,
2730 1928 2980 2002 inquam,
3016 1930 3322 1996 thesauros,
3346 1932 3442 2004 qui
3469 1947 3560 2002 per
3580 1934 3724 2004 :rnig.

2148 2039 2291 2087 mata
2327 2033 2480 2085 nives
2502 2040 2556 2086 et
2585 2029 2884 2101 grandines
2914 2031 3175 2085 nominati
3208 2037 3358 2096 sunt,
3394 2031 3475 2086 ait.
3502 2031 3636 2086 Deus
3671 2045 3723 2086 se

2146 2135 2487 2194 praeparasse
2530 2122 2586 2176 in
2639 2132 2851 2193 tempus
2900 2121 3097 2189 hostis,
3156 2122 3408 2191 diemque
3448 2139 3635 2195 pugna:
3676 2132 3743 2180 et-

2145 2216 2296 2273 helli.
2352 2215 2415 2270 Et
2474 2216 2726 2286 quoniam
2778 2215 3064 2287 insipienti
3113 2216 3281 2272 corde
3337 2233 3622 2287 numquam
3666 2216 3723 2271 ad

2150 2311 2314 2366 Deum
2345 2311 2667 2365 conversari
2713 2317 2920 2377 essent,
2963 2308 3376 2379 dispensatione
3407 2309 3588 2364 divina
3628 2323 3729 2362 ma-

2143 2403 2299 2475 gistri
2322 2417 2610 2473 poenarum
2634 2401 2817 2457 allecti
2856 2411 3006 2469 sunt,
3037 2411 3097 2457 ut
3128 2402 3268 2457 alios
3293 2401 3392 2458 Dei
3435 2402 3632 2472 judtcio
3666 2399 3741 2457 ad.

2146 2498 2591 2554 emendationem
2621 2496 2805 2570 ﬂagris
2849 2496 3256 2567 correptionum
3289 2497 3578 2566 (instigent,
3608 2494 3728 2550 alios

2145 2607 2279 2647 vero
2305 2591 2605 2648 secundum
2627 2593 2830 2661 justam
2853 2589 3180 2648 sententiam
3214 2590 3309 2645 Dei
3335 2590 3581 2661 puniant,
3603 2588 3728 2643 alios

2146 2685 2299 2742 duris
2355 2684 2796 2742 tribulationibus
2847 2683 3074 2740 aﬂ‘ertos
3150 2688 3493 2740 constituant
3548 2683 3730 2739 clario-

2144 2795 2258 2838 res.
2315 2780 2472 2836 Sicut
2524 2788 2578 2836 et
2624 2781 2679 2834 in
2739 2781 2844 2835 isto
2883 2786 3077 2834 sancto
3115 2777 3216 2835 Joh
3260 2777 3553 2833 manileSte
3592 2789 3733 2848 appa—

2149 2878 2280 2940 ruit,
2301 2876 2354 2930 itt
2370 2872 2639 2949 Egyptiis
2675 2889 2889 2946 quoque
2908 2875 3166 2929 similiter
3178 2873 3615 2929 demonstratum
3636 2880 3732 2937 est,

2144 2970 2342 3042 quibus
2375 2985 2481 3025 non
2509 2970 2791 3025 voluntate
2840 2970 2936 3024 Dei
2981 2969 3369 3040 pugnantibus,
3401 2968 3573 3038 plagae
3614 2965 3732 3021 hor-

453 3074 562 3113 non
594 3058 738 3114 enim
771 3061 895 3115 loca
925 3071 1050 3115 sunt
1080 3060 1326 3130 quoniam
1362 3060 1418 3117 in
1447 3062 1630 3134 aliqua
1664 3075 1817 3135 parte
1852 3066 2044 3124 mundi
2148 3064 2332 3119 renda:
2359 3064 2615 3119 immissa:
2645 3074 2769 3119 sunt
2802 3076 2898 3134 per
2922 3063 3146 3133 angelos
3174 3063 3369 3118 malos.
3409 3064 3572 3127 Item,
3596 3075 3736 3115 num-

454 3151 718 3207 immensa
776 3152 1084 3219 capacitatis
1134 3155 1370 3222 spatiosa
1403 3195 1418 3219 ,
1481 3171 1603 3225 qua:
1647 3158 1826 3213 moles
1879 3168 2045 3232 atque
2147 3156 2275 3229 quid
2306 3159 2585 3227 ingressus
2609 3172 2668 3213 es
2698 3157 2986 3213 thesauros
3017 3155 3184 3223 nivis,
3219 3164 3277 3211 et
3317 3166 3547 3210 caetera.
3574 3150 3739 3209 l’otuit

453 3248 739 3315 congeries
805 3245 1136 3307 inﬁnitarum
1200 3247 1408 3311 nivium
1464 3248 1606 3304 intra
1676 3266 1738 3307 se
1802 3252 2044 3309 habeant
2071 3256 2118 3319 C
2150 3251 2413 3307 Dominus
2438 3251 2510 3307 de
2539 3253 2779 3307 adventu
2812 3267 2914 3307 suo
2955 3254 3007 3306 in
3047 3264 3214 3307 carne
3244 3251 3349 3307 hoc
3377 3250 3607 3318 dixisse,
3640 3259 3739 3317 quo

453 3337 740 3405 conditas,
796 3346 857 3393 ut
907 3339 1109 3403 merito
1152 3338 1227 3395 ob
1266 3338 1400 3410 hoc,
1440 3344 1596 3412 quasi
1638 3344 1755 3401 loca
1808 3350 2044 3404 thesauri

455 3436 796 3505 appellentur
852 3436 921 3492 de
966 3439 1164 3507 quibus
1210 3439 1343 3501 olim
1408 3438 1492 3494 hae
1540 3453 1885 3513 congregata:
1936 3444 2052 3501 sint

454 3530 690 3599 species,
714 3545 834 3599 quia
862 3530 1081 3599 quando
1115 3530 1257 3587 Deus
1277 3532 1513 3589 voluerit
1539 3533 1888 3603 proferantur
1910 3553 1925 3601 ;
1950 3539 2050 3593 sed

452 3624 530 3676 ita
574 3631 660 3677 est
702 3623 904 3692 potius,
962 3633 1019 3679 ut
1046 3622 1101 3679 in
1122 3622 1233 3682 alio
1267 3623 1388 3681 loco
1409 3624 1527 3694 ipse
1552 3624 1813 3691 Dominus
1835 3628 1911 3685 uit
1941 3647 1953 3683 :
1985 3627 2053 3685 Et

455 3716 651 3788 species
687 3716 804 3786 agri
852 3730 1052 3771 mecum
1099 3717 1603 3788 est:Qutncumque
1644 3720 1791 3776 enim
1822 3722 2057 3779 voluerit

456 3811 660 3877 facere,
690 3810 874 3867 statim
902 3810 1163 3869 voluntas
1191 3811 1310 3882 ejus
1334 3811 1388 3868 in
1412 3811 1665 3869 allectum
1686 3815 1954 3885 procedit.
1990 3817 2055 3872 l-It

455 3902 582 3958 ideo
614 3901 854 3959 thesauri
902 3902 1191 3964 nuntianti.
1218 3919 1334 3963 non
1384 3904 1438 3960 in
1466 3904 1649 3977 aliquo
1679 3907 1966 3977 immenso,
1998 3914 2058 3965 et

453 3994 641 4065 capaci
685 3994 830 4062 ilico,
866 3996 963 4053 sed
1007 3996 1061 4053 in
1109 3997 1228 4066 ejus
1287 3996 1583 4068 voluntate,
1616 4010 1671 4054 et
1702 3999 2057 4071 dispositione

368 4126 375 4131 ι
455 4098 582 4149 sunt
612 4088 937 4144 constituti:
968 4088 1114 4144 sicut
1163 4089 1217 4149 in
1259 4089 1368 4146 alio
1406 4089 1529 4146 loco
1582 4092 1707 4147 ait:
1743 4090 1811 4147 Et
1858 4093 2056 4165 species

458 4179 575 4250 agri
605 4195 801 4239 mecm
828 4188 907 4239 est
932 4197 949 4236 :
971 4180 1113 4246 apud
1155 4195 1316 4252 quem
1352 4181 1487 4239 nihil
1528 4191 1615 4238 est
1645 4182 2052 4254 imperfectum,

453 4274 580 4342 quia
612 4287 721 4329 nou
753 4282 838 4335 est
861 4273 1013 4331 aliud
1034 4274 1283 4344 cogitare
1328 4276 1496 4338 illius.
1522 4276 1670 4333 aliud
1724 4274 1929 4345 iacere,
1958 4278 2055 4335 sed

460 4366 710 4433 protinus
738 4364 820 4433 ﬁt,
846 4366 993 4436 quod
1026 4367 1285 4429 voluerit.
1316 4367 1375 4427 In
1405 4373 1507 4425 hac
1528 4383 1661 4439 ergo
1682 4379 1901 4428 secreta
1920 4385 2056 4427 cor.-

458 4458 546 4517 dis
565 4460 647 4515 sui
676 4459 1036 4528 dimsitioue
1062 4460 1269 4530 divino,
1300 4462 1410 4529 ,ιιὺί
1452 4471 1641 4518 essent
1684 4463 1777 4519 isti
1814 4464 2057 4529 thesauri

462 4554 654 4611 harum
680 4565 861 4613 rerum
888 4567 1013 4611 eum
1040 4551 1217 4611 adhuc
1246 4551 1300 4608 in
1330 4568 1390 4608 se
1411 4554 1782 4625 corporaliter
1801 4571 1911 4612 non
1942 4556 2061 4612 exi-

2152 3353 2208 3399 ut
2236 3344 2375 3415 ignis
2402 3353 2646 3400 mterous
2672 3354 2731 3399 et
2752 3345 2894 3416 ignis
2918 3345 3070 3411 emit,
3100 3344 3349 3416 ignisque
3391 3343 3613 3399 divinus
3648 3352 3739 3411 per

2149 3453 2312 3509 quem
2356 3453 2551 3493 omnes
2600 3447 2869 3494 creaturte
2924 3437 3281 3493 rationabiles
3333 3438 3740 3505 concalescunt,

2152 3536 2407 3605 dignatus
2436 3545 2521 3592 est
2549 3536 2614 3593 ad
2653 3547 2852 3591 terram
2880 3536 3244 3606 descendere,
3278 3536 3373 3608 qui
3396 3535 3549 3590 velut
3574 3532 3638 3586 ad
3664 3532 3741 3587 ni-

2153 3644 2310 3686 veam
2343 3630 2649 3701 regionem,
2698 3641 2751 3686 et
2794 3629 3041 3702 lrigldam
3077 3629 3262 3684 mundi
3295 3627 3463 3697 hujus
3489 3637 3647 3697 atque
3670 3623 3744 3678 ia-

2154 3731 2268 3780 star
2313 3724 2592 3794 grandinis
2638 3723 2807 3779 nimio
2849 3723 3191 3779 inﬁdelitatis
3240 3720 3448 3792 frigore
3490 3719 3743 3781 duratam,

2156 3816 2482 3873 exclamavit
2520 3828 2573 3872 et
2611 3816 2751 3873 dixit
2785 3834 2798 3871 :
2836 3816 3021 3889 Ignem
3058 3817 3174 3871 veni
3213 3815 3411 3869 mittere
3446 3816 3503 3869 in
3546 3822 3742 3866 terram.

2159 3910 2394 3967 Proinde
2434 3910 2813 3982 hujuscemodi
2846 3910 3209 3966 humanorum
3249 3909 3501 3965 cordimu
3543 3906 3748 3962 thesau-

2159 4016 2270 4068 ros,
2297 4003 2573 4059 oblivione
2601 4002 2854 4059 videlicet
2874 4003 2969 4059 Dei
2996 4002 3079 4057 sui
3105 4000 3495 4072 frigidissimos
3512 4042 3528 4065 ,
3554 3999 3749 4068 ingres-

2160 4112 2279 4153 sum
2308 4113 2368 4154 se
2407 4097 2716 4169 proﬁtetur,
2754 4107 2834 4166 ut,
2856 4097 3091 4169 expulso
3119 4096 3357 4168 perﬁdia:
3401 4095 3642 4166 frigore,
3674 4091 3749 4144 di-

2162 4194 2396 4249 lectione
2438 4193 2559 4264 ejus
2603 4193 2901 4264 ﬂagrarent
2930 4204 2984 4248 ct
3022 4193 3317 4248 dicerent:
3359 4188 3639 4247 Concaluit
3672 4199 3750 4239 cor

2159 4299 2327 4337 meum
2353 4284 2496 4337 intra
2523 4300 2626 4351 nte,
2647 4294 2695 4337 et
2716 4284 2771 4338 iu
2798 4283 3130 4337 meditatione
3152 4298 3264 4336 mea
3283 4278 3582 4336 exardescit
3604 4277 3750 4349 ignis.

2163 4375 2234 4432 Ut
2262 4375 2327 4430 ad
2358 4374 2736 4447 intelligentiae
2774 4376 2952 4448 ignem
2986 4373 3227 4445 proiectu
3258 4373 3381 4428 ﬁdei
3419 4372 3492 4428 de
3522 4369 3752 4427 stultitim

2160 4469 2364 4542 frigore
2400 4470 2683 4526 venientes
2727 4470 3007 4526 dicerent:
3040 4467 3233 4523 Nonne
3270 4483 3359 4522 cor
3396 4476 3634 4521 nostrum
3670 4478 3752 4514 ar-

2163 4562 2289 4618 dens
2316 4570 2427 4617 erat
2461 4564 2515 4617 in
2552 4561 2723 4631 nobis,
2748 4578 2888 4628 cum,
2936 4560 3247 4616 illuminato
3281 4558 3451 4614 corde
3487 4567 3650 4627 atque
3673 4567 3754 4607 ac-

461 4655 696 4713 sterent,
730 4644 1095 4718 interrogatur
1124 4646 1228 4705 Jul)
1261 4648 1308 4704 si
1352 4648 1562 4707 intrare
1611 4652 1833 4721 poterit.
1884 4650 2060 4709 Nemo
2088 4652 2138 4715 D
2166 4671 2333 4712 cense
2362 4657 2650 4713 charitatis
2684 4655 2857 4725 fonte,
2888 4657 3114 4728 aperiret
3136 4655 3286 4710 nobis
3320 4654 3632 4727 Scriptura:
3675 4648 3756 4705 Je-

460 4737 607 4797 cuim
635 4748 904 4795 secretum
930 4738 1065 4801 illud
1084 4740 1284 4796 divina
1314 4742 1617 4813 maiestatis
1656 4753 1836 4815 potest
1880 4744 2058 4815 adire,

458 4833 573 4887 sive
592 4846 949 4901 cognoscere,
972 4833 1076 4893 nisi
1102 4832 1276 4892 Filius
1300 4837 1394 4907 qui
1436 4846 1522 4892 est
1573 4839 1625 4895 iu
1674 4840 1801 4895 sinu
1853 4838 2058 4908 Patris,

462 4923 733 4994 tutiusque
753 4931 967 4989 natura
988 4933 1155 4998 atque
1180 4927 1522 4987 substantias.
1542 4929 1670 4988 lites
1690 4946 1825 5003 ergo
1845 4946 2061 5003 praepa-

461 5025 575 5071 rata
603 5016 865 5081 dicuntur
884 5016 1043 5079 aDeo
1072 5019 1127 5075 in
1158 5027 1373 5090 lampas
1388 5020 1585 5090 hostis,
1604 5039 1805 5094 pugnae
1827 5036 1880 5082 et
1902 5025 2053 5082 belli.

463 5110 646 5167 Multis
672 5110 840 5184 igitur
864 5112 1042 5173 modis
1062 5128 1128 5171 ac
1146 5114 1382 5175 diversis
1421 5118 1545 5175 aliis
1566 5119 2059 5179 innumerabilibus

454 5202 678 5273 iudiciis
704 5206 820 5270 suis
848 5206 989 5265 Deus
1012 5204 1270 5280 ﬂagellat,
1292 5212 1596 5282 etcorripit
1647 5229 1820 5286 genus
1865 5214 2059 5272 huma-

462 5311 614 5365 num.
639 5298 781 5361 sicut
794 5299 961 5363 etiam
992 5297 1459 5373 Egyptiosmuos
1476 5302 1792 5372 fulminibus
1820 5315 1877 5363 et
1894 5324 2061 5377 grani-

2165 4749 2413 4806 susiéiic
2444 4749 2626 4820 itaque
2666 4750 2949 4822 ingressus
2977 4748 3237 4805 mundum
3267 4761 3332 4802 ac
3356 4748 3593 4802 visimus
3615 4757 3751 4808 eum,

2166 4843 2361 4913 aspicit
2385 4842 2554 4899 corda
2597 4844 2935 4909 mortalium,
2964 4857 3089 4913 quae
3124 4842 3297 4897 etiam
3330 4850 3387 4896 et
3419 4837 3671 4895 thesauri
3696 4833 3760 4889 ab

2166 4938 2286 5010 ipso
2307 4937 2540 4993 Domino
2563 4948 2948 5008 nuncupantur
2971 4939 3025 4992 in
3050 4937 3372 5009 Evangelia,
3398 4935 3476 4989 ita
3502 4934 3753 4990 dicente:

2166 5031 2343 5087 Battus
2369 5030 2522 5088 homo
2550 5032 2616 5087 de
2645 5031 2778 5086 bono
2807 5032 3049 5089 thesauro
3077 5030 3252 5085 cordis
3276 5030 3362 5085 sui
3374 5031 3583 5103 profert
3612 5026 3756 5080 bona.

2163 5124 2290 5180 Hzec
2318 5124 2483 5196 igitur
2507 5125 2652 5181 Deus
2680 5124 2864 5180 facere
2901 5125 3230 5196 prteparavit
3256 5165 3271 5192 ,
3299 5137 3426 5193 quae
3476 5121 3714 5177 diximus
3738 5154 3754 5181 ,

2164 5218 2337 5274 hostis
2365 5234 2561 5290 pugna:
2609 5226 2665 5274 et
2693 5218 2844 5287 belli,
2878 5219 2936 5274 in
2968 5227 3215 5290 tempore
3245 5217 3435 5286 utique
3470 5230 3580 5286 pro
3608 5212 3758 5267 nobis

2167 5316 2408 5371 moriens
2447 5332 2463 5370 ι
2498 5313 2713 5373 hostem
2750 5328 2977 5385 gravem
3031 5327 3097 5368 ae
3151 5308 3604 5367 molestissimum
3654 5305 3755 5362 ini-

463 5389 593 5447 dine
619 5394 941 5457 deuastauit.
971 5393 1040 5457 Et
1064 5395 1395 5467 generaliter
1408 5397 1532 5455 aliis
1552 5398 1724 5457 rebus
1753 5401 2063 5471 frequentat
2165 5409 2364 5463 micam
2397 5406 2677 5464 diabolum
2731 5407 2782 5461 in
2833 5406 3026 5462 hiberis
3060 5404 3452 5476 triumphavit,
3485 5413 3544 5459 et
3572 5414 3755 5456 resunn

462 5482 742 5545 homirnam
787 5486 1230 5558 castigationem.
1286 5488 1484 5553 Hostili
1517 5490 1768 5551 bumiliat
1816 5496 2056 5565 incursu,

465 5585 893 5645 terrarumtuotu
908 5580 1170 5654 hiatuque
1188 5590 1389 5650 vastat,
1410 5584 1714 5644 turbinibus
1728 5588 1902 5658 perdit
1913 5629 1928 5656 ,
1948 5593 2058 5651 ruio

466 5671 547 5731 nis
562 5672 843 5743 opprirnit,
867 5674 1161 5747 naufragiis
1190 5675 1494 5750 optuma:
1518 5679 1643 5739 aliis
1661 5682 2058 5754 ιμοςιιοριειςὶι

460 5766 766 5835 minutiem
774 5768 1053 5838 verberat,
1066 5769 1355 5833 sivetsutis
1372 5773 1789 5843 inﬁrmitatibus,
1805 5776 2061 5835 siveacu-

463 5861 529 5915 tis
554 5861 907 5933 languoribus
932 5874 1096 5936 atqu
1124 5882 1253 5925 aere
1289 5878 1565 5942 coempto.
1611 5870 1764 5928 Uade
1806 5872 1865 5928 in
1918 5870 2056 5928 Deu-

2160 5517 2295 5574 gens
2324 5517 2357 5557 ι
2386 5502 2643 5568 mortuis,
2674 5503 2732 5556 in
2765 5500 2950 5557 Iudam
2984 5500 3108 5556 ﬁdei
3138 5515 3256 5559 sua:
3272 5498 3638 5555 advel-uarios
3666 5507 3755 5549 est

2161 5598 2438 5670 pugnavit.

2233 5689 2339 5747 Per
2357 5706 2516 5762 quam
2540 5689 2675 5745 viam
2701 5689 2971 5763 spargitur
3000 5688 3114 5756 lux,
3147 5686 3397 5743 diuiditur
3417 5693 3584 5741 testas
3610 5694 3758 5755 super

2159 5785 2548 5855 terrsntPQuis
2568 5783 2775 5856 poterit
2808 5783 3033 5856 proprie
3076 5782 3223 5838 scire
3269 5779 3616 5847 mortalium,
3642 5790 3757 5847 qua

2160 5877 2233 5934 sit
2257 5878 2345 5932 via
2376 5877 2530 5947 solis,
2548 5891 2714 5949 quam
2746 5875 3004 5932 ordinato
3020 5887 3190 5932 cursu
3208 5872 3323 5945 agit
3349 5876 3401 5927 tn
3422 5869 3644 5927 dextra
3662 5866 3760 5923 alia
