3948 6334
249 264 336 320 757
1069 252 1546 313 COMMENTARII
1587 251 1655 310 IN
1693 247 1954 308 LIBRUM
1993 249 2129 308 JOB.
2173 251 2327 310 CAP.
2371 253 2660 314 XXXVIII.
3393 255 3498 313 758

247 387 367 437 male
391 374 529 442 coeli,
565 373 865 443 spargentis
888 371 1065 428 lucrm
1090 386 1253 443 super
1286 381 1461 428 terras
1486 380 1581 428 aut
1600 384 1793 443 quem-
1818 367 1875 431 Α
1900 367 2148 438 seminis,
2174 373 2472 426 secundum
2499 386 2670 443 genus
2692 387 2871 434 suum.
2906 371 3044 427 sicut
3067 373 3143 429 ait
3170 372 3221 429 in
3252 372 3494 444 psalmo:

253 468 510 525 admodum
532 473 698 520 :estus
740 478 835 534 per
874 463 1023 519 vices
1055 472 1385 534 temporum,
1411 463 1527 518 sive
1560 476 1657 532 per
1677 462 1798 516 lora
1902 460 1972 515 Et
1999 462 2204 534 ﬂorebit
2229 466 2293 519 de
2319 464 2525 519 civitate
2554 464 2688 520 sicut
2731 465 2905 536 fenum
2932 473 3117 533 terrm,
3145 472 3204 521 et
3241 464 3500 533 multipli-

245 561 493 633 regionum
536 557 776 612 omnium
822 554 1118 619 dividatur,
1164 562 1223 609 ut
1268 553 1396 608 alibi
1446 552 1564 624 plus
1603 551 1796 608 eodem
1901 556 2036 611 catis
2062 557 2320 613 fructibus
2346 556 2551 614 faceret
2581 558 2880 613 secundum
2909 558 3222 629 parabolam
3256 556 3494 627 Domini,

244 666 454 726 tempore
478 654 713 717 ferveat,
755 658 809 707 et
832 649 950 721 ipse
978 649 1106 705 alibi
1135 659 1435 719 temperato
1457 648 1642 704 calore
1671 662 1798 703 sen-
1902 648 2046 704 aliud
2082 650 2443 725 tricesimum,
2473 650 2621 706 aliud
2649 651 3071 723 sexagesimum,
3114 651 3260 707 aliud
3297 659 3497 709 cente-

245 750 400 804 tiatur.
422 744 572 809 Item,
602 743 707 800 I’er
728 758 893 815 quam
920 743 1061 797 viam
1094 742 1372 813 Spargitur
1400 741 1512 806 lux,
1537 740 1799 797 dividitur
1902 744 2104 800 simum
2136 744 2400 808 fructum.
2455 754 2511 804 et
2556 746 2771 803 audiret
2819 763 2940 802 cum
3000 746 3389 804 exhortatione
3439 759 3501 802 se

1901 839 2274 897 consolantem
2300 858 2313 894 :
2341 840 2563 907 Laetare,
2584 842 2799 913 sterilis,
2816 857 2936 916 qua:
2953 859 3057 897 non
3079 843 3263 915 paris:
3285 857 3501 913 erumpe

1901 943 1950 990 et
1979 933 2232 1004 exclama,
2254 951 2369 1007 quae
2391 954 2495 992 non
2525 938 2775 1005 parturis,
2805 938 3097 1006 quiamulti
3126 937 3226 1009 ﬁlii
3257 936 3500 1005 deserar,

1901 1027 2069 1100 magis
2094 1044 2246 1098 quam
2276 1029 2390 1097 ejus
2412 1044 2526 1100 qua:
2552 1028 2702 1085 habet
2723 1030 2910 1085 virum.

243 848 383 896 astus
414 851 573 907 super
616 846 841 892 terram.
865 835 964 892 Via
996 845 1080 892 est
1125 835 1405 908 Evangelii
1438 834 1758 906 prmdicatio
1778 876 1795 905 ,

242 947 321 1003 per
337 945 484 1001 quam
505 929 593 983 lux
619 927 745 983 fidei
768 928 1045 998 spargitur
1065 942 1230 998 super
1251 927 1413 983 corda
1436 927 1796 984 credentium.

244 1026 296 1080 Et
323 1022 530 1094 pulchre
560 1020 858 1092 spargitur,
885 1021 1009 1090 quia
1039 1019 1359 1075 inﬁdelitate
1390 1028 1599 1075 mentes
1626 1020 1801 1076 homi-

240 1134 346 1173 num
380 1114 570 1182 aridae,
622 1115 871 1170 ubertate
916 1112 1116 1169 divinae
1153 1114 1346 1184 gratiae
1382 1114 1713 1181 irrorantur,
1745 1121 1801 1169 et

242 1214 298 1267 ita
347 1208 597 1265 dividitur
655 1220 822 1265 tesuts
879 1209 1052 1266 sancti
1098 1209 1331 1282 Spiritus
1381 1224 1545 1280 super
1599 1220 1797 1266 terram

242 1305 469 1361 ﬁdelium.
485 1304 598 1369 Sic,
617 1305 860 1375 inquam,
882 1304 1167 1373 dividitur,
1186 1320 1306 1359 cum
1330 1304 1627 1375 unicuique
1642 1303 1801 1360 datur

239 1400 382 1469 gratia
407 1397 1036 1454 secundum-mensuram
1059 1396 1367 1453 donationis
1392 1396 1602 1452 Domini
1626 1397 1801 1453 nostri

236 1493 342 1548 lesu
370 1490 585 1546 Christi.
619 1491 748 1549 Sive
774 1491 876 1547 huc
899 1489 1063 1546 modo
1092 1489 1377 1560 dividitur,
1405 1504 1529 1546 cum
1560 1490 1682 1545 aliis
1704 1505 1803 1545 an-

238 1585 474 1640 nuntiatio
510 1583 722 1640 Christi
758 1584 897 1638 odor
923 1583 1051 1639 vitae
1078 1582 1132 1638 in
1156 1583 1320 1638 vitam
1351 1582 1450 1649 sit,
1494 1581 1617 1638 aliis
1665 1598 1801 1640 vero

236 1678 350 1734 odor
372 1678 557 1732 mortis
580 1677 636 1732 in
669 1685 922 1732 mortem.
950 1675 1040 1732 Sic
1061 1690 1194 1747 ergo
1220 1674 1483 1731 dividitur
1503 1676 1678 1747 ipsum
1705 1675 1795 1730 bo-

1975 1120 2107 1186 Qnis
2144 1128 2220 1175 est
2261 1121 2447 1191 pluviae
2478 1129 2645 1195 pater,
2670 1122 2752 1177 vel
2779 1123 2895 1194 quis
2919 1120 3097 1196 genuit
3124 1121 3298 1176 stillas
3323 1120 3502 1176 roris?

1902 1211 2036 1281 Quis
2088 1224 2171 1269 εει
2227 1211 2385 1283 hujus
2415 1214 2655 1284 pluviae,
2703 1224 2762 1270 et
2812 1215 2974 1285 hujus
3015 1212 3205 1269 imbris
3236 1211 3503 1268 Dominici

1902 1313 2094 1360 auctor
2116 1313 2174 1360 et
2192 1305 2465 1369 conditor,
2494 1305 2600 1361 nisi
2621 1304 2804 1362 Deus?
2832 1306 3005 1375 Quam
3038 1306 3277 1376 pluviam
3305 1305 3503 1361 volun-

1905 1400 2095 1455 tariam
2137 1402 2444 1472 segregavit
2491 1400 2799 1457 lnereditati
2831 1416 2975 1467 suae,
3005 1398 3147 1456 sicut
3172 1400 3308 1456 dicit
3336 1399 3503 1455 Pater

1903 1495 1968 1551 ad
2001 1494 2204 1551 Filium
2236 1512 2249 1549 :
2278 1493 2413 1566 Fili,
2443 1506 2558 1568 pete
2588 1513 2621 1551 a
2650 1513 2731 1551 me
2759 1505 2808 1551 et
2840 1495 2973 1550 dabo
3010 1496 3099 1550 tibi
3129 1503 3306 1567 gentes
3329 1495 3500 1551 luere-

1903 1588 2115 1644 ditatem
2157 1598 2333 1662 tuam,
2374 1600 2425 1645 et
2472 1591 2847 1662 possessionem
2886 1590 3134 1645 terminos
3177 1598 3349 1645 terrae.
3379 1587 3503 1660 Ipse

1905 1683 2069 1738 etiam
2102 1682 2242 1739 Deus
2270 1682 2457 1753 genuit
2504 1681 2684 1738 stillas
2728 1681 2915 1738 roris:
2952 1680 3081 1736 hinc
3133 1690 3190 1737 et
3236 1681 3503 1751 propheta

237 1788 341 1826 num
365 1770 731 1840 Evangelii,ut
758 1770 920 1825 vitam
945 1769 1065 1824 aliis
1097 1766 1378 1839 largiatur,
1395 1768 1519 1824 aliis
1538 1778 1793 1836 mortem,
1829 1766 1879 1827 B
1903 1776 1978 1832 ait
2005 1774 2072 1831 ad
2104 1775 2269 1831 Deum
2307 1793 2320 1830 :
2352 1774 2461 1831 Ro;
2489 1774 2628 1831 enim
2646 1776 2737 1845 qui
2763 1791 2796 1829 a
2826 1783 2874 1830 te
2894 1781 3001 1840 est,
3035 1773 3237 1827 sanitas
3262 1780 3338 1827 est
3368 1771 3499 1827 illis.

233 1864 431 1920 crimine
479 1861 829 1918 infidelitatis
870 1870 1143 1933 operetur.
1180 1862 1423 1931 Itemque
1470 1862 1555 1917 via
1597 1870 1799 1917 sancta:

233 1955 640 2013 conversationis
658 1955 922 2020 hominis,
937 1955 1143 2026 luxque
1162 1955 1371 2011 timoris
1385 1955 1506 2023 Dei,
1522 1955 1802 2026 spargitur

231 2066 372 2122 super
395 2064 611 2104 omnem
641 2049 892 2119 corporis
924 2059 1124 2104 terram
1144 2092 1158 2115 ,
1193 2061 1247 2102 ut
1281 2049 1488 2118 fugiant
1515 2048 1585 2104 ab
1623 2064 1689 2104 eo
1720 2057 1801 2104 ιε-

233 2144 389 2199 nebra:
415 2151 766 2214 peccatorum
795 2151 852 2199 et
890 2151 1057 2199 aestus
1114 2147 1162 2199 ei
1212 2144 1594 2209 tentationum,
1618 2141 1802 2214 opitu-

234 2237 354 2293 lante
383 2237 474 2293 Dei
505 2237 682 2308 gratia
703 2282 717 2307 ,
763 2247 1157 2307 temperentur,
1209 2252 1276 2293 ne
1320 2246 1517 2293 exorto
1547 2251 1710 2307 super
1738 2251 1799 2293 se

230 2330 400 2385 ardore
427 2329 890 2397 solis,ex:estuet.
914 2330 978 2384 Et
1004 2330 1084 2384 sic
1107 2330 1292 2401 itaque
1316 2341 1484 2385 aestus
1510 2330 1794 2399 dividitur,

229 2436 333 2478 cum
354 2423 431 2478 eis
460 2439 570 2478 non
609 2432 781 2478 totum
812 2423 976 2478 simul
1008 2424 1421 2479 tribulationum
1456 2422 1669 2494 pondus
1691 2425 1797 2478 im-

229 2518 444 2585 ponitur,
477 2518 621 2573 sicut
653 2517 731 2573 ait
759 2516 1060 2587 Apostolus
1087 2535 1100 2571 :
1126 2516 1328 2572 Fidelis
1359 2519 1496 2571 enim
1527 2517 1688 2583 Deus,
1710 2518 1799 2588 qui

227 2627 312 2665 non
339 2612 530 2681 patitur
557 2627 648 2667 eos
698 2611 908 2677 tentari,
963 2617 1072 2665 etc.
1119 2609 1188 2665 Et
1228 2610 1485 2666 Salomon
1523 2608 1800 2683 :E/fugiet

226 2713 381 2771 (estus,
436 2703 582 2774 [ilius
626 2704 891 2777 prudens,
940 2715 1089 2758 uento
1141 2714 1314 2757 autem
1354 2703 1705 2774 corrumpitur
1743 2703 1799 2758 in

226 2811 363 2852 messe
389 2797 534 2866 ﬁlius
554 2798 789 2869 iniquus.

286 2890 402 2958 Quis
439 2890 588 2945 dedit
634 2890 1079 2947 vehementissimo
1116 2890 1272 2945 imbri
1310 2906 1548 2959 cursum,
1579 2899 1626 2946 et
1662 2890 1798 2944 uiam

223 2986 432 3037 sonantis
478 2984 736 3051 tonitrui,
766 2992 822 3038 ut
856 2988 1057 3055 plueret
1082 3001 1239 3055 super
1268 2993 1457 3039 terram
1485 2983 1676 3056 absque
1704 2984 1800 3041 Ito-

224 3078 339 3131 tnine
379 3078 430 3131 in
472 3078 682 3133 deserto
710 3094 728 3131 :
762 3078 846 3132 ubi
874 3075 1055 3133 nu'llus
1086 3078 1385 3134 mortalium
1427 3089 1794 3148 commoratur,

1905 1867 2143 1925 Proinde
2164 1868 2218 1923 in
2242 1867 2427 1936 ﬂuvio,
2462 1866 2940 1923 afﬂuentissimam
2980 1864 3300 1921 afﬁnitatem
3329 1864 3501 1945 largi-

1906 1970 2181 2032 talemque
2200 1958 2403 2015 divina:
2429 1958 2619 2032 gratiae
2641 1959 3060 2015 demonstravit.
3086 1957 3146 2013 In
3174 1972 3299 2014 rore
3318 1964 3503 2013 autem

1902 2054 2150 2110 eamdem
2182 2055 2408 2125 gratiam
2432 2096 2445 2119 ,
2478 2054 2677 2110 sensim
2726 2053 3131 2109 insuescentem
3164 2050 3494 2120 visceribus,

1902 2157 1957 2204 et
1990 2148 2259 2204 medullas
2286 2148 2484 2203 animae
2514 2155 2919 2216 penetrantem.
2949 2144 3057 2202 Alii
3088 2145 3381 2210 dixerunt,
3425 2143 3504 2200 vel

1901 2243 2016 2315 quis
2067 2243 2243 2317 genuit
2286 2242 2462 2317 glebas
2496 2243 2652 2297 roris.
2718 2241 2826 2297 llas
2874 2241 3037 2312 igitur
3086 2239 3277 2312 glebas
3328 2253 3503 2295 unum

1902 2351 2175 2408 quemque
2193 2344 2506 2390 sanctorum
2530 2349 2638 2390 non
2669 2334 2965 2390 absurdum
2993 2333 3097 2389 erit
3125 2332 3464 2389 intellexisse
3483 2376 3499 2401 ,

1903 2445 2021 2497 qua:
2054 2437 2182 2483 sunt
2204 2427 2256 2482 in
2282 2443 2413 2499 agro
2431 2425 2693 2484 Ecclesia:
2728 2444 2741 2480 :
2771 2426 3078 2497 quibusque
3105 2425 3240 2481 dicit
3272 2427 3503 2497 Aposto-

1901 2520 1986 2576 Ius
2013 2536 2026 2573 :
2057 2517 2156 2573 Dei
2181 2519 2513 2591 agricultura
2538 2519 2685 2573 estis.
2719 2517 2835 2574 Illic
2870 2532 3001 2588 ergo
3048 2516 3171 2572 ista:
3203 2516 3373 2589 glebae
3405 2532 3504 2587 per

1904 2614 2229 2685 baptismum
2262 2614 2317 2669 in
2346 2612 2567 2669 Christo
2598 2620 2727 2669 sunt
2746 2611 2967 2684 genitae,
3003 2610 3147 2667 sicut
3168 2612 3243 2666 ait
3268 2610 3504 2681 Aposto-

1904 2706 2029 2761 Ins:
2063 2705 2235 2761 Creati
2273 2706 2329 2761 in
2357 2706 2564 2762 Christo
2587 2703 2715 2763 Jesu
2762 2708 2817 2762 in
2869 2706 3109 2779 aperibus
3141 2707 3308 2761 bonis.
3342 2705 3499 2763 Unde

1902 2798 2009 2855 hoc
2039 2815 2166 2855 rore
2187 2799 2403 2855 caelesti
2436 2799 2667 2870 perfusi,
2699 2802 2927 2872 pingues
2956 2801 3013 2855 in
3037 2800 3244 2856 sanctis
3268 2798 3500 2865 fructus,

1901 2902 1958 2950 et
1982 2893 2180 2950 uberes
2209 2895 2561 2950 exstiterunt.

1972 2983 2052 3040 De
2073 2988 2223 3060 cujus
2255 2994 2403 3040 utero
2430 3000 2641 3057 egressa
2677 2991 2751 3039 est
2797 2984 3031 3059 glacies?
3055 2983 3209 3041 Uteri
3242 2982 3497 3051 nomine,

1901 3077 2085 3134 cordis
2109 3084 2380 3132 secretum
2412 3076 2753 3148 signiﬁcasse
2778 3075 2913 3131 mihi
2933 3075 3173 3131 videtur.
3202 3074 3324 3132 Non
3355 3075 3502 3132 enim

226 3180 267 3222 ut
294 3170 516 3243 impleret
541 3171 743 3226 inviam
768 3181 816 3227 et
840 3172 1129 3229 desolatam
1155 3213 1171 3241 ,
1201 3183 1249 3229 et
1277 3173 1583 3245 produceret
1611 3174 1797 3230 herbas
1826 3160 1872 3225 C
1905 3172 2269 3246 probabiliter
2287 3170 2515 3241 glaciem
2542 3184 2821 3242 egressam
2852 3169 2923 3225 de
2944 3184 3044 3226 ore
3068 3169 3164 3225 Dei
3198 3167 3504 3238 intelligere

221 3263 455 3319 ruentes?
481 3264 584 3320 Hic
611 3264 1125 3322 vehementissimus
1156 3266 1349 3333 imber,
1379 3266 1681 3323 Salvatoris
1716 3276 1802 3324 est

223 3354 592 3427 Evangelium,
621 3357 715 3429 qui
756 3360 943 3414 emisit
982 3359 1261 3430 eloquium
1307 3375 1464 3417 suum
1514 3370 1708 3430 terrae,
1741 3370 1804 3419 ut

218 3448 460 3508 ielociter
483 3465 742 3511 curreret
765 3469 949 3511 sermo
971 3454 1119 3525 ejus:
1139 3455 1247 3521 hic,
1279 3456 1522 3528 inquam,
1544 3456 1722 3513 imber
1741 3457 1799 3513 in

221 3548 474 3605 montibus
501 3548 833 3619 Jerusalem,
858 3548 927 3605 de
958 3550 1069 3605 imo
1108 3560 1267 3605 terra;
1300 3551 1352 3606 in
1395 3551 1631 3608 sublime
1671 3568 1799 3607 sur-

220 3644 363 3698 rexit.
394 3642 659 3710 Quouiant
684 3642 749 3696 de
781 3642 914 3699 Sion
966 3643 1099 3698 exist
1157 3644 1268 3710 lex,
1301 3645 1379 3699 ait
1414 3645 1709 3715 propheta,
1752 3654 1799 3702 et

219 3733 404 3789 verbum
436 3734 657 3790 Domini
676 3737 742 3789 de
769 3734 1064 3791 Jerusalem
1082 3751 1103 3801 ;
1132 3745 1189 3791 et
1218 3736 1466 3794 elevatus
1524 3753 1554 3793 ει
1594 3738 1801 3795 sanctis

218 3828 515 3897 apostolicis
542 3828 799 3897 nubibus,
827 3831 975 3884 velut
996 3844 1136 3900 aqua
1157 3828 1406 3897 efﬂuens,
1427 3831 1652 3901 copiose
1674 3846 1802 3888 cur-

216 3923 295 3987 rit,
322 3940 450 3980 aura
477 3926 586 3993 sibi
608 3924 777 3981 flante
798 3924 1033 3995 Spiritus
1072 3924 1280 3992 sancti,
1317 3925 1368 3981 in
1403 3926 1571 3982 variis
1622 3926 1799 3996 signis

216 4026 360 4089 attpte
388 4020 689 4077 virtutibus
739 4022 879 4075 viam
928 4018 1031 4076 sibi
1066 4018 1190 4075 fidei
1216 4018 1342 4075 fecit
1374 4019 1429 4075 in
1461 4019 1796 4086 nationibus,

220 4121 412 4171 terrore
461 4114 708 4171 nominis
745 4114 838 4170 Dei
885 4122 1049 4184 atque
1102 4114 1495 4177 miraculorum
1555 4114 1799 4171 tonitruo

215 4206 576 4274 przecedenee.
628 4206 732 4263 Alii
782 4206 1062 4273 dixerunt,
1098 4208 1414 4278 preparavit
1443 4207 1639 4277 ﬂunzen
1688 4222 1801 4261 om-

218 4299 347 4353 nium
376 4301 716 4373 populorum.
746 4299 815 4355 Et
839 4299 1065 4368 ﬂumen,
1100 4300 1342 4371 inquam.
1375 4298 1632 4356 Ecclesiae
1660 4314 1801 4368 prte-

217 4396 434 4461 paravit,
469 4404 529 4449 ut
556 4393 740 4466 pluvia
771 4394 995 4462 copiosa
1049 4403 1104 4450 et
1152 4393 1325 4455 valida
1354 4391 1597 4463 Spiritus
1625 4392 1799 4448 sancti

216 4485 585 4555 inundaretur,
614 4488 758 4545 sicut
779 4487 833 4543 in
865 4489 984 4559 ipso
1009 4486 1281 4559 principio
1309 4486 1588 4545 nascentis
1615 4485 1801 4542 Ecclev

1906 3268 2192 3334 debemus,
2225 3265 2319 3322 sed
2352 3264 2420 3320 de
2446 3264 2541 3321 illo
2573 3264 2773 3319 mentis
2802 3277 2918 3319 sua:
2941 3272 3181 3327 secreto,
3203 3271 3262 3317 et
3291 3262 3504 3317 inscru-

1906 3358 2058 3415 tabili
2083 3357 2313 3429 judicio,
2340 3356 2544 3427 justam
2574 3371 2641 3412 ac
2670 3356 2976 3411 districtam
3009 3369 3260 3411 manasse
3281 3362 3505 3410 senten-

1906 3451 2059 3505 tiam.
2092 3449 2289 3521 Egredi
2325 3465 2456 3521 ergo
2478 3450 2710 3520 glaciem
2743 3449 2915 3516 dixit,
2948 3463 3045 3518 pro
3073 3447 3392 3520 egrediente
3414 3447 3505 3518 ju-

1904 3545 2072 3610 dicio,
2105 3561 2211 3615 quo
2232 3543 2534 3600 secundum
2569 3558 2729 3599 suum
2764 3544 3043 3611 meritum,
3074 3542 3297 3614 quidam
3326 3541 3508 3601 homi-

1906 3654 2032 3693 num
2089 3639 2471 3709 percutiuntur
2529 3636 2688 3707 plaga
2750 3636 3161 3706 ohdurationis,
3218 3647 3273 3692 et
3331 3632 3503 3690 corda

1905 3747 2096 3788 eorum
2122 3731 2424 3787 durissimo
2460 3738 2625 3801 atque
2659 3730 2932 3786 insolubili
2974 3730 3212 3800 quodam
3249 3728 3375 3800 gelu
3400 3769 3416 3793 ,
3444 3737 3501 3784 et

1905 3826 2258 3897 trigidissimo
2287 3826 2775 3896 constringuntur:
2805 3831 2865 3879 ut
2887 3838 2992 3879 non
3022 3825 3262 3887 sentiant
3293 3821 3497 3877 ferven-

1905 3919 1975 3975 tis
2003 3918 2204 3974 divinm
2226 3918 2510 3974 eharitatis
2527 3918 2790 3974 calorem.
2818 3916 2895 3971 De
2917 3916 3126 3988 angelis
3156 3913 3500 3985 apostolicis,

1904 4012 2190 4067 verissime
2217 4010 2323 4066 dici
2354 4019 2557 4081 potest,
2587 4018 2645 4065 et
2672 4009 2986 4077 specialiter
3013 4007 3082 4063 de
3111 4006 3315 4063 ludmis
3336 4007 3499 4062 intel-

1904 4104 2176 4177 ligendum
2196 4113 2300 4173 est,
2316 4104 2681 4176 quibusaqum
2698 4104 3040 4174 eloquiorum
3060 4100 3364 4158 etnlestium
3383 4099 3507 4171 gla-

1902 4199 2058 4257 ciata:
2082 4207 2230 4266 sunt,
2246 4198 2371 4255 utin
2387 4196 2596 4253 fructus
2618 4198 2862 4269 gentium
2885 4195 3076 4269 gratiae
3099 4195 3354 4267 largitate
3377 4208 3505 4265 pro-

1904 4294 2139 4352 ﬂuerent
2167 4313 2180 4349 :
2210 4294 2279 4350 de
2299 4308 2529 4367 quarum
2552 4294 2842 4349 vocatione
2871 4292 3074 4348 dictum
3103 4299 3189 4347 est
3215 4289 3504 4360 superiore

1902 4390 2197 4455 versiculo,
2230 4397 2286 4444 et
2313 4388 2382 4445 de
2409 4388 2610 4459 quibus
2649 4405 2661 4441 :
2706 4386 2889 4443 Posuit
2935 4386 3192 4441 desertum
3221 4386 3276 4440 in
3312 4393 3503 4455 stagna

1905 4500 2180 4555 aquarum,
2213 4493 2259 4540 et
2281 4492 2447 4539 terras
2466 4483 2580 4539 sine
2608 4498 2746 4553 aqua
2766 4483 2821 4536 in
2849 4483 3019 4538 exitus
3046 4495 3327 4550 aquarum,
3352 4487 3399 4532 et
3420 4478 3506 4532 in-

214 4581 300 4635 size
324 4598 491 4653 super
519 4583 811 4655 apostolos
842 4592 1171 4654 sanctosque
1201 4592 1428 4638 cmteros
1454 4582 1796 4643 demonstra-
1822 4546 1880 4612 θ
1905 4578 2145 4634 habitare
2175 4578 2295 4648 fecit
2316 4577 2386 4632 ibi
2420 4576 2736 4642 esurientes,
2770 4574 2820 4631 id
2855 4582 2938 4630 est
2960 4616 2973 4639 ,
3007 4573 3314 4630 esurientes
3338 4570 3504 4642 justi-

217 4683 317 4732 tum
362 4685 468 4733 est.
499 4676 657 4746 Quod
688 4684 869 4735 autem
924 4676 976 4731 in
1021 4675 1233 4733 laudem
1266 4675 1456 4731 imbris
1496 4673 1798 4746 evangelici

214 4767 425 4837 dicitur,
467 4769 614 4840 quod
656 4769 858 4842 pluerit
888 4784 1053 4840 super
1096 4779 1304 4825 terram
1359 4768 1798 4835 inhabitabilem,

214 4878 327 4931 qua:
355 4863 633 4923 hominem
662 4879 772 4921 non
806 4862 1032 4919 haberet
1063 4881 1076 4917 :
1102 4879 1212 4923 non
1243 4864 1349 4920 erit
1378 4862 1646 4925 mirabile.
1669 4863 1713 4917 si
1744 4868 1804 4917 ut

212 4967 383 5026 sonat,
412 4966 624 5017 tantum
656 4957 1021 5029 intelligatur;
1050 4956 1146 5021 sed
1170 4957 1223 5012 in
1251 4955 1493 5021 deserto,
1519 4956 1568 5011 id
1601 4965 1680 5011 est
1709 4968 1803 5019 na-

216 5049 471 5119 tionibus,
495 5052 799 5108 doctrinam
832 5050 1125 5106 Dominicae
1150 5048 1554 5121 praedicationis
1578 5048 1805 5125 copiose

213 5144 424 5202 .eﬂudit.
466 5146 523 5202 In
572 5146 817 5211 deserto,
869 5145 1114 5216 inquam.
1147 5143 1242 5199 ubi
1294 5142 1471 5199 nullus
1522 5141 1806 5209 hominum

216 5237 387 5296 fuerat
417 5250 814 5304 commoratus,
848 5240 900 5295 id
932 5250 1037 5306 est,
1069 5240 1328 5309 quoniam
1357 5237 1538 5295 nullus
1567 5237 1811 5308 pr0pbe-

220 5340 388 5389 tarum
415 5334 485 5390 ad
511 5344 703 5406 gentes
725 5348 756 5388 a
786 5332 901 5390 Deo
924 5340 1046 5390 erat
1070 5332 1305 5397 missus,
1348 5342 1405 5386 ut
1446 5330 1699 5399 impleret
1729 5330 1810 5385 in-

218 5426 298 5483 via
326 5436 382 5483 et
401 5427 672 5493 desolata,
697 5434 756 5484 et
776 5426 1105 5497 produceret
1131 5424 1330 5483 herbas
1350 5424 1598 5481 virentes
1625 5422 1811 5480 Evan-

218 5519 362 5589 gelii.
398 5518 582 5577 Imber
614 5530 776 5574 terras
804 5517 1095 5584 Ecclesiae,
1126 5532 1250 5588 quae
1283 5515 1457 5573 fuerat
1489 5515 1740 5570 desolata
1782 5529 1816 5570 a

226 5611 354 5676 Deo,
376 5621 438 5669 et
461 5613 642 5684 pluvia
662 5610 950 5669 charitalis
976 5612 1069 5666 Dei
1101 5611 1266 5679 adipe
1290 5609 1525 5679 replevit
1550 5623 1693 5673 eam,
1729 5617 1817 5663 at-

222 5720 325 5771 que
364 5706 421 5763 in
454 5705 798 5777 pinguedine,
835 5714 892 5761 ut
930 5720 1008 5763 .ex
1061 5705 1316 5760 ubertate
1365 5702 1629 5759 bonorum
1654 5700 1823 5762 coele—

228 5799 395 5857 stium
424 5799 754 5870 produceret
778 5814 842 5854 ac
860 5799 1128 5870 proferret
1162 5798 1362 5854 herbas
1391 5798 1629 5854 virentes
1663 5796 1822 5853 sativi

1908 4672 2036 4725 tiam
2074 4688 2086 4725 :
2120 4668 2186 4724 Et
2216 4671 2593 4726 seminaverunt
2623 4684 2799 4739 agros,
2831 4676 2879 4723 et
2905 4667 3277 4740 plantaverunt
3303 4666 3507 4729 vineas,

1904 4773 1952 4819 et
1992 4765 2223 4835 fecerunt
2264 4766 2494 4834 fructum
2532 4761 2857 4827 natiuitatis,
2890 4769 2937 4815 et
2980 4757 3245 4816 benedixit
3289 4772 3410 4820 eos,
3455 4763 3507 4810 et

1908 4856 2241 4928 multiplicati
2267 4863 2388 4910 sunt
2414 4854 2593 4910 nimis.
2622 4852 2727 4920 Qui
2762 4866 2895 4923 ergo
2927 4861 3110 4907 mente
3145 4848 3507 4921 spiritualiter

1906 4967 2055 5007 nunc
2095 4948 2295 5019 ubique
2360 4946 2594 5018 positam
2646 4954 2937 5002 contuetur
2984 4944 3309 5013 Ecclesium,
3357 4938 3512 4997 videt.

1912 5056 2115 5101 .terram
2135 5041 2280 5110 ejus,
2312 5054 2433 5111 quae
2456 5037 2563 5094 fuit
2593 5038 2706 5094 Deo
2743 5035 3038 5110 aliquando
3066 5034 3286 5093 deserta
3306 5075 3323 5099 .
3366 5045 3512 5091 nime

1915 5137 2190 5208 prwdictis
2213 5135 2467 5193 omnibus
2484 5132 2867 5204 spiritualibns
2888 5130 3065 5202 copiis
3091 5126 3369 5197 abundare
3395 5124 3513 5185 :sic

1917 5235 2098 5307 itaque
2140 5232 2430 5305 prtedictas
2479 5230 2657 5287 stillas
2703 5230 2851 5285 roris
2895 5228 2964 5285 de
3003 5225 3147 5283 caelo
3205 5223 3513 5281 detinentes

1920 5329 2163 5400 suscepit
2199 5327 2479 5390 Ecclesia,
2531 5337 2586 5381 et
2634 5321 2930 5380 secundum
2979 5319 3233 5376 Indicum
3268 5316 3514 5380 librum.

1921 5423 2063 5493 quod
2108 5432 2363 5491 tempore
2401 5417 2626 5476 Gedcon
2669 5416 2826 5472 ducis
2857 5414 3060 5477 factum
3116 5410 3372 5483 legimus.
3424 5421 3520 5467 ros

1922 5521 2085 5573 unius
2126 5515 2367 5575 avicula:
2419 5514 2708 5584 gentisque
2766 5510 3034 5575 modica),
3092 5514 3260 5563 totum
3310 5513 3519 5561 terram

1920 5612 2139 5667 Christo
2168 5608 2501 5670 credentem.
2535 5606 2623 5677 qui
2650 5618 2747 5662 ros
2776 5613 2883 5671 est,
2907 5603 3084 5674 gratia
3114 5596 3519 5658 benedictionis

1925 5702 2141 5770 infudit,
2167 5711 2221 5757 et
2246 5701 2525 5769 impletum
2558 5707 2642 5755 est
2668 5695 2806 5754 illud
2831 5695 3175 5768 mysterium,
3197 5690 3343 5763 quod
3366 5687 3518 5747 Psal-

1940 5800 2097 5855 mista
2127 5796 2455 5870 prardixcrat
2476 5794 2698 5853 dicens:
2718 5792 2875 5849 Sicut
2903 5806 2990 5847 ros
3008 5783 3524 5849 Hermouﬁermon
