3948 6334
388 232 497 292 759

1185 224 1528 285 APPENDIX
1574 224 1664 282 AD
1702 221 1951 282 TOMUM
1991 218 2346 280 SEPTIMUM
2386 216 2446 276 S.
2490 210 2888 274 HIERONYMI.

3578 203 3689 261 τεο

383 331 575 400 utique
603 340 788 396 mons,
820 325 913 399 qui
935 325 1326 394 interpretatur
1351 321 1638 377 anathema
1659 361 1674 385 ,
1708 318 1981 390 signiﬁcat
2007 319 2057 380 Α
2087 315 2288 371 sinenti
2320 327 2455 386 gyro
2497 327 2595 384 per
2626 311 2901 366 sinistram
2933 305 3147 378 plagam
3178 302 3366 360 mundi
3398 302 3453 359 in
3483 316 3543 358 se
3583 301 3689 358 lcci

385 422 673 482 altitudine
716 436 812 478 sua
842 419 1096 492 populum
1147 415 1476 471 Judacorum.
1512 413 1657 468 Illius
1696 426 1826 481 ergo
1855 425 1979 477 ros,

394 518 587 590 gratiae
613 515 870 571 videlicet
897 521 953 569 et
975 509 1398 574 benedictionis,
1426 505 1713 563 descendit
1743 506 1795 560 in
1829 518 1984 559 mon-

389 620 499 668 tem
529 610 686 669 Sion.
716 609 845 664 Sion
871 619 1109 678 namque
1139 619 1293 660 mons
1315 601 1562 659 excelsus
1585 599 1879 656 virtutibus
1902 606 1985 652 at-

391 721 500 776 que
526 703 772 761 sublimis
794 700 1039 758 Ecclesia
1069 707 1174 755 est.
1207 698 1266 754 ln
1294 712 1401 768 quo
1423 696 1721 754 constituta
1748 700 1834 751 est
1861 707 1985 764 spe-

386 800 514 855 cula
561 795 1049 868 contemplationis
1090 793 1276 849 futura
1327 791 1693 849 credentium.
1730 789 1887 846 Unde
1929 798 1985 845 et

391 893 508 962 ipsa
538 893 798 948 virtutum
827 889 1042 961 species
1065 889 1197 946 Sion
1223 889 1637 959 interpretatur.
1673 885 1739 941 Et
1771 894 1826 939 ut
1859 898 1983 940 nos-

389 999 577 1041 semus
607 985 888 1055 pr0prium
929 983 1074 1039 roris
1112 983 1270 1038 iStius
1302 997 1525 1047 nomen,
1558 981 1632 1035 ait
1656 980 1980 1036 Psnlmista:

393 1079 654 1148 Quoniam
682 1078 792 1134 illic
819 1079 1066 1150 quidem,
1094 1076 1309 1132 scilicet
1332 1076 1385 1130 iu
1417 1083 1600 1130 tuoutc
1634 1072 1767 1130 Sion
1788 1115 1803 1140 ,
1832 1090 1984 1127 man-

389 1175 533 1230 davit
561 1174 814 1230 Dominus
847 1172 1274 1239 benedictionem,
1301 1179 1349 1224 et
1382 1170 1538 1223 vitam
1569 1184 1728 1239 usque
1755 1167 1807 1222 iu
1838 1176 1987 1222 teter-

387 1285 537 1326 uum.
567 1269 635 1323 Et
657 1269 910 1338 sequitur
939 1265 1157 1321 dicente
1177 1263 1446 1318 Domino:

463 1359 532 1414 Et
557 1359 677 1433 gelu
712 1357 778 1414 de
803 1359 929 1413 coelo
964 1358 1080 1430 quis
1107 1357 1322 1428 genuit?
1347 1356 1459 1410 lloc
1512 1354 1673 1426 igitur
1718 1352 1880 1409 modo
1922 1353 1988 1410 de

395 1456 538 1512 coelo
567 1454 947 1510 obdurationis
972 1453 1238 1508 sententia
1264 1450 1514 1522 sacrilegi
1541 1448 1990 1520 feriuntur,quod

394 1548 583 1619 utique
611 1546 811 1602 malum
838 1547 984 1616 juste
1012 1546 1092 1601 eis
1121 1561 1152 1600 a
1182 1546 1297 1601 Deo
1347 1545 1550 1600 dicitttr
1599 1543 1902 1615 procreari,
1935 1553 1991 1598 ut

393 1638 666 1694 Pharaoni
707 1636 919 1695 scilicet
941 1647 996 1692 et
1021 1636 1252 1702 Judmis,
1283 1651 1420 1708 quos
1451 1648 1677 1708 propter
1704 1634 1990 1692 inﬁdelita-

2088 423 2396 477 recurrerc,
2429 417 2488 463 ut
2532 414 2678 461 totus
2725 404 2777 459 in
2816 419 2874 458 se
2904 401 3065 457 vadat
3096 416 3314 474 semper
3343 409 3400 455 et
3453 398 3638 454 redeat
3671 413 3687 452 :

2089 503 2359 575 numquid
2404 512 2458 557 ιιι
2493 501 2699 573 poteris
2743 497 3054 568 dissipare?
3081 497 3155 553 De
3195 496 3361 552 astris
3391 494 3539 562 cteli,
3573 493 3694 548 sive

2088 599 2260 672 signis
2307 609 2361 654 et
2406 597 2460 653 in
2509 597 2630 652 aliis
2661 594 2800 651 locis
2846 593 3144 664 Scriptura:
3177 591 3429 664 legimus,
3464 589 3604 645 sicut
3629 589 3690 643 in

2087 692 2216 751 Jesu
2275 691 2426 748 Nave
2495 700 2550 747 et
2593 687 2846 745 Judicum
2897 704 2911 740 :
2978 684 3129 754 Fuit,
3178 685 3371 756 inquit,
3436 683 3696 738 terminus

2087 788 2376 845 Antorrhari
2421 788 2484 842 ab
2529 802 2743 842 ascensu
2787 783 3070 856 scorpionis
3117 789 3286 853 petra,
3332 790 3380 835 et
3411 780 3698 851 superiora

2089 885 2223 940 loca.
2274 881 2346 938 Ut
2390 882 2554 953 igitur
2606 878 2820 935 Domini
2853 878 3021 932 verba
3067 875 3370 931 secundum
3421 874 3701 945 mysticos

2089 976 2405 1034 intellectus
2451 975 2732 1040 dicamus,
2778 972 2978 1028 cmlum
3025 971 3449 1041 interpretemur
3495 967 3703 1023 Eccle-

2090 1071 2248 1138 siam,
2272 1085 2434 1142 quant
2467 1067 2719 1140 superius
2750 1066 3019 1122 Dominus
3065 1074 3226 1121 terra:
3254 1062 3516 1118 vocabulo
3549 1078 3704 1117 nuu-

2089 1163 2330 1234 cupavit,
2376 1160 2472 1218 sed
2517 1160 2588 1216 ibi
2635 1170 2863 1231 propter
2902 1156 3168 1228 originem
3213 1170 3368 1212 suam
3418 1163 3562 1210 terra
3602 1162 3704 1210 est

2092 1257 2389 1329 appellata.
2440 1254 2599 1312 Nunc
2644 1268 2773 1309 vero
2815 1252 3113 1307 sublimata
3161 1265 3259 1321 per
3302 1249 3578 1304 Christum
3634 1247 3703 1302 in

2091 1353 2320 1425 gloriam
2349 1369 2364 1406 :
2397 1349 2594 1406 cmlum
2627 1347 2935 1406 rectissime
2963 1346 3310 1417 intelligitur.
3356 1343 3413 1400 lu
3442 1342 3545 1398 hoc
3590 1341 3703 1412 igi—

2093 1457 2186 1504 tur
2232 1445 2373 1503 cmlo
2419 1445 2582 1502 etiam
2624 1443 2799 1500 stella:
2847 1439 3114 1514 pleiades,
3169 1447 3225 1496 et
3275 1436 3700 1509 septentrionis,

2093 1556 2258 1597 unam
2311 1541 2362 1596 in
2416 1554 2475 1595 se
2519 1553 2691 1595 sacra:
2739 1534 3211 1608 interpretationis
3253 1533 3533 1589 continent
3579 1529 3703 1587 lor-

2096 1649 2262 1691 mam.
2307 1633 2429 1705 Ipse
2473 1633 2619 1689 enim
2666 1630 3012 1702 septenarius
3060 1641 3324 1685 numerus
3351 1623 3703 1698 septiformis

397 1741 510 1788 tem
536 1746 712 1800 suam,
736 1740 790 1787 et
815 1730 1040 1786 nimiam
1068 1730 1498 1787 obstinationem
1529 1729 1734 1795 cordis,
1762 1729 1992 1799 legimus
2022 1717 2070 1776 Β
2095 1729 2331 1800 Spiritus
2376 1729 2580 1801 gratias
2625 1727 2680 1781 in
2723 1741 2782 1782 se
2823 1723 3186 1790 demonstrat,
3219 1735 3345 1792 qua:
3372 1721 3425 1775 in
3453 1719 3558 1775 hoc
3586 1717 3700 1772 mi-

398 1826 714 1883 ohduratos.
740 1825 1002 1897 Sequitur
1026 1824 1096 1880 de
1122 1823 1458 1895 hujusmodi,
1490 1823 1707 1880 dicente
1733 1822 1988 1877 Domino;

470 1919 538 1976 In
586 1917 982 1974 similitudinem
1021 1917 1215 1988 lapidis
1254 1933 1401 1988 aqua:
1440 1917 1712 1971 durantur.
1764 1915 1995 1971 Nomine

397 2028 705 2085 aquarum,
757 2011 1057 2068 secundum
1118 2009 1522 2082 Scripturarum
1580 2015 1992 2078 auctoritatem,

398 2107 586 2177 populi
621 2104 1045 2176 intelliguntur:
1102 2104 1244 2159 sicut
1290 2103 1531 2159 Joannes
1570 2102 1852 2175 apostolus
1877 2104 1990 2158 ait:

399 2197 564 2271 Aqua:
605 2207 779 2254 autem
827 2198 1010 2271 populi
1053 2206 1173 2252 sunt
1199 2212 1218 2263 ;
1265 2207 1319 2252 et
1346 2195 1514 2252 David
1547 2195 1613 2252 ad
1661 2196 1991 2252 Dominum:

399 2291 591 2348 Libera
621 2308 723 2358 me,
757 2292 952 2362 inquit,
983 2291 1048 2346 de
1073 2289 1222 2363 aquis
1245 2289 1445 2356 multis,
1476 2290 1541 2346 de
1567 2307 1725 2345 manu
1766 2291 1997 2362 ﬁliorum

399 2387 711 2442 alienorum.
761 2385 839 2441 De
892 2383 981 2441 his
1033 2400 1165 2456 ergo
1213 2383 1345 2440 milti
1391 2384 1577 2441 dicere
1626 2385 1867 2452 videtur,
1904 2386 1994 2457 qui

397 2481 569 2536 nimio
614 2480 913 2536 oblivionis
958 2481 1052 2537 Dei
1080 2479 1287 2551 frigore
1330 2481 1709 2554 obriguerunt,
1743 2491 1798 2538 et
1827 2481 1998 2538 instar

400 2574 667 2644 lapidum,
699 2575 862 2632 solidi
885 2584 940 2632 et
970 2574 1196 2631 nimium
1226 2575 1350 2631 duri
1379 2575 1558 2633 ell‘ecti
1595 2584 1744 2632 sunt.
1797 2575 1998 2632 Deinde

397 2669 503 2726 ait:

479 2766 548 2820 Et
579 2767 874 2839 superﬁcies
897 2765 1072 2838 abyssi
1103 2765 1500 2841 constringitur.
1535 2767 1590 2822 In
1619 2765 1840 2837 abysso,
1873 2778 2000 2835 pro-

400 2857 787 2915 fundissimam
836 2859 1229 2916 obscuritatem
1262 2861 1462 2916 mentis
1513 2868 1647 2930 puto
1693 2860 2001 2930 intelligen-

401 2950 552 3021 dam,
602 2967 723 3024 quae
773 2952 851 3008 ita
879 2952 1174 3010 obtusione
1205 2953 1541 3012 inlidelitatis
1571 2955 1756 3011 nimia:
1786 2956 2000 3026 operia-

401 3056 514 3116 tur,
563 3058 617 3105 ct
659 3050 1076 3122 constringatur
1110 3049 1347 3118 quodam
1394 3051 1517 3120 gelu
1571 3051 1894 3122 impietatis,
1945 3063 2003 3108 ut

403 3155 538 3198 saxo
561 3141 758 3197 similis
798 3142 913 3212 ﬁat,
944 3143 1020 3198 ita
1053 3151 1112 3198 ut
1140 3143 1230 3199 tali
1263 3156 1468 3211 mente,
1500 3160 1606 3199 non
1637 3145 1710 3201 sit
1735 3145 1801 3200 ad
1831 3145 1999 3202 Demu

404 3236 551 3292 ullus
577 3237 760 3293 aditus
793 3237 1122 3308 respirandi,
1174 3238 1473 3296 secundum
1506 3239 1641 3295 illud
1689 3240 1832 3310 quod
1858 3219 2003 3310 Apo-

405 3331 590 3388 stolus
637 3331 708 3387 de
753 3331 957 3389 Iudaeis
1007 3335 1382 3390 testimonium
1421 3335 1803 3405 propheticum
1847 3349 2003 3390 assu-

408 3441 589 3493 mens,
623 3427 840 3483 locutus
869 3436 972 3497 est,
1004 3429 1196 3484 dicens
1221 3446 1234 3482 :
1266 3428 1427 3484 Dedit
1454 3429 1565 3485 illis
1592 3428 1734 3486 Deus
1763 3431 2005 3500 spiritum

409 3523 849 3594 compunctionis,
883 3524 1060 3579 oculos
1081 3532 1138 3579 ut
1165 3541 1268 3580 non
1297 3525 1524 3591 videant,
1555 3534 1603 3581 et
1635 3542 1786 3580 aures
1810 3535 1864 3579 ut
1903 3542 2007 3581 non

411 3615 634 3670 audiant
663 3632 822 3688 usque
847 3617 901 3671 in
929 3616 1239 3672 hodiernum
1270 3617 1429 3675 dicat.
1455 3616 1513 3672 In
1547 3618 1759 3689 psalmo
1789 3633 2009 3689 quoque

411 3707 716 3764 centesimo
743 3708 1168 3779 quadragesimo
1201 3711 1460 3779 septimo.
1489 3710 1558 3766 de
1583 3710 1732 3780 gelu,
1765 3710 1850 3766 vel
1895 3711 2010 3780 gla-

410 3802 496 3858 cie
521 3810 575 3857 et
607 3803 898 3876 crystallo,
929 3803 1229 3859 secundum
1258 3804 1400 3859 hunc
1446 3818 1668 3860 sensum
1713 3819 1876 3875 quem
1903 3803 2012 3859 Do-

410 3895 623 3952 minum
670 3895 879 3953 dixisse
925 3896 1015 3952 hic
1074 3890 1342 3968 legimus.
1395 3896 1716 3968 prophetam
1782 3897 2013 3969 mystice

415 3989 684 4055 locutum,
732 3989 1087 4046 manifestum
1133 3997 1237 4046 est.
1279 3990 1579 4046 Possumus
1628 3989 1745 4045 ltazc
1793 3989 1910 4044 loca
1958 3997 2015 4045 et

410 4082 740 4153 simpliciter
766 4084 1094 4156 intelligere,
1127 4095 1184 4141 et
1219 4085 1345 4156 gelu
1370 4085 1439 4142 de
1466 4085 1606 4142 ctelo
1635 4084 1758 4156 quis
1787 4084 2014 4156 genuit?

416 4174 631 4233 Caelum
660 4178 1000 4249 appellantes
1016 4181 1262 4252 glacialis
1290 4181 1582 4249 montium,
1600 4191 1652 4237 et
1673 4180 2014 4238 excelsorum

417 4273 724 4338 cacumina,
773 4280 830 4328 et
875 4288 972 4343 per
1004 4275 1329 4329 immensum
1357 4290 1562 4341 aerem,
1598 4275 1717 4330 loca
1748 4275 1890 4329 caelo
1934 4273 2018 4328 vi-

415 4363 652 4435 ciniora,
701 4366 790 4421 vel
830 4367 1006 4438 magis
1037 4369 1309 4437 proxima.
1358 4368 1675 4424 Secundum
1709 4368 1849 4423 hanc
1887 4383 2018 4439 ergo

418 4464 877 4520 consuetudinem
901 4465 1332 4536 Scripturarum,
1355 4469 1471 4536 ipse
1487 4469 1755 4523 Dominus
1771 4468 1946 4538 inquit
1963 4469 2016 4522 in

420 4556 744 4629 Evangelia,
805 4559 1038 4614 volatilia
1102 4562 1237 4616 caeli.
1290 4562 1386 4618 llis
1427 4562 1724 4618 secundum
1780 4561 2017 4617 litteram

421 4666 568 4707 nunc
598 4652 841 4720 omissis,
874 4669 937 4709 ea
969 4653 1176 4725 potius,
1210 4670 1331 4726 quae
1363 4663 1579 4711 sacrate
1614 4672 1643 4710 a
1687 4655 1796 4710 Deo
1822 4653 2020 4725 praedi-

420 4752 542 4797 cata
576 4752 726 4813 sunt,
761 4746 1070 4817 intelligere
1093 4757 1146 4802 et
1171 4747 1401 4805 credere
1429 4763 1529 4804 nos
1553 4757 1793 4818 oportet.

496 4836 771 4911 Numquid
811 4843 1126 4911 conjungere
1155 4840 1344 4896 valebis
1367 4842 1615 4898 micantes
1645 4844 1822 4898 stellas
1853 4844 2022 4916 pleia-

423 4933 538 5000 des,
571 4941 662 4986 aut
706 4949 894 5003 gyrum
935 4932 1132 4987 arcturi
1181 4933 1372 5003 poteris
1419 4935 1714 5006 dissipare?
1751 4936 1904 4992 Nunc
1953 4937 2021 4994 de

424 5024 786 5090 cmliﬁordine
831 5033 887 5080 et
931 5033 1201 5080 astrorum
1245 5025 1476 5083 circuitu
1523 5029 1765 5099 loquitur
1801 5029 1869 5085 ad
1893 5030 2016 5086 Job.

425 5118 678 5176 Pleiades
705 5119 950 5192 appellat
978 5120 1188 5188 stellas,
1217 5137 1338 5192 qua:
1365 5123 1590 5193 junetze,
1635 5124 1783 5181 velut
1809 5134 2019 5196 septem

426 5227 550 5268 esse
579 5221 976 5270 monstrantur.
1013 5214 1107 5270 llis
1136 5229 1266 5286 ergo
1294 5214 1496 5282 Graeci,
1542 5217 1689 5287 quod
1733 5218 1917 5274 multae
1948 5220 2025 5275 si-

426 5307 541 5362 mul
573 5316 781 5376 essent,
813 5324 1012 5364 nomen
1053 5307 1122 5364 ab
1147 5309 1260 5382 ipsa
1293 5310 1642 5366 multitudine
1679 5322 1976 5382 posuerunt
2006 5329 2021 5368 :

428 5403 624 5468 πληθὺς
665 5403 751 5459 vel
803 5405 989 5468 πλῆθος
1034 5403 1179 5460 enim
1223 5404 1518 5459 multitudo
1549 5404 1768 5475 dicitur,
1808 5416 1865 5463 et
1894 5405 2026 5464 inde

427 5495 735 5552 derivatum
785 5506 898 5566 est,
947 5507 1009 5553 ut
1055 5497 1300 5570 pleiades
1347 5499 1710 5570 appellentur.
1760 5499 1850 5557 Ait
1896 5516 2028 5573 ergo

430 5587 696 5645 Dominus
735 5589 802 5646 ad
834 5589 939 5648 Job
970 5608 984 5645 :
1010 5590 1282 5664 Numquid
1314 5599 1371 5648 ut
1410 5593 1494 5649 ha:
1521 5594 1693 5651 stellas
1718 5595 1944 5667 junctae,
1973 5605 2032 5654 et

428 5681 596 5736 simul
644 5683 773 5748 sint,
827 5694 914 5738 tua
967 5686 1212 5754 potentia
1260 5684 1444 5744 facere
1482 5689 1746 5759 potuisti?
1793 5689 2029 5761 Septen-

452 5775 629 5832 rionis
656 5792 876 5849 quoque
907 5779 1023 5837 sive
1062 5783 1266 5838 arcturi
1315 5782 1629 5853 circuitum,
1669 5800 1830 5858 quem
1878 5784 2032 5843 inde-

2097 1831 2248 1890 cant,
2300 1821 2514 1892 ipsique
2558 1819 2860 1891 gratiarum
2905 1817 3128 1889 Spiritus
3164 1816 3218 1870 in
3268 1813 3460 1869 eodem
3512 1811 3706 1866 ﬁrma-

2097 1926 2282 1975 mento
2309 1915 2431 1971 caeli
2478 1924 2604 1970 sunt
2651 1912 2939 1986 fulgentes.
2988 1909 3112 1966 Isne
3155 1907 3320 1981 igitur
3368 1907 3550 1962 stellae
3597 1919 3706 1977 per

2099 2014 2446 2089 prophetam,
2479 2021 2689 2083 septem
2721 2009 2863 2067 oculi
2898 2007 3110 2064 Domini
3153 2005 3512 2078 appellantur,
3553 2016 3703 2074 quo-

2101 2124 2220 2167 rum
2249 2108 2533 2165 oculorum
2559 2106 2762 2176 gratias
2791 2114 2951 2176 atque
2980 2103 3211 2160 virtutes
3240 2100 3409 2157 Isaias
3428 2096 3706 2172 propheta

2101 2209 2408 2271 enumerat,
2455 2202 2546 2259 ubi
2595 2202 2664 2258 de
2711 2199 3012 2258 Salvatoris
3041 2197 3328 2254 uativitate
3373 2195 3708 2252 vaticinatur

2101 2301 2295 2356 dicens
2320 2315 2334 2355 :
2363 2295 2432 2352 Et
2465 2296 2745 2368 requiescet
2793 2309 2947 2368 super
2983 2309 3100 2348 eum
3127 2292 3340 2364 spiritus
3370 2289 3464 2345 Dei
3489 2305 3509 2344 :
3539 2287 3707 2358 spiri-

2103 2403 2187 2450 tus
2212 2394 2502 2464 sapieutiw,
2536 2401 2585 2445 et
2611 2391 2902 2446 intellectus
2927 2404 2946 2443 :
2976 2387 3191 2458 spiritus
3218 2385 3423 2440 consilii
3446 2393 3491 2438 et
3532 2382 3708 2436 uirtu-

2103 2493 2169 2545 tis
2201 2506 2220 2544 :
2251 2488 2467 2561 spiritus
2486 2486 2714 2542 scientiis
2742 2493 2789 2539 et
2817 2483 3026 2556 pietatis
3049 2500 3062 2536 :
3096 2481 3310 2553 replevit
3337 2494 3452 2534 eum
3479 2475 3704 2548 spiritus

2103 2584 2304 2640 timoris
2357 2580 2470 2636 Dei.
2529 2576 3001 2648 Quemadmodum
3055 2589 3189 2645 ergo
3249 2573 3537 2646 quisquam
3589 2585 3702 2627 non

2106 2680 2282 2752 potuit
2325 2675 2754 2735 indissociabilis
2802 2672 3026 2730 luminis
3055 2671 3357 2744 spiritualia
3388 2676 3536 2723 astra
3569 2680 3704 2721 con-

2101 2774 2356 2846 jungere,
2386 2773 2460 2827 ita
2491 2769 2714 2851 omnino
2746 2769 2870 2824 ﬁeri
2906 2778 3104 2840 potest,
3142 2775 3200 2821 ut
3243 2765 3328 2820 hic
3363 2761 3541 2819 stellzc
3571 2775 3703 2832 gra-

2109 2870 2332 2936 tiarum,
2349 2867 2648 2924 Eeclesiam
2665 2881 2841 2922 meam
2866 2863 3072 2920 circum
3102 2862 3415 2927 lustrantes,
3446 2859 3517 2915 ab
3540 2858 3704 2914 unius

2107 2965 2456 3022 connexiOne
2507 2960 2786 3018 insolubili
2813 2967 3166 3032 separentur.
3212 2955 3368 3026 Quod
3399 2964 3582 3012 autem
3613 2953 3703 3009 alii

2108 3061 2382 3129 dixerunt,
2413 3070 2505 3114 aut
2533 3056 2857 3114 intellexisti
2887 3070 3065 3113 nexus
3115 3052 3346 3126 pleiadis
3375 3070 3390 3106 :
3422 3051 3493 3108 ad
3543 3051 3706 3122 spiri-

2108 3156 2309 3212 tualem
2341 3154 2758 3226 intelligentiam
2788 3151 2950 3223 erigit
2973 3150 3215 3206 animum
3263 3145 3602 3212 contuentis,
3647 3152 3707 3200 ut

2107 3249 2314 3320 aliquid
2339 3249 2703 3319 allegoricutn
2731 3248 2942 3304 laboret
2968 3245 3265 3317 inquirere.

2185 3348 2456 3422 Numquid
2497 3347 2746 3418 producis
2796 3345 3100 3416 Luciferum
3127 3343 3183 3398 iu
3212 3353 3443 3415 teMpore
3490 3356 3607 3406 suo,
3657 3346 3708 3393 et

2118 3443 2402 3517 Vesperum
2429 3458 2584 3512 super
2610 3440 2749 3511 ﬁlios
2789 3449 2939 3494 terra:
2975 3451 3283 3507 consurgere
3323 3432 3498 3504 facis?
3538 3423 3706 3487 Stella

2110 3547 2216 3605 est,
2263 3552 2425 3610 quam
2475 3535 2784 3592 Luciferum
2831 3533 3085 3599 dicimus,
3133 3520 3573 3587 stellis’caateris
3598 3528 3711 3582 cla-

2113 3632 2250 3698 rior,
2279 3645 2442 3702 quam
2476 3627 2852 3686 leruntetiam
2896 3625 3152 3683 doctores
3201 3623 3493 3686 Ecclesiae.
3545 3637 3706 3677 unam

2112 3739 2237 3781 esse
2261 3724 2332 3780 de
2360 3724 2472 3780 illis
2492 3722 2733 3794 quinque
2760 3719 2956 3785 stellis,
3004 3733 3141 3790 quas
3189 3717 3437 3791 planetas
3484 3723 3707 3782 vocant,

2112 3821 2238 3892 quia
2268 3817 2589 3874 dissimilem
2621 3817 2852 3872 aliarum
2885 3815 3166 3872 stellarum
3196 3827 3415 3869 cursum
3447 3811 3710 3878 habeant,

2115 3913 2395 3984 multoque
2440 3911 2775 3968 velociorem
2821 3920 2877 3966 et
2924 3909 3048 3965 inde
3096 3907 3348 3980 planetar,
3401 3905 3452 3962 id
3485 3915 3588 3970 est,
3619 3919 3714 3958 va-

2115 4016 2327 4080 gantes,
2372 4007 2488 4063 sive
2528 4016 2778 4063 errantes
2823 4004 3095 4068 dicantur,
3129 4016 3195 4057 eo
3239 4000 3384 4073 quod
3428 4013 3538 4054 non
3581 4013 3713 4054 cer-

2119 4112 2254 4167 tum,
2303 4101 2399 4158 sed
2451 4099 2774 4156 mutabilem
2806 4113 3028 4154 cursum
3063 4095 3320 4152 habeant.
3359 4095 3511 4149 llunc
3549 4093 3716 4164 igitur

2118 4196 2434 4253 Luciferum
2479 4194 2856 4265 appariturum
2905 4192 3102 4258 terris,
3155 4198 3280 4260 post
3326 4187 3606 4245 biennium
3656 4185 3714 4240 in

2119 4291 2350 4346 Oriente
2378 4295 2662 4344 autumant
2692 4286 2863 4342 nasci.
2897 4283 3072 4340 Aliam
3120 4297 3252 4338 vero
3281 4281 3517 4342 stellam.
3547 4292 3712 4349 quam

2125 4382 2423 4454 Vesperum
2464 4379 2780 4452 appellavit,
2827 4392 2895 4434 eo
2923 4376 3067 4449 quod
3115 4376 3260 4432 circa
3286 4374 3398 4430 diei
3427 4387 3715 4444 vesperum

2125 4493 2224 4532 suo
2270 4486 2451 4533 tamen
2500 4487 2748 4546 tempore
2778 4472 2982 4528 mundo
3011 4480 3392 4528 monstretur:
3426 4469 3583 4533 hanc,
3628 4467 3720 4522 in-

2125 4570 2244 4641 quit
2274 4570 2419 4625 Deus
2469 4568 2536 4624 ad
2583 4567 2710 4634 Joh,
2761 4581 2928 4635 super
2981 4564 3124 4620 ﬁlios
3175 4571 3339 4620 terra:
3385 4575 3720 4630 causurgere

2125 4662 2299 4718 facis?
2325 4661 2426 4728 Qui
2459 4659 2601 4731 ergo'
2638 4657 2900 4729 intelligis
2947 4656 3243 4729 potentiam
3291 4655 3476 4711 omnia
3523 4653 3719 4725 guber-

2125 4755 2330 4821 nantis,
2381 4762 2434 4810 et
2483 4754 2536 4808 in
2588 4760 2642 4808 te
2685 4749 2962 4823 operantis
2988 4764 3226 4822 agnosce
3250 4747 3534 4820 justitiam.
3565 4745 3721 4802 Hanc

2126 4850 2341 4906 stellam
2376 4847 2530 4903 multi
2561 4854 2751 4918 putant
2777 4843 3083 4915 Hesperum
3124 4842 3256 4898 dici.
3300 4840 3461 4898 Unde
3488 4848 3542 4896 et
3564 4838 3721 4894 Italia

2127 4943 2390 5015 Hesperia
2439 4943 2714 4998 nominata
2753 4941 2846 5008 sit,
2878 4954 2945 4994 eo
2966 4937 3112 5011 quod
3164 4936 3280 4992 illic
3331 4946 3571 5008 tempore
3611 4947 3723 4989 suo

2125 5039 2363 5110 primum
2419 5042 2668 5106 apparet.
2716 5031 3090 5104 Spiritualiter
3141 5037 3323 5086 autem
3371 5027 3534 5086 verba
3587 5034 3723 5082 sunt

2127 5132 2307 5190 Patris
2353 5129 2422 5185 de
2464 5127 2604 5185 Filio
2651 5142 2750 5182 suo
2794 5125 3083 5182 Salvatore
3124 5133 3314 5179 nostro
3338 5121 3564 5178 dicentis
3587 5118 3718 5174 sic:

2127 5222 2404 5294 Numquid
2461 5220 2662 5276 educes
2725 5217 3034 5274 Luciferum
3087 5217 3140 5271 in
3193 5223 3444 5288 tempore
3492 5228 3605 5278 suo,
3663 5223 3723 5267 et

2131 5319 2432 5390 Vesperum
2460 5329 2624 5386 super
2650 5314 2794 5370 ﬁlios
2823 5321 2987 5368 terra:
3017 5325 3353 5382 consurgere
3399 5306 3566 5366 facis?
3610 5305 3724 5364 Ubi

2134 5421 2188 5469 et
2237 5410 2504 5466 adventus
2552 5406 2767 5464 Domini
2812 5407 2865 5462 in
2916 5421 3080 5462 carne
3125 5405 3338 5461 venturi
3389 5404 3724 5476 signiﬁcatus

2133 5514 2240 5574 est,
2291 5513 2348 5559 et
2386 5500 2717 5558 resurrectio
2762 5500 2885 5571 ejus
2935 5514 3002 5556 ex
3054 5500 3285 5554 mortuis
3334 5499 3572 5570 ﬁgurata,
3619 5510 3723 5551 ve-

2135 5598 2328 5653 niente
2361 5593 2702 5667 plenitudine
2731 5593 3016 5664 temporis.
3050 5592 3143 5648 Ait
3168 5601 3349 5648 autem
3379 5586 3725 5645 :MisitDens

2137 5686 2339 5746 Filium
2368 5705 2521 5743 suum
2562 5688 2758 5760 factum
2783 5703 2845 5742 ea:
2873 5687 3112 5756 muliere,
3159 5686 3356 5758 factum
3383 5687 3476 5740 sub
3498 5684 3622 5753 lege.
3660 5681 3725 5738 In

2137 5781 2243 5839 hoc
2273 5781 2436 5854 igitur
2465 5790 2711 5854 tempore
2739 5794 2840 5836 suo
2883 5780 3115 5837 eductus
3143 5788 3226 5836 est
3251 5795 3282 5835 a
3311 5778 3420 5837 Deo
3453 5777 3628 5843 Patre,
3663 5787 3726 5832 ut
