3948 6334
228 320 305 383 'ioi

1104 304 1579 367 COXIMENTAIIII
1622 304 1685 363 IN
1726 303 1988 365 LIBRUM
2027 304 2164 363 JOB.
2209 302 2363 363 CAP.
2405 305 2694 367 XXXVIII.

3379 312 3487 372 762
3536 300 3539 303 ’

230 449 369 496 terras
407 432 685 499 inviseret,
736 428 826 501 qui
866 427 988 485 ideo
1034 426 1252 484 Lucifer
1294 435 1637 498 nuncupatus
1669 434 1770 491 cst,
1802 431 1857 493 Α
1883 424 2069 491 moris,
2098 433 2155 480 et
2196 424 2579 484 insinuationis
2625 426 2908 497 instinctu,
2942 434 3001 484 ut
3039 427 3349 487 obcdiendo
3377 434 3485 487 sal-

221 533 319 607 quia
351 528 567 585 veniens
608 526 676 582 de
723 523 1067 591 sublimibus,
1118 531 1398 594 tamquam
1452 530 1574 593 post
1623 520 1773 575 bien-

221 628 359 693 nium,
383 632 503 693 post
528 621 706 693 legem
736 627 792 675 et
821 617 1115 689 prophetas
1161 624 1313 671 ortus
1350 624 1457 683 est,
1504 623 1560 671 ct
1608 630 1774 684 super

220 735 297 777 nos
339 716 536 789 positos
587 714 644 769 in
690 712 953 779 tenebris,
1005 721 1059 767 et
1106 711 1295 766 umbra
1347 709 1561 775 mortis,
1596 708 1770 765 lucem

218 814 347 872 nobis
385 810 507 866 ﬁdei
536 824 600 864 ac
630 808 966 878 tempestiva:
1004 804 1333 877 cognitionis
1361 802 1630 858 exhibuit.
1664 801 1771 857 Ve-

218 923 320 982 sper
357 920 482 959 vero
528 902 673 959 idem
722 900 893 956 Filius
939 899 1175 955 hominis
1219 898 1549 970 appellatur,
1584 896 1674 967 qui
1716 897 1769 953 in

215 1014 345 1059 cruce
369 1006 616 1064 tempore
650 992 923 1065 passionis
952 991 1232 1049 occubuit.
1264 990 1341 1046 De
1370 1004 1480 1062 quo
1525 990 1599 1044 ait
1642 1003 1771 1060 pro-

215 1098 343 1169 pheta
369 1089 580 1164 populis
610 1086 911 1145 credituris
939 1103 953 1142 :
1005 1084 1119 1139 Iter
1145 1084 1300 1156 faciet
1344 1085 1390 1138 ei
1418 1084 1505 1155 qui
1537 1082 1769 1137 ascendit

212 1204 338 1259 super
384 1184 659 1250 (iocosum,
708 1180 963 1235 Dominus
1002 1194 1187 1234 nomen
1226 1176 1325 1232 illi.
1361 1176 1461 1244 Qui
1500 1176 1684 1247 utique
1714 1176 1766 1232 in

214 1291 419 1349 tempore
449 1290 701 1341 occasus,
743 1271 961 1346 quando
997 1272 1075 1327 ait
1103 1270 1170 1326 ad
1198 1268 1412 1326 Patrem
1445 1288 1458 1323 :
1492 1268 1556 1323 In
1586 1286 1769 1323 manus

210 1384 301 1428 tm
325 1369 617 1425 commendo
642 1368 887 1439 spiritum
931 1381 1124 1431 meum,
1176 1364 1355 1433 posuit
1403 1362 1680 1430 tenebras,
1714 1370 1770 1416 ct

208 1466 334 1521 factze
374 1472 498 1517 sunt
561 1460 615 1516 in
658 1458 825 1515 corde
872 1456 1173 1513 infidelium
1228 1453 1561 1511 Judzeorum.
1614 1453 1768 1508 lluuc

206 1580 312 1635 ergo
336 1563 473 1618 Deus
499 1560 691 1629 Pater,
720 1568 773 1614 ut
803 1566 1077 1631 pastorem
1107 1571 1363 1629 magnum
1394 1555 1577 1609 ovium
1616 1551 1764 1607 exci-

208 1656 333 1712 tavit.
364 1654 539 1721 Ilunc,
571 1653 816 1724 inquam,
862 1651 1196 1723 Vespcrnm,
1239 1665 1307 1705 eo
1355 1646 1503 1720 quod
1551 1644 1763 1702 sacriﬁ-

204 1753 317 1809 cium
366 1750 747 1821 vespertinum
799 1748 852 1803 in
908 1761 1131 1818 vespera
1194 1744 1518 1801 saeculorum
1565 1741 1764 1797 missus

202 1844 449 1913 obtulerit,
486 1843 654 1898 lilium
685 1841 926 1897 hominis
967 1853 1136 1910 super
1170 1836 1315 1893 ﬁlios
1342 1846 1509 1892 terra:
1537 1849 1765 1890 consur-

1876 1816 2056 1897 dicen—t
2088 1860 2101 1895 :
2138 1841 2376 1915 Quinque
2405 1844 2602 1899 talenta
2645 1844 2773 1899 mihi
2824 1843 3095 1900 tradidisti
3140 1860 3161 1900 :

200 1954 305 2011 gere
330 1936 448 1992 fecit
476 1954 489 1991 :
526 1936 735 1990 utinam
762 1950 867 1988 non
896 1932 1006 1988 sint
1036 1946 1189 1997 caro,
1220 1939 1272 1986 ct
1310 1938 1460 1985 terra
1489 1941 1613 1983 esca
1648 1941 1765 1982 ser-

200 2033 367 2105 pentis,
410 2046 592 2103 neque
640 2030 739 2085 lilii
780 2028 955 2084 noctis
1005 2036 1061 2085 et
1110 2025 1485 2094 tenebrarum,
1528 2024 1625 2081 sed
1654 2023 1767 2079 sint

198 2126 277 2183 ﬁlii
299 2123 549 2191 Luciferi,
582 2122 682 2179 lilii
714 2123 831 2179 Dei.

255 2219 510 2290 Numquid
532 2219 669 2274 nosti
694 2217 927 2274 ordinem
951 2218 1088 2285 ctuti,
1121 2226 1169 2273 et
1196 2234 1356 2290 pones
1387 2217 1639 2272 rationem
1654 2219 1765 2288 ejus

196 2314 237 2370 in
255 2315 417 2371 terra?
441 2315 501 2371 Si
530 2328 820 2370 numerum
843 2321 1117 2369 astrorum
1148 2313 1389 2368 omnium
1411 2320 1594 2385 potest
1615 2312 1766 2383 quis-

197 2411 314 2483 piam
370 2411 685 2468 mortalium
733 2424 930 2475 nosse,
982 2418 1161 2480 potest
1208 2417 1264 2465 et
1310 2408 1521 2463 militiae
1571 2422 1763 2462 eorum

195 2507 409 2562 ordinem
441 2505 807 2579 perscrutari.
857 2504 1032 2561 Nemo
1058 2520 1189 2575 ergo
1219 2505 1336 2560 hare
1365 2502 1582 2575 proprie
1614 2501 1765 2557 novit

195 2602 279 2657 nisi
304 2601 449 2658 solus
477 2602 573 2658 ille
616 2601 710 2673 qui
740 2600 1005 2657 condidit.
1055 2598 1338 2671 Spirituali
1369 2608 1551 2654 autem
1596 2611 1764 2654 sensu

193 2699 251 2754 ita
273 2698 495 2771 intelligi
514 2708 696 2771 potest
726 2716 739 2753 :
770 2695 1041 2768 Numquid
1070 2706 1148 2762 tu,
1176 2694 1300 2762 Joh,
1330 2694 1483 2765 quasi
1512 2692 1765 2764 cognitor

192 2792 498 2858 futurorum,
529 2793 642 2864 jam
683 2793 827 2848 nosti
855 2807 963 2863 quo
990 2788 1186 2845 ordine
1216 2788 1269 2844 iu
1299 2788 1442 2845 cmlo
1476 2784 1759 2851 Ecclesiae,

190 2903 327 2960 quam
354 2889 586 2944 diversrc
612 2897 779 2958 atque
805 2884 1136 2957 multiplices
1164 2884 1355 2957 gratim
1376 2883 1601 2954 spiritus
1629 2880 1760 2948 mei,

190 2983 317 3039 velut
353 2983 530 3040 stellae
576 2982 915 3055 refulgcant,
959 2983 1075 3037 sive
1118 2995 1223 3052 qua
1271 2978 1472 3050 gloria,
1518 2977 1605 3032 vel
1653 2992 1764 3047 quo

188 3078 358 3135 ordine
404 3080 766 3143 meritorum,
820 3088 877 3133 ut
926 3076 1168 3133 siderum
1218 3073 1544 3130 radiantium
1592 3071 1760 3143 globi,

188 3176 335 3229 sancti
364 3174 415 3230 in
443 3174 857 3231 resurrectione
900 3172 1221 3243 fulgebunt?
1264 3170 1419 3225 llunc
1463 3171 1639 3225 locum
1670 3168 1759 3223 alii

189 3264 250 3321 ita
278 3276 534 3324 vertunt:
586 3266 656 3323 Ut
702 3268 877 3322 omnia
914 3280 1032 3337 qna:
1080 3265 1176 3320 sub
1219 3264 1345 3318 crelo
1386 3272 1525 3329 sunt,
1572 3263 1763 3333 pariter

189 3360 316 3430 ﬁant.
371 3362 476 3420 Ubi
528 3364 634 3418 hoc
683 3361 866 3417 dicere
917 3360 1191 3427 videntur,
1244 3358 1391 3430 quod
1423 3356 1765 3413 volubilitate

185 3456 283 3513 sive
308 3468 641 3529 temporum,
688 3458 806 3516 sive
833 3455 1137 3520 Stellarum,
1170 3469 1268 3525 per
1294 3452 1466 3525 spatia
1498 3451 1605 3507 sibi
1637 3464 1765 3506 suc-

186 3550 412 3607 ccdentia
444 3551 640 3607 redeat
667 3559 725 3604 et
758 3558 1026 3604 recurrat.
1076 3546 1450 3618 Spiritualiter
1478 3552 1661 3599 autem
1694 3542 1766 3597 ita

184 3642 366 3701 dictum
430 3641 865 3702 existimandum
904 3651 1025 3710 est,
1077 3641 1222 3711 quod
1278 3639 1616 3712 dispensatio
1672 3653 1768 3708 per

186 3736 446 3795 Christum
480 3736 951 3795 reconciliationis
980 3734 1255 3799 humanm,
1301 3749 1475 3806 usque
1520 3734 1573 3789 in
1607 3732 1767 3789 ﬁnem

183 3836 353 3891 saeculi
374 3844 616 3903 crescat,
648 3832 714 3889 ad
746 3832 995 3888 notitiam
1029 3831 1274 3885 omnium
1308 3831 1618 3899 nationum,
1647 3828 1768 3883 sive

184 3930 293 3999 quia
319 3931 495 3986 sancti
528 3937 590 3984 ut
616 3928 684 3983 ad
714 3928 922 3983 calcem
956 3926 1215 3981 virtutum
1255 3924 1599 3995 perveniant,
1635 3937 1771 3992 quo-

186 4020 299 4078 tidie
328 4039 545 4079 morum
577 4020 871 4077 sanctitate
902 4018 1209 4089 proﬁciant,
1239 4027 1291 4074 et
1322 4018 1447 4073 ideo
1473 4017 1573 4072 sub
1604 4016 1764 4084 ctelo,

182 4113 229 4169 id
254 4126 354 4183 est,
382 4117 492 4172 sub
522 4114 837 4171 obedientia
873 4112 1274 4169 Ecclesiastiea:
1313 4111 1613 4185 disciplina:
1644 4118 1771 4165 sunt

180 4210 468 4267 constituti.

243 4303 524 4378 Numquid
558 4302 781 4360 elevabis
810 4304 863 4357 in
885 4300 1073 4357 nebula
1094 4319 1264 4359 rorem
1288 4311 1452 4368 tuam,
1484 4310 1530 4356 et
1551 4302 1772 4375 impetus

178 4412 423 4468 aquarum
454 4400 653 4471 aperiet
684 4401 767 4453 te?
797 4398 978 4455 Primo
1008 4399 1190 4455 auditu
1225 4398 1330 4454 hoc
1369 4398 1439 4452 ita
1471 4398 1773 4467 intelligen-

178 4489 295 4547 dum
327 4503 433 4550 est.
468 4492 746 4565 Numquid
771 4492 938 4549 habes
970 4501 1175 4547 tantam
1224 4492 1545 4564 potentiam,
1596 4500 1655 4547 ut
1702 4496 1770 4546 ad

1878 529 2056 590 vetur,
2088 520 2385 578 observare
2408 522 2587 591 jubet.
2618 523 2890 597 Numquid
2919 533 2999 592 tu,
3022 524 3147 593 Job,
3177 526 3385 599 aliquid
3405 528 3483 586 si-

1876 614 2008 671 mile
2038 615 2223 672 lacere
2252 617 2513 688 potuisri?

1949 709 2219 783 Numquid
2265 712 2435 767 mittes
2485 712 2720 782 fulgura,
2777 722 2825 767 et
2872 712 3040 781 ibunt,
3095 722 3143 770 et
3174 716 3481 771 reuertentia

1873 802 2043 857 dicent
2072 803 2183 867 tibi,
2215 804 2519 859 Adsumus?
2544 805 2601 860 In
2634 804 2719 862 his
2750 806 3101 864 sermonibus
3132 807 3255 875 Dei,
3282 809 3479 868 adesse

1872 894 2061 950 virtuti
2110 895 2232 966 ejus
2286 896 2619 953 credendum
2676 906 2762 954 est
2810 914 3170 971 qumcumque
3219 900 3476 971 voluerit,

1871 991 1960 1045 cui
1994 990 2157 1046 etiam
2187 992 2368 1047 omnia
2399 992 2771 1059 insensibilia,
2802 994 2957 1063 quasi
2987 994 3269 1051 sensibilis
3299 1004 3428 1051 sunt
3457 1012 3472 1063 ;

1870 1082 2015 1139 sicut
2042 1082 2177 1139 dicit
2222 1085 2486 1156 prepheta
2518 1101 2538 1141 :
2576 1084 2621 1139 Α
2651 1086 2786 1157 facie
2834 1085 3048 1142 Domini
3096 1097 3354 1143 commota
3402 1098 3477 1144 est

1872 1185 2033 1245 terra,
2065 1195 2096 1231 α
2125 1179 2259 1249 facie
2284 1177 2383 1234 Dei
2406 1177 2592 1234 Iacob.
2618 1178 2843 1237 Reverti
2873 1189 3053 1238 autem
3097 1180 3310 1253 fulgura
3352 1181 3477 1239 ideo

1870 1270 2241 1342 appellantur,
2269 1273 2396 1341 quia
2431 1273 2519 1329 isti
2549 1274 2842 1329 mittuntur
2885 1291 2915 1329 a
2944 1274 3079 1345 Deo,
3112 1285 3171 1332 ut
3212 1278 3473 1347 praedica-

1872 1366 2022 1422 tione
2053 1368 2328 1439 Evangelii
2364 1369 2625 1425 mundum
2668 1369 3004 1436 illuminent,
3037 1373 3237 1444 quibus
3284 1375 3471 1430 Domi-

1871 1476 1973 1517 nus
2002 1461 2077 1518 ait
2109 1477 2124 1518 :
2170 1462 2271 1518 Vos
2298 1464 2418 1518 estis
2450 1464 2543 1517 lux
2568 1463 2771 1519 mundi.
2806 1464 2873 1520 Et
2914 1466 3112 1523 iterum
3145 1483 3160 1521 :
3220 1466 3381 1523 Posui
3423 1476 3473 1522 te

1870 1558 1922 1611 in
1951 1557 2117 1612 lucem
2147 1559 2399 1630 gentium,
2430 1568 2486 1612 ut
2517 1561 2588 1614 sis
2614 1561 2669 1615 in
2696 1561 2918 1617 salutem
2943 1577 3103 1632 usque
3135 1562 3203 1617 ad
3235 1562 3471 1617 ultimum

1873 1662 2023 1709 terra:
2054 1670 2074 1709 :
2111 1663 2169 1709 et
2204 1654 2258 1710 in
2292 1653 2399 1712 line
2446 1657 2633 1711 δακρυΙί
2668 1665 3015 1714 revertentes
3059 1671 3182 1713 cum
3212 1656 3479 1713 fructibus

1870 1748 2275 1819 manipulorum
2325 1764 2550 1806 suorum
2602 1751 2826 1807 venient
2874 1751 2928 1808 in
2977 1752 3366 1819 exsultatione,
3417 1762 3476 1810 et

3206 1860 3321 1899 ecce
3364 1828 3471 1901 alia

1865 1938 2093 2009 quinque
2120 1938 2349 1993 lucratus
2373 1956 2511 1994 sum.
2544 1940 2673 1996 Sive
2697 1940 2903 2013 fulgura
2934 1948 3061 1996 sunt
3083 1940 3471 2011 inspirationes

1865 2035 2084 2101 divinze,
2136 2034 2333 2106 quibus
2383 2036 2766 2092 illuminantur
2814 2036 2982 2093 corda
3036 2044 3380 2103 sanctorum,
3414 2042 3473 2090 ut

1866 2128 1948 2185 eis
1976 2129 2223 2184 accensis
2252 2130 2305 2184 in
2346 2144 2536 2187 amore
2565 2130 2853 2186 cbaritatis
2881 2130 3087 2186 Christi
3111 2130 3470 2203 conﬁagrent.

1868 2221 1995 2279 Ilaec
2041 2231 2223 2279 autem
2274 2223 2487 2295 fulgura
2540 2222 2961 2280 illuminationis
3001 2223 3099 2281 Dei
3128 2232 3475 2280 revertentur

1866 2317 1933 2372 ad
1986 2316 2178 2384 Deum,
2232 2316 2326 2387 qui
2374 2332 2436 2372 ea
2484 2317 2551 2373 ad
2616 2316 2946 2373 desiderium
2992 2316 3078 2374 sui
3123 2316 3471 2373 excitandum

1866 2412 2145 2479 emiserat,
2178 2411 2396 2483 quando
2427 2426 2523 2482 per
2543 2411 2794 2467 eamdem
2825 2411 3195 2468 visitationem
3232 2411 3472 2468 divinam

1867 2506 2077 2563 ardenti
2110 2508 2295 2563 animo
2328 2515 2384 2563 et
2435 2506 2671 2564 ferventi
2712 2522 2849 2579 opus
2897 2520 3011 2562 sua:
3059 2504 3473 2562 illuminationis

1866 2598 2193 2657 effecerunt.

1941 2694 2069 2762 Quis
2115 2696 2286 2768 posuit
2332 2697 2386 2751 in
2416 2696 2699 2751 uisceribus
2740 2695 2969 2752 hominis
3013 2696 3347 2769 sapientiam,
3393 2694 3475 2752 vel

1866 2793 1983 2864 quis
2057 2792 2199 2847 dedit
2266 2793 2416 2865 gallo
2466 2793 2910 2865 intelligentiam?
2979 2792 3324 2849 Manifestum
3384 2800 3470 2849 est

1865 2886 2008 2958 quod
2049 2886 2236 2957 homo,
2287 2887 2509 2959 quando
2546 2888 2613 2944 ad
2647 2888 2938 2960 imaginem
2969 2897 3023 2946 et
3053 2888 3471 2946 similitudinem

1866 2982 1967 3040 Dei
2000 2984 2175 3041 factus
2207 2992 2314 3054 est,
2340 2987 2666 3058 sapientiam
2713 2988 2944 3044 rationis
2985 2988 3216 3060 accepit,
3246 2998 3307 3043 ut
3336 3001 3475 3059 pra:-

1872 3087 2042 3135 staret
2071 3080 2289 3135 ert-teris
2319 3080 2707 3147 animantibus,
2740 3097 2861 3150 qua:
2888 3082 3099 3138 ratione
3136 3088 3191 3136 et
3234 3080 3474 3152 pruden-

1872 3172 1941 3228 tia
1990 3182 2198 3228 carent.
2243 3172 2457 3243 Quibus
2496 3182 2677 3229 autem
2713 3172 2869 3229 bonis
2900 3190 2930 3229 a
2966 3174 3077 3231 Deo
3108 3173 3272 3229 homo
3300 3173 3473 3229 dona-

1871 3276 1957 3321 tus
2006 3266 2119 3322 sit:
2166 3268 2429 3324 lectorem
2481 3266 2549 3322 ad
2598 3282 2695 3323 eos
2744 3267 3056 3323 transmitte
3102 3267 3196 3339 qui
3224 3266 3292 3323 de
3325 3268 3470 3324 bono

1870 3367 2101 3427 naturae,
2138 3360 2367 3430 ejusque
2395 3360 2689 3415 virtutibus
2736 3358 2973 3430 plurima
3004 3359 3471 3431 conscripserunt.

1870 3452 2034 3509 Gallo
2081 3455 2246 3509 etiam
2314 3452 2617 3525 gallinaceo
2671 3453 2818 3509 Deus
2866 3452 3179 3523 hujusmodi
3246 3465 3469 3508 sensum

1872 3547 2041 3617 dedit,
2082 3557 2140 3603 ut
2186 3562 2413 3604 emenso
2460 3549 2641 3604 noctis
2690 3558 2957 3619 tempore,
3002 3548 3157 3620 quasi
3204 3548 3471 3619 proximae

1871 3642 2010 3699 lueis
2039 3657 2271 3709 memor,
2305 3644 2553 3699 eamdem
2584 3642 2789 3698 mundo
2819 3657 3025 3699 canens
3056 3641 3343 3699 annuntiet
3386 3656 3476 3699 re-

1874 3743 2200 3793 vertentem.
2251 3734 2562 3793 Sccundum
2598 3736 3011 3809 intelligentiam
3043 3752 3173 3793 vero
3217 3737 3475 3807 spiritua-

1872 3825 1979 3883 lem
2034 3827 2109 3883 ita
2156 3828 2501 3884 sentiendum
2559 3837 2643 3884 est
2693 3848 2706 3883 :
2751 3830 3009 3899 quoniam
3060 3827 3310 3884 Christus
3376 3825 3475 3882 Dei

1874 3929 1956 3976 est
1985 3920 2160 3976 virtus
2204 3922 2407 3993 Deique
2452 3922 2740 3994 sapientia.
2772 3922 2929 3979 Hunc
2957 3924 3117 3980 Pater
3162 3922 3217 3977 in
3252 3921 3478 3977 visceri-

1874 4013 1976 4068 bus
2005 4013 2242 4069 hominis
2270 4016 2453 4084 posuit
2482 4031 2495 4069 :
2527 4015 2605 4071 sic
2651 4016 2794 4072 enim
2830 4015 2922 4071 Dei
2968 4014 3238 4086 sapientia
3268 4014 3359 4086 qui
3392 4021 3477 4069 est

1875 4105 2046 4162 Filius
2069 4107 2209 4179 ejus,
2241 4108 2340 4175 ait,
2370 4124 2492 4164 cum
2522 4126 2645 4165 cum
2677 4109 2873 4165 Petrus
2904 4108 3099 4164 Filium
3128 4108 3222 4164 Dei
3259 4107 3476 4164 confes-

1874 4215 1967 4256 sus
1995 4202 2205 4267 fuisset,
2243 4202 2434 4258 dicens
2465 4222 2478 4259 :
2514 4201 2592 4257 Tu
2640 4219 2693 4258 es
2722 4201 2959 4260 Christus
2988 4201 3166 4258 Filius
3215 4202 3309 4259 Dei
3352 4202 3478 4260 uiri.

1876 4293 1999 4349 Non
2047 4295 2140 4350 tibi
2192 4296 2434 4352 reuelauit
2483 4297 2580 4351 hoc
2617 4314 2741 4353 caro
2779 4307 2829 4352 et
2888 4299 3125 4371 sanguis,
3180 4298 3273 4355 sed
3320 4297 3479 4353 Pater

1874 4402 2020 4442 meus
2063 4389 2152 4459 qni
2200 4399 2272 4444 est
2320 4391 2375 4443 in
2426 4391 2587 4445 caelis.
2637 4390 2702 4447 Et
2742 4390 3083 4462 Apostolus:
3125 4390 3253 4447 Cum
3301 4400 3473 4447 autent

1875 4484 2189 4556 complacuit
2219 4486 2287 4553 ei,
2319 4486 2410 4557 qui
2438 4503 2520 4542 me
2549 4487 2829 4559 segregarit
2856 4504 2921 4542 ea:
2948 4497 3093 4543 utero
3119 4489 3301 4543 matris
3330 4505 3478 4557 metr,

179 4584 461 4658 imperium
492 4602 558 4642 ac
584 4596 775 4642 nutum
803 4596 952 4641 tuum
985 4587 1135 4641 illico
1183 4586 1384 4641 imbres
1425 4584 1770 4641 infundentes
1800 4620 1853 4683 υ
1878 4586 1926 4631 ει
1950 4577 2148 4631 vocavit
2180 4577 2233 4631 in
2262 4578 2431 4649 gratia
2478 4595 2597 4647 sua,
2633 4589 2688 4634 ut
2733 4581 2981 4635 reuelaret
3013 4578 3211 4636 Filium
3238 4597 3389 4635 suum
3424 4582 3479 4636 in

177 4688 225 4735 et
251 4684 569 4753 aperientes
600 4682 668 4736 de
698 4681 837 4738 caelo
879 4680 1232 4736 descendant.
1264 4678 1578 4736 Secundum
1608 4676 1766 4732 altio-

179 4789 284 4830 rem
316 4792 453 4832 vero
485 4774 925 4846 intelligentiam,
960 4788 1172 4841 vocem,
1223 4772 1417 4843 inquit,
1470 4772 1647 4837 elcvo,
1695 4770 1771 4825 ait

176 4868 459 4939 Dominus,
493 4869 715 4943 quando
756 4867 1072 4924 hominibus
1100 4867 1275 4922 clamo
1318 4883 1331 4920 :
1388 4865 1571 4920 Venite
1595 4864 1663 4918 ad
1693 4881 1773 4918 me

176 4980 341 5020 omnes
370 4967 464 5034 qui
491 4964 740 5020 laboratis
762 4972 811 5017 et
840 4962 1039 5017 onerati
1056 4963 1199 5029 estis,
1226 4967 1281 5015 et
1306 4960 1522 5031 pictatis
1546 4958 1770 5026 aliectu,

176 5057 328 5127 pulso
360 5066 581 5114 secreta
613 5056 813 5112 mentis
842 5056 1085 5126 ipsorum
1115 5070 1129 5108 :
1165 5054 1253 5108 ubi
1286 5061 1369 5109 est
1396 5052 1540 5107 velut
1573 5052 1771 5107 nebula

175 5151 343 5224 caligo
370 5151 612 5224 peccati,
642 5160 699 5207 et
719 5149 953 5205 nominis
976 5149 1081 5204 mei
1108 5147 1265 5204 valde
1292 5146 1523 5203 obscura
1550 5146 1771 5214 oblivio,

173 5254 230 5300 ut
264 5244 661 5302 obedientibus
704 5244 827 5299 voci
874 5259 1009 5299 meze
1052 5243 1355 5299 innumeris
1406 5243 1619 5315 populis
1666 5243 1776 5298 cir-

174 5341 488 5411 cumdatus,
521 5339 679 5415 quasi
710 5339 915 5411 impetu
948 5337 1299 5395 inﬂuentibus
1343 5340 1497 5410 aquis
1534 5338 1772 5409 operiar,

174 5435 488 5507 quibusque
532 5435 681 5491 velut
724 5433 1051 5489 vestimento
1082 5430 1303 5499 induar,
1335 5439 1391 5485 ut
1417 5429 1470 5486 in
1502 5430 1583 5486 eis
1625 5429 1777 5485 habi-

176 5534 306 5593 tem,
339 5530 491 5585 sicut
528 5526 795 5601 propheta
845 5526 921 5581 ait
972 5542 987 5581 :
1048 5525 1197 5581 Sicut
1243 5541 1432 5594 sponsa
1483 5523 1653 5578 induit
1700 5539 1780 5577 me

174 5620 508 5675 uestimento.
550 5619 658 5675 Alii
699 5619 997 5675 dixerunt:
1029 5616 1249 5673 Vocubis
1300 5617 1484 5672 nubem
1539 5632 1680 5686 voce,
1732 5627 1779 5671 et

176 5710 226 5764 in
257 5720 489 5768 tremore
518 5728 667 5784 aquae
694 5710 885 5765 calida:
906 5709 1105 5766 obediet
1130 5710 1242 5766 tibi.
1278 5712 1429 5783 Aqua
1456 5709 1634 5766 valida
1671 5720 1780 5765 trc-

175 5806 441 5861 mendum
493 5806 693 5861 divina:
740 5804 1041 5859 voluntatis
1093 5812 1423 5874 prmceptum
1474 5812 1580 5870 est,
1635 5802 1778 5875 quod

180 5895 324 5959 Deus
354 5900 663 5975 quemlibet
712 5907 955 5957 sanctum
1005 5912 1159 5967 voce,
1194 5897 1246 5955 id
1292 5908 1398 5968 est,
1442 5896 1641 5957 allectu
1668 5900 1781 5957 cla-

1880 4688 1979 4725 me.
2023 4670 2237 4727 Gallum
2282 4688 2411 4727 vero
2443 4684 2575 4744 puto
2608 4688 2733 4731 esse
2784 4690 3230 4747 unumquemque
3259 4684 3479 4732 sancto-

1881 4779 2025 4832 rum,
2057 4765 2233 4835 quiin
2263 4774 2423 4821 nocte
2471 4776 2528 4822 et
2574 4768 2822 4825 tenebris
2871 4768 3033 4839 hujus
3078 4771 3288 4836 mundi,
3338 4769 3483 4825 acci-

1881 4859 2034 4930 piunt
2062 4858 2245 4926 ﬁdem,
2292 4861 2732 4933 intelligentiam,
2764 4874 2819 4920 et
2849 4864 3065 4920 virtutis
3114 4864 3482 4921 constantiam

1881 4951 2153 5009 clamandi
2182 4953 2253 5009 ad
2288 4954 2485 5023 Deum,
2519 4965 2580 5011 ut
2608 4956 2835 5029 inspiret
2859 4957 2973 5029 jam
3004 4956 3123 5015 dies
3156 4970 3485 5030 permanens

1884 5057 1938 5104 ct
1969 5060 2334 5105 amoveantur
2364 5052 2572 5107 umbra:
2611 5052 2737 5108 vitae
2764 5054 3074 5125 praesentis,
3104 5067 3227 5110 cum
3272 5053 3488 5124 urgenti

1878 5151 1933 5197 et
1954 5141 2221 5213 frequenti
2237 5143 2477 5201 clamore
2497 5161 2715 5216 precum
2735 5161 2953 5202 suarum
2977 5146 3223 5203 dicentes
3248 5162 3263 5202 :
3296 5143 3486 5200 Emitte

1880 5234 2047 5290 lucem
2077 5246 2243 5306 tuam,
2276 5248 2324 5293 et
2353 5239 2618 5295 veritatem
2647 5250 2807 5297 tuam.
2845 5240 3000 5310 Quod
3045 5251 3102 5297 et
3146 5240 3217 5297 de
3248 5242 3489 5314 prophe-

1881 5330 1953 5386 tis
1981 5331 2289 5404 intelligere
2323 5348 2636 5405 possumus,
2685 5336 2777 5407 qui
2825 5340 3077 5395 certatim
3125 5340 3487 5395 annuntiave-

1880 5434 2007 5479 runt
2051 5424 2161 5479 diei
2211 5440 2275 5482 ac
2316 5425 2447 5481 solis
2494 5428 2811 5485 adventrum.
2862 5432 2977 5489 lloc
3022 5434 3075 5489 in
3104 5433 3225 5489 loco
3252 5433 3486 5489 aliorum

1884 5518 2056 5573 multo
2084 5519 2247 5575 aliter
2279 5521 2660 5592 interpretatio
2689 5524 2875 5595 habet,
2918 5527 3009 5597 qui
3061 5528 3134 5582 ita
3184 5528 3443 5583 dixerunt
3472 5543 3485 5581 :

1887 5611 2018 5681 Quis
2048 5612 2192 5667 dedit
2219 5615 2523 5670 mulieribus
2570 5626 2787 5674 textura:
2813 5621 3151 5692 sapientiam,
3193 5630 3239 5676 et
3266 5621 3491 5676 varieta-

1884 5717 1993 5763 tum
2024 5710 2337 5766 scientiam?
2363 5710 2421 5767 Si
2464 5713 2749 5770 scientiam
2780 5716 3129 5783 varietatum,
3163 5724 3219 5773 et
3258 5714 3487 5772 textrini

1883 5802 2069 5875 operis
2100 5802 2422 5873 sapientiam
2448 5820 2478 5860 a
2515 5805 2626 5862 Deo
2670 5808 2804 5864 solre
2851 5810 3110 5867 mulieres
3133 5818 3492 5881 acceperunt,

1884 5897 1955 5955 de
1985 5894 2179 5969 quibus
2208 5894 2436 5953 dicitur:
2472 5898 2577 5954 Sed
2604 5900 2844 5959 mulieres
2876 5901 3041 5959 docta'
3066 5901 3340 5972 dederunt,
3372 5915 3490 5975 qua
