3948 6334
439 315 544 371 75

1188 313 1539 371 APPENDIX
1582 315 1672 371 AD
1713 313 1954 372 TOMUM
1992 310 2340 372 SEPTIMUM
2381 314 2441 375 8.
2483 314 2889 374 HIERONYMI.
3627 321 3721 379 ’ἴθι

437 430 762 486 novet-autin
787 445 914 503 opus
946 428 1264 485 tabernaculi
1296 447 1307 483 :
1357 429 1424 485 de
1453 429 1702 501 qualibus
1749 438 1805 484 et
1848 427 2030 484 Domi-
2060 426 2299 490 Amino.
2345 428 2514 498 Hujus
2554 430 2716 501 igitur
2753 430 2879 487 caeli
2920 441 3271 499 concentum,
3321 435 3399 490 ait
3443 434 3718 505 Dominus,

442 540 541 579 nus
572 523 678 580 hoc
706 523 846 590 loco,
875 523 1028 594 quasi
1074 523 1384 590 specialiter
1412 522 1484 577 ait
1518 540 1531 577 :
1570 521 1704 591 Quis
1735 520 1886 577 dedit
1917 535 2035 575 mu-

443 614 664 670 lieribus
710 621 938 670 textura:
984 614 1330 682 sapientiam,
1381 623 1436 677 et
1480 616 1800 671 varietatum
1850 615 2030 670 scien-

445 708 616 763 tiam?
646 708 932 777 Quomodo
964 707 1017 763 in
1062 708 1251 763 Exodo
1276 707 1522 765 Beseleel
1568 717 1621 764 et
1664 707 1902 764 Oholiub
1947 722 2037 763 sa-

440 808 721 865 cerdotum
751 814 806 860 et
852 802 1186 860 tabernaculi
1227 803 1552 859 vestimenta
1581 806 1736 859 vario
1779 816 1843 858 ac
1881 802 2037 874 polyq

441 898 657 954 mitario
721 911 889 964 onere
942 904 1257 952 texuerunt.
1327 894 1654 952 Noverimus
1718 911 1847 967 ergo
1912 911 2034 953 esse

440 990 652 1045 animas
675 999 916 1056 sanctas,
946 1003 1070 1059 quae
1096 989 1199 1045 hoc
1221 1004 1360 1058 opus
1388 989 1667 1046 efﬁciendi
1700 992 1863 1046 etiam
1893 1005 2037 1047 nunc

443 1083 497 1137 in
547 1081 775 1136 historia
821 1096 921 1153 per
952 1081 1368 1153 intelligentiam
1407 1084 1631 1154 spiritus
1659 1094 1987 1153 acceperunt
2016 1100 2031 1137 :

439 1174 639 1245 quibus
686 1176 873 1246 utique
899 1174 1042 1229 sicut
1095 1174 1357 1245 scriptum
1408 1183 1495 1231 est
1527 1194 1539 1229 :
1576 1175 1734 1230 Dedit
1763 1174 1902 1233 Deus
1948 1194 2035 1232 sa-

437 1267 688 1339 pientiam
725 1276 776 1323 et
823 1266 1244 1339 intelligentiam,
1291 1267 1542 1339 quidquid
1589 1270 1743 1325 etiam
1769 1269 1914 1339 fabre
1940 1270 2035 1325 ad-

439 1362 659 1417 inreniri
703 1370 906 1434 potest,
965 1362 1109 1418 dedit
1156 1363 1211 1415 in
1254 1361 1410 1417 corde
1457 1379 1656 1417 eorum.
1710 1363 1805 1421 Sic
1851 1364 2036 1434 itaque

437 1455 635 1527 repleti
664 1468 792 1511 sunt
835 1456 1036 1527 spiritu
1076 1455 1381 1525 sapientiai,
1433 1465 1489 1512 et
1535 1457 1932 1529 intelligentia,
1978 1468 2036 1516 et

439 1549 724 1619 sapientia:
747 1550 837 1606 vel
866 1552 1136 1616 scientim,
1187 1561 1242 1606 et
1273 1551 1421 1607 omni
1449 1551 1693 1606 doctrina
1724 1552 1791 1609 ad
1818 1553 2036 1624 excogiq

441 1646 665 1700 tandum
715 1655 772 1702 et
799 1644 1110 1702 faciendum
1150 1660 1315 1700 Ollllle
1345 1660 1503 1715 opus,
1552 1646 1808 1717 queuiam
1855 1647 2034 1702 taber-

439 1738 692 1793 naculum
743 1737 874 1793 illud
931 1737 1088 1809 legis,
1140 1746 1345 1793 sanetae
1414 1738 1672 1795 Ecclesia:
1737 1739 2030 1810 imaginem

2136 520 2258 591 quis
2296 519 2536 576 dormire
2574 522 2748 591 faciet,
2798 522 2849 577 id
2883 532 2987 590 est,
3032 524 3158 595 quis
3183 528 3290 581 erit
3321 526 3414 582 ille
3453 527 3544 598 qui
3574 542 3670 583 eos
3692 544 3718 584 a

2138 614 2413 682 perpetuis
2444 613 2713 677 laudibus,
2741 614 2938 686 quibus
2965 629 3053 672 me
3085 616 3414 674 benedicuut
3440 662 3454 686 ,
3484 628 3721 690 Sanctus,

2137 715 2377 772 sanctus,
2408 719 2628 763 sanctus
2670 707 2957 776 Dominus,
3003 708 3410 767 incessabiliter
3438 710 3723 768 concinen-

2138 809 2241 871 tes,
2287 810 2345 855 ut
2374 810 2610 871 cessent,
2642 811 2698 858 et
2744 804 2896 873 quasi
2928 802 3335 861 obdormientes
3365 805 3540 875 possit
3589 807 3725 863 inbi-

2137 895 2311 951 bere?
2340 895 2472 964 Quis
2501 896 2744 955 narrabit
2772 896 3034 953 caelorum
3074 897 3395 955 rationem?
3441 899 3510 955 Et
3552 903 3723 957 sancti

2136 988 2396 1045 caelorum
2428 990 2648 1045 nomine
2673 990 2870 1045 crebro
2901 991 3183 1059 dicuntur,
3204 992 3275 1048 de
3302 993 3497 1062 quibus
3527 1009 3727 1052 secuu~

2136 1084 2263 1138 dum
2311 1086 2572 1157 mysticus
2614 1085 2925 1143 intellectus
2954 1087 3215 1157 propheta
3244 1089 3594 1156 vaticinatur,
3645 1091 3724 1147 di-

2137 1194 2267 1236 cens
2292 1198 2304 1234 :
2327 1178 2454 1237 Caeli
2473 1191 2715 1236 enarrem
2742 1182 2965 1253 gloriam
2990 1179 3108 1237 Dei.
3142 1182 3348 1239 Horum
3379 1183 3545 1255 igitur
3562 1186 3730 1241 dona-

2139 1273 2336 1341 tiones,
2358 1287 2493 1341 quas
2512 1272 3020 1329 habentsecundum
3041 1275 3725 1345 Deigratiamdiﬁ‘erentes;

2136 1365 2258 1434 quis
2271 1363 2469 1433 poterit
2489 1365 2570 1419 vel
2591 1366 2763 1435 ipsam
2789 1365 2915 1422 ﬁdei
2931 1366 3177 1437 ipsorum
3191 1384 3417 1426 narrare
3431 1371 3727 1428 rationem?

2209 1456 2433 1523 Quando
2458 1458 2777 1529 fundebatur
2811 1461 2981 1532 puluis
3011 1463 3066 1515 in
3118 1472 3280 1531 terra,
3314 1469 3363 1516 et
3396 1462 3557 1537 gleba:
3595 1480 3729 1518 cotu-

2139 1550 2514 1624 pingebautur?
2543 1550 2729 1607 Pulvis
2772 1552 2841 1607 de
2884 1568 2992 1623 quo
3025 1554 3285 1609 Dominus
3326 1557 3434 1623 ait,
3482 1557 3726 1626 gentium

2138 1642 2511 1700 inﬁdelitatem
2544 1643 2720 1715 signat
2749 1662 2763 1699 :
2793 1644 2969 1714 pulvis
2997 1646 3181 1717 utique
3202 1646 3408 1715 aridus,
3444 1661 3495 1704 et
3522 1650 3727 1706 solutus

2138 1733 2490 1791 fundamento
2535 1736 2590 1791 in
2639 1736 2880 1793 Ecclesia
2927 1739 3239 1808 apostolico
3278 1740 3635 1808 admiscetur,
3679 1752 3730 1798 ut

437 1833 790 1905 prml‘erebat.
829 1833 1091 1889 Dicamus
1116 1834 1185 1889 de
1215 1833 1317 1888 hac
1348 1836 1612 1889 varietate
1648 1849 1885 1903 morum,
1916 1836 2033 1891 sive
2062 1819 2111 1883 Β
2136 1845 2234 1900 per
2255 1828 2415 1885 ﬁdem
2438 1839 2495 1885 et
2518 1829 2919 1902 colligatioues,
2950 1832 3067 1888 sive
3096 1837 3451 1905 compagines
3498 1835 3731 1893 charita—

438 1929 762 1985 meritorum
795 1928 945 1984 velut
968 1939 1183 1983 vestem
1213 1942 1344 1983 vero
1389 1926 1671 1984 Salomoni
1719 1928 2036 1984 ministran-

439 2022 596 2089 tium,
627 2021 770 2093 quod
798 2037 894 2093 per
922 2023 1144 2095 ﬁguram
1180 2022 1367 2093 regina
1394 2021 1538 2079 Saba
1568 2023 1705 2079 dixit
1734 2021 2031 2089 Salomoni,

435 2131 560 2172 cum
602 2115 964 2172 admiratione
1012 2115 1239 2172 laudans
1278 2116 1608 2186 sapientiam
1657 2116 1800 2186 ejus,
1839 2124 1897 2172 et
1937 2118 2037 2172 do-

437 2225 610 2275 mum,
679 2210 854 2277 cibos,
914 2209 1243 2274 habitacula,
1295 2217 1351 2265 et
1412 2224 1697 2266 servorum
1757 2210 2031 2275 ordinem.

438 2314 619 2362 vestes
660 2315 718 2361 et
765 2305 1068 2373 ministros,
1103 2314 1159 2361 et
1189 2304 1534 2371 holocausta,
1567 2320 1687 2375 qua:
1735 2302 2038 2365 offerebant

438 2398 492 2452 in
523 2396 690 2453 domo
720 2397 933 2452 Domini
954 2397 1321 2464 continenter,
1351 2397 1491 2452 hanc
1518 2395 1831 2454 ofﬁciorum
1860 2397 2039 2454 varies

439 2498 603 2547 tatem
648 2497 961 2547 contextam
1009 2505 1131 2546 esse
1173 2504 1272 2565 per
1318 2489 1567 2546 diversas
1602 2490 1657 2544 in
1686 2497 1805 2545 toto
1834 2488 2037 2551 munde

437 2581 741 2649 Ecclesias,
774 2598 871 2652 per
899 2597 1033 2653 quas
1063 2582 1187 2636 alibi
1228 2581 1522 2653 conjugati,
1574 2581 1704 2638 alibi
1744 2581 2036 2643 continen-

437 2684 540 2742 tes,
588 2675 720 2731 alibi
776 2673 1016 2745 virgines
1062 2674 1162 2730 :bi
1206 2690 1305 2744 per
1351 2674 1763 2747 eleemosynas,
1814 2674 1893 2730 illi
1941 2689 2038 2745 per

438 2769 827 2825 alienationem
858 2768 1102 2825 omnium
1151 2767 1467 2831 facultatum
1497 2785 1513 2824 :
1547 2768 1623 2835 illi
1654 2784 1752 2840 per
1791 2782 2035 2845 crucem,

438 2870 497 2919 et
526 2861 999 2919 mortiﬁcationem
1030 2871 1369 2919 terrenarum
1400 2860 1782 2932 cupiditatum,
1826 2860 1906 2927 illi
1939 2874 2038 2931 per

439 2959 728 3015 scientiam
761 2956 1174 3028 Scripturarum
1206 2954 1603 3026 multiplicibus
1646 2954 1821 3019 sancti
1856 2954 2037 3026 Spiris

440 3059 525 3107 tus
551 3051 770 3121 gratiis,
799 3050 943 3105 velut
990 3048 1225 3105 diversis
1257 3046 1536 3111 coloribus
1585 3047 1789 3103 Christi
1837 3062 2037 3118 corpus

438 3152 730 3210 exornant,
779 3143 992 3211 sibique
1034 3151 1252 3197 ueterum
1281 3142 1471 3212 gloriae
1500 3150 1558 3196 et
1610 3140 2037 3203 imntorlalitatis

2139 1923 2231 1991 tis,
2259 1925 2653 1994 conglutinatio
2684 1926 2737 1982 in
2769 1926 2987 1982 Christo
3006 1928 3215 1984 ﬁndere
3239 1930 3457 1985 uniouis
3480 1941 3532 1987 et
3558 1933 3728 2001 pacis,

2136 2018 2190 2073 in
2220 2027 2569 2089 augmentum
2602 2019 2699 2076 Dei
2735 2022 2886 2077 velut
2911 2021 2964 2077 in
2992 2029 3194 2077 terram
3222 2024 3455 2079 solidam
3482 2040 3732 2082 crescen-

2137 2110 2208 2166 do
2237 2111 2503 2182 proﬁciat.
2535 2112 2689 2169 Unde
2718 2115 2893 2186 gleba:
2921 2116 3037 2185 agri
3070 2116 3357 2180 Dominici,
3387 2118 3594 2173 eﬁ'ecta-
3631 2122 3733 2175 fru-

2136 2207 2345 2277 gilerze,
2399 2209 2453 2263 in
2496 2225 2665 2265 unum
2698 2225 2899 2281 corpus
2931 2211 3193 2268 Ecclesia!
3223 2214 3506 2269 charitatis
3533 2216 3729 2286 copula

2138 2301 2582 2373 compinguntur.
2631 2302 2910 2360 Ctelorum
2940 2321 3160 2376 quoque
3188 2306 3552 2378 appellatione
3583 2306 3732 2364 Scri-

2141 2403 2315 2465 ptura:
2359 2406 2564 2452 sanctm
2594 2407 2741 2453 recte
2787 2398 3044 2455 dicuntur
3088 2418 3103 2455 :
3142 2417 3211 2458 eo
3259 2402 3404 2471 quod
3448 2403 3731 2459 desursum

2139 2492 2248 2547 sint
2285 2491 2596 2549 hominibus
2642 2494 2954 2561 attributa},
2989 2495 3104 2551 sive
3142 2497 3272 2566 quia
3314 2498 3559 2557 coelestia
3593 2496 3648 2553 in
3673 2512 3732 2555 se

2139 2586 2453 2641 contineant
2482 2598 2847 2643 sacramenta.
2901 2588 3106 2645 Horum
3152 2590 3320 2659 igitur
3362 2590 3651 2657 cmlorum,
3682 2589 3732 2646 id

2140 2689 2223 2734 est
2265 2678 2667 2749 Scripturarum
2718 2682 3009 2751 rationem,
3063 2697 3182 2753 quae
3230 2682 3300 2739 de
3344 2684 3732 2757 mysteriorum

2140 2770 2568 2831 obscuritatibus
2592 2781 2836 2843 opacalm
2882 2784 3030 2838 sunt,
3071 2785 3123 2829 et
3155 2773 3460 2845 profundze,
3489 2777 3611 2845 quis
3644 2790 3735 2845 po-

2142 2863 2269 2919 tet-it
2296 2865 2483 2921 animo
2514 2865 2884 2937 perscrutari,
2922 2866 3007 2919 vel
3053 2866 3271 2935 eloquio
3321 2866 3562 2935 proferre
3588 2907 3606 2933 ,
3645 2874 3735 2921 aut

2140 2960 2262 3032 quis
2288 2974 2475 3015 eorum
2508 2959 2763 3015 vaticinia
2796 2973 3017 3014 cessare
3048 2959 3346 3030 prmeipiet.
3402 2960 3623 3032 Antiqui
3657 2959 3736 3013 in-

2142 3061 2411 3123 terpretes
2439 3052 2510 3107 ita
2539 3051 2800 3108 dixerunt
2836 3068 2848 3105 :
2896 3052 3023 3119 Quis
3053 3052 3165 3108 certi
3206 3068 3404 3127 organa
3448 3054 3500 3106 in
3544 3062 3734 3111 terram

2140 3148 2413 3202 declinavit
2442 3147 2467 3203 7
2494 3146 2544 3201 id
2570 3157 2675 3209 est,
2709 3147 2829 3218 quis
2856 3147 3056 3218 estqui
3085 3147 3351 3205 caelorum
3400 3148 3732 3202 laudantium

437 3238 769 3295 Vestimenta
795 3238 1111 3291 coniiciunt.
1145 3236 1457 3295 Contexnut
1476 3233 1639 3291 etiam
1670 3233 1913 3307 perfecto
1952 3234 2033 3300 in.-
2066 3218 2112 3281 C
2147 3242 2313 3296 Deum
2359 3252 2572 3306 cantus,
2621 3255 2795 3311 usque
2843 3240 2910 3295 ad
2963 3240 3242 3299 hominum
3293 3241 3573 3303 inclinavit
3599 3239 3737 3296 noti-

441 3332 659 3393 tellertu
684 3330 844 3386 ﬁdem
875 3330 1182 3395 Trinitatis,
1216 3330 1367 3385 velut
1394 3339 1638 3401 spartum
1671 3329 1865 3407 triplex
1893 3326 2038 3402 quod

442 3440 548 3481 non
576 3425 688 3481 cito
711 3425 998 3495 rumpitur.
1028 3424 1342 3493 Huiusmodi
1377 3426 1700 3501 vestimenta
1736 3425 1855 3479 ista:
1877 3422 2040 3495 spiri-

442 3518 618 3575 tuales
643 3518 902 3573 mulieres
920 3526 1238 3588 operantur,
1265 3517 1315 3573 id
1339 3527 1443 3584 est,
1458 3518 1573 3581 sive
1590 3529 1795 3574 saneta:
1816 3518 2036 3585 animm,

441 3611 557 3667 sive
578 3611 835 3666 Ecclesim
853 3611 1171 3679 perdivers-t
1200 3610 1483 3681 regionum
1505 3611 1675 3682 spatia
1695 3612 2035 3681 constituta},

515 3704 644 3771 Qui:
668 3703 931 3759 enarrabit
960 3703 1207 3758 caelorum
1232 3705 1508 3770 rationem,
1535 3714 1582 3761 et
1599 3713 1903 3765 concentum
1925 3704 2040 3765 creti

440 3799 553 3871 ouis
612 3800 1089 3871 dormire'faciet?
1116 3797 1336 3856 Certum
1364 3811 1472 3865 est,
1504 3802 1625 3872 quia
1656 3801 1837 3865 nullus
1863 3801 2038 3856 C(‘BIO-

440 3907 558 3946 rmn
590 3893 880 3958 rationem,
913 3892 996 3946 vel
1027 3892 1311 3948 stellarum
1338 3907 1559 3953 cursum
1587 3893 1899 3964 poteritaut
1923 3908 2040 3949 ser:

440 3999 601 4048 tnone
650 4001 896 4055 narrare,
950 3995 1036 4039 aut
1084 3994 1265 4041 mente
1306 3986 1623 4052 concipere.
1674 3986 1826 4054 Quod
1855 3995 2040 4049 autem

439 4077 514 4131 ait
559 4095 572 4132 :
624 4077 960 4133 Coticentum
1006 4078 1133 4133 creti
1178 4079 1301 4149 quis
1332 4078 1571 4136 dormire
1617 4076 1826 4143 lat-iet?
1858 4080 2041 4137 multis

441 4169 854 4240 Scripturarum
900 4171 1035 4227 locis
1068 4171 1292 4227 laudare
1321 4171 1491 4227 Deum
1520 4172 1791 4227 elementa
1839 4172 2039 4227 dicun-

443 4269 549 4332 tur,
586 4277 683 4332 pro
709 4278 776 4319 eo
804 4264 948 4335 quod
976 4264 1029 4319 in
1059 4264 1273 4319 illorum
1304 4264 1661 4335 dispositione
1690 4280 1754 4321 ac
1794 4264 2041 4341 pulchri-

446 4352 638 4410 tudine
670 4354 831 4420 Deus,
874 4357 960 4411 vel
992 4357 1058 4412 ab
1090 4356 1420 4425 hominibus,
1458 4357 1543 4412 vel
1573 4358 1642 4413 ab
1665 4357 1874 4429 angelis
1903 4372 2040 4429 pra:-

439 4447 669 4504 dieetur.
704 4448 761 4505 id
786 4458 892 4516 est,
924 4451 1046 4522 quis
1079 4452 1327 4508 homines
1354 4451 1406 4508 in
1429 4452 1549 4525 ejus
1574 4452 1825 4521 laudibus
1849 4455 2035 4526 vitam,

441 4552 762 4599 exercentes
809 4543 1067 4610 dormire,
1123 4545 1176 4601 id
1216 4558 1320 4613 est,
1367 4549 1650 4620 quiescere
1681 4549 1885 4611 faciet?
1931 4550 2039 4615 Pro

2145 3338 2295 3403 tiam,
2332 3344 2419 3397 ut.
2448 3334 2754 3390 imitatione
2779 3332 2953 3388 laudis
2985 3332 3125 3405 ejus,
3154 3333 3288 3391 socii
3312 3334 3631 3404 angelorum
3657 3331 3734 3389 ef-

2144 3430 2227 3485 ﬁci
2255 3439 2592 3495 mereantur.

2217 3519 2483 3591 Numquid
2512 3519 2683 3593 cupies
2706 3519 2884 3577 (eterra:
2915 3519 3169 3592 praedam,
3198 3528 3245 3574 et
3274 3519 3504 3575 animam
3526 3521 3733 3575 catula-

2142 3628 2257 3667 rum
2295 3615 2413 3686 ejus
2441 3611 2720 3685 implebis?
2753 3611 2829 3666 Ex
2881 3613 2961 3667 his
3009 3627 3130 3682 qua:
3160 3627 3257 3681 per
3282 3626 3498 3679 omnem
3532 3620 3734 3667 textum

2143 3705 2416 3762 sermonis
2446 3704 2607 3775 hujus
2637 3713 2945 3770 enumerat,
2974 3718 3071 3760 sex
3098 3715 3223 3759 sunt
3253 3704 3653 3775 quadrupedia,
3679 3711 3736 3761 et

2142 3808 2377 3871 quatuor
2404 3797 2666 3854 volatilia.
2713 3797 2777 3852 Et
2824 3797 2880 3851 in
2932 3797 3033 3852 hoc
3080 3796 3327 3866 decalogi
3362 3795 3598 3868 perfecto
3628 3780 3729 3850 nu-

2145 3909 2296 3955 mero
2327 3892 2497 3949 videri
2530 3904 2709 3964 potest
2740 3893 2883 3964 quod
2920 3909 3137 3947 omnem
3168 3903 3477 3955 creaturam
3509 3892 3731 3964 intelligi

2144 3985 2378 4041 voluerit
2406 3986 2566 4057 Deus,
2587 4001 2706 4056 quae
2732 4001 2831 4056 per
2857 4002 2981 4041 eum
3010 3995 3199 4057 utpote
3228 4002 3325 4056 per
3351 3997 3625 4055 auctorem
3653 4002 3736 4041 reo

2143 4079 2307 4152 gitur.
2324 4078 2577 4135 Decimus
2599 4087 2778 4135 autem
2813 4094 3068 4135 numerus
3084 4081 3358 4146 perlectus
3370 4092 3474 4145 esv;
3498 4083 3611 4148 quia
3638 4094 3736 4150 per

2146 4174 2326 4243 ipsum
2353 4171 2623 4239 iterando,
2664 4172 2845 4226 omnis
2873 4188 3135 4227 numerus
3166 4172 3218 4225 in
3254 4173 3521 4228 inﬁnitum
3551 4171 3735 4227 multi-

2144 4266 2400 4338 plicantur.
2452 4264 2596 4337 Ergo
2640 4264 2791 4335 juxta
2839 4264 3036 4320 littera:
3067 4264 3435 4337 superﬁciem,
3484 4264 3579 4318 hoc
3608 4266 3733 4319 ait:

2146 4359 2261 4433 Ego
2290 4361 2379 4432 qui
2412 4361 2593 4415 omnia
2639 4361 2788 4426 justa
2836 4358 3245 4427 dispensatione
3285 4375 3539 4430 procuro,
3587 4359 3736 4413 circa

2146 4462 2197 4509 te
2227 4463 2455 4518 tantum,
2489 4469 2521 4506 o
2550 4451 2675 4521 Job,
2701 4451 2891 4508 videor
2922 4453 3181 4523 injustas.
3208 4452 3368 4509 Juxta
3398 4454 3734 4524 spiritualum

2144 4547 2507 4611 intellectum,
2543 4548 2716 4601 leazua
2746 4548 2863 4602 sive
2893 4547 3057 4603 etiam
3087 4546 3194 4616 leo,
3241 4546 3489 4602 diabolus
3538 4560 3605 4602 es:
3644 4545 3733 4599 in-

439 4635 541 4690 ltoc
569 4636 749 4706 itaque
779 4636 1007 4707 honore,
1053 4640 1142 4709 qui
1197 4639 1265 4695 ab
1308 4618 1570 4699 Ecclesiae
1611 4643 2033 4716 congregatione
2065 4618 2121 4681 D
2147 4643 2491 4715 telligendus,
2523 4641 2616 4714 qui
2640 4653 2691 4698 et
2714 4641 2767 4697 iu
2801 4641 2986 4696 multis
3016 4641 3155 4696 locis
3177 4640 3578 4711 Scripturarum
3606 4655 3738 4708 pro-

434 4726 770 4797 persolvitur
797 4744 812 4781 :
856 4728 976 4799 quis
1002 4730 1142 4789 alius
1167 4746 1327 4800 quam
1373 4732 1490 4804 ipse
1519 4735 1762 4804 requiem
1793 4733 1942 4790 dabit
1967 4749 2034 4793 ac

436 4821 775 4895 refrigerium
805 4827 857 4878 in
885 4826 1314 4895 sempiternum?
1339 4831 1601 4893 Dormitio
1620 4829 1768 4887 enim
1786 4830 2035 4903 aliquau-

434 4916 504 4973 do
549 4917 600 4971 in
647 4916 944 4987 Scripturis
984 4920 1198 4990 requies
1226 4920 1570 4994 intelligitur,
1620 4931 1683 4995 μι
1710 4922 1880 4992 lsaias
1910 4938 2037 4995 pro-

435 5013 599 5081 pheta
625 5013 722 5080 ait,
750 5011 973 5079 Iustitia
1003 5014 1247 5070 dormivit
1273 5016 1326 5071 in
1356 5034 1419 5073 ea
1455 5034 1475 5073 :
1506 5018 1559 5089 id
1591 5026 1695 5090 est,
1728 5018 1781 5074 in
1812 5018 2036 5087 Jerusa-

431 5104 540 5161 lem
569 5106 798 5178 zequitas
827 5108 1044 5178 juStitize
1073 5110 1362 5180 requievit,
1394 5127 1537 5173 nunc
1572 5121 1755 5179 autem
1808 5112 2038 5168 homici-

431 5200 534 5257 dm.
571 5202 636 5258 Et
662 5213 885 5269 sanctus
935 5203 1177 5275 quidam,
1210 5220 1378 5276 super
1420 5222 1579 5277 quem
1609 5206 1881 5281 signatum
1909 5206 2036 5282 lue-

432 5305 516 5350 rat
547 5297 729 5351 lumen
773 5296 951 5353 vultus
998 5298 1243 5365 Domini,
1285 5301 1361 5353 ait
1392 5298 1446 5369 in
1473 5300 1700 5370 palmo,
1734 5298 1802 5355 In
1830 5316 1958 5373 prce
1982 5302 2035 5361 in

424 5390 660 5460 idipsum
691 5392 970 5463 dormiam,
1003 5403 1053 5448 et
1085 5395 1430 5466 requiescam.
1487 5394 1619 5459 Item
1648 5394 1704 5449 in
1732 5395 1841 5450 alio
1887 5395 2031 5465 loco,

428 5482 494 5541 Si
523 5484 815 5554 dormiatis,
841 5487 1036 5558 inquit,
1062 5488 1199 5543 inter
1219 5487 1418 5555 medias
1442 5488 1629 5554 cteros,
1658 5486 1712 5543 id
1740 5496 1822 5543 est
1843 5529 1858 5555 ,
1893 5489 2036 5545 inter

426 5591 605 5636 sortes
632 5579 865 5636 duorum
897 5581 1374 5641 'l'estamcntorum
1407 5581 1784 5653 requiescatis.
1816 5582 1880 5649 Et
1900 5596 2035 5653 cons

425 5682 645 5728 centum
692 5673 815 5728 caeli
845 5672 966 5744 quis
1014 5675 1258 5730 dormire
1290 5674 1505 5739 faciet?
1544 5676 1780 5741 Sauctos
1807 5677 2032 5749 angelos

428 5765 822 5845 intelligamus,
872 5771 961 5851 qui
1005 5786 1106 5842 pro
1136 5771 1251 5844 ipsa
1284 5772 1623 5843 habitatione
1659 5770 1785 5846 coeli
1831 5774 2036 5847 egetur);

2135 4747 2260 4809 pter
2304 4738 2566 4793 saevitiam
2621 4746 2681 4791 et
2736 4734 3105 4791 fortitudinem
3152 4739 3220 4788 ita
3276 4735 3598 4790 nominatur.
3652 4732 3735 4787 De

2139 4831 2242 4887 hoc
2284 4830 2447 4902 igitur
2481 4829 2741 4895 Dominus
2767 4829 2864 4895 ait,
2897 4828 3040 4900 quod
3081 4829 3286 4883 nemini
3317 4844 3514 4884 nocere
3544 4826 3733 4899 possit,

2138 4924 2246 4981 nisi
2273 4939 2303 4978 a
2325 4924 2438 4991 Deo
2469 4914 2745 4999 acceperit
2782 4933 3133 4992 petestatem.
3187 4921 3349 4977 Justo
3375 4937 3507 4994 ergo
3534 4919 3735 4992 judicio

2139 5017 2258 5086 ejus
2291 5016 2602 5091 traduntur,
2656 5016 2781 5091 quia
2822 5014 2915 5069 ille
2966 5017 3191 5071 omnino
3239 5014 3384 5070 vires
3430 5032 3537 5070 non
3575 5014 3735 5067 habet

2140 5109 2491 5175 dominandi,
2541 5109 2645 5165 nisi
2690 5108 2806 5182 ipse
2848 5111 3181 5179 permiserit.
3243 5109 3511 5181 Numquid
3551 5105 3734 5176 capies

2140 5205 2326 5259 lezeure
2354 5201 2618 5273 prmdam,
2656 5203 2706 5256 id
2757 5212 2862 5262 est,
2912 5201 3051 5256 sicut
3081 5216 3184 5273 ego
3213 5217 3334 5255 eam
3366 5218 3560 5275 capere
3599 5214 3735 5270 per-

2140 5300 2373 5354 mittam.
2425 5299 2561 5353 Puto
2606 5308 2786 5353 autem
2832 5295 2933 5351 hoc
2958 5296 3084 5369 loco
3130 5296 3254 5352 ideo
3284 5280 3491 5351 catulos
3530 5296 3725 5369 dictos,

2140 5391 2266 5465 quia
2317 5391 2544 5445 lemnam
2590 5391 3001 5454 nominaverat,
3049 5405 3187 5459 quos
3239 5406 3450 5444 veneno
3510 5385 3727 5441 malitis:

2140 5502 2277 5554 sua},
2311 5486 2427 5540 sive
2453 5485 2730 5557 nequitize,
2758 5484 2901 5540 velut
2933 5485 3069 5538 lacte
3100 5484 3365 5541 nutrierat
3387 5486 3450 5539 ad
3488 5482 3730 5538 homines

2141 5581 2513 5655 perimendos.
2549 5579 2625 5651 De
2664 5592 2891 5651 quorum
2937 5578 3228 5647 mortibus,
3282 5576 3729 5648 ncquissimornm

2140 5674 2436 5746 spirituum
2470 5673 2664 5739 anima:
2698 5669 3038 5741 reﬁciuntur,
3082 5679 3140 5725 et
3181 5668 3250 5727 de
3295 5671 3378 5726 his
3422 5672 3471 5725 in
3518 5665 3730 5739 psaltuo

2138 5770 2218 5833 ait
2246 5785 2263 5831 ;
2295 5766 2467 5825 Catuli
2489 5767 2695 5823 leonum
2732 5766 3010 5838 rugientes,
3050 5775 3102 5819 ut
3128 5767 3333 5839 rapiant
3372 5775 3418 5821 et
3442 5771 3663 5835 quarunt
3693 5776 3729 5815 α

434 5859 570 5917 dicti
598 5871 725 5919 sunt
751 5877 849 5937 per
878 5864 1196 5935 prophetam
1223 5865 1327 5941 hoc
1358 5865 1544 5938 modo,
1578 5864 1779 5937 ﬂetum
1811 5865 2045 5924 catino-
2144 5862 2255 5921 Deo
2296 5879 2466 5920 escam
2505 5861 2620 5919 sibi.
2673 5858 2770 5916 llis
2812 5860 2973 5933 igitur
3003 5859 3272 5931 leonibus,
3314 5870 3368 5918 et
3410 5855 3729 5914 draconibus
