  <div class='ocr_page' id='page_1' title='image "/cluster/home/n/w/nwhite01/storage/ocr_20150623/26/hvd.32044015471402/388.png"; bbox 0 0 3948 6334; ppageno 0'>
   <div class='ocr_carea' id='block_1_1' title="bbox 245 238 335 297">
    <p class='ocr_par' dir='ltr' id='par_1_1' title="bbox 245 238 335 297">
     <span class='ocr_line' id='line_1_1' title="bbox 245 238 335 297; baseline 0.011 -1"><span class='ocrx_word' id='word_1_1' title='bbox 245 238 335 297; x_wconf 78' lang='lat'><strong>765</strong></span> 
     </span>
    </p>
   </div>
   <div class='ocr_carea' id='block_1_2' title="bbox 1100 233 2688 301">
    <p class='ocr_par' dir='ltr' id='par_1_2' title="bbox 1100 233 2688 301">
     <span class='ocr_line' id='line_1_2' title="bbox 1100 233 2688 301; baseline 0.004 -11"><span class='ocrx_word' id='word_1_2' title='bbox 1100 233 1576 295; x_wconf 57' lang='lat' dir='ltr'><strong>COilbll-IN’I‘ARII</strong></span> <span class='ocrx_word' id='word_1_3' title='bbox 1615 239 1682 296; x_wconf 81' lang='lat' dir='ltr'><strong>IN</strong></span> <span class='ocrx_word' id='word_1_4' title='bbox 1721 235 1981 300; x_wconf 77' lang='lat' dir='ltr'><strong>LIBRUM</strong></span> <span class='ocrx_word' id='word_1_5' title='bbox 2021 242 2158 299; x_wconf 83' lang='lat' dir='ltr'><strong>JOB.</strong></span> <span class='ocrx_word' id='word_1_6' title='bbox 2202 243 2355 301; x_wconf 82' lang='lat' dir='ltr'><strong>CAP.</strong></span> <span class='ocrx_word' id='word_1_7' title='bbox 2400 241 2646 300; x_wconf 73' lang='lat' dir='ltr'><strong>XXXIX.</strong></span> <span class='ocrx_word' id='word_1_8' title='bbox 2683 265 2688 278; x_wconf 71' lang='grc' dir='ltr'>ι</span> 
     </span>
    </p>
   </div>
   <div class='ocr_carea' id='block_1_3' title="bbox 3405 239 3524 298">
    <p class='ocr_par' dir='ltr' id='par_1_3' title="bbox 3405 239 3524 298">
     <span class='ocr_line' id='line_1_3' title="bbox 3405 239 3524 298; baseline 0.025 -2"><span class='ocrx_word' id='word_1_9' title='bbox 3405 239 3524 298; x_wconf 70' lang='grc' dir='ltr'><strong>ῗϐϐν</strong></span> 
     </span>
    </p>
   </div>
   <div class='ocr_carea' id='block_1_4' title="bbox 244 355 3514 429">
    <p class='ocr_par' dir='ltr' id='par_1_4' title="bbox 244 355 3514 429">
     <span class='ocr_line' id='line_1_4' title="bbox 244 355 3514 429; baseline -0.001 -16"><span class='ocrx_word' id='word_1_10' title='bbox 244 372 376 413; x_wconf 81' lang='lat' dir='ltr'><strong>escas</strong></span> <span class='ocrx_word' id='word_1_11' title='bbox 417 355 542 410; x_wconf 84' lang='lat' dir='ltr'><strong>dare</strong></span> <span class='ocrx_word' id='word_1_12' title='bbox 587 355 730 410; x_wconf 79' lang='lat' dir='ltr'><strong>Deus</strong></span> <span class='ocrx_word' id='word_1_13' title='bbox 777 355 1023 410; x_wconf 86' lang='lat' dir='ltr'><strong>dicitur:</strong></span> <span class='ocrx_word' id='word_1_14' title='bbox 1068 355 1288 425; x_wconf 99' lang='lat' dir='ltr'><strong>quando</strong></span> <span class='ocrx_word' id='word_1_15' title='bbox 1319 355 1443 411; x_wconf 89' lang='lat' dir='ltr'><strong>illos</strong></span> <span class='ocrx_word' id='word_1_16' title='bbox 1471 372 1610 428; x_wconf 89' lang='lat' dir='ltr'><strong>quos</strong></span> <span class='ocrx_word' id='word_1_17' title='bbox 1641 371 1806 427; x_wconf 83' lang='lat' dir='ltr'><strong>expe-</strong></span> <span class='ocrx_word' id='word_1_18' title='bbox 1834 362 1884 421; x_wconf 78' lang='grc' dir='ltr'><strong>Α</strong></span> <span class='ocrx_word' id='word_1_19' title='bbox 1911 368 2222 428; x_wconf 74' lang='lat' dir='ltr'><strong>serpentem</strong></span> <span class='ocrx_word' id='word_1_20' title='bbox 2257 361 2562 427; x_wconf 87' lang='lat' dir='ltr'><strong>nominari,</strong></span> <span class='ocrx_word' id='word_1_21' title='bbox 2614 359 2735 429; x_wconf 87' lang='lat' dir='ltr'><strong>quis</strong></span> <span class='ocrx_word' id='word_1_22' title='bbox 2783 358 3011 412; x_wconf 86' lang='lat' dir='ltr'><strong>auderet</strong></span> <span class='ocrx_word' id='word_1_23' title='bbox 3054 355 3123 412; x_wconf 88' lang='lat' dir='ltr'><strong>de</strong></span> <span class='ocrx_word' id='word_1_24' title='bbox 3171 356 3400 412; x_wconf 86' lang='lat' dir='ltr'><strong>Domino</strong></span> <span class='ocrx_word' id='word_1_25' title='bbox 3443 360 3514 414; x_wconf 87' lang='lat' dir='ltr'><strong>ita</strong></span> 
     </span>
    </p>
   </div>
   <div class='ocr_carea' id='block_1_5' title="bbox 244 449 1120 519">
    <p class='ocr_par' dir='ltr' id='par_1_5' title="bbox 244 449 1120 519">
     <span class='ocr_line' id='line_1_5' title="bbox 244 449 1120 519; baseline -0.002 -13"><span class='ocrx_word' id='word_1_26' title='bbox 244 459 360 514; x_wconf 84' lang='lat' dir='ltr'><strong>lunt,</strong></span> <span class='ocrx_word' id='word_1_27' title='bbox 381 449 432 503; x_wconf 89' lang='lat' dir='ltr'><strong>in</strong></span> <span class='ocrx_word' id='word_1_28' title='bbox 465 458 789 515; x_wconf 79' lang='lat' dir='ltr'><strong>potestatem</strong></span> <span class='ocrx_word' id='word_1_29' title='bbox 819 449 1120 519; x_wconf 86' lang='lat' dir='ltr'><strong>accipiunt.</strong></span> 
     </span>
    </p>
   </div>
   <div class='ocr_carea' id='block_1_6' title="bbox 301 541 1806 616">
    <p class='ocr_par' dir='ltr' id='par_1_6' title="bbox 301 541 1806 616">
     <span class='ocr_line' id='line_1_6' title="bbox 301 541 1806 616; baseline 0.005 -21"><span class='ocrx_word' id='word_1_30' title='bbox 301 542 507 610; x_wconf 82' lang='lat' dir='ltr'><strong>Quando</strong></span> <span class='ocrx_word' id='word_1_31' title='bbox 532 541 720 596; x_wconf 86' lang='lat' dir='ltr'><strong>cubant</strong></span> <span class='ocrx_word' id='word_1_32' title='bbox 747 543 802 596; x_wconf 86' lang='lat' dir='ltr'><strong>in</strong></span> <span class='ocrx_word' id='word_1_33' title='bbox 842 544 1010 596; x_wconf 88' lang='lat' dir='ltr'><strong>antris</strong></span> <span class='ocrx_word' id='word_1_34' title='bbox 1039 544 1146 596; x_wconf 87' lang='lat' dir='ltr'><strong>suis</strong></span> <span class='ocrx_word' id='word_1_35' title='bbox 1175 543 1195 616; x_wconf 94' lang='lat'>(</span> <span class='ocrx_word' id='word_1_36' title='bbox 1217 545 1270 597; x_wconf 89' lang='lat' dir='ltr'><strong>in</strong></span> <span class='ocrx_word' id='word_1_37' title='bbox 1319 544 1487 610; x_wconf 81' lang='lat' dir='ltr'><strong>siluis,</strong></span> <span class='ocrx_word' id='word_1_38' title='bbox 1532 546 1626 601; x_wconf 87' lang='lat' dir='ltr'><strong>alii</strong></span> <span class='ocrx_word' id='word_1_39' title='bbox 1652 547 1806 604; x_wconf 82' lang='lat' dir='ltr'><strong>dixe-</strong></span> 
     </span>
    </p>
   </div>
   <div class='ocr_carea' id='block_1_7' title="bbox 239 637 1804 711">
    <p class='ocr_par' dir='ltr' id='par_1_7' title="bbox 239 637 1804 711">
     <span class='ocr_line' id='line_1_7' title="bbox 239 637 1804 711; baseline 0.003 -18"><span class='ocrx_word' id='word_1_40' title='bbox 239 638 432 706; x_wconf 72' lang='lat' dir='ltr'><strong>runtl-et</strong></span> <span class='ocrx_word' id='word_1_41' title='bbox 453 637 503 690; x_wconf 85' lang='lat' dir='ltr'><strong>in</strong></span> <span class='ocrx_word' id='word_1_42' title='bbox 521 637 776 706; x_wconf 87' lang='lat' dir='ltr'><strong>specubus</strong></span> <span class='ocrx_word' id='word_1_43' title='bbox 802 637 1162 692; x_wconf 67' lang='lat' dir='ltr'><strong>insidiantur?</strong></span> <span class='ocrx_word' id='word_1_44' title='bbox 1191 640 1358 692; x_wconf 79' lang='lat' dir='ltr'><strong>Antra</strong></span> <span class='ocrx_word' id='word_1_45' title='bbox 1391 638 1506 695; x_wconf 86' lang='lat' dir='ltr'><strong>sive</strong></span> <span class='ocrx_word' id='word_1_46' title='bbox 1528 643 1804 711; x_wconf 70' lang='lat' dir='ltr'><strong>spelunca:</strong></span> 
     </span>
    </p>
   </div>
   <div class='ocr_carea' id='block_1_8' title="bbox 238 729 1805 800">
    <p class='ocr_par' dir='ltr' id='par_1_8' title="bbox 238 729 1805 800">
     <span class='ocr_line' id='line_1_8' title="bbox 238 729 1805 800; baseline 0.003 -12"><span class='ocrx_word' id='word_1_47' title='bbox 238 740 345 788; x_wconf 81' lang='lat' dir='ltr'><strong>sunt</strong></span> <span class='ocrx_word' id='word_1_48' title='bbox 370 731 524 787; x_wconf 86' lang='lat' dir='ltr'><strong>corda</strong></span> <span class='ocrx_word' id='word_1_49' title='bbox 563 729 843 787; x_wconf 82' lang='lat' dir='ltr'><strong>hominum</strong></span> <span class='ocrx_word' id='word_1_50' title='bbox 872 731 1163 800; x_wconf 82' lang='lat' dir='ltr'><strong>impiorum</strong></span> <span class='ocrx_word' id='word_1_51' title='bbox 1196 750 1210 787; x_wconf 90' lang='lat'><strong>:</strong></span> <span class='ocrx_word' id='word_1_52' title='bbox 1245 735 1298 787; x_wconf 92' lang='lat' dir='ltr'><strong>iu</strong></span> <span class='ocrx_word' id='word_1_53' title='bbox 1331 733 1416 788; x_wconf 84' lang='lat' dir='ltr'><strong>his</strong></span> <span class='ocrx_word' id='word_1_54' title='bbox 1448 735 1688 792; x_wconf 90' lang='lat' dir='ltr'><strong>latibulis</strong></span> <span class='ocrx_word' id='word_1_55' title='bbox 1719 753 1805 793; x_wconf 87' lang='lat' dir='ltr'><strong>se-</strong></span> 
     </span>
    </p>
   </div>
   <div class='ocr_carea' id='block_1_9' title="bbox 238 824 1798 890">
    <p class='ocr_par' dir='ltr' id='par_1_9' title="bbox 238 824 1798 890">
     <span class='ocr_line' id='line_1_9' title="bbox 238 824 1798 890; baseline 0.004 -10"><span class='ocrx_word' id='word_1_56' title='bbox 238 824 754 890; x_wconf 81' lang='lat' dir='ltr'><strong>deat,siveeubantin</strong></span> <span class='ocrx_word' id='word_1_57' title='bbox 768 825 1066 890; x_wconf 83' lang='lat' dir='ltr'><strong>insidiis,ut</strong></span> <span class='ocrx_word' id='word_1_58' title='bbox 1081 825 1413 880; x_wconf 88' lang='lat' dir='ltr'><strong>interﬁciant</strong></span> <span class='ocrx_word' id='word_1_59' title='bbox 1427 829 1798 886; x_wconf 89' lang='lat' dir='ltr'><strong>innocentem.</strong></span> 
     </span>
    </p>
   </div>
   <div class='ocr_carea' id='block_1_10' title="bbox 295 917 1802 994">
    <p class='ocr_par' dir='ltr' id='par_1_10' title="bbox 295 917 1802 994">
     <span class='ocr_line' id='line_1_10' title="bbox 295 917 1802 994; baseline 0.004 -24"><span class='ocrx_word' id='word_1_60' title='bbox 295 917 412 982; x_wconf 86' lang='lat' dir='ltr'><strong>Quis</strong></span> <span class='ocrx_word' id='word_1_61' title='bbox 435 928 691 988; x_wconf 60' lang='lat' dir='ltr'><strong>praeparat</strong></span> <span class='ocrx_word' id='word_1_62' title='bbox 714 932 865 970; x_wconf 80' lang='lat' dir='ltr'><strong>cervo</strong></span> <span class='ocrx_word' id='word_1_63' title='bbox 891 933 1059 971; x_wconf 82' lang='lat' dir='ltr'><strong>escam</strong></span> <span class='ocrx_word' id='word_1_64' title='bbox 1099 934 1268 981; x_wconf 88' lang='lat' dir='ltr'><strong>suam,</strong></span> <span class='ocrx_word' id='word_1_65' title='bbox 1291 920 1500 988; x_wconf 83' lang='lat' dir='ltr'><strong>quando</strong></span> <span class='ocrx_word' id='word_1_66' title='bbox 1531 920 1665 988; x_wconf 84' lang='lat' dir='ltr'><strong><em>pulli</em></strong></span> <span class='ocrx_word' id='word_1_67' title='bbox 1685 937 1802 994; x_wconf 71' lang='lat' dir='ltr'><strong>ejus</strong></span> 
     </span>
    </p>
   </div>
   <div class='ocr_carea' id='block_1_11' title="bbox 233 1008 1802 1083">
    <p class='ocr_par' dir='ltr' id='par_1_11' title="bbox 233 1008 1802 1083">
     <span class='ocr_line' id='line_1_11' title="bbox 233 1008 1802 1083; baseline 0.004 -21"><span class='ocrx_word' id='word_1_68' title='bbox 233 1010 431 1064; x_wconf 75' lang='lat' dir='ltr'><strong>clamant</strong></span> <span class='ocrx_word' id='word_1_69' title='bbox 453 1009 518 1062; x_wconf 85' lang='lat' dir='ltr'><strong>ad</strong></span> <span class='ocrx_word' id='word_1_70' title='bbox 542 1008 710 1064; x_wconf 80' lang='lat' dir='ltr'><strong>Deum</strong></span> <span class='ocrx_word' id='word_1_71' title='bbox 737 1025 755 1064; x_wconf 82' lang='lat'><strong>.&#39;</strong></span> <span class='ocrx_word' id='word_1_72' title='bbox 785 1019 1048 1083; x_wconf 77' lang='lat' dir='ltr'><strong>uagantes,</strong></span> <span class='ocrx_word' id='word_1_73' title='bbox 1087 1027 1150 1068; x_wconf 76' lang='lat' dir='ltr'><strong>so</strong></span> <span class='ocrx_word' id='word_1_74' title='bbox 1175 1013 1314 1081; x_wconf 83' lang='lat' dir='ltr'><strong>quod</strong></span> <span class='ocrx_word' id='word_1_75' title='bbox 1341 1029 1443 1066; x_wconf 88' lang='lat' dir='ltr'><strong>non</strong></span> <span class='ocrx_word' id='word_1_76' title='bbox 1468 1011 1690 1068; x_wconf 80' lang='lat' dir='ltr'><strong>habeant</strong></span> <span class='ocrx_word' id='word_1_77' title='bbox 1727 1015 1802 1068; x_wconf 88' lang='lat' dir='ltr'><strong>ci-</strong></span> 
     </span>
    </p>
   </div>
   <div class='ocr_carea' id='block_1_12' title="bbox 231 1099 1798 1175">
    <p class='ocr_par' dir='ltr' id='par_1_12' title="bbox 231 1099 1798 1175">
     <span class='ocr_line' id='line_1_12' title="bbox 231 1099 1798 1175; baseline 0.004 -20"><span class='ocrx_word' id='word_1_78' title='bbox 231 1101 346 1156; x_wconf 79' lang='lat' dir='ltr'><strong>bos?</strong></span> <span class='ocrx_word' id='word_1_79' title='bbox 373 1099 618 1156; x_wconf 77' lang='lat' dir='ltr'><strong>Arbitror</strong></span> <span class='ocrx_word' id='word_1_80' title='bbox 649 1101 798 1171; x_wconf 86' lang='lat' dir='ltr'><strong>quod</strong></span> <span class='ocrx_word' id='word_1_81' title='bbox 830 1111 886 1156; x_wconf 89' lang='lat' dir='ltr'><strong>ct</strong></span> <span class='ocrx_word' id='word_1_82' title='bbox 929 1103 1017 1158; x_wconf 87' lang='lat' dir='ltr'><strong>hic</strong></span> <span class='ocrx_word' id='word_1_83' title='bbox 1043 1119 1240 1160; x_wconf 86' lang='lat' dir='ltr'><strong>corvus</strong></span> <span class='ocrx_word' id='word_1_84' title='bbox 1267 1103 1639 1161; x_wconf 76' lang='lat' dir='ltr'><strong>adversariam</strong></span> <span class='ocrx_word' id='word_1_85' title='bbox 1675 1122 1798 1175; x_wconf 87' lang='lat' dir='ltr'><strong>par-</strong></span> 
     </span>
    </p>
   </div>
   <div class='ocr_carea' id='block_1_13' title="bbox 233 1193 1796 1270">
    <p class='ocr_par' dir='ltr' id='par_1_13' title="bbox 233 1193 1796 1270">
     <span class='ocr_line' id='line_1_13' title="bbox 233 1193 1796 1270; baseline 0.005 -21"><span class='ocrx_word' id='word_1_86' title='bbox 233 1203 319 1249; x_wconf 77' lang='lat' dir='ltr'><strong>tem</strong></span> <span class='ocrx_word' id='word_1_87' title='bbox 345 1193 626 1264; x_wconf 83' lang='lat' dir='ltr'><strong>signiﬁcet,</strong></span> <span class='ocrx_word' id='word_1_88' title='bbox 655 1196 798 1250; x_wconf 81' lang='lat' dir='ltr'><strong>sicut</strong></span> <span class='ocrx_word' id='word_1_89' title='bbox 829 1205 884 1251; x_wconf 89' lang='lat' dir='ltr'><strong>et</strong></span> <span class='ocrx_word' id='word_1_90' title='bbox 913 1197 1044 1266; x_wconf 84' lang='lat' dir='ltr'><strong>pulli</strong></span> <span class='ocrx_word' id='word_1_91' title='bbox 1072 1201 1219 1266; x_wconf 54' lang='lat' dir='ltr'><strong>ejus,</strong></span> <span class='ocrx_word' id='word_1_92' title='bbox 1253 1209 1310 1252; x_wconf 89' lang='lat' dir='ltr'><strong>ut</strong></span> <span class='ocrx_word' id='word_1_93' title='bbox 1337 1201 1796 1270; x_wconf 83' lang='lat' dir='ltr'><strong>quemadmodum</strong></span> 
     </span>
    </p>
   </div>
   <div class='ocr_carea' id='block_1_14' title="bbox 230 1292 1800 1366">
    <p class='ocr_par' dir='ltr' id='par_1_14' title="bbox 230 1292 1800 1366">
     <span class='ocr_line' id='line_1_14' title="bbox 230 1292 1800 1366; baseline 0.002 -18"><span class='ocrx_word' id='word_1_94' title='bbox 230 1292 452 1362; x_wconf 71' lang='lat' dir='ltr'><strong>superius</strong></span> <span class='ocrx_word' id='word_1_95' title='bbox 482 1292 734 1356; x_wconf 57' lang='lat' dir='ltr'><strong>leaenam,</strong></span> <span class='ocrx_word' id='word_1_96' title='bbox 781 1304 835 1349; x_wconf 85' lang='lat' dir='ltr'><strong>et</strong></span> <span class='ocrx_word' id='word_1_97' title='bbox 861 1295 1082 1349; x_wconf 86' lang='lat' dir='ltr'><strong>etulos</strong></span> <span class='ocrx_word' id='word_1_98' title='bbox 1119 1295 1240 1366; x_wconf 84' lang='lat' dir='ltr'><strong>ejus</strong></span> <span class='ocrx_word' id='word_1_99' title='bbox 1274 1297 1639 1352; x_wconf 83' lang='lat' dir='ltr'><strong>intelleximus</strong></span> <span class='ocrx_word' id='word_1_100' title='bbox 1681 1297 1800 1351; x_wconf 87' lang='lat' dir='ltr'><strong>dia-</strong></span> 
     </span>
    </p>
   </div>
   <div class='ocr_carea' id='block_1_15' title="bbox 228 1384 1799 1457">
    <p class='ocr_par' dir='ltr' id='par_1_15' title="bbox 228 1384 1799 1457">
     <span class='ocr_line' id='line_1_15' title="bbox 228 1384 1799 1457; baseline 0.004 -19"><span class='ocrx_word' id='word_1_101' title='bbox 228 1384 403 1448; x_wconf 86' lang='lat' dir='ltr'><strong>lolutn,</strong></span> <span class='ocrx_word' id='word_1_102' title='bbox 434 1392 489 1439; x_wconf 88' lang='lat' dir='ltr'><strong>et</strong></span> <span class='ocrx_word' id='word_1_103' title='bbox 520 1384 741 1440; x_wconf 84' lang='lat' dir='ltr'><strong>turbam</strong></span> <span class='ocrx_word' id='word_1_104' title='bbox 769 1386 1112 1457; x_wconf 87' lang='lat' dir='ltr'><strong>perditorum</strong></span> <span class='ocrx_word' id='word_1_105' title='bbox 1157 1389 1299 1457; x_wconf 83' lang='lat' dir='ltr'><strong>ejus,</strong></span> <span class='ocrx_word' id='word_1_106' title='bbox 1347 1390 1416 1443; x_wconf 89' lang='lat' dir='ltr'><strong>ita</strong></span> <span class='ocrx_word' id='word_1_107' title='bbox 1453 1399 1509 1446; x_wconf 90' lang='lat' dir='ltr'><strong>et</strong></span> <span class='ocrx_word' id='word_1_108' title='bbox 1557 1389 1645 1445; x_wconf 93' lang='lat' dir='ltr'><strong>hie</strong></span> <span class='ocrx_word' id='word_1_109' title='bbox 1683 1405 1799 1445; x_wconf 88' lang='lat' dir='ltr'><strong>cor-</strong></span> 
     </span>
    </p>
   </div>
   <div class='ocr_carea' id='block_1_16' title="bbox 227 1478 1807 1554">
    <p class='ocr_par' dir='ltr' id='par_1_16' title="bbox 227 1478 1807 1554">
     <span class='ocr_line' id='line_1_16' title="bbox 227 1478 1807 1554; baseline 0.005 -23"><span class='ocrx_word' id='word_1_110' title='bbox 227 1494 332 1533; x_wconf 85' lang='lat' dir='ltr'><strong>vum</strong></span> <span class='ocrx_word' id='word_1_111' title='bbox 355 1478 602 1534; x_wconf 89' lang='lat' dir='ltr'><strong>cumdem</strong></span> <span class='ocrx_word' id='word_1_112' title='bbox 653 1496 778 1535; x_wconf 87' lang='lat' dir='ltr'><strong>eum</strong></span> <span class='ocrx_word' id='word_1_113' title='bbox 831 1482 994 1550; x_wconf 87' lang='lat' dir='ltr'><strong>pullis</strong></span> <span class='ocrx_word' id='word_1_114' title='bbox 1032 1481 1152 1551; x_wconf 88' lang='lat' dir='ltr'><strong>ejus</strong></span> <span class='ocrx_word' id='word_1_115' title='bbox 1203 1483 1592 1554; x_wconf 77' lang='lat' dir='ltr'><strong>intelligamus.</strong></span> <span class='ocrx_word' id='word_1_116' title='bbox 1637 1485 1807 1554; x_wconf 86' lang='lat' dir='ltr'><strong>Quod.</strong></span> 
     </span>
    </p>
   </div>
   <div class='ocr_carea' id='block_1_17' title="bbox 225 1571 1792 1649">
    <p class='ocr_par' dir='ltr' id='par_1_17' title="bbox 225 1571 1792 1649">
     <span class='ocr_line' id='line_1_17' title="bbox 225 1571 1792 1649; baseline 0.005 -23"><span class='ocrx_word' id='word_1_117' title='bbox 225 1586 331 1642; x_wconf 86' lang='lat' dir='ltr'><strong>ergo</strong></span> <span class='ocrx_word' id='word_1_118' title='bbox 367 1571 562 1628; x_wconf 82' lang='lat' dir='ltr'><strong>dicitur</strong></span> <span class='ocrx_word' id='word_1_119' title='bbox 610 1583 890 1644; x_wconf 84' lang='lat' dir='ltr'><strong>vagantes,</strong></span> <span class='ocrx_word' id='word_1_120' title='bbox 935 1574 1202 1630; x_wconf 83' lang='lat' dir='ltr'><strong>indicatur</strong></span> <span class='ocrx_word' id='word_1_121' title='bbox 1248 1578 1351 1631; x_wconf 87' lang='lat' dir='ltr'><strong>hoc</strong></span> <span class='ocrx_word' id='word_1_122' title='bbox 1392 1579 1594 1645; x_wconf 90' lang='lat' dir='ltr'><strong>verbo,</strong></span> <span class='ocrx_word' id='word_1_123' title='bbox 1649 1579 1792 1649; x_wconf 89' lang='lat' dir='ltr'><strong>quod</strong></span> 
     </span>
    </p>
   </div>
   <div class='ocr_carea' id='block_1_18' title="bbox 223 1665 1794 1740">
    <p class='ocr_par' dir='ltr' id='par_1_18' title="bbox 223 1665 1794 1740">
     <span class='ocr_line' id='line_1_18' title="bbox 223 1665 1794 1740; baseline 0.009 -26"><span class='ocrx_word' id='word_1_124' title='bbox 223 1665 350 1735; x_wconf 85' lang='lat' dir='ltr'><strong>quasi</strong></span> <span class='ocrx_word' id='word_1_125' title='bbox 374 1665 659 1733; x_wconf 82' lang='lat' dir='ltr'><strong>quamdam</strong></span> <span class='ocrx_word' id='word_1_126' title='bbox 710 1667 866 1722; x_wconf 81' lang='lat' dir='ltr'><strong>lamis</strong></span> <span class='ocrx_word' id='word_1_127' title='bbox 894 1667 1099 1723; x_wconf 89' lang='lat' dir='ltr'><strong>rabiem</strong></span> <span class='ocrx_word' id='word_1_128' title='bbox 1132 1672 1410 1740; x_wconf 85' lang='lat' dir='ltr'><strong>patiantur</strong></span> <span class='ocrx_word' id='word_1_129' title='bbox 1443 1674 1586 1728; x_wconf 89' lang='lat' dir='ltr'><strong>circa</strong></span> <span class='ocrx_word' id='word_1_130' title='bbox 1615 1673 1794 1728; x_wconf 90' lang='lat' dir='ltr'><strong>homi-</strong></span> 
     </span>
    </p>
   </div>
   <div class='ocr_carea' id='block_1_19' title="bbox 1911 449 3518 524">
    <p class='ocr_par' dir='ltr' id='par_1_19' title="bbox 1911 449 3518 524">
     <span class='ocr_line' id='line_1_19' title="bbox 1911 449 3518 524; baseline -0.002 -18"><span class='ocrx_word' id='word_1_131' title='bbox 1911 453 2159 520; x_wconf 88' lang='lat' dir='ltr'><strong>credere,</strong></span> <span class='ocrx_word' id='word_1_132' title='bbox 2191 451 2292 509; x_wconf 87' lang='lat' dir='ltr'><strong>nisi</strong></span> <span class='ocrx_word' id='word_1_133' title='bbox 2323 455 2440 524; x_wconf 88' lang='lat' dir='ltr'><strong>ipse</strong></span> <span class='ocrx_word' id='word_1_134' title='bbox 2465 454 2520 508; x_wconf 91' lang='lat' dir='ltr'><strong>in</strong></span> <span class='ocrx_word' id='word_1_135' title='bbox 2552 468 2614 508; x_wconf 88' lang='lat' dir='ltr'><strong>se</strong></span> <span class='ocrx_word' id='word_1_136' title='bbox 2643 451 2918 522; x_wconf 79' lang='lat' dir='ltr'><strong>serpentis</strong></span> <span class='ocrx_word' id='word_1_137' title='bbox 2953 449 3368 505; x_wconf 78' lang='lat' dir='ltr'><strong>similitudinem</strong></span> <span class='ocrx_word' id='word_1_138' title='bbox 3397 466 3518 506; x_wconf 83' lang='lat' dir='ltr'><strong>ver.-</strong></span> 
     </span>
    </p>
   </div>
   <div class='ocr_carea' id='block_1_20' title="bbox 1909 542 3517 620">
    <p class='ocr_par' dir='ltr' id='par_1_20' title="bbox 1909 542 3517 620">
     <span class='ocr_line' id='line_1_20' title="bbox 1909 542 3517 620; baseline -0.001 -18"><span class='ocrx_word' id='word_1_139' title='bbox 1909 547 1992 602; x_wconf 89' lang='lat' dir='ltr'><strong>bis</strong></span> <span class='ocrx_word' id='word_1_140' title='bbox 2045 548 2277 618; x_wconf 87' lang='lat' dir='ltr'><strong>propriis</strong></span> <span class='ocrx_word' id='word_1_141' title='bbox 2321 548 2720 620; x_wconf 79' lang='lat' dir='ltr'><strong>expressisset,</strong></span> <span class='ocrx_word' id='word_1_142' title='bbox 2779 546 2968 602; x_wconf 88' lang='lat' dir='ltr'><strong>dicens</strong></span> <span class='ocrx_word' id='word_1_143' title='bbox 3020 561 3034 598; x_wconf 90' lang='lat'><strong>:</strong></span> <span class='ocrx_word' id='word_1_144' title='bbox 3098 543 3249 600; x_wconf 89' lang='lat' dir='ltr'><strong>Sicut</strong></span> <span class='ocrx_word' id='word_1_145' title='bbox 3306 542 3517 616; x_wconf 68' lang='lat' dir='ltr'><strong>Moyses</strong></span> 
     </span>
    </p>
   </div>
   <div class='ocr_carea' id='block_1_21' title="bbox 1909 637 3512 707">
    <p class='ocr_par' dir='ltr' id='par_1_21' title="bbox 1909 637 3512 707">
     <span class='ocr_line' id='line_1_21' title="bbox 1909 637 3512 707; baseline -0.001 -14"><span class='ocrx_word' id='word_1_146' title='bbox 1909 639 2153 695; x_wconf 70' lang='lat' dir='ltr'><strong>exultavit</strong></span> <span class='ocrx_word' id='word_1_147' title='bbox 2199 653 2484 704; x_wconf 72' lang='lat' dir='ltr'><strong>serpentem</strong></span> <span class='ocrx_word' id='word_1_148' title='bbox 2529 642 2583 694; x_wconf 90' lang='lat' dir='ltr'><strong>in</strong></span> <span class='ocrx_word' id='word_1_149' title='bbox 2639 639 2876 704; x_wconf 82' lang='lat' dir='ltr'><strong>deserto,</strong></span> <span class='ocrx_word' id='word_1_150' title='bbox 2925 639 3002 691; x_wconf 89' lang='lat' dir='ltr'><strong>ita</strong></span> <span class='ocrx_word' id='word_1_151' title='bbox 3043 637 3265 692; x_wconf 70' lang='lat' dir='ltr'><strong>exaltari</strong></span> <span class='ocrx_word' id='word_1_152' title='bbox 3307 645 3512 707; x_wconf 78' lang='lat' dir='ltr'><strong>Oportet</strong></span> 
     </span>
    </p>
   </div>
   <div class='ocr_carea' id='block_1_22' title="bbox 1907 731 3512 805">
    <p class='ocr_par' dir='ltr' id='par_1_22' title="bbox 1907 731 3512 805">
     <span class='ocr_line' id='line_1_22' title="bbox 1907 731 3512 805; baseline 0 -19"><span class='ocrx_word' id='word_1_153' title='bbox 1907 734 2073 800; x_wconf 85' lang='lat' dir='ltr'><strong>ﬁlium</strong></span> <span class='ocrx_word' id='word_1_154' title='bbox 2097 735 2355 790; x_wconf 75' lang='lat' dir='ltr'><strong>hominis:</strong></span> <span class='ocrx_word' id='word_1_155' title='bbox 2386 743 2442 791; x_wconf 89' lang='lat' dir='ltr'><strong>et</strong></span> <span class='ocrx_word' id='word_1_156' title='bbox 2463 734 2760 805; x_wconf 85' lang='lat' dir='ltr'><strong>discipulos</strong></span> <span class='ocrx_word' id='word_1_157' title='bbox 2789 733 2925 789; x_wconf 82' lang='lat' dir='ltr'><strong>tales</strong></span> <span class='ocrx_word' id='word_1_158' title='bbox 2954 731 3236 788; x_wconf 81' lang='lat' dir='ltr'><strong>admonuit</strong></span> <span class='ocrx_word' id='word_1_159' title='bbox 3271 745 3394 788; x_wconf 87' lang='lat' dir='ltr'><strong>esse</strong></span> <span class='ocrx_word' id='word_1_160' title='bbox 3424 731 3512 786; x_wconf 88' lang='lat' dir='ltr'><strong>di-</strong></span> 
     </span>
    </p>
   </div>
   <div class='ocr_carea' id='block_1_23' title="bbox 1906 825 3511 900">
    <p class='ocr_par' dir='ltr' id='par_1_23' title="bbox 1906 825 3511 900">
     <span class='ocr_line' id='line_1_23' title="bbox 1906 825 3511 900; baseline 0 -20"><span class='ocrx_word' id='word_1_161' title='bbox 1906 841 2038 880; x_wconf 88' lang='lat' dir='ltr'><strong>cens</strong></span> <span class='ocrx_word' id='word_1_162' title='bbox 2071 846 2081 880; x_wconf 94' lang='lat'>:</span> <span class='ocrx_word' id='word_1_163' title='bbox 2119 827 2296 882; x_wconf 86' lang='lat' dir='ltr'><strong>Estote</strong></span> <span class='ocrx_word' id='word_1_164' title='bbox 2319 829 2474 882; x_wconf 83' lang='lat' dir='ltr'><strong>astuti</strong></span> <span class='ocrx_word' id='word_1_165' title='bbox 2514 837 2569 882; x_wconf 89' lang='lat' dir='ltr'><strong>ut</strong></span> <span class='ocrx_word' id='word_1_166' title='bbox 2602 837 2880 900; x_wconf 81' lang='lat' dir='ltr'><strong>serpentes.</strong></span> <span class='ocrx_word' id='word_1_167' title='bbox 2933 827 3002 881; x_wconf 85' lang='lat' dir='ltr'><strong>Et.</strong></span> <span class='ocrx_word' id='word_1_168' title='bbox 3031 841 3292 896; x_wconf 84' lang='lat' dir='ltr'><strong>serpens,</strong></span> <span class='ocrx_word' id='word_1_169' title='bbox 3323 825 3376 880; x_wconf 89' lang='lat' dir='ltr'><strong>id</strong></span> <span class='ocrx_word' id='word_1_170' title='bbox 3405 832 3511 893; x_wconf 88' lang='lat' dir='ltr'><strong>est,</strong></span> 
     </span>
    </p>
   </div>
   <div class='ocr_carea' id='block_1_24' title="bbox 1905 920 3510 990">
    <p class='ocr_par' dir='ltr' id='par_1_24' title="bbox 1905 920 3510 990">
     <span class='ocr_line' id='line_1_24' title="bbox 1905 920 3510 990; baseline 0 -15"><span class='ocrx_word' id='word_1_171' title='bbox 1905 920 2155 977; x_wconf 85' lang='lat' dir='ltr'><strong>diabolus</strong></span> <span class='ocrx_word' id='word_1_172' title='bbox 2197 921 2522 978; x_wconf 87' lang='lat' dir='ltr'><strong>maledictus</strong></span> <span class='ocrx_word' id='word_1_173' title='bbox 2567 937 2594 975; x_wconf 91' lang='lat' dir='ltr'><strong>a</strong></span> <span class='ocrx_word' id='word_1_174' title='bbox 2645 921 2760 976; x_wconf 89' lang='lat' dir='ltr'><strong>Deo</strong></span> <span class='ocrx_word' id='word_1_175' title='bbox 2791 929 2909 986; x_wconf 86' lang='lat' dir='ltr'><strong>est,</strong></span> <span class='ocrx_word' id='word_1_176' title='bbox 2949 935 3014 975; x_wconf 91' lang='lat' dir='ltr'><strong>co</strong></span> <span class='ocrx_word' id='word_1_177' title='bbox 3044 920 3188 990; x_wconf 91' lang='lat' dir='ltr'><strong>quod</strong></span> <span class='ocrx_word' id='word_1_178' title='bbox 3224 920 3392 981; x_wconf 84' lang='lat' dir='ltr'><strong>Evam</strong></span> <span class='ocrx_word' id='word_1_179' title='bbox 3418 935 3510 976; x_wconf 86' lang='lat' dir='ltr'><strong>se-</strong></span> 
     </span>
    </p>
   </div>
   <div class='ocr_carea' id='block_1_25' title="bbox 1903 1012 3511 1084">
    <p class='ocr_par' dir='ltr' id='par_1_25' title="bbox 1903 1012 3511 1084">
     <span class='ocr_line' id='line_1_25' title="bbox 1903 1012 3511 1084; baseline 0.001 -15"><span class='ocrx_word' id='word_1_180' title='bbox 1903 1015 2058 1070; x_wconf 82' lang='lat' dir='ltr'><strong>duxit</strong></span> <span class='ocrx_word' id='word_1_181' title='bbox 2088 1016 2288 1071; x_wconf 80' lang='lat' dir='ltr'><strong>astutia</strong></span> <span class='ocrx_word' id='word_1_182' title='bbox 2326 1035 2337 1068; x_wconf 91' lang='lat'><strong>:</strong></span> <span class='ocrx_word' id='word_1_183' title='bbox 2372 1027 2426 1069; x_wconf 90' lang='lat' dir='ltr'><strong>et</strong></span> <span class='ocrx_word' id='word_1_184' title='bbox 2467 1016 2716 1071; x_wconf 79' lang='lat' dir='ltr'><strong>Christus</strong></span> <span class='ocrx_word' id='word_1_185' title='bbox 2748 1014 3076 1070; x_wconf 87' lang='lat' dir='ltr'><strong>maledictus</strong></span> <span class='ocrx_word' id='word_1_186' title='bbox 3106 1014 3307 1069; x_wconf 89' lang='lat' dir='ltr'><strong>dicitur</strong></span> <span class='ocrx_word' id='word_1_187' title='bbox 3335 1031 3348 1066; x_wconf 89' lang='lat'>:</span> <span class='ocrx_word' id='word_1_188' title='bbox 3381 1012 3511 1084; x_wconf 85' lang='lat' dir='ltr'><strong>quia</strong></span> 
     </span>
    </p>
   </div>
   <div class='ocr_carea' id='block_1_26' title="bbox 1904 1106 3504 1179">
    <p class='ocr_par' dir='ltr' id='par_1_26' title="bbox 1904 1106 3504 1179">
     <span class='ocr_line' id='line_1_26' title="bbox 1904 1106 3504 1179; baseline -0.003 -15"><span class='ocrx_word' id='word_1_189' title='bbox 1904 1111 2223 1166; x_wconf 86' lang='lat' dir='ltr'><strong>Inaledictus</strong></span> <span class='ocrx_word' id='word_1_190' title='bbox 2284 1110 2462 1164; x_wconf 66' lang='lat' dir='ltr'><strong>omnis</strong></span> <span class='ocrx_word' id='word_1_191' title='bbox 2530 1110 2620 1179; x_wconf 88' lang='lat' dir='ltr'><strong>qui</strong></span> <span class='ocrx_word' id='word_1_192' title='bbox 2688 1109 2892 1179; x_wconf 89' lang='lat' dir='ltr'><strong>pendet</strong></span> <span class='ocrx_word' id='word_1_193' title='bbox 2937 1109 2990 1162; x_wconf 90' lang='lat' dir='ltr'><strong>in</strong></span> <span class='ocrx_word' id='word_1_194' title='bbox 3044 1107 3215 1178; x_wconf 89' lang='lat' dir='ltr'><strong>ligno.</strong></span> <span class='ocrx_word' id='word_1_195' title='bbox 3276 1106 3504 1162; x_wconf 83' lang='lat' dir='ltr'><strong>Maledi-</strong></span> 
     </span>
    </p>
   </div>
   <div class='ocr_carea' id='block_1_27' title="bbox 1902 1199 3504 1275">
    <p class='ocr_par' dir='ltr' id='par_1_27' title="bbox 1902 1199 3504 1275">
     <span class='ocr_line' id='line_1_27' title="bbox 1902 1199 3504 1275; baseline -0.005 -15"><span class='ocrx_word' id='word_1_196' title='bbox 1902 1215 2049 1260; x_wconf 76' lang='lat' dir='ltr'><strong>Ctttm</strong></span> <span class='ocrx_word' id='word_1_197' title='bbox 2099 1205 2303 1275; x_wconf 89' lang='lat' dir='ltr'><strong>quippe</strong></span> <span class='ocrx_word' id='word_1_198' title='bbox 2363 1203 2600 1258; x_wconf 89' lang='lat' dir='ltr'><strong>hominis</strong></span> <span class='ocrx_word' id='word_1_199' title='bbox 2659 1204 2710 1256; x_wconf 93' lang='lat' dir='ltr'><strong>in</strong></span> <span class='ocrx_word' id='word_1_200' title='bbox 2755 1217 2814 1255; x_wconf 89' lang='lat' dir='ltr'><strong>se</strong></span> <span class='ocrx_word' id='word_1_201' title='bbox 2864 1200 3235 1270; x_wconf 83' lang='lat' dir='ltr'><strong>suscipiendo,</strong></span> <span class='ocrx_word' id='word_1_202' title='bbox 3293 1199 3346 1254; x_wconf 89' lang='lat' dir='ltr'><strong>id</strong></span> <span class='ocrx_word' id='word_1_203' title='bbox 3395 1208 3504 1266; x_wconf 89' lang='lat' dir='ltr'><strong>est,</strong></span> 
     </span>
    </p>
   </div>
   <div class='ocr_carea' id='block_1_28' title="bbox 1899 1296 3508 1369">
    <p class='ocr_par' dir='ltr' id='par_1_28' title="bbox 1899 1296 3508 1369">
     <span class='ocr_line' id='line_1_28' title="bbox 1899 1296 3508 1369; baseline -0.002 -17"><span class='ocrx_word' id='word_1_204' title='bbox 1899 1313 2018 1352; x_wconf 89' lang='lat' dir='ltr'><strong>eam</strong></span> <span class='ocrx_word' id='word_1_205' title='bbox 2042 1315 2163 1369; x_wconf 67' lang='lat' dir='ltr'><strong>quia</strong></span> <span class='ocrx_word' id='word_1_206' title='bbox 2194 1315 2261 1353; x_wconf 88' lang='lat' dir='ltr'><strong>ex</strong></span> <span class='ocrx_word' id='word_1_207' title='bbox 2309 1298 2576 1352; x_wconf 72' lang='lat' dir='ltr'><strong>sententia</strong></span> <span class='ocrx_word' id='word_1_208' title='bbox 2607 1296 2702 1350; x_wconf 90' lang='lat' dir='ltr'><strong>Dei</strong></span> <span class='ocrx_word' id='word_1_209' title='bbox 2746 1304 2971 1351; x_wconf 79' lang='lat' dir='ltr'><strong>venerat</strong></span> <span class='ocrx_word' id='word_1_210' title='bbox 3001 1309 3256 1359; x_wconf 88' lang='lat' dir='ltr'><strong>mortem,</strong></span> <span class='ocrx_word' id='word_1_211' title='bbox 3290 1302 3349 1348; x_wconf 89' lang='lat' dir='ltr'><strong>ut</strong></span> <span class='ocrx_word' id='word_1_212' title='bbox 3389 1308 3508 1348; x_wconf 83' lang='lat' dir='ltr'><strong>ina-</strong></span> 
     </span>
    </p>
   </div>
   <div class='ocr_carea' id='block_1_29' title="bbox 1901 1387 3504 1460">
    <p class='ocr_par' dir='ltr' id='par_1_29' title="bbox 1901 1387 3504 1460">
     <span class='ocr_line' id='line_1_29' title="bbox 1901 1387 3504 1460; baseline -0.003 -14"><span class='ocrx_word' id='word_1_213' title='bbox 1901 1392 2157 1446; x_wconf 75' lang='lat' dir='ltr'><strong>lrdictum</strong></span> <span class='ocrx_word' id='word_1_214' title='bbox 2187 1391 2473 1460; x_wconf 62' lang='lat' dir='ltr'><strong>sustiendit</strong></span> <span class='ocrx_word' id='word_1_215' title='bbox 2506 1391 2556 1444; x_wconf 90' lang='lat' dir='ltr'><strong>in</strong></span> <span class='ocrx_word' id='word_1_216' title='bbox 2591 1391 2756 1460; x_wconf 90' lang='lat' dir='ltr'><strong>ligno,</strong></span> <span class='ocrx_word' id='word_1_217' title='bbox 2807 1399 2862 1444; x_wconf 91' lang='lat' dir='ltr'><strong>et</strong></span> <span class='ocrx_word' id='word_1_218' title='bbox 2913 1388 3040 1444; x_wconf 90' lang='lat' dir='ltr'><strong>inde</strong></span> <span class='ocrx_word' id='word_1_219' title='bbox 3087 1397 3172 1443; x_wconf 80' lang='lat' dir='ltr'><strong>est</strong></span> <span class='ocrx_word' id='word_1_220' title='bbox 3214 1387 3356 1458; x_wconf 89' lang='lat' dir='ltr'><strong>quod</strong></span> <span class='ocrx_word' id='word_1_221' title='bbox 3404 1401 3504 1456; x_wconf 90' lang='lat' dir='ltr'><strong>pro</strong></span> 
     </span>
    </p>
   </div>
   <div class='ocr_carea' id='block_1_30' title="bbox 1899 1479 3502 1549">
    <p class='ocr_par' dir='ltr' id='par_1_30' title="bbox 1899 1479 3502 1549">
     <span class='ocr_line' id='line_1_30' title="bbox 1899 1479 3502 1549; baseline -0.002 -11"><span class='ocrx_word' id='word_1_222' title='bbox 1899 1483 2052 1538; x_wconf 84' lang='lat' dir='ltr'><strong>nobis</strong></span> <span class='ocrx_word' id='word_1_223' title='bbox 2079 1483 2331 1538; x_wconf 84' lang='lat' dir='ltr'><strong>Christus</strong></span> <span class='ocrx_word' id='word_1_224' title='bbox 2362 1482 2538 1537; x_wconf 80' lang='lat' dir='ltr'><strong>iactus</strong></span> <span class='ocrx_word' id='word_1_225' title='bbox 2565 1491 2647 1537; x_wconf 89' lang='lat' dir='ltr'><strong>est</strong></span> <span class='ocrx_word' id='word_1_226' title='bbox 2678 1481 3048 1536; x_wconf 86' lang='lat' dir='ltr'><strong>maledictum.</strong></span> <span class='ocrx_word' id='word_1_227' title='bbox 3096 1479 3221 1536; x_wconf 70' lang='grc' dir='ltr'><strong>Ηιιιο</strong></span> <span class='ocrx_word' id='word_1_228' title='bbox 3250 1480 3502 1549; x_wconf 84' lang='lat' dir='ltr'><strong>exempla</strong></span> 
     </span>
    </p>
   </div>
   <div class='ocr_carea' id='block_1_31' title="bbox 1900 1575 3505 1646">
    <p class='ocr_par' dir='ltr' id='par_1_31' title="bbox 1900 1575 3505 1646">
     <span class='ocr_line' id='line_1_31' title="bbox 1900 1575 3505 1646; baseline -0.001 -15"><span class='ocrx_word' id='word_1_229' title='bbox 1900 1576 2246 1646; x_wconf 86' lang='lat' dir='ltr'><strong>protulimus,</strong></span> <span class='ocrx_word' id='word_1_230' title='bbox 2278 1587 2335 1630; x_wconf 92' lang='lat' dir='ltr'><strong>ut</strong></span> <span class='ocrx_word' id='word_1_231' title='bbox 2364 1575 2607 1632; x_wconf 84' lang='lat' dir='ltr'><strong>ﬁrmetur</strong></span> <span class='ocrx_word' id='word_1_232' title='bbox 2635 1589 2829 1634; x_wconf 84' lang='lat' dir='ltr'><strong>sensus</strong></span> <span class='ocrx_word' id='word_1_233' title='bbox 2872 1589 3032 1644; x_wconf 87' lang='lat' dir='ltr'><strong>supra</strong></span> <span class='ocrx_word' id='word_1_234' title='bbox 3080 1575 3330 1646; x_wconf 86' lang='lat' dir='ltr'><strong>prolatus</strong></span> <span class='ocrx_word' id='word_1_235' title='bbox 3367 1592 3378 1627; x_wconf 92' lang='lat'>:</span> <span class='ocrx_word' id='word_1_236' title='bbox 3414 1588 3505 1630; x_wconf 82' lang='lat' dir='ltr'><strong>se—</strong></span> 
     </span>
    </p>
   </div>
   <div class='ocr_carea' id='block_1_32' title="bbox 1896 1665 3506 1740">
    <p class='ocr_par' dir='ltr' id='par_1_32' title="bbox 1896 1665 3506 1740">
     <span class='ocr_line' id='line_1_32' title="bbox 1896 1665 3506 1740; baseline -0.001 -21"><span class='ocrx_word' id='word_1_237' title='bbox 1896 1670 2110 1740; x_wconf 83' lang='lat' dir='ltr'><strong>quentia</strong></span> <span class='ocrx_word' id='word_1_238' title='bbox 2143 1670 2443 1726; x_wconf 73' lang='lat' dir='ltr'><strong>videamus.</strong></span> <span class='ocrx_word' id='word_1_239' title='bbox 2476 1668 2629 1726; x_wconf 86' lang='lat' dir='ltr'><strong>Nunc</strong></span> <span class='ocrx_word' id='word_1_240' title='bbox 2657 1668 2827 1738; x_wconf 78' lang='lat' dir='ltr'><strong>igitur</strong></span> <span class='ocrx_word' id='word_1_241' title='bbox 2855 1665 3074 1724; x_wconf 85' lang='lat' dir='ltr'><strong>Christo</strong></span> <span class='ocrx_word' id='word_1_242' title='bbox 3115 1681 3282 1722; x_wconf 91' lang='lat' dir='ltr'><strong>corvo</strong></span> <span class='ocrx_word' id='word_1_243' title='bbox 3313 1668 3506 1734; x_wconf 83' lang='lat' dir='ltr'><strong>liguru-</strong></span> 
     </span>
    </p>
   </div>
   <div class='ocr_carea' id='block_1_33' title="bbox 223 1759 3500 1834">
    <p class='ocr_par' dir='ltr' id='par_1_33' title="bbox 223 1759 3500 1834">
     <span class='ocr_line' id='line_1_33' title="bbox 223 1759 3500 1834; baseline 0.002 -26"><span class='ocrx_word' id='word_1_244' title='bbox 223 1772 326 1813; x_wconf 78' lang='lat' dir='ltr'><strong>num</strong></span> <span class='ocrx_word' id='word_1_245' title='bbox 349 1771 533 1827; x_wconf 87' lang='lat' dir='ltr'><strong>genus,</strong></span> <span class='ocrx_word' id='word_1_246' title='bbox 569 1767 628 1814; x_wconf 90' lang='lat' dir='ltr'><strong>ut</strong></span> <span class='ocrx_word' id='word_1_247' title='bbox 659 1759 1020 1829; x_wconf 80' lang='lat' dir='ltr'><strong>perditionem</strong></span> <span class='ocrx_word' id='word_1_248' title='bbox 1055 1762 1319 1832; x_wconf 81' lang='lat' dir='ltr'><strong>partionis</strong></span> <span class='ocrx_word' id='word_1_249' title='bbox 1347 1765 1463 1834; x_wconf 86' lang='lat' dir='ltr'><strong>ejus</strong></span> <span class='ocrx_word' id='word_1_250' title='bbox 1485 1807 1499 1831; x_wconf 93' lang='lat'><strong>,</strong></span> <span class='ocrx_word' id='word_1_251' title='bbox 1534 1767 1685 1822; x_wconf 86' lang='lat' dir='ltr'><strong>velut</strong></span> <span class='ocrx_word' id='word_1_252' title='bbox 1710 1770 1790 1821; x_wconf 75' lang='lat' dir='ltr'><strong>ci.-</strong></span> <span class='ocrx_word' id='word_1_253' title='bbox 1823 1764 1866 1823; x_wconf 78' lang='lat' dir='ltr'><strong>B</strong></span> <span class='ocrx_word' id='word_1_254' title='bbox 1895 1762 2016 1818; x_wconf 81' lang='lat' dir='ltr'><strong>liter</strong></span> <span class='ocrx_word' id='word_1_255' title='bbox 2045 1762 2214 1831; x_wconf 73' lang='lat' dir='ltr'><strong>dicto,</strong></span> <span class='ocrx_word' id='word_1_256' title='bbox 2264 1773 2415 1832; x_wconf 88' lang='lat' dir='ltr'><strong>pater</strong></span> <span class='ocrx_word' id='word_1_257' title='bbox 2445 1770 2713 1832; x_wconf 70' lang='lat' dir='ltr'><strong>praeparat</strong></span> <span class='ocrx_word' id='word_1_258' title='bbox 2739 1775 2944 1824; x_wconf 81' lang='lat' dir='ltr'><strong>escam,</strong></span> <span class='ocrx_word' id='word_1_259' title='bbox 2994 1776 3115 1814; x_wconf 77' lang='lat' dir='ltr'><strong>cum</strong></span> <span class='ocrx_word' id='word_1_260' title='bbox 3147 1761 3195 1814; x_wconf 88' lang='lat' dir='ltr'><strong>ei</strong></span> <span class='ocrx_word' id='word_1_261' title='bbox 3224 1776 3292 1815; x_wconf 84' lang='lat' dir='ltr'><strong>ex</strong></span> <span class='ocrx_word' id='word_1_262' title='bbox 3323 1759 3500 1830; x_wconf 87' lang='lat' dir='ltr'><strong>genti-</strong></span> 
     </span>
    </p>
   </div>
   <div class='ocr_carea' id='block_1_34' title="bbox 222 1848 1784 1927">
    <p class='ocr_par' dir='ltr' id='par_1_34' title="bbox 222 1848 1784 1927">
     <span class='ocr_line' id='line_1_34' title="bbox 222 1848 1784 1927; baseline 0.007 -21"><span class='ocrx_word' id='word_1_263' title='bbox 222 1848 326 1906; x_wconf 86' lang='lat' dir='ltr'><strong>bum</strong></span> <span class='ocrx_word' id='word_1_264' title='bbox 365 1861 601 1920; x_wconf 72' lang='lat' dir='ltr'><strong>suntsnt,</strong></span> <span class='ocrx_word' id='word_1_265' title='bbox 648 1865 706 1909; x_wconf 90' lang='lat' dir='ltr'><strong>et</strong></span> <span class='ocrx_word' id='word_1_266' title='bbox 743 1854 869 1910; x_wconf 88' lang='lat' dir='ltr'><strong>ideo</strong></span> <span class='ocrx_word' id='word_1_267' title='bbox 912 1866 1166 1927; x_wconf 75' lang='lat' dir='ltr'><strong>satagere</strong></span> <span class='ocrx_word' id='word_1_268' title='bbox 1209 1859 1461 1916; x_wconf 83' lang='lat' dir='ltr'><strong>videnlur</strong></span> <span class='ocrx_word' id='word_1_269' title='bbox 1507 1863 1654 1916; x_wconf 90' lang='lat' dir='ltr'><strong>omni</strong></span> <span class='ocrx_word' id='word_1_270' title='bbox 1707 1865 1784 1918; x_wconf 85' lang='lat' dir='ltr'><strong>in-</strong></span> 
     </span>
    </p>
   </div>
   <div class='ocr_carea' id='block_1_35' title="bbox 220 1945 1783 2027">
    <p class='ocr_par' dir='ltr' id='par_1_35' title="bbox 220 1945 1783 2027">
     <span class='ocr_line' id='line_1_35' title="bbox 220 1945 1783 2027; baseline 0.011 -29"><span class='ocrx_word' id='word_1_271' title='bbox 220 1945 409 2015; x_wconf 86' lang='lat' dir='ltr'><strong>stantia,</strong></span> <span class='ocrx_word' id='word_1_272' title='bbox 453 1948 634 2003; x_wconf 80' lang='lat' dir='ltr'><strong>donec</strong></span> <span class='ocrx_word' id='word_1_273' title='bbox 679 1949 744 2004; x_wconf 90' lang='lat' dir='ltr'><strong>ad</strong></span> <span class='ocrx_word' id='word_1_274' title='bbox 773 1949 1023 2006; x_wconf 70' lang='lat' dir='ltr'><strong>effectum</strong></span> <span class='ocrx_word' id='word_1_275' title='bbox 1055 1961 1301 2007; x_wconf 85' lang='lat' dir='ltr'><strong>votorum</strong></span> <span class='ocrx_word' id='word_1_276' title='bbox 1331 1971 1551 2010; x_wconf 85' lang='lat' dir='ltr'><strong>suorum</strong></span> <span class='ocrx_word' id='word_1_277' title='bbox 1587 1973 1783 2027; x_wconf 86' lang='lat' dir='ltr'><strong>perve-</strong></span> 
     </span>
    </p>
   </div>
   <div class='ocr_carea' id='block_1_36' title="bbox 219 2036 1788 2118">
    <p class='ocr_par' dir='ltr' id='par_1_36' title="bbox 219 2036 1788 2118">
     <span class='ocr_line' id='line_1_36' title="bbox 219 2036 1788 2118; baseline 0.01 -29"><span class='ocrx_word' id='word_1_278' title='bbox 219 2036 368 2104; x_wconf 82' lang='lat' dir='ltr'><strong>niant,</strong></span> <span class='ocrx_word' id='word_1_279' title='bbox 392 2038 536 2094; x_wconf 85' lang='lat' dir='ltr'><strong>sicut</strong></span> <span class='ocrx_word' id='word_1_280' title='bbox 563 2039 873 2098; x_wconf 80' lang='lat' dir='ltr'><strong>audivimus</strong></span> <span class='ocrx_word' id='word_1_281' title='bbox 906 2041 1169 2112; x_wconf 89' lang='lat' dir='ltr'><strong>Spiritum</strong></span> <span class='ocrx_word' id='word_1_282' title='bbox 1199 2057 1472 2114; x_wconf 87' lang='lat' dir='ltr'><strong>sanctum,</strong></span> <span class='ocrx_word' id='word_1_283' title='bbox 1507 2064 1604 2118; x_wconf 84' lang='lat' dir='ltr'><strong>per</strong></span> <span class='ocrx_word' id='word_1_284' title='bbox 1632 2050 1788 2106; x_wconf 81' lang='lat' dir='ltr'><strong>Salo—</strong></span> 
     </span>
    </p>
   </div>
   <div class='ocr_carea' id='block_1_37' title="bbox 218 2134 1785 2212">
    <p class='ocr_par' dir='ltr' id='par_1_37' title="bbox 218 2134 1785 2212">
     <span class='ocr_line' id='line_1_37' title="bbox 218 2134 1785 2212; baseline 0.008 -26"><span class='ocrx_word' id='word_1_285' title='bbox 218 2146 405 2188; x_wconf 87' lang='lat' dir='ltr'><strong>mouem</strong></span> <span class='ocrx_word' id='word_1_286' title='bbox 434 2134 711 2191; x_wconf 82' lang='lat' dir='ltr'><strong>dicentem</strong></span> <span class='ocrx_word' id='word_1_287' title='bbox 757 2156 770 2192; x_wconf 93' lang='lat'><strong>:</strong></span> <span class='ocrx_word' id='word_1_288' title='bbox 822 2136 1050 2192; x_wconf 81' lang='lat' dir='ltr'><strong>Oculum</strong></span> <span class='ocrx_word' id='word_1_289' title='bbox 1097 2141 1401 2196; x_wconf 84' lang='lat' dir='ltr'><strong>irridentem</strong></span> <span class='ocrx_word' id='word_1_290' title='bbox 1451 2151 1682 2212; x_wconf 86' lang='lat' dir='ltr'><strong>patrem,</strong></span> <span class='ocrx_word' id='word_1_291' title='bbox 1735 2154 1785 2199; x_wconf 88' lang='lat' dir='ltr'><strong>et</strong></span> 
     </span>
    </p>
   </div>
   <div class='ocr_carea' id='block_1_38' title="bbox 217 2225 1787 2300">
    <p class='ocr_par' dir='ltr' id='par_1_38' title="bbox 217 2225 1787 2300">
     <span class='ocr_line' id='line_1_38' title="bbox 217 2225 1787 2300; baseline 0.009 -22"><span class='ocrx_word' id='word_1_292' title='bbox 217 2225 614 2283; x_wconf 76' lang='lat' dir='ltr'><strong>coruumeliosum</strong></span> <span class='ocrx_word' id='word_1_293' title='bbox 639 2233 890 2286; x_wconf 81' lang='lat' dir='ltr'><strong>senectuti</strong></span> <span class='ocrx_word' id='word_1_294' title='bbox 920 2234 1123 2298; x_wconf 82' lang='lat' dir='ltr'><strong>matris,</strong></span> <span class='ocrx_word' id='word_1_295' title='bbox 1148 2232 1402 2300; x_wconf 76' lang='lat' dir='ltr'><strong>e/Iodiant</strong></span> <span class='ocrx_word' id='word_1_296' title='bbox 1424 2253 1540 2290; x_wconf 87' lang='lat' dir='ltr'><strong>eum</strong></span> <span class='ocrx_word' id='word_1_297' title='bbox 1561 2238 1700 2292; x_wconf 79' lang='lat' dir='ltr'><strong>corvi</strong></span> <span class='ocrx_word' id='word_1_298' title='bbox 1721 2238 1787 2292; x_wconf 85' lang='lat' dir='ltr'><strong>de</strong></span> 
     </span>
    </p>
   </div>
   <div class='ocr_carea' id='block_1_39' title="bbox 218 2322 1783 2400">
    <p class='ocr_par' dir='ltr' id='par_1_39' title="bbox 218 2322 1783 2400">
     <span class='ocr_line' id='line_1_39' title="bbox 218 2322 1783 2400; baseline 0.008 -25"><span class='ocrx_word' id='word_1_299' title='bbox 218 2322 522 2392; x_wconf 73' lang='lat' dir='ltr'><strong>roarallibus,</strong></span> <span class='ocrx_word' id='word_1_300' title='bbox 561 2327 874 2381; x_wconf 75' lang='lat' dir='ltr'><strong>etdeeorent</strong></span> <span class='ocrx_word' id='word_1_301' title='bbox 903 2345 1018 2382; x_wconf 88' lang='lat' dir='ltr'><strong>eum</strong></span> <span class='ocrx_word' id='word_1_302' title='bbox 1048 2331 1181 2399; x_wconf 82' lang='lat' dir='ltr'><strong>pulli</strong></span> <span class='ocrx_word' id='word_1_303' title='bbox 1224 2332 1544 2400; x_wconf 84' lang='lat' dir='ltr'><strong>aquilarum.</strong></span> <span class='ocrx_word' id='word_1_304' title='bbox 1587 2332 1783 2387; x_wconf 87' lang='lat' dir='ltr'><strong>Possu-</strong></span> 
     </span>
    </p>
   </div>
   <div class='ocr_carea' id='block_1_40' title="bbox 218 2419 1786 2490">
    <p class='ocr_par' dir='ltr' id='par_1_40' title="bbox 218 2419 1786 2490">
     <span class='ocr_line' id='line_1_40' title="bbox 218 2419 1786 2490; baseline 0.01 -23"><span class='ocrx_word' id='word_1_305' title='bbox 218 2431 314 2472; x_wconf 86' lang='lat' dir='ltr'><strong>tuus</strong></span> <span class='ocrx_word' id='word_1_306' title='bbox 338 2425 390 2472; x_wconf 85' lang='lat' dir='ltr'><strong>et</strong></span> <span class='ocrx_word' id='word_1_307' title='bbox 415 2419 484 2474; x_wconf 86' lang='lat' dir='ltr'><strong>ita</strong></span> <span class='ocrx_word' id='word_1_308' title='bbox 517 2424 748 2482; x_wconf 86' lang='lat' dir='ltr'><strong>sentire,</strong></span> <span class='ocrx_word' id='word_1_309' title='bbox 780 2429 840 2475; x_wconf 87' lang='lat' dir='ltr'><strong>ut</strong></span> <span class='ocrx_word' id='word_1_310' title='bbox 869 2436 1120 2486; x_wconf 86' lang='lat' dir='ltr'><strong>corvum,</strong></span> <span class='ocrx_word' id='word_1_311' title='bbox 1153 2423 1203 2477; x_wconf 92' lang='lat' dir='ltr'><strong>id</strong></span> <span class='ocrx_word' id='word_1_312' title='bbox 1249 2434 1364 2490; x_wconf 86' lang='lat' dir='ltr'><strong>est,</strong></span> <span class='ocrx_word' id='word_1_313' title='bbox 1395 2425 1696 2490; x_wconf 85' lang='lat' dir='ltr'><strong>diabolum,</strong></span> <span class='ocrx_word' id='word_1_314' title='bbox 1729 2436 1786 2482; x_wconf 87' lang='lat' dir='ltr'><strong>et</strong></span> 
     </span>
    </p>
   </div>
   <div class='ocr_carea' id='block_1_41' title="bbox 215 2513 1781 2586">
    <p class='ocr_par' dir='ltr' id='par_1_41' title="bbox 215 2513 1781 2586">
     <span class='ocr_line' id='line_1_41' title="bbox 215 2513 1781 2586; baseline 0.01 -26"><span class='ocrx_word' id='word_1_315' title='bbox 215 2523 378 2566; x_wconf 79' lang='lat' dir='ltr'><strong>attines</strong></span> <span class='ocrx_word' id='word_1_316' title='bbox 403 2513 586 2567; x_wconf 88' lang='lat' dir='ltr'><strong>socios</strong></span> <span class='ocrx_word' id='word_1_317' title='bbox 611 2513 730 2583; x_wconf 84' lang='lat' dir='ltr'><strong>ejus</strong></span> <span class='ocrx_word' id='word_1_318' title='bbox 754 2515 1026 2585; x_wconf 88' lang='lat' dir='ltr'><strong>quondam</strong></span> <span class='ocrx_word' id='word_1_319' title='bbox 1053 2525 1236 2586; x_wconf 88' lang='lat' dir='ltr'><strong>patres</strong></span> <span class='ocrx_word' id='word_1_320' title='bbox 1259 2517 1631 2583; x_wconf 88' lang='lat' dir='ltr'><strong>habuerimus,</strong></span> <span class='ocrx_word' id='word_1_321' title='bbox 1656 2535 1781 2575; x_wconf 92' lang='lat' dir='ltr'><strong>cum</strong></span> 
     </span>
    </p>
   </div>
   <div class='ocr_carea' id='block_1_42' title="bbox 214 2602 1784 2674">
    <p class='ocr_par' dir='ltr' id='par_1_42' title="bbox 214 2602 1784 2674">
     <span class='ocr_line' id='line_1_42' title="bbox 214 2602 1784 2674; baseline 0.008 -19"><span class='ocrx_word' id='word_1_322' title='bbox 214 2602 463 2657; x_wconf 85' lang='lat' dir='ltr'><strong>erroribus</strong></span> <span class='ocrx_word' id='word_1_323' title='bbox 511 2620 706 2662; x_wconf 81' lang='lat' dir='ltr'><strong>eorum</strong></span> <span class='ocrx_word' id='word_1_324' title='bbox 755 2607 1185 2665; x_wconf 85' lang='lat' dir='ltr'><strong>assimilaremur</strong></span> <span class='ocrx_word' id='word_1_325' title='bbox 1232 2621 1287 2666; x_wconf 91' lang='lat' dir='ltr'><strong>et</strong></span> <span class='ocrx_word' id='word_1_326' title='bbox 1331 2613 1507 2674; x_wconf 80' lang='lat' dir='ltr'><strong>vitiis,</strong></span> <span class='ocrx_word' id='word_1_327' title='bbox 1555 2626 1611 2667; x_wconf 83' lang='lat' dir='ltr'><strong>et</strong></span> <span class='ocrx_word' id='word_1_328' title='bbox 1657 2615 1784 2668; x_wconf 87' lang='lat' dir='ltr'><strong>inde</strong></span> 
     </span>
    </p>
   </div>
   <div class='ocr_carea' id='block_1_43' title="bbox 215 2696 1784 2770">
    <p class='ocr_par' dir='ltr' id='par_1_43' title="bbox 215 2696 1784 2770">
     <span class='ocr_line' id='line_1_43' title="bbox 215 2696 1784 2770; baseline 0.01 -21"><span class='ocrx_word' id='word_1_329' title='bbox 215 2696 350 2752; x_wconf 86' lang='lat' dir='ltr'><strong>etiam</strong></span> <span class='ocrx_word' id='word_1_330' title='bbox 381 2709 437 2756; x_wconf 87' lang='lat' dir='ltr'><strong>et</strong></span> <span class='ocrx_word' id='word_1_331' title='bbox 477 2701 752 2770; x_wconf 87' lang='lat' dir='ltr'><strong>pullorum</strong></span> <span class='ocrx_word' id='word_1_332' title='bbox 805 2705 1024 2760; x_wconf 86' lang='lat' dir='ltr'><strong>nomine</strong></span> <span class='ocrx_word' id='word_1_333' title='bbox 1067 2706 1406 2762; x_wconf 88' lang='lat' dir='ltr'><strong>dicebamur.</strong></span> <span class='ocrx_word' id='word_1_334' title='bbox 1457 2709 1562 2764; x_wconf 89' lang='lat' dir='ltr'><strong>Sed</strong></span> <span class='ocrx_word' id='word_1_335' title='bbox 1618 2710 1784 2764; x_wconf 81' lang='lat' dir='ltr'><strong>relin-</strong></span> 
     </span>
    </p>
   </div>
   <div class='ocr_carea' id='block_1_44' title="bbox 213 2794 1781 2872">
    <p class='ocr_par' dir='ltr' id='par_1_44' title="bbox 213 2794 1781 2872">
     <span class='ocr_line' id='line_1_44' title="bbox 213 2794 1781 2872; baseline 0.007 -26"><span class='ocrx_word' id='word_1_336' title='bbox 213 2800 408 2862; x_wconf 82' lang='lat' dir='ltr'><strong>quentes</strong></span> <span class='ocrx_word' id='word_1_337' title='bbox 426 2808 548 2861; x_wconf 88' lang='lat' dir='ltr'><strong>eos,</strong></span> <span class='ocrx_word' id='word_1_338' title='bbox 582 2794 728 2866; x_wconf 89' lang='lat' dir='ltr'><strong>quod</strong></span> <span class='ocrx_word' id='word_1_339' title='bbox 750 2805 806 2851; x_wconf 89' lang='lat' dir='ltr'><strong>et</strong></span> <span class='ocrx_word' id='word_1_340' title='bbox 834 2813 1032 2867; x_wconf 83' lang='lat' dir='ltr'><strong>sponsa</strong></span> <span class='ocrx_word' id='word_1_341' title='bbox 1063 2798 1311 2864; x_wconf 89' lang='lat' dir='ltr'><strong>docetur,</strong></span> <span class='ocrx_word' id='word_1_342' title='bbox 1345 2809 1404 2854; x_wconf 88' lang='lat' dir='ltr'><strong>ut</strong></span> <span class='ocrx_word' id='word_1_343' title='bbox 1431 2800 1594 2855; x_wconf 81' lang='lat' dir='ltr'><strong>faciat</strong></span> <span class='ocrx_word' id='word_1_344' title='bbox 1625 2819 1781 2872; x_wconf 77' lang='lat' dir='ltr'><strong>:qua:</strong></span> 
     </span>
    </p>
   </div>
   <div class='ocr_carea' id='block_1_45' title="bbox 213 2890 1780 2962">
    <p class='ocr_par' dir='ltr' id='par_1_45' title="bbox 213 2890 1780 2962">
     <span class='ocr_line' id='line_1_45' title="bbox 213 2890 1780 2962; baseline 0.009 -28"><span class='ocrx_word' id='word_1_345' title='bbox 213 2897 383 2950; x_wconf 75' lang='lat' dir='ltr'><strong>Sponsa</strong></span> <span class='ocrx_word' id='word_1_346' title='bbox 411 2901 509 2941; x_wconf 91' lang='lat' dir='ltr'><strong>nos</strong></span> <span class='ocrx_word' id='word_1_347' title='bbox 542 2902 754 2956; x_wconf 87' lang='lat' dir='ltr'><strong>sumus,</strong></span> <span class='ocrx_word' id='word_1_348' title='bbox 778 2890 864 2944; x_wconf 90' lang='lat' dir='ltr'><strong>cui</strong></span> <span class='ocrx_word' id='word_1_349' title='bbox 889 2890 1088 2946; x_wconf 89' lang='lat' dir='ltr'><strong>dicitur</strong></span> <span class='ocrx_word' id='word_1_350' title='bbox 1114 2909 1127 2945; x_wconf 90' lang='lat'>:</span> <span class='ocrx_word' id='word_1_351' title='bbox 1157 2892 1314 2959; x_wconf 79' lang='lat' dir='ltr'><strong>Audi,</strong></span> <span class='ocrx_word' id='word_1_352' title='bbox 1345 2894 1477 2962; x_wconf 80' lang='lat' dir='ltr'><strong>ﬁlia,</strong></span> <span class='ocrx_word' id='word_1_353' title='bbox 1503 2903 1550 2947; x_wconf 86' lang='lat' dir='ltr'><strong>et</strong></span> <span class='ocrx_word' id='word_1_354' title='bbox 1574 2895 1708 2962; x_wconf 83' lang='lat' dir='ltr'><strong>uide,</strong></span> <span class='ocrx_word' id='word_1_355' title='bbox 1731 2905 1780 2948; x_wconf 84' lang='lat' dir='ltr'><strong>et</strong></span> 
     </span>
    </p>
   </div>
   <div class='ocr_carea' id='block_1_46' title="bbox 212 2974 1780 3058">
    <p class='ocr_par' dir='ltr' id='par_1_46' title="bbox 212 2974 1780 3058">
     <span class='ocr_line' id='line_1_46' title="bbox 212 2974 1780 3058; baseline 0.01 -32"><span class='ocrx_word' id='word_1_356' title='bbox 212 2974 380 3031; x_wconf 81' lang='lat' dir='ltr'><strong>inclina</strong></span> <span class='ocrx_word' id='word_1_357' title='bbox 405 2995 587 3036; x_wconf 80' lang='lat' dir='ltr'><strong>aurem</strong></span> <span class='ocrx_word' id='word_1_358' title='bbox 615 2990 781 3048; x_wconf 82' lang='lat' dir='ltr'><strong>tuam,</strong></span> <span class='ocrx_word' id='word_1_359' title='bbox 817 2992 867 3036; x_wconf 76' lang='lat' dir='ltr'><strong>et</strong></span> <span class='ocrx_word' id='word_1_360' title='bbox 895 2985 1194 3039; x_wconf 80' lang='lat' dir='ltr'><strong>obliviscere</strong></span> <span class='ocrx_word' id='word_1_361' title='bbox 1237 2988 1484 3058; x_wconf 87' lang='lat' dir='ltr'><strong>populum</strong></span> <span class='ocrx_word' id='word_1_362' title='bbox 1527 2999 1699 3056; x_wconf 88' lang='lat' dir='ltr'><strong>tuum,</strong></span> <span class='ocrx_word' id='word_1_363' title='bbox 1731 2999 1780 3042; x_wconf 91' lang='lat' dir='ltr'><strong>et</strong></span> 
     </span>
    </p>
   </div>
   <div class='ocr_carea' id='block_1_47' title="bbox 212 3069 1779 3151">
    <p class='ocr_par' dir='ltr' id='par_1_47' title="bbox 212 3069 1779 3151">
     <span class='ocr_line' id='line_1_47' title="bbox 212 3069 1779 3151; baseline 0.009 -31"><span class='ocrx_word' id='word_1_364' title='bbox 212 3069 392 3124; x_wconf 82' lang='lat' dir='ltr'><strong>domum</strong></span> <span class='ocrx_word' id='word_1_365' title='bbox 418 3075 589 3143; x_wconf 82' lang='lat' dir='ltr'><strong>patris</strong></span> <span class='ocrx_word' id='word_1_366' title='bbox 622 3075 720 3142; x_wconf 86' lang='lat' dir='ltr'><strong>tui,</strong></span> <span class='ocrx_word' id='word_1_367' title='bbox 751 3085 804 3130; x_wconf 88' lang='lat' dir='ltr'><strong>et</strong></span> <span class='ocrx_word' id='word_1_368' title='bbox 832 3076 1149 3134; x_wconf 83' lang='lat' dir='ltr'><strong>invocantes</strong></span> <span class='ocrx_word' id='word_1_369' title='bbox 1179 3094 1322 3134; x_wconf 91' lang='lat' dir='ltr'><strong>nunc</strong></span> <span class='ocrx_word' id='word_1_370' title='bbox 1347 3080 1660 3145; x_wconf 82' lang='lat' dir='ltr'><strong>Dominum,</strong></span> <span class='ocrx_word' id='word_1_371' title='bbox 1684 3098 1779 3151; x_wconf 85' lang='lat' dir='ltr'><strong>po-</strong></span> 
     </span>
    </p>
   </div>
   <div class='ocr_carea' id='block_1_48' title="bbox 1894 1852 3499 1924">
    <p class='ocr_par' dir='ltr' id='par_1_48' title="bbox 1894 1852 3499 1924">
     <span class='ocr_line' id='line_1_48' title="bbox 1894 1852 3499 1924; baseline -0.001 -17"><span class='ocrx_word' id='word_1_372' title='bbox 1894 1855 1995 1910; x_wconf 88' lang='lat' dir='ltr'><strong>hus</strong></span> <span class='ocrx_word' id='word_1_373' title='bbox 2035 1866 2300 1910; x_wconf 85' lang='lat' dir='ltr'><strong>convocat</strong></span> <span class='ocrx_word' id='word_1_374' title='bbox 2328 1855 2657 1920; x_wconf 84' lang='lat' dir='ltr'><strong>credituros,</strong></span> <span class='ocrx_word' id='word_1_375' title='bbox 2689 1855 2832 1908; x_wconf 90' lang='lat' dir='ltr'><strong>sicut</strong></span> <span class='ocrx_word' id='word_1_376' title='bbox 2863 1853 2929 1907; x_wconf 91' lang='lat' dir='ltr'><strong>de</strong></span> <span class='ocrx_word' id='word_1_377' title='bbox 2955 1852 3149 1908; x_wconf 88' lang='lat' dir='ltr'><strong>eodem</strong></span> <span class='ocrx_word' id='word_1_378' title='bbox 3186 1861 3339 1921; x_wconf 89' lang='lat' dir='ltr'><strong>patre</strong></span> <span class='ocrx_word' id='word_1_379' title='bbox 3369 1868 3499 1924; x_wconf 83' lang='lat' dir='ltr'><strong>pro-.-</strong></span> 
     </span>
    </p>
   </div>
   <div class='ocr_carea' id='block_1_49' title="bbox 1893 1945 3492 2018">
    <p class='ocr_par' dir='ltr' id='par_1_49' title="bbox 1893 1945 3492 2018">
     <span class='ocr_line' id='line_1_49' title="bbox 1893 1945 3492 2018; baseline 0 -20"><span class='ocrx_word' id='word_1_380' title='bbox 1893 1949 2054 2018; x_wconf 82' lang='lat' dir='ltr'><strong>pltcta</strong></span> <span class='ocrx_word' id='word_1_381' title='bbox 2083 1950 2157 2002; x_wconf 89' lang='lat' dir='ltr'><strong>ait</strong></span> <span class='ocrx_word' id='word_1_382' title='bbox 2188 1947 2374 2004; x_wconf 85' lang='lat' dir='ltr'><strong>dicens</strong></span> <span class='ocrx_word' id='word_1_383' title='bbox 2407 1967 2420 2003; x_wconf 88' lang='lat'><strong>:</strong></span> <span class='ocrx_word' id='word_1_384' title='bbox 2471 1947 2574 2013; x_wconf 85' lang='lat' dir='ltr'><strong>Qui</strong></span> <span class='ocrx_word' id='word_1_385' title='bbox 2607 1947 2876 2001; x_wconf 77' lang='lat' dir='ltr'><strong>suscitavit</strong></span> <span class='ocrx_word' id='word_1_386' title='bbox 2915 1946 2978 2006; x_wconf 78' lang='lat' dir='ltr'><strong>ab</strong></span> <span class='ocrx_word' id='word_1_387' title='bbox 3020 1945 3233 2000; x_wconf 84' lang='lat' dir='ltr'><strong>Oriente</strong></span> <span class='ocrx_word' id='word_1_388' title='bbox 3263 1947 3492 2017; x_wconf 86' lang='lat' dir='ltr'><strong>justum,</strong></span> 
     </span>
    </p>
   </div>
   <div class='ocr_carea' id='block_1_50' title="bbox 1890 2045 3494 2119">
    <p class='ocr_par' dir='ltr' id='par_1_50' title="bbox 1890 2045 3494 2119">
     <span class='ocr_line' id='line_1_50' title="bbox 1890 2045 3494 2119; baseline -0.004 -16"><span class='ocrx_word' id='word_1_389' title='bbox 1890 2051 2086 2103; x_wconf 81' lang='lat' dir='ltr'><strong>vocarit</strong></span> <span class='ocrx_word' id='word_1_390' title='bbox 2130 2066 2270 2118; x_wconf 85' lang='lat' dir='ltr'><strong>eum,</strong></span> <span class='ocrx_word' id='word_1_391' title='bbox 2314 2058 2370 2102; x_wconf 90' lang='lat' dir='ltr'><strong>ut</strong></span> <span class='ocrx_word' id='word_1_392' title='bbox 2403 2057 2725 2119; x_wconf 79' lang='lat' dir='ltr'><strong>sequeretur.</strong></span> <span class='ocrx_word' id='word_1_393' title='bbox 2777 2047 2935 2101; x_wconf 84' lang='lat' dir='ltr'><strong>Dabit</strong></span> <span class='ocrx_word' id='word_1_394' title='bbox 2975 2045 3030 2099; x_wconf 88' lang='lat' dir='ltr'><strong>in</strong></span> <span class='ocrx_word' id='word_1_395' title='bbox 3075 2052 3349 2116; x_wconf 86' lang='lat' dir='ltr'><strong>conspectu</strong></span> <span class='ocrx_word' id='word_1_396' title='bbox 3378 2047 3494 2116; x_wconf 80' lang='lat' dir='ltr'><strong>ejus</strong></span> 
     </span>
    </p>
   </div>
   <div class='ocr_carea' id='block_1_51' title="bbox 1887 2141 3494 2216">
    <p class='ocr_par' dir='ltr' id='par_1_51' title="bbox 1887 2141 3494 2216">
     <span class='ocr_line' id='line_1_51' title="bbox 1887 2141 3494 2216; baseline -0.002 -19"><span class='ocrx_word' id='word_1_397' title='bbox 1887 2152 2081 2216; x_wconf 85' lang='lat' dir='ltr'><strong>gentes,</strong></span> <span class='ocrx_word' id='word_1_398' title='bbox 2115 2155 2163 2198; x_wconf 87' lang='lat' dir='ltr'><strong>et</strong></span> <span class='ocrx_word' id='word_1_399' title='bbox 2189 2162 2333 2215; x_wconf 80' lang='lat' dir='ltr'><strong>reges</strong></span> <span class='ocrx_word' id='word_1_400' title='bbox 2364 2143 2628 2198; x_wconf 84' lang='lat' dir='ltr'><strong>obtinebit.</strong></span> <span class='ocrx_word' id='word_1_401' title='bbox 2659 2144 2750 2198; x_wconf 90' lang='lat' dir='ltr'><strong>llis</strong></span> <span class='ocrx_word' id='word_1_402' title='bbox 2774 2144 2940 2213; x_wconf 80' lang='lat' dir='ltr'><strong>igitur</strong></span> <span class='ocrx_word' id='word_1_403' title='bbox 2968 2141 3035 2196; x_wconf 88' lang='lat' dir='ltr'><strong>ad</strong></span> <span class='ocrx_word' id='word_1_404' title='bbox 3066 2142 3228 2196; x_wconf 80' lang='lat' dir='ltr'><strong>fidem</strong></span> <span class='ocrx_word' id='word_1_405' title='bbox 3264 2143 3494 2207; x_wconf 87' lang='lat' dir='ltr'><strong>vocatis,</strong></span> 
     </span>
    </p>
   </div>
   <div class='ocr_carea' id='block_1_52' title="bbox 1888 2233 3494 2302">
    <p class='ocr_par' dir='ltr' id='par_1_52' title="bbox 1888 2233 3494 2302">
     <span class='ocr_line' id='line_1_52' title="bbox 1888 2233 3494 2302; baseline 0 -14"><span class='ocrx_word' id='word_1_406' title='bbox 1888 2235 2146 2290; x_wconf 80' lang='lat' dir='ltr'><strong>Dominus</strong></span> <span class='ocrx_word' id='word_1_407' title='bbox 2185 2235 2438 2290; x_wconf 75' lang='lat' dir='ltr'><strong>Christus</strong></span> <span class='ocrx_word' id='word_1_408' title='bbox 2480 2235 2626 2290; x_wconf 84' lang='lat' dir='ltr'><strong>velut</strong></span> <span class='ocrx_word' id='word_1_409' title='bbox 2675 2249 2800 2289; x_wconf 84' lang='lat' dir='ltr'><strong>esca</strong></span> <span class='ocrx_word' id='word_1_410' title='bbox 2860 2235 3057 2302; x_wconf 85' lang='lat' dir='ltr'><strong>gaudio</strong></span> <span class='ocrx_word' id='word_1_411' title='bbox 3106 2233 3494 2288; x_wconf 78' lang='lat' dir='ltr'><strong>exsultationis</strong></span> 
     </span>
    </p>
   </div>
   <div class='ocr_carea' id='block_1_53' title="bbox 1888 2325 3495 2396">
    <p class='ocr_par' dir='ltr' id='par_1_53' title="bbox 1888 2325 3495 2396">
     <span class='ocr_line' id='line_1_53' title="bbox 1888 2325 3495 2396; baseline 0.001 -17"><span class='ocrx_word' id='word_1_412' title='bbox 1888 2326 2146 2384; x_wconf 88' lang='lat' dir='ltr'><strong>reﬁcitur.</strong></span> <span class='ocrx_word' id='word_1_413' title='bbox 2202 2326 2370 2396; x_wconf 90' lang='lat' dir='ltr'><strong>Hujus</strong></span> <span class='ocrx_word' id='word_1_414' title='bbox 2401 2327 2605 2396; x_wconf 88' lang='lat' dir='ltr'><strong>populi,</strong></span> <span class='ocrx_word' id='word_1_415' title='bbox 2641 2325 2692 2382; x_wconf 90' lang='lat' dir='ltr'><strong>id</strong></span> <span class='ocrx_word' id='word_1_416' title='bbox 2735 2335 2838 2389; x_wconf 78' lang='lat' dir='ltr'><strong>est,</strong></span> <span class='ocrx_word' id='word_1_417' title='bbox 2872 2326 3151 2396; x_wconf 89' lang='lat' dir='ltr'><strong>discipuli,</strong></span> <span class='ocrx_word' id='word_1_418' title='bbox 3196 2335 3251 2380; x_wconf 88' lang='lat' dir='ltr'><strong>et</strong></span> <span class='ocrx_word' id='word_1_419' title='bbox 3303 2339 3495 2381; x_wconf 87' lang='lat' dir='ltr'><strong>omnes</strong></span> 
     </span>
    </p>
   </div>
   <div class='ocr_carea' id='block_1_54' title="bbox 1885 2419 3489 2489">
    <p class='ocr_par' dir='ltr' id='par_1_54' title="bbox 1885 2419 3489 2489">
     <span class='ocr_line' id='line_1_54' title="bbox 1885 2419 3489 2489; baseline 0.001 -16"><span class='ocrx_word' id='word_1_420' title='bbox 1885 2420 2172 2476; x_wconf 88' lang='lat' dir='ltr'><strong>credentes</strong></span> <span class='ocrx_word' id='word_1_421' title='bbox 2204 2421 2442 2476; x_wconf 84' lang='lat' dir='ltr'><strong>clamant</strong></span> <span class='ocrx_word' id='word_1_422' title='bbox 2472 2421 2536 2476; x_wconf 89' lang='lat' dir='ltr'><strong>ad</strong></span> <span class='ocrx_word' id='word_1_423' title='bbox 2570 2419 2742 2476; x_wconf 89' lang='lat' dir='ltr'><strong>Deum</strong></span> <span class='ocrx_word' id='word_1_424' title='bbox 2771 2421 2822 2474; x_wconf 91' lang='lat' dir='ltr'><strong>in</strong></span> <span class='ocrx_word' id='word_1_425' title='bbox 2851 2421 3123 2483; x_wconf 85' lang='lat' dir='ltr'><strong>oratione,</strong></span> <span class='ocrx_word' id='word_1_426' title='bbox 3150 2435 3344 2489; x_wconf 86' lang='lat' dir='ltr'><strong>panem</strong></span> <span class='ocrx_word' id='word_1_427' title='bbox 3368 2419 3489 2474; x_wconf 58' lang='lat' dir='ltr'><strong>sui»</strong></span> 
     </span>
    </p>
   </div>
   <div class='ocr_carea' id='block_1_55' title="bbox 1884 2514 3492 2583">
    <p class='ocr_par' dir='ltr' id='par_1_55' title="bbox 1884 2514 3492 2583">
     <span class='ocr_line' id='line_1_55' title="bbox 1884 2514 3492 2583; baseline -0.001 -16"><span class='ocrx_word' id='word_1_428' title='bbox 1884 2515 2189 2570; x_wconf 88' lang='lat' dir='ltr'><strong>stantialem</strong></span> <span class='ocrx_word' id='word_1_429' title='bbox 2218 2514 2462 2580; x_wconf 83' lang='lat' dir='ltr'><strong>quotidie</strong></span> <span class='ocrx_word' id='word_1_430' title='bbox 2488 2514 2849 2583; x_wconf 82' lang='lat' dir='ltr'><strong>postulantes,</strong></span> <span class='ocrx_word' id='word_1_431' title='bbox 2874 2522 2927 2569; x_wconf 89' lang='lat' dir='ltr'><strong>et</strong></span> <span class='ocrx_word' id='word_1_432' title='bbox 2953 2516 3054 2568; x_wconf 89' lang='lat' dir='ltr'><strong>hoc</strong></span> <span class='ocrx_word' id='word_1_433' title='bbox 3081 2514 3259 2582; x_wconf 88' lang='lat' dir='ltr'><strong>ipsum</strong></span> <span class='ocrx_word' id='word_1_434' title='bbox 3290 2526 3492 2581; x_wconf 84' lang='lat' dir='ltr'><strong>vagan-</strong></span> 
     </span>
    </p>
   </div>
   <div class='ocr_carea' id='block_1_56' title="bbox 1887 2605 3492 2680">
    <p class='ocr_par' dir='ltr' id='par_1_56' title="bbox 1887 2605 3492 2680">
     <span class='ocr_line' id='line_1_56' title="bbox 1887 2605 3492 2680; baseline 0 -20"><span class='ocrx_word' id='word_1_435' title='bbox 1887 2618 1967 2661; x_wconf 89' lang='lat' dir='ltr'><strong>tes</strong></span> <span class='ocrx_word' id='word_1_436' title='bbox 2005 2606 2239 2673; x_wconf 83' lang='lat' dir='ltr'><strong>faciunt,</strong></span> <span class='ocrx_word' id='word_1_437' title='bbox 2278 2608 2402 2678; x_wconf 84' lang='lat' dir='ltr'><strong>quia</strong></span> <span class='ocrx_word' id='word_1_438' title='bbox 2450 2607 2724 2677; x_wconf 77' lang='lat' dir='ltr'><strong>peregrini</strong></span> <span class='ocrx_word' id='word_1_439' title='bbox 2761 2617 2817 2661; x_wconf 90' lang='lat' dir='ltr'><strong>et</strong></span> <span class='ocrx_word' id='word_1_440' title='bbox 2856 2605 3106 2680; x_wconf 88' lang='lat' dir='ltr'><strong>hospites</strong></span> <span class='ocrx_word' id='word_1_441' title='bbox 3153 2614 3279 2660; x_wconf 89' lang='lat' dir='ltr'><strong>sunt</strong></span> <span class='ocrx_word' id='word_1_442' title='bbox 3324 2619 3492 2674; x_wconf 85' lang='lat' dir='ltr'><strong>super</strong></span> 
     </span>
    </p>
   </div>
   <div class='ocr_carea' id='block_1_57' title="bbox 1885 2699 3494 2765">
    <p class='ocr_par' dir='ltr' id='par_1_57' title="bbox 1885 2699 3494 2765">
     <span class='ocr_line' id='line_1_57' title="bbox 1885 2699 3494 2765; baseline 0 -13"><span class='ocrx_word' id='word_1_443' title='bbox 1885 2711 2110 2765; x_wconf 80' lang='lat' dir='ltr'><strong>terrain,</strong></span> <span class='ocrx_word' id='word_1_444' title='bbox 2157 2700 2249 2754; x_wconf 87' lang='lat' dir='ltr'><strong>ubi</strong></span> <span class='ocrx_word' id='word_1_445' title='bbox 2272 2700 2458 2756; x_wconf 89' lang='lat' dir='ltr'><strong>sedem</strong></span> <span class='ocrx_word' id='word_1_446' title='bbox 2486 2700 2586 2755; x_wconf 91' lang='lat' dir='ltr'><strong>sibi</strong></span> <span class='ocrx_word' id='word_1_447' title='bbox 2620 2701 2830 2756; x_wconf 85' lang='lat' dir='ltr'><strong>ﬁrmam</strong></span> <span class='ocrx_word' id='word_1_448' title='bbox 2860 2709 2915 2755; x_wconf 91' lang='lat' dir='ltr'><strong>et</strong></span> <span class='ocrx_word' id='word_1_449' title='bbox 2947 2699 3198 2754; x_wconf 86' lang='lat' dir='ltr'><strong>stabilem</strong></span> <span class='ocrx_word' id='word_1_450' title='bbox 3231 2712 3336 2754; x_wconf 92' lang='lat' dir='ltr'><strong>non</strong></span> <span class='ocrx_word' id='word_1_451' title='bbox 3367 2711 3494 2752; x_wconf 89' lang='lat' dir='ltr'><strong>con-</strong></span> 
     </span>
    </p>
   </div>
   <div class='ocr_carea' id='block_1_58' title="bbox 1883 2791 3488 2862">
    <p class='ocr_par' dir='ltr' id='par_1_58' title="bbox 1883 2791 3488 2862">
     <span class='ocr_line' id='line_1_58' title="bbox 1883 2791 3488 2862; baseline 0.001 -17"><span class='ocrx_word' id='word_1_452' title='bbox 1883 2794 2198 2858; x_wconf 88' lang='lat' dir='ltr'><strong>stituerunt,</strong></span> <span class='ocrx_word' id='word_1_453' title='bbox 2214 2793 2309 2850; x_wconf 87' lang='lat' dir='ltr'><strong>sed</strong></span> <span class='ocrx_word' id='word_1_454' title='bbox 2334 2793 2523 2848; x_wconf 89' lang='lat' dir='ltr'><strong>dicunt.</strong></span> <span class='ocrx_word' id='word_1_455' title='bbox 2541 2809 2663 2847; x_wconf 92' lang='lat' dir='ltr'><strong>cum</strong></span> <span class='ocrx_word' id='word_1_456' title='bbox 2685 2793 2968 2862; x_wconf 79' lang='lat' dir='ltr'><strong>Apostolo,</strong></span> <span class='ocrx_word' id='word_1_457' title='bbox 2993 2791 3269 2846; x_wconf 81' lang='lat' dir='ltr'><strong>Instabiles</strong></span> <span class='ocrx_word' id='word_1_458' title='bbox 3287 2807 3488 2846; x_wconf 82' lang='lat' dir='ltr'><strong>sumus.</strong></span> 
     </span>
    </p>
   </div>
   <div class='ocr_carea' id='block_1_59' title="bbox 1883 2885 3488 2957">
    <p class='ocr_par' dir='ltr' id='par_1_59' title="bbox 1883 2885 3488 2957">
     <span class='ocr_line' id='line_1_59' title="bbox 1883 2885 3488 2957; baseline -0.001 -18"><span class='ocrx_word' id='word_1_459' title='bbox 1883 2885 1944 2939; x_wconf 93' lang='lat' dir='ltr'><strong>lli</strong></span> <span class='ocrx_word' id='word_1_460' title='bbox 1981 2887 2143 2955; x_wconf 78' lang='lat' dir='ltr'><strong>igitur</strong></span> <span class='ocrx_word' id='word_1_461' title='bbox 2182 2887 2378 2942; x_wconf 88' lang='lat' dir='ltr'><strong>habent</strong></span> <span class='ocrx_word' id='word_1_462' title='bbox 2412 2887 2631 2957; x_wconf 88' lang='lat' dir='ltr'><strong>quidem</strong></span> <span class='ocrx_word' id='word_1_463' title='bbox 2670 2887 2819 2942; x_wconf 88' lang='lat' dir='ltr'><strong>cibos</strong></span> <span class='ocrx_word' id='word_1_464' title='bbox 2847 2886 3246 2956; x_wconf 73' lang='lat' dir='ltr'><strong>Scriptnrurum</strong></span> <span class='ocrx_word' id='word_1_465' title='bbox 3297 2903 3308 2938; x_wconf 88' lang='lat'><strong>:</strong></span> <span class='ocrx_word' id='word_1_466' title='bbox 3354 2899 3488 2954; x_wconf 59' lang='lat' dir='ltr'><strong>quae</strong></span> 
     </span>
    </p>
   </div>
   <div class='ocr_carea' id='block_1_60' title="bbox 1882 2975 3484 3050">
    <p class='ocr_par' dir='ltr' id='par_1_60' title="bbox 1882 2975 3484 3050">
     <span class='ocr_line' id='line_1_60' title="bbox 1882 2975 3484 3050; baseline 0 -17"><span class='ocrx_word' id='word_1_467' title='bbox 1882 2995 1998 3033; x_wconf 88' lang='lat' dir='ltr'><strong>rum</strong></span> <span class='ocrx_word' id='word_1_468' title='bbox 2041 2980 2417 3035; x_wconf 89' lang='lat' dir='ltr'><strong>consolatione</strong></span> <span class='ocrx_word' id='word_1_469' title='bbox 2447 2975 2764 3050; x_wconf 82' lang='lat' dir='ltr'><strong>pascuntur.</strong></span> <span class='ocrx_word' id='word_1_470' title='bbox 2801 2979 2897 3034; x_wconf 84' lang='lat' dir='ltr'><strong>sed</strong></span> <span class='ocrx_word' id='word_1_471' title='bbox 2937 2978 3054 3050; x_wconf 79' lang='lat' dir='ltr'><strong>spei</strong></span> <span class='ocrx_word' id='word_1_472' title='bbox 3091 2988 3146 3034; x_wconf 88' lang='lat' dir='ltr'><strong>et</strong></span> <span class='ocrx_word' id='word_1_473' title='bbox 3179 2978 3302 3036; x_wconf 77' lang='lat' dir='ltr'><strong>lidri</strong></span> <span class='ocrx_word' id='word_1_474' title='bbox 3326 2978 3484 3034; x_wconf 90' lang='lat' dir='ltr'><strong>cibus</strong></span> 
     </span>
    </p>
   </div>
   <div class='ocr_carea' id='block_1_61' title="bbox 1881 3070 3486 3142">
    <p class='ocr_par' dir='ltr' id='par_1_61' title="bbox 1881 3070 3486 3142">
     <span class='ocr_line' id='line_1_61' title="bbox 1881 3070 3486 3142; baseline 0 -18"><span class='ocrx_word' id='word_1_475' title='bbox 1881 3081 1984 3136; x_wconf 63' lang='grc' dir='ltr'><strong>εει,</strong></span> <span class='ocrx_word' id='word_1_476' title='bbox 2019 3085 2124 3126; x_wconf 93' lang='lat' dir='ltr'><strong>non</strong></span> <span class='ocrx_word' id='word_1_477' title='bbox 2155 3072 2408 3126; x_wconf 81' lang='lat' dir='ltr'><strong>alimonia</strong></span> <span class='ocrx_word' id='word_1_478' title='bbox 2434 3074 2508 3127; x_wconf 80' lang='lat' dir='ltr'><strong>rei</strong></span> <span class='ocrx_word' id='word_1_479' title='bbox 2529 3073 2748 3142; x_wconf 85' lang='lat' dir='ltr'><strong>proprie</strong></span> <span class='ocrx_word' id='word_1_480' title='bbox 2776 3072 3164 3141; x_wconf 86' lang='lat' dir='ltr'><strong>permanentis.</strong></span> <span class='ocrx_word' id='word_1_481' title='bbox 3189 3070 3259 3126; x_wconf 90' lang='lat' dir='ltr'><strong>Et</strong></span> <span class='ocrx_word' id='word_1_482' title='bbox 3281 3070 3486 3124; x_wconf 89' lang='lat' dir='ltr'><strong>idcirco</strong></span> 
     </span>
    </p>
   </div>
   <div class='ocr_carea' id='block_1_62' title="bbox 212 3156 3490 3243">
    <p class='ocr_par' dir='ltr' id='par_1_62' title="bbox 212 3156 3490 3243">
     <span class='ocr_line' id='line_1_62' title="bbox 212 3156 3490 3243; baseline -0.001 -21"><span class='ocrx_word' id='word_1_483' title='bbox 212 3171 296 3218; x_wconf 74' lang='lat' dir='ltr'><strong>lest</strong></span> <span class='ocrx_word' id='word_1_484' title='bbox 343 3163 454 3222; x_wconf 77' lang='lat' dir='ltr'><strong>ﬁeri</strong></span> <span class='ocrx_word' id='word_1_485' title='bbox 505 3176 570 3224; x_wconf 84' lang='lat' dir='ltr'><strong>ut</strong></span> <span class='ocrx_word' id='word_1_486' title='bbox 616 3168 854 3238; x_wconf 89' lang='lat' dir='ltr'><strong>pristino</strong></span> <span class='ocrx_word' id='word_1_487' title='bbox 899 3172 1079 3228; x_wconf 89' lang='lat' dir='ltr'><strong>adhuc</strong></span> <span class='ocrx_word' id='word_1_488' title='bbox 1126 3175 1349 3230; x_wconf 82' lang='lat' dir='ltr'><strong>nomine</strong></span> <span class='ocrx_word' id='word_1_489' title='bbox 1387 3176 1726 3243; x_wconf 68' lang='lat' dir='ltr'><strong>appellamur</strong></span> <span class='ocrx_word' id='word_1_490' title='bbox 1761 3195 1774 3234; x_wconf 85' lang='grc'><strong>;</strong></span> <span class='ocrx_word' id='word_1_491' title='bbox 1807 3156 1852 3221; x_wconf 88' lang='lat' dir='ltr'><strong>C</strong></span> <span class='ocrx_word' id='word_1_492' title='bbox 1886 3168 1935 3221; x_wconf 91' lang='lat' dir='ltr'><strong>iu</strong></span> <span class='ocrx_word' id='word_1_493' title='bbox 1967 3169 2067 3224; x_wconf 88' lang='lat' dir='ltr'><strong>hoc</strong></span> <span class='ocrx_word' id='word_1_494' title='bbox 2096 3169 2298 3223; x_wconf 90' lang='lat' dir='ltr'><strong>mundo</strong></span> <span class='ocrx_word' id='word_1_495' title='bbox 2323 3168 2505 3236; x_wconf 82' lang='lat' dir='ltr'><strong>vagari</strong></span> <span class='ocrx_word' id='word_1_496' title='bbox 2535 3168 2819 3224; x_wconf 87' lang='lat' dir='ltr'><strong>dicuntur:</strong></span> <span class='ocrx_word' id='word_1_497' title='bbox 2845 3168 3021 3224; x_wconf 85' lang='lat' dir='ltr'><strong>donec</strong></span> <span class='ocrx_word' id='word_1_498' title='bbox 3041 3166 3108 3222; x_wconf 88' lang='lat' dir='ltr'><strong>ad</strong></span> <span class='ocrx_word' id='word_1_499' title='bbox 3140 3165 3490 3220; x_wconf 89' lang='lat' dir='ltr'><strong>immobilita-</strong></span> 
     </span>
    </p>
   </div>
   <div class='ocr_carea' id='block_1_63' title="bbox 211 3256 1781 3344">
    <p class='ocr_par' dir='ltr' id='par_1_63' title="bbox 211 3256 1781 3344">
     <span class='ocr_line' id='line_1_63' title="bbox 211 3256 1781 3344; baseline 0.009 -34"><span class='ocrx_word' id='word_1_500' title='bbox 211 3256 325 3316; x_wconf 85' lang='lat' dir='ltr'><strong>sicut</strong></span> <span class='ocrx_word' id='word_1_501' title='bbox 351 3261 613 3331; x_wconf 87' lang='lat' dir='ltr'><strong>propheta</strong></span> <span class='ocrx_word' id='word_1_502' title='bbox 642 3264 740 3332; x_wconf 85' lang='lat' dir='ltr'><strong>ait,</strong></span> <span class='ocrx_word' id='word_1_503' title='bbox 764 3265 853 3319; x_wconf 89' lang='lat' dir='ltr'><strong>ubi</strong></span> <span class='ocrx_word' id='word_1_504' title='bbox 879 3265 949 3322; x_wconf 88' lang='lat' dir='ltr'><strong>de</strong></span> <span class='ocrx_word' id='word_1_505' title='bbox 986 3267 1094 3322; x_wconf 88' lang='lat' dir='ltr'><strong>Deo</strong></span> <span class='ocrx_word' id='word_1_506' title='bbox 1126 3269 1362 3338; x_wconf 86' lang='lat' dir='ltr'><strong>loquitur</strong></span> <span class='ocrx_word' id='word_1_507' title='bbox 1395 3287 1406 3323; x_wconf 94' lang='lat'>:</span> <span class='ocrx_word' id='word_1_508' title='bbox 1445 3269 1548 3336; x_wconf 85' lang='lat' dir='ltr'><strong>Qui</strong></span> <span class='ocrx_word' id='word_1_509' title='bbox 1576 3272 1664 3324; x_wconf 87' lang='lat' dir='ltr'><strong>dat</strong></span> <span class='ocrx_word' id='word_1_510' title='bbox 1688 3276 1781 3344; x_wconf 86' lang='lat' dir='ltr'><strong>ju-</strong></span> 
     </span>
    </p>
   </div>
   <div class='ocr_carea' id='block_1_64' title="bbox 209 3353 1779 3428">
    <p class='ocr_par' dir='ltr' id='par_1_64' title="bbox 209 3353 1779 3428">
     <span class='ocr_line' id='line_1_64' title="bbox 209 3353 1779 3428; baseline 0.011 -26"><span class='ocrx_word' id='word_1_511' title='bbox 209 3353 369 3407; x_wconf 75' lang='lat' dir='ltr'><strong>mentis</strong></span> <span class='ocrx_word' id='word_1_512' title='bbox 384 3370 551 3410; x_wconf 85' lang='lat' dir='ltr'><strong>escam</strong></span> <span class='ocrx_word' id='word_1_513' title='bbox 576 3357 831 3426; x_wconf 86' lang='lat' dir='ltr'><strong>ipsorum,</strong></span> <span class='ocrx_word' id='word_1_514' title='bbox 859 3368 908 3416; x_wconf 82' lang='lat' dir='ltr'><strong>et</strong></span> <span class='ocrx_word' id='word_1_515' title='bbox 935 3360 1096 3428; x_wconf 85' lang='lat' dir='ltr'><strong>pullis</strong></span> <span class='ocrx_word' id='word_1_516' title='bbox 1125 3377 1394 3416; x_wconf 78' lang='lat' dir='ltr'><strong>corvorum</strong></span> <span class='ocrx_word' id='word_1_517' title='bbox 1429 3364 1779 3420; x_wconf 79' lang='lat' dir='ltr'><strong>invocantibus</strong></span> 
     </span>
    </p>
   </div>
   <div class='ocr_carea' id='block_1_65' title="bbox 211 3445 1773 3525">
    <p class='ocr_par' dir='ltr' id='par_1_65' title="bbox 211 3445 1773 3525">
     <span class='ocr_line' id='line_1_65' title="bbox 211 3445 1773 3525; baseline 0.011 -30"><span class='ocrx_word' id='word_1_518' title='bbox 211 3457 320 3508; x_wconf 73' lang='lat' dir='ltr'><strong>eum.</strong></span> <span class='ocrx_word' id='word_1_519' title='bbox 349 3445 409 3501; x_wconf 86' lang='lat' dir='ltr'><strong>Et</strong></span> <span class='ocrx_word' id='word_1_520' title='bbox 437 3462 568 3504; x_wconf 88' lang='lat' dir='ltr'><strong>reor</strong></span> <span class='ocrx_word' id='word_1_521' title='bbox 601 3452 744 3520; x_wconf 88' lang='lat' dir='ltr'><strong>quod</strong></span> <span class='ocrx_word' id='word_1_522' title='bbox 769 3448 895 3506; x_wconf 91' lang='lat' dir='ltr'><strong>ideo</strong></span> <span class='ocrx_word' id='word_1_523' title='bbox 924 3453 1153 3522; x_wconf 85' lang='lat' dir='ltr'><strong>pristino</strong></span> <span class='ocrx_word' id='word_1_524' title='bbox 1183 3454 1401 3512; x_wconf 88' lang='lat' dir='ltr'><strong>nomine</strong></span> <span class='ocrx_word' id='word_1_525' title='bbox 1431 3471 1773 3525; x_wconf 80' lang='lat' dir='ltr'><strong>censeantur,</strong></span> 
     </span>
    </p>
   </div>
   <div class='ocr_carea' id='block_1_66' title="bbox 211 3540 1780 3616">
    <p class='ocr_par' dir='ltr' id='par_1_66' title="bbox 211 3540 1780 3616">
     <span class='ocr_line' id='line_1_66' title="bbox 211 3540 1780 3616; baseline 0.012 -29"><span class='ocrx_word' id='word_1_526' title='bbox 211 3547 256 3588; x_wconf 93' lang='lat' dir='ltr'><strong>ut</strong></span> <span class='ocrx_word' id='word_1_527' title='bbox 293 3540 594 3606; x_wconf 83' lang='lat' dir='ltr'><strong>noverimus</strong></span> <span class='ocrx_word' id='word_1_528' title='bbox 616 3542 745 3612; x_wconf 87' lang='lat' dir='ltr'><strong>quid</strong></span> <span class='ocrx_word' id='word_1_529' title='bbox 789 3542 1010 3612; x_wconf 77' lang='lat' dir='ltr'><strong>fuimus,</strong></span> <span class='ocrx_word' id='word_1_530' title='bbox 1038 3554 1094 3601; x_wconf 87' lang='lat' dir='ltr'><strong>et</strong></span> <span class='ocrx_word' id='word_1_531' title='bbox 1123 3545 1249 3616; x_wconf 90' lang='lat' dir='ltr'><strong>quid</strong></span> <span class='ocrx_word' id='word_1_532' title='bbox 1279 3563 1423 3602; x_wconf 89' lang='lat' dir='ltr'><strong>nunc</strong></span> <span class='ocrx_word' id='word_1_533' title='bbox 1454 3565 1548 3616; x_wconf 91' lang='lat' dir='ltr'><strong>per</strong></span> <span class='ocrx_word' id='word_1_534' title='bbox 1579 3549 1780 3606; x_wconf 69' lang='lat' dir='ltr'><strong>Christi</strong></span> 
     </span>
    </p>
   </div>
   <div class='ocr_carea' id='block_1_67' title="bbox 210 3626 1778 3712">
    <p class='ocr_par' dir='ltr' id='par_1_67' title="bbox 210 3626 1778 3712">
     <span class='ocr_line' id='line_1_67' title="bbox 210 3626 1778 3712; baseline 0.013 -28"><span class='ocrx_word' id='word_1_535' title='bbox 210 3633 403 3698; x_wconf 77' lang='lat' dir='ltr'><strong>gratiam</strong></span> <span class='ocrx_word' id='word_1_536' title='bbox 437 3637 638 3697; x_wconf 85' lang='lat' dir='ltr'><strong>sitnus.</strong></span> <span class='ocrx_word' id='word_1_537' title='bbox 695 3639 759 3692; x_wconf 65' lang='lat' dir='ltr'><strong>lit</strong></span> <span class='ocrx_word' id='word_1_538' title='bbox 790 3639 915 3696; x_wconf 87' lang='lat' dir='ltr'><strong>inde</strong></span> <span class='ocrx_word' id='word_1_539' title='bbox 948 3642 1051 3699; x_wconf 91' lang='lat' dir='ltr'><strong>hoc</strong></span> <span class='ocrx_word' id='word_1_540' title='bbox 1083 3642 1256 3710; x_wconf 91' lang='lat' dir='ltr'><strong>ipsum</strong></span> <span class='ocrx_word' id='word_1_541' title='bbox 1287 3626 1542 3712; x_wconf 86' lang='lat' dir='ltr'><strong>maguum</strong></span> <span class='ocrx_word' id='word_1_542' title='bbox 1578 3643 1778 3704; x_wconf 88' lang='lat' dir='ltr'><strong>bonum</strong></span> 
     </span>
    </p>
   </div>
   <div class='ocr_carea' id='block_1_68' title="bbox 210 3719 1781 3806">
    <p class='ocr_par' dir='ltr' id='par_1_68' title="bbox 210 3719 1781 3806">
     <span class='ocr_line' id='line_1_68' title="bbox 210 3719 1781 3806; baseline 0.011 -28"><span class='ocrx_word' id='word_1_543' title='bbox 210 3727 567 3800; x_wconf 85' lang='lat' dir='ltr'><strong>iutelligentes,</strong></span> <span class='ocrx_word' id='word_1_544' title='bbox 594 3719 771 3802; x_wconf 73' lang='lat' dir='ltr'><strong>magis</strong></span> <span class='ocrx_word' id='word_1_545' title='bbox 799 3734 911 3790; x_wconf 66' lang='lat' dir='ltr'><strong>lico</strong></span> <span class='ocrx_word' id='word_1_546' title='bbox 940 3734 1147 3806; x_wconf 79' lang='lat' dir='ltr'><strong>gratias</strong></span> <span class='ocrx_word' id='word_1_547' title='bbox 1179 3738 1499 3803; x_wconf 76' lang='lat' dir='ltr'><strong>reteramus,</strong></span> <span class='ocrx_word' id='word_1_548' title='bbox 1530 3738 1781 3796; x_wconf 82' lang='lat' dir='ltr'><strong>dicentes</strong></span> 
     </span>
    </p>
   </div>
   <div class='ocr_carea' id='block_1_69' title="bbox 207 3822 1782 3901">
    <p class='ocr_par' dir='ltr' id='par_1_69' title="bbox 207 3822 1782 3901">
     <span class='ocr_line' id='line_1_69' title="bbox 207 3822 1782 3901; baseline 0.009 -27"><span class='ocrx_word' id='word_1_549' title='bbox 207 3834 309 3876; x_wconf 87' lang='lat' dir='ltr'><strong>cum</strong></span> <span class='ocrx_word' id='word_1_550' title='bbox 333 3822 597 3894; x_wconf 85' lang='lat' dir='ltr'><strong>Apostolo</strong></span> <span class='ocrx_word' id='word_1_551' title='bbox 630 3842 645 3882; x_wconf 88' lang='lat'><strong>:</strong></span> <span class='ocrx_word' id='word_1_552' title='bbox 692 3825 898 3886; x_wconf 79' lang='lat' dir='ltr'><strong>Gratias</strong></span> <span class='ocrx_word' id='word_1_553' title='bbox 933 3827 1039 3883; x_wconf 87' lang='lat' dir='ltr'><strong>Deo</strong></span> <span class='ocrx_word' id='word_1_554' title='bbox 1070 3827 1242 3896; x_wconf 83' lang='lat' dir='ltr'><strong>Patri,</strong></span> <span class='ocrx_word' id='word_1_555' title='bbox 1284 3832 1373 3901; x_wconf 87' lang='lat' dir='ltr'><strong>qui</strong></span> <span class='ocrx_word' id='word_1_556' title='bbox 1416 3833 1549 3885; x_wconf 84' lang='lat' dir='ltr'><strong>eruit</strong></span> <span class='ocrx_word' id='word_1_557' title='bbox 1584 3849 1677 3885; x_wconf 86' lang='lat' dir='ltr'><strong>nos</strong></span> <span class='ocrx_word' id='word_1_558' title='bbox 1717 3833 1782 3888; x_wconf 87' lang='lat' dir='ltr'><strong>de</strong></span> 
     </span>
    </p>
   </div>
   <div class='ocr_carea' id='block_1_70' title="bbox 206 3919 1783 3996">
    <p class='ocr_par' dir='ltr' id='par_1_70' title="bbox 206 3919 1783 3996">
     <span class='ocr_line' id='line_1_70' title="bbox 206 3919 1783 3996; baseline 0.008 -30"><span class='ocrx_word' id='word_1_559' title='bbox 206 3925 428 3983; x_wconf 79' lang='lat' dir='ltr'><strong>potestate</strong></span> <span class='ocrx_word' id='word_1_560' title='bbox 448 3919 806 3990; x_wconf 82' lang='lat' dir='ltr'><strong>tenebrarum,</strong></span> <span class='ocrx_word' id='word_1_561' title='bbox 839 3932 886 3977; x_wconf 89' lang='lat' dir='ltr'><strong>et</strong></span> <span class='ocrx_word' id='word_1_562' title='bbox 904 3923 1168 3980; x_wconf 85' lang='lat' dir='ltr'><strong>transtulit</strong></span> <span class='ocrx_word' id='word_1_563' title='bbox 1196 3925 1249 3977; x_wconf 91' lang='lat' dir='ltr'><strong>in</strong></span> <span class='ocrx_word' id='word_1_564' title='bbox 1278 3940 1493 3996; x_wconf 84' lang='lat' dir='ltr'><strong>regnum</strong></span> <span class='ocrx_word' id='word_1_565' title='bbox 1516 3923 1645 3979; x_wconf 83' lang='lat' dir='ltr'><strong>Filii</strong></span> <span class='ocrx_word' id='word_1_566' title='bbox 1671 3924 1783 3979; x_wconf 89' lang='lat' dir='ltr'><strong>cla-</strong></span> 
     </span>
    </p>
   </div>
   <div class='ocr_carea' id='block_1_71' title="bbox 205 4011 1782 4093">
    <p class='ocr_par' dir='ltr' id='par_1_71' title="bbox 205 4011 1782 4093">
     <span class='ocr_line' id='line_1_71' title="bbox 205 4011 1782 4093; baseline 0.01 -33"><span class='ocrx_word' id='word_1_567' title='bbox 205 4011 350 4066; x_wconf 83' lang='lat' dir='ltr'><strong>ritatis</strong></span> <span class='ocrx_word' id='word_1_568' title='bbox 372 4029 502 4070; x_wconf 79' lang='lat' dir='ltr'><strong>aute.</strong></span> <span class='ocrx_word' id='word_1_569' title='bbox 549 4014 667 4071; x_wconf 77' lang='lat' dir='ltr'><strong>Mos</strong></span> <span class='ocrx_word' id='word_1_570' title='bbox 699 4025 880 4072; x_wconf 87' lang='lat' dir='ltr'><strong>autem</strong></span> <span class='ocrx_word' id='word_1_571' title='bbox 915 4027 1114 4073; x_wconf 76' lang='lat' dir='ltr'><strong>saneta:</strong></span> <span class='ocrx_word' id='word_1_572' title='bbox 1142 4017 1444 4088; x_wconf 72' lang='lat' dir='ltr'><strong>Scripturze</strong></span> <span class='ocrx_word' id='word_1_573' title='bbox 1473 4018 1782 4093; x_wconf 78' lang='lat' dir='ltr'><strong>hujusmodi</strong></span> 
     </span>
    </p>
   </div>
   <div class='ocr_carea' id='block_1_72' title="bbox 204 4109 1778 4182">
    <p class='ocr_par' dir='ltr' id='par_1_72' title="bbox 204 4109 1778 4182">
     <span class='ocr_line' id='line_1_72' title="bbox 204 4109 1778 4182; baseline 0.008 -24"><span class='ocrx_word' id='word_1_574' title='bbox 204 4113 290 4171; x_wconf 82' lang='lat' dir='ltr'><strong>est,</strong></span> <span class='ocrx_word' id='word_1_575' title='bbox 335 4115 389 4162; x_wconf 90' lang='lat' dir='ltr'><strong>ut</strong></span> <span class='ocrx_word' id='word_1_576' title='bbox 436 4109 672 4178; x_wconf 85' lang='lat' dir='ltr'><strong>pristina</strong></span> <span class='ocrx_word' id='word_1_577' title='bbox 712 4111 995 4182; x_wconf 81' lang='lat' dir='ltr'><strong>culparum</strong></span> <span class='ocrx_word' id='word_1_578' title='bbox 1044 4114 1263 4173; x_wconf 87' lang='lat' dir='ltr'><strong>nomina</strong></span> <span class='ocrx_word' id='word_1_579' title='bbox 1318 4116 1367 4168; x_wconf 92' lang='lat' dir='ltr'><strong>in</strong></span> <span class='ocrx_word' id='word_1_580' title='bbox 1417 4116 1622 4170; x_wconf 86' lang='lat' dir='ltr'><strong>sanctis</strong></span> <span class='ocrx_word' id='word_1_581' title='bbox 1668 4114 1778 4170; x_wconf 81' lang='lat' dir='ltr'><strong>fre-</strong></span> 
     </span>
    </p>
   </div>
   <div class='ocr_carea' id='block_1_73' title="bbox 202 4204 1783 4276">
    <p class='ocr_par' dir='ltr' id='par_1_73' title="bbox 202 4204 1783 4276">
     <span class='ocr_line' id='line_1_73' title="bbox 202 4204 1783 4276; baseline 0.009 -26"><span class='ocrx_word' id='word_1_582' title='bbox 202 4209 408 4265; x_wconf 84' lang='lat' dir='ltr'><strong>quenter</strong></span> <span class='ocrx_word' id='word_1_583' title='bbox 442 4211 750 4269; x_wconf 85' lang='lat' dir='ltr'><strong>recenseat,</strong></span> <span class='ocrx_word' id='word_1_584' title='bbox 797 4204 940 4264; x_wconf 80' lang='lat' dir='ltr'><strong>sicut</strong></span> <span class='ocrx_word' id='word_1_585' title='bbox 985 4205 1172 4262; x_wconf 88' lang='lat' dir='ltr'><strong>beatus</strong></span> <span class='ocrx_word' id='word_1_586' title='bbox 1213 4207 1378 4263; x_wconf 87' lang='lat' dir='ltr'><strong>lsaias</strong></span> <span class='ocrx_word' id='word_1_587' title='bbox 1409 4209 1675 4276; x_wconf 84' lang='lat' dir='ltr'><strong>propheta</strong></span> <span class='ocrx_word' id='word_1_588' title='bbox 1707 4208 1783 4264; x_wconf 84' lang='lat' dir='ltr'><strong>ait</strong></span> 
     </span>
    </p>
   </div>
   <div class='ocr_carea' id='block_1_74' title="bbox 203 4289 1782 4372">
    <p class='ocr_par' dir='ltr' id='par_1_74' title="bbox 203 4289 1782 4372">
     <span class='ocr_line' id='line_1_74' title="bbox 203 4289 1782 4372; baseline 0.009 -28"><span class='ocrx_word' id='word_1_589' title='bbox 203 4289 259 4344; x_wconf 89' lang='lat' dir='ltr'><strong>de</strong></span> <span class='ocrx_word' id='word_1_590' title='bbox 286 4291 389 4348; x_wconf 84' lang='lat' dir='ltr'><strong>Deo</strong></span> <span class='ocrx_word' id='word_1_591' title='bbox 432 4313 446 4350; x_wconf 87' lang='lat'><strong>:</strong></span> <span class='ocrx_word' id='word_1_592' title='bbox 495 4293 809 4356; x_wconf 82' lang='lat' dir='ltr'><strong>Benediceut</strong></span> <span class='ocrx_word' id='word_1_593' title='bbox 862 4314 943 4358; x_wconf 80' lang='lat' dir='ltr'><strong>me</strong></span> <span class='ocrx_word' id='word_1_594' title='bbox 981 4299 1154 4354; x_wconf 78' lang='lat' dir='ltr'><strong>bestiw</strong></span> <span class='ocrx_word' id='word_1_595' title='bbox 1192 4301 1353 4372; x_wconf 83' lang='lat' dir='ltr'><strong>agri;</strong></span> <span class='ocrx_word' id='word_1_596' title='bbox 1397 4307 1454 4355; x_wconf 85' lang='lat' dir='ltr'><strong>et</strong></span> <span class='ocrx_word' id='word_1_597' title='bbox 1501 4301 1782 4370; x_wconf 75' lang='lat' dir='ltr'><strong>apostolus</strong></span> 
     </span>
    </p>
   </div>
   <div class='ocr_carea' id='block_1_75' title="bbox 205 4381 1780 4460">
    <p class='ocr_par' dir='ltr' id='par_1_75' title="bbox 205 4381 1780 4460">
     <span class='ocr_line' id='line_1_75' title="bbox 205 4381 1780 4460; baseline 0.01 -24"><span class='ocrx_word' id='word_1_598' title='bbox 205 4381 458 4447; x_wconf 64' lang='lat' dir='ltr'><strong>Mattheus</strong></span> <span class='ocrx_word' id='word_1_599' title='bbox 485 4387 688 4444; x_wconf 78' lang='lat' dir='ltr'><strong>dicitur</strong></span> <span class='ocrx_word' id='word_1_600' title='bbox 709 4389 1053 4460; x_wconf 84' lang='lat' dir='ltr'><strong>publicanus.</strong></span> <span class='ocrx_word' id='word_1_601' title='bbox 1081 4392 1373 4447; x_wconf 86' lang='lat' dir='ltr'><strong>Videamus</strong></span> <span class='ocrx_word' id='word_1_602' title='bbox 1409 4392 1546 4448; x_wconf 89' lang='lat' dir='ltr'><strong>hunc</strong></span> <span class='ocrx_word' id='word_1_603' title='bbox 1578 4394 1780 4460; x_wconf 86' lang='lat' dir='ltr'><strong>locum,</strong></span> 
     </span>
    </p>
   </div>
   <div class='ocr_carea' id='block_1_76' title="bbox 1885 3261 3492 3332">
    <p class='ocr_par' dir='ltr' id='par_1_76' title="bbox 1885 3261 3492 3332">
     <span class='ocr_line' id='line_1_76' title="bbox 1885 3261 3492 3332; baseline 0.001 -20"><span class='ocrx_word' id='word_1_604' title='bbox 1885 3272 1989 3314; x_wconf 86' lang='lat' dir='ltr'><strong>tem</strong></span> <span class='ocrx_word' id='word_1_605' title='bbox 2007 3261 2290 3331; x_wconf 86' lang='lat' dir='ltr'><strong>quamdam</strong></span> <span class='ocrx_word' id='word_1_606' title='bbox 2305 3262 2488 3318; x_wconf 69' lang='grc' dir='ltr'><strong>δινουιί</strong></span> <span class='ocrx_word' id='word_1_607' title='bbox 2510 3261 2670 3318; x_wconf 77' lang='lat' dir='ltr'><strong>futuri</strong></span> <span class='ocrx_word' id='word_1_608' title='bbox 2687 3261 3026 3332; x_wconf 80' lang='lat' dir='ltr'><strong>perveniant.</strong></span> <span class='ocrx_word' id='word_1_609' title='bbox 3047 3261 3180 3316; x_wconf 81' lang='lat' dir='ltr'><strong>Nam</strong></span> <span class='ocrx_word' id='word_1_610' title='bbox 3196 3270 3251 3315; x_wconf 91' lang='lat' dir='ltr'><strong>et</strong></span> <span class='ocrx_word' id='word_1_611' title='bbox 3265 3261 3327 3315; x_wconf 85' lang='lat' dir='ltr'><strong>ad</strong></span> <span class='ocrx_word' id='word_1_612' title='bbox 3345 3261 3492 3326; x_wconf 80' lang='lat' dir='ltr'><strong>hunc.</strong></span> 
     </span>
    </p>
   </div>
   <div class='ocr_carea' id='block_1_77' title="bbox 1886 3353 3492 3425">
    <p class='ocr_par' dir='ltr' id='par_1_77' title="bbox 1886 3353 3492 3425">
     <span class='ocr_line' id='line_1_77' title="bbox 1886 3353 3492 3425; baseline 0.003 -18"><span class='ocrx_word' id='word_1_613' title='bbox 1886 3353 2224 3410; x_wconf 86' lang='lat' dir='ltr'><strong>intellectum</strong></span> <span class='ocrx_word' id='word_1_614' title='bbox 2261 3355 2600 3425; x_wconf 86' lang='lat' dir='ltr'><strong>spiritualcm</strong></span> <span class='ocrx_word' id='word_1_615' title='bbox 2637 3356 2891 3424; x_wconf 86' lang='lat' dir='ltr'><strong>pertinet,</strong></span> <span class='ocrx_word' id='word_1_616' title='bbox 2917 3356 3059 3425; x_wconf 91' lang='lat' dir='ltr'><strong>quod</strong></span> <span class='ocrx_word' id='word_1_617' title='bbox 3079 3357 3228 3411; x_wconf 85' lang='lat' dir='ltr'><strong>corvi</strong></span> <span class='ocrx_word' id='word_1_618' title='bbox 3251 3356 3336 3410; x_wconf 89' lang='lat' dir='ltr'><strong>isti</strong></span> <span class='ocrx_word' id='word_1_619' title='bbox 3369 3368 3492 3412; x_wconf 77' lang='lat' dir='ltr'><strong>rore</strong></span> 
     </span>
    </p>
   </div>
   <div class='ocr_carea' id='block_1_78' title="bbox 1887 3447 3484 3519">
    <p class='ocr_par' dir='ltr' id='par_1_78' title="bbox 1887 3447 3484 3519">
     <span class='ocr_line' id='line_1_78' title="bbox 1887 3447 3484 3519; baseline 0.002 -17"><span class='ocrx_word' id='word_1_620' title='bbox 1887 3447 2032 3516; x_wconf 75' lang='lat' dir='ltr'><strong>pasci</strong></span> <span class='ocrx_word' id='word_1_621' title='bbox 2055 3448 2332 3513; x_wconf 91' lang='lat' dir='ltr'><strong>dicuntur,</strong></span> <span class='ocrx_word' id='word_1_622' title='bbox 2363 3449 2510 3503; x_wconf 84' lang='lat' dir='ltr'><strong>sicut</strong></span> <span class='ocrx_word' id='word_1_623' title='bbox 2533 3448 2791 3519; x_wconf 78' lang='lat' dir='ltr'><strong>philologi</strong></span> <span class='ocrx_word' id='word_1_624' title='bbox 2816 3465 2875 3504; x_wconf 89' lang='lat' dir='ltr'><strong>se</strong></span> <span class='ocrx_word' id='word_1_625' title='bbox 2899 3451 3145 3504; x_wconf 70' lang='lat' dir='ltr'><strong>referunt</strong></span> <span class='ocrx_word' id='word_1_626' title='bbox 3177 3449 3484 3519; x_wconf 85' lang='lat' dir='ltr'><strong>indagasse.</strong></span> 
     </span>
    </p>
   </div>
   <div class='ocr_carea' id='block_1_79' title="bbox 2421 3564 2940 3620">
    <p class='ocr_par' dir='ltr' id='par_1_79' title="bbox 2421 3564 2940 3620">
     <span class='ocr_line' id='line_1_79' title="bbox 2421 3564 2940 3620; baseline 0.002 -3"><span class='ocrx_word' id='word_1_627' title='bbox 2421 3564 2652 3620; x_wconf 83' lang='lat' dir='ltr'><strong>CAPUT</strong></span> <span class='ocrx_word' id='word_1_628' title='bbox 2690 3564 2940 3619; x_wconf 75' lang='lat' dir='ltr'><strong>XXXIX.</strong></span> 
     </span>
    </p>
   </div>
   <div class='ocr_carea' id='block_1_80' title="bbox 1955 3658 3475 3730">
    <p class='ocr_par' dir='ltr' id='par_1_80' title="bbox 1955 3658 3475 3730">
     <span class='ocr_line' id='line_1_80' title="bbox 1955 3658 3475 3730; baseline 0.003 -18"><span class='ocrx_word' id='word_1_629' title='bbox 1955 3658 2228 3728; x_wconf 81' lang='lat' dir='ltr'><strong>Numquid</strong></span> <span class='ocrx_word' id='word_1_630' title='bbox 2261 3660 2394 3712; x_wconf 78' lang='lat' dir='ltr'><strong>nosti</strong></span> <span class='ocrx_word' id='word_1_631' title='bbox 2435 3670 2633 3729; x_wconf 86' lang='lat' dir='ltr'><strong>tempus</strong></span> <span class='ocrx_word' id='word_1_632' title='bbox 2661 3670 2843 3730; x_wconf 86' lang='lat' dir='ltr'><strong>partus</strong></span> <span class='ocrx_word' id='word_1_633' title='bbox 2874 3660 3062 3714; x_wconf 87' lang='lat' dir='ltr'><strong>ibicum</strong></span> <span class='ocrx_word' id='word_1_634' title='bbox 3096 3661 3148 3716; x_wconf 90' lang='lat' dir='ltr'><strong>in</strong></span> <span class='ocrx_word' id='word_1_635' title='bbox 3180 3663 3360 3730; x_wconf 84' lang='lat' dir='ltr'><strong>petris,</strong></span> <span class='ocrx_word' id='word_1_636' title='bbox 3395 3661 3475 3716; x_wconf 81' lang='lat' dir='ltr'><strong>rel</strong></span> 
     </span>
    </p>
   </div>
   <div class='ocr_carea' id='block_1_81' title="bbox 1882 3751 3491 3822">
    <p class='ocr_par' dir='ltr' id='par_1_81' title="bbox 1882 3751 3491 3822">
     <span class='ocr_line' id='line_1_81' title="bbox 1882 3751 3491 3822; baseline 0.001 -16"><span class='ocrx_word' id='word_1_637' title='bbox 1882 3753 2223 3820; x_wconf 86' lang='lat' dir='ltr'><strong>parturientes</strong></span> <span class='ocrx_word' id='word_1_638' title='bbox 2253 3767 2426 3805; x_wconf 73' lang='lat' dir='ltr'><strong>cereas</strong></span> <span class='ocrx_word' id='word_1_639' title='bbox 2457 3753 2732 3805; x_wconf 75' lang='lat' dir='ltr'><strong>observasti</strong></span> <span class='ocrx_word' id='word_1_640' title='bbox 2758 3754 2781 3804; x_wconf 85' lang='lat'><em>?</em></span> <span class='ocrx_word' id='word_1_641' title='bbox 2808 3751 2980 3808; x_wconf 89' lang='lat' dir='ltr'><strong>lbices</strong></span> <span class='ocrx_word' id='word_1_642' title='bbox 3015 3752 3117 3821; x_wconf 86' lang='lat' dir='ltr'><strong>ipsi</strong></span> <span class='ocrx_word' id='word_1_643' title='bbox 3150 3764 3307 3814; x_wconf 88' lang='lat' dir='ltr'><strong>sunt,</strong></span> <span class='ocrx_word' id='word_1_644' title='bbox 3350 3767 3491 3822; x_wconf 87' lang='lat' dir='ltr'><strong>quos</strong></span> 
     </span>
    </p>
   </div>
   <div class='ocr_carea' id='block_1_82' title="bbox 1882 3842 3492 3913">
    <p class='ocr_par' dir='ltr' id='par_1_82' title="bbox 1882 3842 3492 3913">
     <span class='ocr_line' id='line_1_82' title="bbox 1882 3842 3492 3913; baseline 0 -15"><span class='ocrx_word' id='word_1_645' title='bbox 1882 3842 2053 3898; x_wconf 77' lang='lat' dir='ltr'><strong>Graeci</strong></span> <span class='ocrx_word' id='word_1_646' title='bbox 2093 3842 2444 3913; x_wconf 87' lang='lat' dir='ltr'><strong>tragelaphos</strong></span> <span class='ocrx_word' id='word_1_647' title='bbox 2482 3852 2709 3907; x_wconf 90' lang='lat' dir='ltr'><strong>vocant,</strong></span> <span class='ocrx_word' id='word_1_648' title='bbox 2741 3843 2983 3898; x_wconf 88' lang='lat' dir='ltr'><strong>admixto</strong></span> <span class='ocrx_word' id='word_1_649' title='bbox 3015 3843 3232 3896; x_wconf 84' lang='lat' dir='ltr'><strong>nomine</strong></span> <span class='ocrx_word' id='word_1_650' title='bbox 3263 3842 3396 3896; x_wconf 90' lang='lat' dir='ltr'><strong>hirci</strong></span> <span class='ocrx_word' id='word_1_651' title='bbox 3427 3851 3492 3898; x_wconf 84' lang='lat' dir='ltr'><strong>et</strong></span> 
     </span>
    </p>
   </div>
   <div class='ocr_carea' id='block_1_83' title="bbox 1882 3935 3484 4008">
    <p class='ocr_par' dir='ltr' id='par_1_83' title="bbox 1882 3935 3484 4008">
     <span class='ocr_line' id='line_1_83' title="bbox 1882 3935 3484 4008; baseline -0.002 -14"><span class='ocrx_word' id='word_1_652' title='bbox 1882 3938 2054 4001; x_wconf 88' lang='lat' dir='ltr'><strong>cervi,</strong></span> <span class='ocrx_word' id='word_1_653' title='bbox 2075 3952 2142 3992; x_wconf 88' lang='lat' dir='ltr'><strong>eo</strong></span> <span class='ocrx_word' id='word_1_654' title='bbox 2166 3937 2306 4008; x_wconf 90' lang='lat' dir='ltr'><strong>quod</strong></span> <span class='ocrx_word' id='word_1_655' title='bbox 2337 3952 2562 3993; x_wconf 86' lang='lat' dir='ltr'><strong>necesse</strong></span> <span class='ocrx_word' id='word_1_656' title='bbox 2584 3945 2689 4001; x_wconf 87' lang='lat' dir='ltr'><strong>est,</strong></span> <span class='ocrx_word' id='word_1_657' title='bbox 2725 3946 2780 3990; x_wconf 89' lang='lat' dir='ltr'><strong>ut</strong></span> <span class='ocrx_word' id='word_1_658' title='bbox 2802 3936 2980 3990; x_wconf 87' lang='lat' dir='ltr'><strong>simile</strong></span> <span class='ocrx_word' id='word_1_659' title='bbox 3009 3937 3110 3990; x_wconf 88' lang='lat' dir='ltr'><strong>sibi</strong></span> <span class='ocrx_word' id='word_1_660' title='bbox 3141 3935 3342 4006; x_wconf 85' lang='lat' dir='ltr'><strong>aliquid</strong></span> <span class='ocrx_word' id='word_1_661' title='bbox 3369 3935 3484 3990; x_wconf 58' lang='lat' dir='ltr'><strong>hanc</strong></span> 
     </span>
    </p>
   </div>
   <div class='ocr_carea' id='block_1_84' title="bbox 1882 4029 3487 4100">
    <p class='ocr_par' dir='ltr' id='par_1_84' title="bbox 1882 4029 3487 4100">
     <span class='ocr_line' id='line_1_84' title="bbox 1882 4029 3487 4100; baseline 0 -15"><span class='ocrx_word' id='word_1_662' title='bbox 1882 4031 2137 4086; x_wconf 84' lang='lat' dir='ltr'><strong>aniulia</strong></span> <span class='ocrx_word' id='word_1_663' title='bbox 2169 4031 2428 4100; x_wconf 82' lang='lat' dir='ltr'><strong>habeant,</strong></span> <span class='ocrx_word' id='word_1_664' title='bbox 2471 4041 2524 4086; x_wconf 86' lang='lat' dir='ltr'><strong>et</strong></span> <span class='ocrx_word' id='word_1_665' title='bbox 2554 4047 2716 4085; x_wconf 85' lang='lat' dir='ltr'><strong>unum</strong></span> <span class='ocrx_word' id='word_1_666' title='bbox 2765 4031 2958 4084; x_wconf 88' lang='lat' dir='ltr'><strong>horum</strong></span> <span class='ocrx_word' id='word_1_667' title='bbox 2990 4042 3119 4099; x_wconf 87' lang='lat' dir='ltr'><strong>puto</strong></span> <span class='ocrx_word' id='word_1_668' title='bbox 3161 4029 3214 4084; x_wconf 90' lang='lat' dir='ltr'><strong>in</strong></span> <span class='ocrx_word' id='word_1_669' title='bbox 3245 4029 3487 4085; x_wconf 82' lang='lat' dir='ltr'><strong>Cantieis</strong></span> 
     </span>
    </p>
   </div>
   <div class='ocr_carea' id='block_1_85' title="bbox 1881 4121 3478 4193">
    <p class='ocr_par' dir='ltr' id='par_1_85' title="bbox 1881 4121 3478 4193">
     <span class='ocr_line' id='line_1_85' title="bbox 1881 4121 3478 4193; baseline -0.004 -13"><span class='ocrx_word' id='word_1_670' title='bbox 1881 4125 2220 4180; x_wconf 87' lang='lat' dir='ltr'><strong>canticorum</strong></span> <span class='ocrx_word' id='word_1_671' title='bbox 2245 4124 2518 4180; x_wconf 83' lang='lat' dir='ltr'><strong>damulam</strong></span> <span class='ocrx_word' id='word_1_672' title='bbox 2553 4123 2759 4188; x_wconf 83' lang='lat' dir='ltr'><strong>vocari,</strong></span> <span class='ocrx_word' id='word_1_673' title='bbox 2802 4138 2925 4191; x_wconf 81' lang='lat' dir='ltr'><strong>quae</strong></span> <span class='ocrx_word' id='word_1_674' title='bbox 2956 4121 3270 4193; x_wconf 87' lang='lat' dir='ltr'><strong>aliquando,</strong></span> <span class='ocrx_word' id='word_1_675' title='bbox 3302 4131 3354 4175; x_wconf 90' lang='lat' dir='ltr'><strong>et</strong></span> <span class='ocrx_word' id='word_1_676' title='bbox 3385 4136 3478 4176; x_wconf 86' lang='lat' dir='ltr'><strong>ca-</strong></span> 
     </span>
    </p>
   </div>
   <div class='ocr_carea' id='block_1_86' title="bbox 1883 4213 3488 4291">
    <p class='ocr_par' dir='ltr' id='par_1_86' title="bbox 1883 4213 3488 4291">
     <span class='ocr_line' id='line_1_86' title="bbox 1883 4213 3488 4291; baseline -0.001 -17"><span class='ocrx_word' id='word_1_677' title='bbox 1883 4234 2034 4291; x_wconf 90' lang='lat' dir='ltr'><strong>prea,</strong></span> <span class='ocrx_word' id='word_1_678' title='bbox 2067 4218 2363 4274; x_wconf 84' lang='lat' dir='ltr'><strong>secundum</strong></span> <span class='ocrx_word' id='word_1_679' title='bbox 2406 4219 2578 4288; x_wconf 86' lang='lat' dir='ltr'><strong>legem</strong></span> <span class='ocrx_word' id='word_1_680' title='bbox 2612 4217 3008 4274; x_wconf 83' lang='lat' dir='ltr'><strong>mactabantur.</strong></span> <span class='ocrx_word' id='word_1_681' title='bbox 3068 4216 3136 4271; x_wconf 82' lang='lat' dir='ltr'><strong>Et</strong></span> <span class='ocrx_word' id='word_1_682' title='bbox 3167 4215 3218 4270; x_wconf 89' lang='lat' dir='ltr'><strong>in</strong></span> <span class='ocrx_word' id='word_1_683' title='bbox 3257 4213 3488 4272; x_wconf 74' lang='lat' dir='ltr'><strong>Cantica</strong></span> 
     </span>
    </p>
   </div>
   <div class='ocr_carea' id='block_1_87' title="bbox 1881 4309 3494 4381">
    <p class='ocr_par' dir='ltr' id='par_1_87' title="bbox 1881 4309 3494 4381">
     <span class='ocr_line' id='line_1_87' title="bbox 1881 4309 3494 4381; baseline -0.002 -15"><span class='ocrx_word' id='word_1_684' title='bbox 1881 4312 2216 4368; x_wconf 88' lang='lat' dir='ltr'><strong>canticorum</strong></span> <span class='ocrx_word' id='word_1_685' title='bbox 2243 4312 2444 4368; x_wconf 87' lang='lat' dir='ltr'><strong>crebro</strong></span> <span class='ocrx_word' id='word_1_686' title='bbox 2471 4311 2630 4366; x_wconf 85' lang='lat' dir='ltr'><strong>simul</strong></span> <span class='ocrx_word' id='word_1_687' title='bbox 2661 4320 2956 4381; x_wconf 84' lang='lat' dir='ltr'><strong>ponuntur,</strong></span> <span class='ocrx_word' id='word_1_688' title='bbox 2992 4320 3039 4365; x_wconf 89' lang='lat' dir='ltr'><strong>et</strong></span> <span class='ocrx_word' id='word_1_689' title='bbox 3073 4309 3276 4366; x_wconf 89' lang='lat' dir='ltr'><strong>munda</strong></span> <span class='ocrx_word' id='word_1_690' title='bbox 3305 4309 3494 4380; x_wconf 83' lang='lat' dir='ltr'><strong>appel-</strong></span> 
     </span>
    </p>
   </div>
   <div class='ocr_carea' id='block_1_88' title="bbox 1885 4403 3490 4478">
    <p class='ocr_par' dir='ltr' id='par_1_88' title="bbox 1885 4403 3490 4478">
     <span class='ocr_line' id='line_1_88' title="bbox 1885 4403 3490 4478; baseline -0.003 -17"><span class='ocrx_word' id='word_1_691' title='bbox 1885 4408 2083 4473; x_wconf 90' lang='lat' dir='ltr'><strong>lantur,</strong></span> <span class='ocrx_word' id='word_1_692' title='bbox 2114 4407 2372 4478; x_wconf 84' lang='lat' dir='ltr'><strong>quoniam</strong></span> <span class='ocrx_word' id='word_1_693' title='bbox 2396 4414 2622 4462; x_wconf 86' lang='lat' dir='ltr'><strong>cornuta</strong></span> <span class='ocrx_word' id='word_1_694' title='bbox 2653 4415 2859 4470; x_wconf 90' lang='lat' dir='ltr'><strong>essent,</strong></span> <span class='ocrx_word' id='word_1_695' title='bbox 2884 4412 2943 4459; x_wconf 88' lang='lat' dir='ltr'><strong>et</strong></span> <span class='ocrx_word' id='word_1_696' title='bbox 2984 4403 3342 4466; x_wconf 88' lang='lat' dir='ltr'><strong>ruminarent,</strong></span> <span class='ocrx_word' id='word_1_697' title='bbox 3389 4418 3490 4458; x_wconf 88' lang='lat' dir='ltr'><strong>un—</strong></span> 
     </span>
    </p>
   </div>
   <div class='ocr_carea' id='block_1_89' title="bbox 202 4477 3491 4569">
    <p class='ocr_par' dir='ltr' id='par_1_89' title="bbox 202 4477 3491 4569">
     <span class='ocr_line' id='line_1_89' title="bbox 202 4477 3491 4569; baseline 0.004 -32"><span class='ocrx_word' id='word_1_698' title='bbox 202 4477 304 4533; x_wconf 77' lang='lat' dir='ltr'><strong>Siet</strong></span> <span class='ocrx_word' id='word_1_699' title='bbox 332 4481 381 4535; x_wconf 89' lang='lat' dir='ltr'><strong>in</strong></span> <span class='ocrx_word' id='word_1_700' title='bbox 404 4483 604 4540; x_wconf 88' lang='lat' dir='ltr'><strong>bonam</strong></span> <span class='ocrx_word' id='word_1_701' title='bbox 639 4495 848 4550; x_wconf 78' lang='lat' dir='ltr'><strong>partem</strong></span> <span class='ocrx_word' id='word_1_702' title='bbox 882 4502 1166 4556; x_wconf 79' lang='lat' dir='ltr'><strong>exponere</strong></span> <span class='ocrx_word' id='word_1_703' title='bbox 1211 4491 1508 4560; x_wconf 84' lang='lat' dir='ltr'><strong>possimus,</strong></span> <span class='ocrx_word' id='word_1_704' title='bbox 1537 4499 1591 4544; x_wconf 91' lang='lat' dir='ltr'><strong>ut</strong></span> <span class='ocrx_word' id='word_1_705' title='bbox 1614 4492 1776 4547; x_wconf 83' lang='lat' dir='ltr'><strong>istum</strong></span> <span class='ocrx_word' id='word_1_706' title='bbox 1811 4557 1846 4569; x_wconf 47' lang='lat'><strong>._</strong></span> <span class='ocrx_word' id='word_1_707' title='bbox 1883 4477 2174 4569; x_wconf 86' lang='lat' dir='ltr'><strong>gulamque</strong></span> <span class='ocrx_word' id='word_1_708' title='bbox 2202 4497 2524 4554; x_wconf 84' lang='lat' dir='ltr'><strong>dividerent.</strong></span> <span class='ocrx_word' id='word_1_709' title='bbox 2566 4496 2731 4553; x_wconf 85' lang='lat' dir='ltr'><strong>Istius</strong></span> <span class='ocrx_word' id='word_1_710' title='bbox 2777 4496 2936 4552; x_wconf 88' lang='lat' dir='ltr'><strong>ibicis</strong></span> <span class='ocrx_word' id='word_1_711' title='bbox 2979 4506 3104 4552; x_wconf 91' lang='lat' dir='ltr'><strong>sunt</strong></span> <span class='ocrx_word' id='word_1_712' title='bbox 3135 4504 3192 4550; x_wconf 91' lang='lat' dir='ltr'><strong>et</strong></span> <span class='ocrx_word' id='word_1_713' title='bbox 3233 4494 3340 4549; x_wconf 81' lang='lat' dir='ltr'><strong>alia</strong></span> <span class='ocrx_word' id='word_1_714' title='bbox 3372 4493 3491 4550; x_wconf 86' lang='lat' dir='ltr'><strong>ani-</strong></span> 
     </span>
    </p>
   </div>
   <div class='ocr_carea' id='block_1_90' title="bbox 200 4557 3492 4663">
    <p class='ocr_par' dir='ltr' id='par_1_90' title="bbox 200 4557 3492 4663">
     <span class='ocr_line' id='line_1_90' title="bbox 200 4557 3492 4663; baseline 0.006 -38"><span class='ocrx_word' id='word_1_715' title='bbox 200 4585 420 4642; x_wconf 85' lang='lat' dir='ltr'><strong>corvum,</strong></span> <span class='ocrx_word' id='word_1_716' title='bbox 451 4586 508 4634; x_wconf 87' lang='lat' dir='ltr'><strong>et</strong></span> <span class='ocrx_word' id='word_1_717' title='bbox 533 4577 815 4639; x_wconf 86' lang='lat' dir='ltr'><strong>Christum</strong></span> <span class='ocrx_word' id='word_1_718' title='bbox 847 4582 1290 4652; x_wconf 87' lang='lat' dir='ltr'><strong>interpretemur.</strong></span> <span class='ocrx_word' id='word_1_719' title='bbox 1332 4585 1484 4639; x_wconf 86' lang='lat' dir='ltr'><strong>Sicut</strong></span> <span class='ocrx_word' id='word_1_720' title='bbox 1508 4585 1654 4640; x_wconf 90' lang='lat' dir='ltr'><strong>enim</strong></span> <span class='ocrx_word' id='word_1_721' title='bbox 1687 4600 1777 4641; x_wconf 90' lang='lat' dir='ltr'><strong>se-</strong></span> <span class='ocrx_word' id='word_1_722' title='bbox 1811 4557 1856 4622; x_wconf 69' lang='grc' dir='ltr'><strong><em>υ</em></strong></span> <span class='ocrx_word' id='word_1_723' title='bbox 1887 4593 2045 4650; x_wconf 87' lang='lat' dir='ltr'><strong>malia</strong></span> <span class='ocrx_word' id='word_1_724' title='bbox 2075 4594 2227 4663; x_wconf 82' lang='lat' dir='ltr'><strong>quasi</strong></span> <span class='ocrx_word' id='word_1_725' title='bbox 2255 4593 2498 4662; x_wconf 65' lang='lat' dir='ltr'><strong>eiusdem</strong></span> <span class='ocrx_word' id='word_1_726' title='bbox 2524 4593 2763 4661; x_wconf 88' lang='lat' dir='ltr'><strong>generis,</strong></span> <span class='ocrx_word' id='word_1_727' title='bbox 2794 4600 2851 4645; x_wconf 92' lang='lat' dir='ltr'><strong>ut</strong></span> <span class='ocrx_word' id='word_1_728' title='bbox 2873 4599 2978 4657; x_wconf 87' lang='lat' dir='ltr'><strong>est,</strong></span> <span class='ocrx_word' id='word_1_729' title='bbox 3001 4605 3317 4657; x_wconf 89' lang='lat' dir='ltr'><strong>corvorum,</strong></span> <span class='ocrx_word' id='word_1_730' title='bbox 3349 4596 3492 4648; x_wconf 79' lang='lat' dir='ltr'><strong>Sicut</strong></span> 
     </span>
    </p>
   </div>
   <div class='ocr_carea' id='block_1_91' title="bbox 199 4665 1781 4742">
    <p class='ocr_par' dir='ltr' id='par_1_91' title="bbox 199 4665 1781 4742">
     <span class='ocr_line' id='line_1_91' title="bbox 199 4665 1781 4742; baseline 0.008 -25"><span class='ocrx_word' id='word_1_731' title='bbox 199 4665 409 4723; x_wconf 87' lang='lat' dir='ltr'><strong>cundum</strong></span> <span class='ocrx_word' id='word_1_732' title='bbox 435 4671 842 4742; x_wconf 83' lang='lat' dir='ltr'><strong>Scripturarum</strong></span> <span class='ocrx_word' id='word_1_733' title='bbox 866 4676 1338 4741; x_wconf 88' lang='lat' dir='ltr'><strong>consuetudinem,</strong></span> <span class='ocrx_word' id='word_1_734' title='bbox 1373 4683 1613 4734; x_wconf 87' lang='lat' dir='ltr'><strong>montem</strong></span> <span class='ocrx_word' id='word_1_735' title='bbox 1644 4677 1781 4732; x_wconf 83' lang='lat' dir='ltr'><strong>dici.-</strong></span> 
     </span>
    </p>
   </div>
   <div class='ocr_carea' id='block_1_92' title="bbox 200 4760 1781 4840">
    <p class='ocr_par' dir='ltr' id='par_1_92' title="bbox 200 4760 1781 4840">
     <span class='ocr_line' id='line_1_92' title="bbox 200 4760 1781 4840; baseline 0.011 -32"><span class='ocrx_word' id='word_1_736' title='bbox 200 4773 302 4813; x_wconf 85' lang='lat' dir='ltr'><strong>mus</strong></span> <span class='ocrx_word' id='word_1_737' title='bbox 327 4760 618 4830; x_wconf 77' lang='lat' dir='ltr'><strong>Dominum</strong></span> <span class='ocrx_word' id='word_1_738' title='bbox 649 4777 933 4832; x_wconf 89' lang='lat' dir='ltr'><strong>nostrum,</strong></span> <span class='ocrx_word' id='word_1_739' title='bbox 976 4775 1032 4828; x_wconf 77' lang='lat' dir='ltr'><strong>et</strong></span> <span class='ocrx_word' id='word_1_740' title='bbox 1075 4768 1349 4823; x_wconf 90' lang='lat' dir='ltr'><strong>diabolum</strong></span> <span class='ocrx_word' id='word_1_741' title='bbox 1399 4768 1650 4826; x_wconf 89' lang='lat' dir='ltr'><strong>similiter</strong></span> <span class='ocrx_word' id='word_1_742' title='bbox 1692 4785 1781 4840; x_wconf 87' lang='lat' dir='ltr'><strong>ap-</strong></span> 
     </span>
    </p>
   </div>
   <div class='ocr_carea' id='block_1_93' title="bbox 199 4853 1777 4933">
    <p class='ocr_par' dir='ltr' id='par_1_93' title="bbox 199 4853 1777 4933">
     <span class='ocr_line' id='line_1_93' title="bbox 199 4853 1777 4933; baseline 0.01 -28"><span class='ocrx_word' id='word_1_743' title='bbox 199 4853 443 4919; x_wconf 83' lang='lat' dir='ltr'><strong>pellamus</strong></span> <span class='ocrx_word' id='word_1_744' title='bbox 489 4877 501 4914; x_wconf 89' lang='lat'>:</span> <span class='ocrx_word' id='word_1_745' title='bbox 557 4868 766 4931; x_wconf 88' lang='lat' dir='ltr'><strong>petram</strong></span> <span class='ocrx_word' id='word_1_746' title='bbox 813 4877 1028 4933; x_wconf 89' lang='lat' dir='ltr'><strong>quoque</strong></span> <span class='ocrx_word' id='word_1_747' title='bbox 1082 4877 1146 4918; x_wconf 92' lang='lat' dir='ltr'><strong>ac</strong></span> <span class='ocrx_word' id='word_1_748' title='bbox 1195 4863 1474 4932; x_wconf 83' lang='lat' dir='ltr'><strong>lapidem,</strong></span> <span class='ocrx_word' id='word_1_749' title='bbox 1528 4865 1777 4922; x_wconf 78' lang='lat' dir='ltr'><strong>arborem</strong></span> 
     </span>
    </p>
   </div>
   <div class='ocr_carea' id='block_1_94' title="bbox 198 4949 1781 5025">
    <p class='ocr_par' dir='ltr' id='par_1_94' title="bbox 198 4949 1781 5025">
     <span class='ocr_line' id='line_1_94' title="bbox 198 4949 1781 5025; baseline 0.008 -26"><span class='ocrx_word' id='word_1_750' title='bbox 198 4949 438 5017; x_wconf 85' lang='lat' dir='ltr'><strong>etiam,et</strong></span> <span class='ocrx_word' id='word_1_751' title='bbox 467 4955 707 5025; x_wconf 76' lang='lat' dir='ltr'><strong>gladium</strong></span> <span class='ocrx_word' id='word_1_752' title='bbox 737 4955 1008 5012; x_wconf 84' lang='lat' dir='ltr'><strong>dicimus:</strong></span> <span class='ocrx_word' id='word_1_753' title='bbox 1065 4958 1134 5016; x_wconf 89' lang='lat' dir='ltr'><strong>ita</strong></span> <span class='ocrx_word' id='word_1_754' title='bbox 1179 4966 1234 5014; x_wconf 90' lang='lat' dir='ltr'><strong>et</strong></span> <span class='ocrx_word' id='word_1_755' title='bbox 1274 4973 1493 5012; x_wconf 85' lang='lat' dir='ltr'><strong>corvum</strong></span> <span class='ocrx_word' id='word_1_756' title='bbox 1533 4957 1781 5018; x_wconf 78' lang='lat' dir='ltr'><strong>fortassis</strong></span> 
     </span>
    </p>
   </div>
   <div class='ocr_carea' id='block_1_95' title="bbox 199 5037 1780 5121">
    <p class='ocr_par' dir='ltr' id='par_1_95' title="bbox 199 5037 1780 5121">
     <span class='ocr_line' id='line_1_95' title="bbox 199 5037 1780 5121; baseline 0.006 -28"><span class='ocrx_word' id='word_1_757' title='bbox 199 5037 362 5099; x_wconf 83' lang='lat' dir='ltr'><strong>dicere</strong></span> <span class='ocrx_word' id='word_1_758' title='bbox 390 5057 706 5116; x_wconf 84' lang='lat' dir='ltr'><strong>possumus.</strong></span> <span class='ocrx_word' id='word_1_759' title='bbox 737 5050 870 5105; x_wconf 79' lang='lat' dir='ltr'><strong>Nam</strong></span> <span class='ocrx_word' id='word_1_760' title='bbox 897 5059 954 5107; x_wconf 89' lang='lat' dir='ltr'><strong>et</strong></span> <span class='ocrx_word' id='word_1_761' title='bbox 983 5065 1176 5121; x_wconf 87' lang='lat' dir='ltr'><strong>sponsa</strong></span> <span class='ocrx_word' id='word_1_762' title='bbox 1204 5050 1474 5118; x_wconf 83' lang='lat' dir='ltr'><strong>Ecclesia,</strong></span> <span class='ocrx_word' id='word_1_763' title='bbox 1510 5053 1653 5106; x_wconf 87' lang='lat' dir='ltr'><strong>inter</strong></span> <span class='ocrx_word' id='word_1_764' title='bbox 1673 5067 1780 5108; x_wconf 57' lang='lat' dir='ltr'><strong>cui.</strong></span> 
     </span>
    </p>
   </div>
   <div class='ocr_carea' id='block_1_96' title="bbox 199 5142 1779 5210">
    <p class='ocr_par' dir='ltr' id='par_1_96' title="bbox 199 5142 1779 5210">
     <span class='ocr_line' id='line_1_96' title="bbox 199 5142 1779 5210; baseline 0.005 -15"><span class='ocrx_word' id='word_1_765' title='bbox 199 5142 298 5196; x_wconf 72' lang='lat' dir='ltr'><strong>tera</strong></span> <span class='ocrx_word' id='word_1_766' title='bbox 324 5145 598 5210; x_wconf 65' lang='lat' dir='ltr'><strong>priccouia</strong></span> <span class='ocrx_word' id='word_1_767' title='bbox 647 5144 826 5200; x_wconf 85' lang='lat' dir='ltr'><strong>laudis</strong></span> <span class='ocrx_word' id='word_1_768' title='bbox 857 5143 925 5201; x_wconf 89' lang='lat' dir='ltr'><strong>de</strong></span> <span class='ocrx_word' id='word_1_769' title='bbox 952 5144 1194 5209; x_wconf 87' lang='lat' dir='ltr'><strong>Christo,</strong></span> <span class='ocrx_word' id='word_1_770' title='bbox 1249 5145 1318 5200; x_wconf 89' lang='lat' dir='ltr'><strong>ita</strong></span> <span class='ocrx_word' id='word_1_771' title='bbox 1353 5146 1419 5199; x_wconf 88' lang='lat' dir='ltr'><strong>ait</strong></span> <span class='ocrx_word' id='word_1_772' title='bbox 1471 5147 1522 5200; x_wconf 90' lang='lat' dir='ltr'><strong>in</strong></span> <span class='ocrx_word' id='word_1_773' title='bbox 1554 5143 1779 5208; x_wconf 78' lang='lat' dir='ltr'><strong>Cantica</strong></span> 
     </span>
    </p>
   </div>
   <div class='ocr_carea' id='block_1_97' title="bbox 196 5234 1779 5313">
    <p class='ocr_par' dir='ltr' id='par_1_97' title="bbox 196 5234 1779 5313">
     <span class='ocr_line' id='line_1_97' title="bbox 196 5234 1779 5313; baseline 0.008 -28"><span class='ocrx_word' id='word_1_774' title='bbox 196 5234 514 5292; x_wconf 75' lang='lat' dir='ltr'><strong>canticorum</strong></span> <span class='ocrx_word' id='word_1_775' title='bbox 547 5257 560 5291; x_wconf 87' lang='lat'><strong><em>:</em></strong></span> <span class='ocrx_word' id='word_1_776' title='bbox 585 5239 767 5296; x_wconf 81' lang='lat' dir='ltr'><strong>Crines</strong></span> <span class='ocrx_word' id='word_1_777' title='bbox 792 5241 904 5312; x_wconf 83' lang='lat' dir='ltr'><strong>ejus</strong></span> <span class='ocrx_word' id='word_1_778' title='bbox 926 5250 979 5295; x_wconf 89' lang='lat' dir='ltr'><strong>ut</strong></span> <span class='ocrx_word' id='word_1_779' title='bbox 1007 5241 1206 5307; x_wconf 84' lang='lat' dir='ltr'><strong>abietis,</strong></span> <span class='ocrx_word' id='word_1_780' title='bbox 1237 5243 1373 5313; x_wconf 85' lang='lat' dir='ltr'><strong>nigri</strong></span> <span class='ocrx_word' id='word_1_781' title='bbox 1396 5243 1527 5302; x_wconf 83' lang='lat' dir='ltr'><strong>sicut</strong></span> <span class='ocrx_word' id='word_1_782' title='bbox 1553 5259 1733 5298; x_wconf 86' lang='lat' dir='ltr'><strong>corvus</strong></span> <span class='ocrx_word' id='word_1_783' title='bbox 1759 5260 1779 5298; x_wconf 80' lang='lat'><strong>.-&#39;</strong></span> 
     </span>
    </p>
   </div>
   <div class='ocr_carea' id='block_1_98' title="bbox 194 5325 1779 5406">
    <p class='ocr_par' dir='ltr' id='par_1_98' title="bbox 194 5325 1779 5406">
     <span class='ocr_line' id='line_1_98' title="bbox 194 5325 1779 5406; baseline -0.005 -10"><span class='ocrx_word' id='word_1_784' title='bbox 194 5325 276 5382; x_wconf 62' lang='lat' dir='ltr'><strong>sed</strong></span> <span class='ocrx_word' id='word_1_785' title='bbox 302 5333 516 5400; x_wconf 72' lang='lat' dir='ltr'><strong>quando</strong></span> <span class='ocrx_word' id='word_1_786' title='bbox 555 5333 782 5397; x_wconf 78' lang='lat' dir='ltr'><strong>diabolo</strong></span> <span class='ocrx_word' id='word_1_787' title='bbox 824 5337 972 5392; x_wconf 87' lang='lat' dir='ltr'><strong>corvi</strong></span> <span class='ocrx_word' id='word_1_788' title='bbox 1004 5352 1202 5393; x_wconf 87' lang='lat' dir='ltr'><strong>nomen</strong></span> <span class='ocrx_word' id='word_1_789' title='bbox 1229 5346 1498 5406; x_wconf 86' lang='lat' dir='ltr'><strong>aptatmts,</strong></span> <span class='ocrx_word' id='word_1_790' title='bbox 1545 5337 1779 5396; x_wconf 82' lang='lat' dir='ltr'><strong>dicimus</strong></span> 
     </span>
    </p>
   </div>
   <div class='ocr_carea' id='block_1_99' title="bbox 194 5426 1776 5502">
    <p class='ocr_par' dir='ltr' id='par_1_99' title="bbox 194 5426 1776 5502">
     <span class='ocr_line' id='line_1_99' title="bbox 194 5426 1776 5502; baseline 0.005 -30"><span class='ocrx_word' id='word_1_791' title='bbox 194 5431 303 5478; x_wconf 91' lang='lat' dir='ltr'><strong>eum</strong></span> <span class='ocrx_word' id='word_1_792' title='bbox 321 5426 528 5497; x_wconf 77' lang='lat' dir='ltr'><strong>nigrum</strong></span> <span class='ocrx_word' id='word_1_793' title='bbox 549 5430 884 5492; x_wconf 87' lang='lat' dir='ltr'><strong>criminibus</strong></span> <span class='ocrx_word' id='word_1_794' title='bbox 909 5441 1073 5502; x_wconf 86' lang='lat' dir='ltr'><strong>atque</strong></span> <span class='ocrx_word' id='word_1_795' title='bbox 1097 5438 1318 5498; x_wconf 89' lang='lat' dir='ltr'><strong>tetrum,</strong></span> <span class='ocrx_word' id='word_1_796' title='bbox 1342 5441 1398 5487; x_wconf 89' lang='lat' dir='ltr'><strong>et</strong></span> <span class='ocrx_word' id='word_1_797' title='bbox 1421 5433 1512 5501; x_wconf 90' lang='lat' dir='ltr'><strong>qui</strong></span> <span class='ocrx_word' id='word_1_798' title='bbox 1545 5433 1596 5485; x_wconf 92' lang='lat' dir='ltr'><strong>in</strong></span> <span class='ocrx_word' id='word_1_799' title='bbox 1623 5443 1776 5490; x_wconf 82' lang='lat' dir='ltr'><strong>tene.</strong></span> 
     </span>
    </p>
   </div>
   <div class='ocr_carea' id='block_1_100' title="bbox 195 5511 1775 5604">
    <p class='ocr_par' dir='ltr' id='par_1_100' title="bbox 195 5511 1775 5604">
     <span class='ocr_line' id='line_1_100' title="bbox 195 5511 1775 5604; baseline 0.009 -38"><span class='ocrx_word' id='word_1_800' title='bbox 195 5511 692 5604; x_wconf 83' lang='lat' dir='ltr'><strong>brisnequitiarum</strong></span> <span class='ocrx_word' id='word_1_801' title='bbox 723 5535 1114 5588; x_wconf 85' lang='lat' dir='ltr'><strong>commoretur.</strong></span> <span class='ocrx_word' id='word_1_802' title='bbox 1145 5527 1373 5596; x_wconf 80' lang='lat' dir='ltr'><strong>Quando</strong></span> <span class='ocrx_word' id='word_1_803' title='bbox 1403 5542 1534 5583; x_wconf 88' lang='lat' dir='ltr'><strong>vero</strong></span> <span class='ocrx_word' id='word_1_804' title='bbox 1571 5542 1642 5584; x_wconf 78' lang='lat' dir='ltr'><strong>eo</strong></span> <span class='ocrx_word' id='word_1_805' title='bbox 1673 5542 1775 5582; x_wconf 81' lang='lat' dir='ltr'><strong>no-</strong></span> 
     </span>
    </p>
   </div>
   <div class='ocr_carea' id='block_1_101' title="bbox 195 5603 1774 5693">
    <p class='ocr_par' dir='ltr' id='par_1_101' title="bbox 195 5603 1774 5693">
     <span class='ocr_line' id='line_1_101' title="bbox 195 5603 1774 5693; baseline 0.003 -20"><span class='ocrx_word' id='word_1_806' title='bbox 195 5603 326 5673; x_wconf 74' lang='lat' dir='ltr'><strong>mine</strong></span> <span class='ocrx_word' id='word_1_807' title='bbox 367 5614 702 5675; x_wconf 83' lang='lat' dir='ltr'><strong>Salvatorem</strong></span> <span class='ocrx_word' id='word_1_808' title='bbox 745 5618 1041 5688; x_wconf 78' lang='lat' dir='ltr'><strong>signiﬁcari</strong></span> <span class='ocrx_word' id='word_1_809' title='bbox 1074 5620 1340 5688; x_wconf 84' lang='lat' dir='ltr'><strong>dicimus,</strong></span> <span class='ocrx_word' id='word_1_810' title='bbox 1393 5620 1774 5693; x_wconf 76' lang='lat' dir='ltr'><strong>mysteriorum</strong></span> 
     </span>
    </p>
   </div>
   <div class='ocr_carea' id='block_1_102' title="bbox 195 5706 1774 5784">
    <p class='ocr_par' dir='ltr' id='par_1_102' title="bbox 195 5706 1774 5784">
     <span class='ocr_line' id='line_1_102' title="bbox 195 5706 1774 5784; baseline 0.007 -20"><span class='ocrx_word' id='word_1_811' title='bbox 195 5706 392 5772; x_wconf 60' lang='lat' dir='ltr'><strong>arcanis</strong></span> <span class='ocrx_word' id='word_1_812' title='bbox 419 5724 547 5770; x_wconf 81' lang='lat' dir='ltr'><strong>eum</strong></span> <span class='ocrx_word' id='word_1_813' title='bbox 593 5712 646 5774; x_wconf 90' lang='lat' dir='ltr'><strong>in</strong></span> <span class='ocrx_word' id='word_1_814' title='bbox 681 5712 980 5784; x_wconf 79' lang='lat' dir='ltr'><strong>Scripturis</strong></span> <span class='ocrx_word' id='word_1_815' title='bbox 1017 5713 1132 5780; x_wconf 81' lang='lat' dir='ltr'><strong>suis</strong></span> <span class='ocrx_word' id='word_1_816' title='bbox 1153 5716 1604 5780; x_wconf 73' lang='lat' dir='ltr'><strong>obscurissimum</strong></span> <span class='ocrx_word' id='word_1_817' title='bbox 1651 5731 1774 5776; x_wconf 86' lang='lat' dir='ltr'><strong>esse</strong></span> 
     </span>
    </p>
   </div>
   <div class='ocr_carea' id='block_1_103' title="bbox 195 5799 1774 5882">
    <p class='ocr_par' dir='ltr' id='par_1_103' title="bbox 195 5799 1774 5882">
     <span class='ocr_line' id='line_1_103' title="bbox 195 5799 1774 5882; baseline 0.012 -33"><span class='ocrx_word' id='word_1_818' title='bbox 195 5799 462 5860; x_wconf 81' lang='lat' dir='ltr'><strong>sentimus.</strong></span> <span class='ocrx_word' id='word_1_819' title='bbox 511 5807 576 5871; x_wconf 81' lang='lat' dir='ltr'><strong>Et</strong></span> <span class='ocrx_word' id='word_1_820' title='bbox 623 5823 750 5872; x_wconf 87' lang='lat' dir='ltr'><strong>cum</strong></span> <span class='ocrx_word' id='word_1_821' title='bbox 786 5809 1025 5864; x_wconf 87' lang='lat' dir='ltr'><strong>sciamus</strong></span> <span class='ocrx_word' id='word_1_822' title='bbox 1069 5808 1346 5868; x_wconf 81' lang='lat' dir='ltr'><strong>diabolum</strong></span> <span class='ocrx_word' id='word_1_823' title='bbox 1395 5811 1446 5865; x_wconf 92' lang='lat' dir='ltr'><strong>iu</strong></span> <span class='ocrx_word' id='word_1_824' title='bbox 1477 5810 1774 5882; x_wconf 81' lang='lat' dir='ltr'><strong>Scripturis</strong></span> 
     </span>
    </p>
   </div>
   <div class='ocr_carea' id='block_1_104' title="bbox 1887 4685 3488 4759">
    <p class='ocr_par' dir='ltr' id='par_1_104' title="bbox 1887 4685 3488 4759">
     <span class='ocr_line' id='line_1_104' title="bbox 1887 4685 3488 4759; baseline -0.002 -17"><span class='ocrx_word' id='word_1_825' title='bbox 1887 4688 1940 4742; x_wconf 89' lang='lat' dir='ltr'><strong>in</strong></span> <span class='ocrx_word' id='word_1_826' title='bbox 1977 4689 2120 4759; x_wconf 86' lang='lat' dir='ltr'><strong>Lege</strong></span> <span class='ocrx_word' id='word_1_827' title='bbox 2147 4689 2349 4743; x_wconf 88' lang='lat' dir='ltr'><strong>dicitur</strong></span> <span class='ocrx_word' id='word_1_828' title='bbox 2381 4707 2395 4744; x_wconf 88' lang='lat'><strong>:</strong></span> <span class='ocrx_word' id='word_1_829' title='bbox 2441 4688 2509 4746; x_wconf 85' lang='lat' dir='ltr'><strong>Et</strong></span> <span class='ocrx_word' id='word_1_830' title='bbox 2536 4703 2708 4743; x_wconf 89' lang='lat' dir='ltr'><strong>omnes</strong></span> <span class='ocrx_word' id='word_1_831' title='bbox 2753 4686 2945 4744; x_wconf 81' lang='lat' dir='ltr'><strong>ceruini</strong></span> <span class='ocrx_word' id='word_1_832' title='bbox 2982 4685 3187 4758; x_wconf 80' lang='lat' dir='ltr'><strong>generis</strong></span> <span class='ocrx_word' id='word_1_833' title='bbox 3225 4702 3342 4739; x_wconf 85' lang='lat' dir='ltr'><strong>aves</strong></span> <span class='ocrx_word' id='word_1_834' title='bbox 3382 4700 3488 4740; x_wconf 85' lang='lat' dir='ltr'><strong>non</strong></span> 
     </span>
    </p>
   </div>
   <div class='ocr_carea' id='block_1_105' title="bbox 1886 4777 3489 4852">
    <p class='ocr_par' dir='ltr' id='par_1_105' title="bbox 1886 4777 3489 4852">
     <span class='ocr_line' id='line_1_105' title="bbox 1886 4777 3489 4852; baseline -0.002 -16"><span class='ocrx_word' id='word_1_835' title='bbox 1886 4783 2282 4837; x_wconf 85' lang='lat' dir='ltr'><strong>manducttbitis.</strong></span> <span class='ocrx_word' id='word_1_836' title='bbox 2327 4781 2455 4837; x_wconf 83' lang='lat' dir='ltr'><strong>Haec</strong></span> <span class='ocrx_word' id='word_1_837' title='bbox 2501 4797 2632 4852; x_wconf 87' lang='lat' dir='ltr'><strong>ergo</strong></span> <span class='ocrx_word' id='word_1_838' title='bbox 2679 4779 2961 4844; x_wconf 87' lang='lat' dir='ltr'><strong>animalia,</strong></span> <span class='ocrx_word' id='word_1_839' title='bbox 3015 4779 3100 4835; x_wconf 89' lang='lat' dir='ltr'><strong>vel</strong></span> <span class='ocrx_word' id='word_1_840' title='bbox 3149 4779 3389 4834; x_wconf 80' lang='lat' dir='ltr'><strong>maxime</strong></span> <span class='ocrx_word' id='word_1_841' title='bbox 3432 4777 3489 4834; x_wconf 88' lang='lat' dir='ltr'><strong>in</strong></span> 
     </span>
    </p>
   </div>
   <div class='ocr_carea' id='block_1_106' title="bbox 1886 4873 3487 4944">
    <p class='ocr_par' dir='ltr' id='par_1_106' title="bbox 1886 4873 3487 4944">
     <span class='ocr_line' id='line_1_106' title="bbox 1886 4873 3487 4944; baseline -0.001 -13"><span class='ocrx_word' id='word_1_842' title='bbox 1886 4877 2032 4932; x_wconf 80' lang='lat' dir='ltr'><strong>saxis</strong></span> <span class='ocrx_word' id='word_1_843' title='bbox 2075 4878 2410 4939; x_wconf 77' lang='lat' dir='ltr'><strong>nutriuntur.</strong></span> <span class='ocrx_word' id='word_1_844' title='bbox 2456 4885 2511 4930; x_wconf 89' lang='lat' dir='ltr'><strong>et</strong></span> <span class='ocrx_word' id='word_1_845' title='bbox 2556 4875 2610 4932; x_wconf 93' lang='lat' dir='ltr'><strong>in</strong></span> <span class='ocrx_word' id='word_1_846' title='bbox 2642 4876 2892 4934; x_wconf 88' lang='lat' dir='ltr'><strong>cavernis</strong></span> <span class='ocrx_word' id='word_1_847' title='bbox 2934 4883 3235 4944; x_wconf 84' lang='lat' dir='ltr'><strong>petrarum.</strong></span> <span class='ocrx_word' id='word_1_848' title='bbox 3284 4873 3487 4930; x_wconf 90' lang='lat' dir='ltr'><strong>lbicum</strong></span> 
     </span>
    </p>
   </div>
   <div class='ocr_carea' id='block_1_107' title="bbox 1886 4963 3486 5042">
    <p class='ocr_par' dir='ltr' id='par_1_107' title="bbox 1886 4963 3486 5042">
     <span class='ocr_line' id='line_1_107' title="bbox 1886 4963 3486 5042; baseline -0.002 -15"><span class='ocrx_word' id='word_1_849' title='bbox 1886 4981 2101 5042; x_wconf 86' lang='lat' dir='ltr'><strong>tempus</strong></span> <span class='ocrx_word' id='word_1_850' title='bbox 2129 4971 2347 5041; x_wconf 88' lang='lat' dir='ltr'><strong>quando</strong></span> <span class='ocrx_word' id='word_1_851' title='bbox 2385 4972 2602 5042; x_wconf 90' lang='lat' dir='ltr'><strong>pariunt</strong></span> <span class='ocrx_word' id='word_1_852' title='bbox 2637 4969 2804 5033; x_wconf 86' lang='lat' dir='ltr'><strong>nosti,</strong></span> <span class='ocrx_word' id='word_1_853' title='bbox 2834 4970 2909 5025; x_wconf 88' lang='lat' dir='ltr'><strong>ait</strong></span> <span class='ocrx_word' id='word_1_854' title='bbox 2941 4968 3202 5023; x_wconf 90' lang='lat' dir='ltr'><strong>Dom-inus</strong></span> <span class='ocrx_word' id='word_1_855' title='bbox 3237 4965 3300 5022; x_wconf 91' lang='lat' dir='ltr'><strong>ad</strong></span> <span class='ocrx_word' id='word_1_856' title='bbox 3329 4963 3434 5022; x_wconf 84' lang='lat' dir='ltr'><strong>Job</strong></span> <span class='ocrx_word' id='word_1_857' title='bbox 3467 4981 3486 5024; x_wconf 87' lang='lat'><strong>:</strong></span> 
     </span>
    </p>
   </div>
   <div class='ocr_carea' id='block_1_108' title="bbox 1887 5055 3488 5135">
    <p class='ocr_par' dir='ltr' id='par_1_108' title="bbox 1887 5055 3488 5135">
     <span class='ocr_line' id='line_1_108' title="bbox 1887 5055 3488 5135; baseline 0 -19"><span class='ocrx_word' id='word_1_858' title='bbox 1887 5066 1968 5119; x_wconf 81' lang='lat' dir='ltr'><strong>vel</strong></span> <span class='ocrx_word' id='word_1_859' title='bbox 1996 5063 2215 5135; x_wconf 89' lang='lat' dir='ltr'><strong>quando</strong></span> <span class='ocrx_word' id='word_1_860' title='bbox 2236 5079 2414 5119; x_wconf 64' lang='lat' dir='ltr'><strong>cervae</strong></span> <span class='ocrx_word' id='word_1_861' title='bbox 2449 5063 2756 5132; x_wconf 85' lang='lat' dir='ltr'><strong>parturiunt</strong></span> <span class='ocrx_word' id='word_1_862' title='bbox 2783 5060 3118 5117; x_wconf 85' lang='lat' dir='ltr'><strong>observasti?</strong></span> <span class='ocrx_word' id='word_1_863' title='bbox 3148 5058 3356 5125; x_wconf 87' lang='lat' dir='ltr'><strong>Quanta</strong></span> <span class='ocrx_word' id='word_1_864' title='bbox 3381 5055 3488 5116; x_wconf 79' lang='lat' dir='ltr'><strong>alia</strong></span> 
     </span>
    </p>
   </div>
   <div class='ocr_carea' id='block_1_109' title="bbox 1881 5150 3484 5227">
    <p class='ocr_par' dir='ltr' id='par_1_109' title="bbox 1881 5150 3484 5227">
     <span class='ocr_line' id='line_1_109' title="bbox 1881 5150 3484 5227; baseline -0.004 -15"><span class='ocrx_word' id='word_1_865' title='bbox 1881 5167 2003 5212; x_wconf 80' lang='lat' dir='ltr'><strong>Sunt</strong></span> <span class='ocrx_word' id='word_1_866' title='bbox 2025 5158 2077 5211; x_wconf 93' lang='lat' dir='ltr'><strong>in</strong></span> <span class='ocrx_word' id='word_1_867' title='bbox 2115 5157 2406 5227; x_wconf 84' lang='lat' dir='ltr'><strong>Scripluris</strong></span> <span class='ocrx_word' id='word_1_868' title='bbox 2438 5155 2606 5226; x_wconf 78' lang='lat' dir='ltr'><strong>magis</strong></span> <span class='ocrx_word' id='word_1_869' title='bbox 2634 5157 2863 5210; x_wconf 82' lang='lat' dir='ltr'><strong>obscura</strong></span> <span class='ocrx_word' id='word_1_870' title='bbox 2908 5162 3071 5222; x_wconf 86' lang='lat' dir='ltr'><strong>atque</strong></span> <span class='ocrx_word' id='word_1_871' title='bbox 3100 5153 3167 5205; x_wconf 86' lang='lat' dir='ltr'><strong>ah</strong></span> <span class='ocrx_word' id='word_1_872' title='bbox 3201 5150 3484 5206; x_wconf 87' lang='lat' dir='ltr'><strong>hominum</strong></span> 
     </span>
    </p>
   </div>
   <div class='ocr_carea' id='block_1_110' title="bbox 1882 5243 3484 5320">
    <p class='ocr_par' dir='ltr' id='par_1_110' title="bbox 1882 5243 3484 5320">
     <span class='ocr_line' id='line_1_110' title="bbox 1882 5243 3484 5320; baseline -0.004 -14"><span class='ocrx_word' id='word_1_873' title='bbox 1882 5250 2072 5306; x_wconf 84' lang='lat' dir='ltr'><strong>notitia</strong></span> <span class='ocrx_word' id='word_1_874' title='bbox 2099 5250 2260 5320; x_wconf 84' lang='lat' dir='ltr'><strong>longe</strong></span> <span class='ocrx_word' id='word_1_875' title='bbox 2287 5262 2518 5316; x_wconf 86' lang='lat' dir='ltr'><strong>remota,</strong></span> <span class='ocrx_word' id='word_1_876' title='bbox 2551 5249 2619 5304; x_wconf 92' lang='lat' dir='ltr'><strong>de</strong></span> <span class='ocrx_word' id='word_1_877' title='bbox 2661 5249 2860 5319; x_wconf 88' lang='lat' dir='ltr'><strong>quibus</strong></span> <span class='ocrx_word' id='word_1_878' title='bbox 2889 5247 3065 5316; x_wconf 88' lang='lat' dir='ltr'><strong>aliqua</strong></span> <span class='ocrx_word' id='word_1_879' title='bbox 3117 5245 3167 5300; x_wconf 90' lang='lat' dir='ltr'><strong>in</strong></span> <span class='ocrx_word' id='word_1_880' title='bbox 3215 5243 3316 5299; x_wconf 89' lang='lat' dir='ltr'><strong>hoc</strong></span> <span class='ocrx_word' id='word_1_881' title='bbox 3342 5243 3484 5300; x_wconf 88' lang='lat' dir='ltr'><strong>libro</strong></span> 
     </span>
    </p>
   </div>
   <div class='ocr_carea' id='block_1_111' title="bbox 1881 5334 3484 5413">
    <p class='ocr_par' dir='ltr' id='par_1_111' title="bbox 1881 5334 3484 5413">
     <span class='ocr_line' id='line_1_111' title="bbox 1881 5334 3484 5413; baseline -0.004 -15"><span class='ocrx_word' id='word_1_882' title='bbox 1881 5343 1996 5413; x_wconf 59' lang='lat' dir='ltr'><strong>ipse</strong></span> <span class='ocrx_word' id='word_1_883' title='bbox 2027 5343 2290 5401; x_wconf 86' lang='lat' dir='ltr'><strong>Dominus</strong></span> <span class='ocrx_word' id='word_1_884' title='bbox 2337 5341 2555 5398; x_wconf 88' lang='lat' dir='ltr'><strong>videtur</strong></span> <span class='ocrx_word' id='word_1_885' title='bbox 2600 5340 2843 5407; x_wconf 83' lang='lat' dir='ltr'><strong>dixisse,</strong></span> <span class='ocrx_word' id='word_1_886' title='bbox 2895 5353 3054 5409; x_wconf 89' lang='lat' dir='ltr'><strong>quam</strong></span> <span class='ocrx_word' id='word_1_887' title='bbox 3105 5344 3380 5406; x_wconf 84' lang='lat' dir='ltr'><strong>suntquae</strong></span> <span class='ocrx_word' id='word_1_888' title='bbox 3416 5334 3484 5392; x_wconf 89' lang='lat' dir='ltr'><strong>ad</strong></span> 
     </span>
    </p>
   </div>
   <div class='ocr_carea' id='block_1_112' title="bbox 1881 5431 3484 5507">
    <p class='ocr_par' dir='ltr' id='par_1_112' title="bbox 1881 5431 3484 5507">
     <span class='ocr_line' id='line_1_112' title="bbox 1881 5431 3484 5507; baseline -0.006 -13"><span class='ocrx_word' id='word_1_889' title='bbox 1881 5437 1983 5494; x_wconf 84' lang='lat' dir='ltr'><strong>Job</strong></span> <span class='ocrx_word' id='word_1_890' title='bbox 2021 5451 2167 5492; x_wconf 89' lang='lat' dir='ltr'><strong>nunc</strong></span> <span class='ocrx_word' id='word_1_891' title='bbox 2208 5437 2450 5507; x_wconf 84' lang='lat' dir='ltr'><strong>loquitur</strong></span> <span class='ocrx_word' id='word_1_892' title='bbox 2497 5455 2510 5492; x_wconf 85' lang='lat'><strong>;</strong></span> <span class='ocrx_word' id='word_1_893' title='bbox 2554 5434 2696 5505; x_wconf 91' lang='lat' dir='ltr'><strong>quod</strong></span> <span class='ocrx_word' id='word_1_894' title='bbox 2742 5432 2890 5490; x_wconf 88' lang='lat' dir='ltr'><strong>enim</strong></span> <span class='ocrx_word' id='word_1_895' title='bbox 2940 5431 3144 5496; x_wconf 85' lang='lat' dir='ltr'><strong>laboris</strong></span> <span class='ocrx_word' id='word_1_896' title='bbox 3191 5439 3276 5487; x_wconf 89' lang='lat' dir='ltr'><strong>est</strong></span> <span class='ocrx_word' id='word_1_897' title='bbox 3321 5445 3484 5500; x_wconf 75' lang='lat' dir='ltr'><strong>misse</strong></span> 
     </span>
    </p>
   </div>
   <div class='ocr_carea' id='block_1_113' title="bbox 1882 5524 3485 5601">
    <p class='ocr_par' dir='ltr' id='par_1_113' title="bbox 1882 5524 3485 5601">
     <span class='ocr_line' id='line_1_113' title="bbox 1882 5524 3485 5601; baseline -0.001 -17"><span class='ocrx_word' id='word_1_898' title='bbox 1882 5538 2099 5601; x_wconf 89' lang='lat' dir='ltr'><strong>tempus</strong></span> <span class='ocrx_word' id='word_1_899' title='bbox 2153 5545 2466 5596; x_wconf 85' lang='lat' dir='ltr'><strong>cervarum,</strong></span> <span class='ocrx_word' id='word_1_900' title='bbox 2531 5541 2581 5585; x_wconf 90' lang='lat' dir='ltr'><strong>et</strong></span> <span class='ocrx_word' id='word_1_901' title='bbox 2632 5529 2828 5594; x_wconf 84' lang='lat' dir='ltr'><strong>ibieum</strong></span> <span class='ocrx_word' id='word_1_902' title='bbox 2887 5524 3350 5597; x_wconf 84' lang='lat' dir='ltr'><strong>parturientium?</strong></span> <span class='ocrx_word' id='word_1_903' title='bbox 3392 5531 3485 5601; x_wconf 77' lang='lat' dir='ltr'><strong>aut</strong></span> 
     </span>
    </p>
   </div>
   <div class='ocr_carea' id='block_1_114' title="bbox 1882 5613 3483 5688">
    <p class='ocr_par' dir='ltr' id='par_1_114' title="bbox 1882 5613 3483 5688">
     <span class='ocr_line' id='line_1_114' title="bbox 1882 5613 3483 5688; baseline -0.006 -12"><span class='ocrx_word' id='word_1_904' title='bbox 1882 5622 2024 5679; x_wconf 89' lang='lat' dir='ltr'><strong>unde</strong></span> <span class='ocrx_word' id='word_1_905' title='bbox 2055 5633 2163 5677; x_wconf 82' lang='lat' dir='ltr'><strong>tam</strong></span> <span class='ocrx_word' id='word_1_906' title='bbox 2197 5622 2532 5684; x_wconf 85' lang='lat' dir='ltr'><strong>latebrosum</strong></span> <span class='ocrx_word' id='word_1_907' title='bbox 2564 5630 2645 5677; x_wconf 86' lang='lat' dir='ltr'><strong>est</strong></span> <span class='ocrx_word' id='word_1_908' title='bbox 2680 5620 2931 5680; x_wconf 70' lang='lat' dir='ltr'><strong>humana:</strong></span> <span class='ocrx_word' id='word_1_909' title='bbox 2965 5617 3190 5685; x_wconf 66' lang='lat' dir='ltr'><strong>notitia},</strong></span> <span class='ocrx_word' id='word_1_910' title='bbox 3230 5626 3288 5672; x_wconf 91' lang='lat' dir='ltr'><strong>ut</strong></span> <span class='ocrx_word' id='word_1_911' title='bbox 3315 5613 3483 5688; x_wconf 77' lang='lat' dir='ltr'><strong>possit</strong></span> 
     </span>
    </p>
   </div>
   <div class='ocr_carea' id='block_1_115' title="bbox 1881 5709 3481 5788">
    <p class='ocr_par' dir='ltr' id='par_1_115' title="bbox 1881 5709 3481 5788">
     <span class='ocr_line' id='line_1_115' title="bbox 1881 5709 3481 5788; baseline -0.006 -16"><span class='ocrx_word' id='word_1_912' title='bbox 1881 5725 2096 5788; x_wconf 89' lang='lat' dir='ltr'><strong>tempus</strong></span> <span class='ocrx_word' id='word_1_913' title='bbox 2128 5716 2322 5785; x_wconf 86' lang='lat' dir='ltr'><strong>horum</strong></span> <span class='ocrx_word' id='word_1_914' title='bbox 2351 5716 2665 5785; x_wconf 85' lang='lat' dir='ltr'><strong>animalium</strong></span> <span class='ocrx_word' id='word_1_915' title='bbox 2697 5714 3024 5787; x_wconf 80' lang='lat' dir='ltr'><strong>parientium</strong></span> <span class='ocrx_word' id='word_1_916' title='bbox 3060 5712 3276 5784; x_wconf 81' lang='lat' dir='ltr'><strong>penitus</strong></span> <span class='ocrx_word' id='word_1_917' title='bbox 3327 5709 3481 5783; x_wconf 84' lang='lat' dir='ltr'><strong>igua.-</strong></span> 
     </span>
    </p>
   </div>
   <div class='ocr_carea' id='block_1_116' title="bbox 1881 5804 3482 5884">
    <p class='ocr_par' dir='ltr' id='par_1_116' title="bbox 1881 5804 3482 5884">
     <span class='ocr_line' id='line_1_116' title="bbox 1881 5804 3482 5884; baseline -0.002 -16"><span class='ocrx_word' id='word_1_918' title='bbox 1881 5827 2026 5880; x_wconf 82' lang='lat' dir='ltr'><strong>rare,</strong></span> <span class='ocrx_word' id='word_1_919' title='bbox 2082 5812 2385 5882; x_wconf 77' lang='lat' dir='ltr'><strong>praesertim</strong></span> <span class='ocrx_word' id='word_1_920' title='bbox 2429 5825 2554 5874; x_wconf 79' lang='lat' dir='ltr'><strong>cum</strong></span> <span class='ocrx_word' id='word_1_921' title='bbox 2602 5809 2718 5866; x_wconf 66' lang='lat' dir='ltr'><strong>haec</strong></span> <span class='ocrx_word' id='word_1_922' title='bbox 2767 5807 2884 5879; x_wconf 86' lang='lat' dir='ltr'><strong>ipsa</strong></span> <span class='ocrx_word' id='word_1_923' title='bbox 2931 5806 3188 5872; x_wconf 83' lang='lat' dir='ltr'><strong>animalia</strong></span> <span class='ocrx_word' id='word_1_924' title='bbox 3233 5818 3373 5880; x_wconf 82' lang='lat' dir='ltr'><strong>pene</strong></span> <span class='ocrx_word' id='word_1_925' title='bbox 3424 5804 3482 5884; x_wconf 79' lang='lat' dir='ltr'><strong>in</strong></span> 
     </span>
    </p>
   </div>
  </div>
