3948 6334
424 229 530 292 767

1261 236 1608 298 APPENDIX
1645 237 1738 296 AD
1773 235 2022 298 TOMUM
2060 189 2421 300 SEPTlllUM
2457 239 2519 300 S.
2559 241 2972 304 lilEllONYMl.

3614 253 3715 314 768
3734 259 3738 264 ’

425 351 608 410 medio
638 351 922 412 hominum
953 365 1385 414 commorantur.
1405 358 1662 429 Proinde,
1687 375 1758 417 ne
1784 359 1856 416 sit
1881 358 2024 432 apud
2051 361 2107 425 Α
2131 377 2264 417 mas.
2294 360 2558 431 Qualibus
2582 361 2780 419 dolens
2805 379 2875 420 ex
2905 362 3193 427 charitatis
3215 367 3523 429 visceribus
3549 371 3715 435 dicit:

425 445 691 518 quosdam
722 447 809 505 hic
839 464 1020 506 sermo
1049 451 1264 508 Domini
1296 451 1443 520 vilis,
1479 461 1536 508 et
1569 452 1713 510 forte
1738 453 1805 508 ab
1826 452 1908 510 eis
1936 469 2029 510 su-

426 540 677 612 perﬂuus
714 543 1093 616 existimetur,
1142 546 1304 602 altius
1343 546 1489 619 quod
1527 547 1664 605 dixit
1708 547 2028 607 intuendum

426 645 535 704 est,
559 645 616 694 ut
645 637 889 696 dicamus
915 639 970 696 in
1002 643 1280 714 mysteriis
1304 644 1410 701 sub
1434 645 1655 703 nomine
1690 645 1889 703 horum
1920 646 2031 704 ani-

425 732 668 802 malium,
705 733 1080 806 praefiguratos
1101 737 1378 808 apostolos
1415 746 1473 797 et
1497 740 1827 811 apostolicos
1853 740 2024 810 viros,

428 833 484 883 ει
509 839 700 880 omnes
740 826 1130 896 praedicatores
1159 830 1407 887 veritatis
1440 848 1455 887 :
1495 832 1588 904 qui
1615 831 1667 889 in
1712 831 2030 890 fortitudine

433 917 558 974 fidei
591 924 648 973 et
689 917 974 990 patientia,
1007 921 1158 978 velut
1201 920 1256 978 in
1289 924 1460 994 petris
1492 939 1590 996 per
1631 925 1880 996 spiritum
1929 925 2025 983 im-

427 1008 687 1068 buentem
715 1025 833 1076 eos,
855 1011 1082 1070 verbum
1111 1015 1385 1087 Evangelii
1406 1017 1649 1089 perfecte
1669 1017 1723 1075 in
1747 1033 1808 1076 se
1829 1018 2032 1077 forma-

428 1111 542 1159 tum
558 1105 882 1174 parturiant,
901 1107 988 1164 vel
1006 1119 1129 1164 cum
1145 1107 1432 1168 doloribus
1450 1113 1892 1184 persecutionum
1909 1129 2033 1184 par-

427 1199 654 1257 turiant.
677 1200 736 1258 In
763 1209 914 1272 petra
940 1206 1277 1276 parturiebat
1295 1217 1350 1264 et
1382 1207 1478 1266 ille
1500 1208 1592 1281 qui
1611 1209 1753 1266 dixit
1775 1228 1788 1266 :
1813 1209 1957 1266 Nam
1976 1211 2032 1267 in

428 1292 634 1351 Christo
655 1313 747 1368 per
772 1297 1111 1373 Evangelium
1131 1317 1225 1376 ego
1247 1319 1334 1359 vos
1359 1304 1536 1377 genui.
1562 1303 1676 1360 Hoc
1705 1305 1872 1376 igitur
1894 1314 2031 1363 tem-

426 1401 526 1460 pus
553 1388 790 1450 futurum
820 1395 1100 1463 constitui,
1121 1406 1176 1452 et
1205 1399 1419 1454 animas
1451 1399 1854 1471 praedictorum,
1885 1401 2035 1458 velut

427 1497 637 1553 cervas,
669 1501 790 1558 qua:
838 1487 910 1544 de
949 1488 1145 1547 timore
1175 1506 1300 1548 meo
1329 1493 1664 1564 concipiunt,
1692 1503 1754 1550 ut
1777 1496 2031 1567 spiritum

431 1579 622 1636 salutis
641 1582 855 1652 pariant
883 1597 1050 1663 super
1079 1593 1304 1656 terram,
1319 1596 1377 1643 tu
1403 1587 1656 1659 forsitan,
1673 1589 1830 1662 quasi
1852 1591 2037 1648 obste-

430 1674 679 1731 tricantis
705 1673 928 1745 officio,
970 1678 1392 1752 diligentissima
1436 1681 1803 1740 sollicitudine
1844 1684 2034 1742 obser-

2130 451 2318 510 Filioli
2357 455 2476 526 mei,
2528 471 2658 527 quos
2707 457 2898 513 iterum
2942 463 3211 532 parturio,
3264 464 3427 520 donec
3467 469 3719 538 formetur

2133 548 2367 606 Christus
2391 552 2446 606 in
2474 551 2636 606 vobis.
2678 550 2809 608 Item
2837 553 2915 608 ait
2953 554 3006 610 in
3041 553 3267 614 Actibus
3321 560 3715 632 apostolorum,

2130 643 2221 701 ubi
2260 659 2477 703 omnem
2505 644 2906 704 fraternitatem
2941 649 3230 708 collectam
3261 653 3600 727 alloquitur:
3634 656 3721 712 Vi-

2130 741 2324 813 gilate,
2369 742 2630 797 memoria:
2671 743 2969 811 retinentes,
3019 747 3269 818 quoniam
3315 765 3408 822 per
3445 750 3722 807 triennium

2131 844 2281 890 nocte
2305 844 2352 890 et
2384 835 2468 890 die
2496 852 2601 890 non
2629 837 2823 892 cessavi
2850 854 2966 894 cum
2998 839 3244 912 lacrumis
3275 858 3489 899 monere
3531 861 3723 899 unum-

2130 943 2378 999 quemque
2405 937 2651 986 vestrum.
2686 927 2754 986 Et
2794 930 2993 987 iterum
3030 931 3108 988 ait
3137 932 3293 1006 :lpsi
3321 935 3466 991 scitis
3507 936 3726 1009 qualiter

2131 1021 2388 1075 vobiscum
2426 1037 2517 1093 per
2559 1038 2710 1077 omne
2757 1032 2955 1094 tempus
2984 1025 3189 1096 fuerim,
3235 1028 3456 1082 serviens
3506 1026 3727 1084 Domino

2132 1127 2248 1166 cum
2269 1113 2412 1168 omni
2441 1112 2737 1170 humilitate
2775 1125 2824 1170 et
2847 1114 3115 1188 lacrymis.
3165 1116 3292 1174 llazc
3331 1119 3500 1191 igitur
3525 1119 3728 1178 idcirco

2132 1204 2278 1262 dicta
2321 1213 2472 1275 sunt,
2501 1215 2558 1262 ut
2585 1207 2826 1264 sciamus
2855 1209 3114 1279 quoniam
3139 1210 3204 1266 ad
3231 1211 3473 1283 gemitus
3497 1219 3553 1268 et
3577 1213 3726 1284 rugi-

2133 1308 2223 1355 tus
2250 1299 2564 1370 pertineant
2595 1301 2902 1369 tribulatio,
2932 1303 3211 1374 angustia,
3263 1305 3523 1378 lacryma:
3545 1315 3604 1362 et
3631 1305 3728 1362 do-

2135 1391 2222 1449 lor
2247 1393 2535 1450 cuntinuus
2566 1394 2753 1451 cordis
2781 1403 3122 1454 sanctorum.
3152 1395 3329 1453 Aliter
3374 1399 3731 1456 incurvantur

2137 1488 2206 1546 ad
2232 1488 2422 1556 fetum,
2447 1497 2502 1546 ct
2534 1490 2772 1561 pariunt,
2803 1501 2860 1548 et
2907 1491 3120 1564 rugitus
3147 1492 3449 1550 emittunt:
3473 1493 3569 1549 ubi
3599 1509 3735 1565 pra:-

2136 1580 2414 1639 dicatores
2457 1584 2706 1640 veritatis
2751 1585 2977 1642 verbum
3025 1584 3148 1642 fidei
3179 1587 3452 1657 cmperint
3491 1587 3733 1646 editione

2138 1677 2347 1750 eloquii
2377 1678 2705 1750 praedicare,
2733 1678 2879 1736 illico
2901 1680 2970 1737 ab
2989 1680 3324 1738 adversariis
3353 1682 3731 1751 incurvantur,

428 1769 587 1834 vasti,
603 1767 741 1827 dans
764 1770 845 1828 cis
869 1774 1024 1841 os,'et
1053 1773 1378 1846 sapientiam
1401 1775 1470 1833 de
1493 1786 1650 1834 utero
1674 1780 1871 1836 mentis
1893 1795 2031 1849 suae,

2145 1772 2193 1830 id
2215 1782 2320 1840 est,
2350 1772 2616 1830 custodiis
2640 1787 2921 1830 carcerum
2952 1773 3309 1830 humiliantur
3348 1785 3514 1848 atque
3535 1776 3734 1832 verbe-

432 1861 611 1918 minus
649 1863 883 1923 fortasse
924 1867 1181 1937 solidum,
1215 1869 1303 1928 vel
1333 1871 1604 1944 integrum
1641 1874 1865 1930 verbum
1897 1890 2038 1946 prte-

430 1953 720 2013 dicationis
744 2001 758 2027 ,
791 1958 944 2015 velut
988 1958 1158 2017 fetum
1189 1963 1244 2018 in
1279 1963 1418 2019 hanc
1447 1963 1798 2024 effunderent
1835 1967 2034 2024 lucem.

505 2050 860 2108 Dinumerain
881 2070 1081 2110 menses
1125 2067 1402 2130 conceptus
1427 2073 1632 2130 eorum,
1663 2067 1710 2114 et
1739 2061 1884 2116 scisti
1913 2069 2041 2116 tem-

435 2158 532 2213 pus
562 2153 739 2214 partus
777 2148 1003 2204 earum?
1039 2147 1237 2205 Vivum
1284 2148 1512 2206 verbum
1543 2151 1661 2221 Dei,
1690 2162 1745 2208 et
1778 2153 2037 2222 validum,

433 2249 728 2312 penetrans
767 2256 940 2314 usque
986 2243 1041 2300 in
1073 2243 1400 2302 divisionem
1449 2246 1650 2303 animat:
1679 2261 1746 2304 ac
1791 2248 2034 2319 spiritus,

436 2347 758 2407 compagum
785 2351 1009 2409 quoque
1035 2351 1098 2394 ac
1125 2339 1514 2408 medullarum,
1544 2341 1597 2398 in
1630 2341 1737 2398 hoc
1766 2342 2038 2414 spirituali

435 2436 704 2498 conceptu
747 2430 1030 2500 profectus
1056 2431 1324 2504 quosdam
1364 2434 1852 2506 incrementorum,
1891 2438 2042 2494 velut

437 2535 537 2594 per
559 2537 778 2580 menses
811 2535 1118 2595 temporum
1152 2529 1205 2584 in
1229 2528 1479 2588 cordium
1511 2529 1724 2588 sinibus
1757 2541 2039 2602 Operatur,

439 2622 500 2670 ut
523 2615 654 2686 ipsis
679 2617 947 2687 apostolis
969 2619 1204 2692 primum
1228 2622 1506 2693 apparuit,
1529 2623 1622 2694 qui
1647 2623 1701 2680 in
1724 2625 1882 2681 initio
1903 2640 2037 2695 prae-

437 2709 752 2780 dicationis,
797 2714 952 2786 quasi
999 2715 1175 2786 parvi,
1228 2725 1287 2774 et
1337 2717 1537 2774 modici
1584 2719 1687 2775 visi
1739 2727 1894 2789 sunt,
1944 2719 2041 2777 scd

443 2804 708 2877 paulatim
752 2808 1151 2866 corroborante
1188 2824 1286 2866 eos
1335 2811 1552 2883 spiritu,
1605 2811 1828 2869 verbum
1875 2813 1929 2870 in
1960 2814 2043 2872 eis

443 2900 877 2959 demonstratum
903 2914 1010 2970 est.
1044 2920 1218 2979 usque
1246 2907 1316 2962 ad
1362 2923 1678 2966 mensuram
1710 2909 1890 2980 plenae
1919 2925 2044 2982 gra-

445 2997 534 3053 tia:
569 2999 911 3070 pervenisse.
951 2998 1110 3070 Quod
1164 3001 1315 3058 velut
1361 3011 1518 3074 partu
1567 3003 1820 3073 edentes,
1869 3015 2041 3062 totum

443 3101 604 3165 atque
649 3093 950 3166 perfectum
991 3110 1058 3152 ac
1086 3095 1308 3166 plenum
1335 3097 1541 3156 divinis
1586 3101 2043 3170 promissionibus

2141 1868 2318 1934 ribus;
2350 1867 2446 1924 sed
2483 1869 2606 1940 quia
2633 1885 2735 1925 nec
2764 1869 2820 1924 in
2842 1869 3073 1926 vinculis
3099 1868 3326 1926 verbum
3358 1869 3457 1927 Dei
3502 1879 3591 1926 est
3622 1870 3737 1926 alli-

2139 1973 2324 2035 gatum
2357 1981 2368 2016 :
2405 1962 2516 2019 illic
2543 1962 2899 2020 nihilominus
2925 1962 2978 2019 id
3012 1964 3224 2034 populis
3266 1962 3509 2036 pariunt,
3542 1979 3658 2035 quo
3687 1973 3739 2021 ct

2141 2057 2246 2130 ipsi
2276 2057 2330 2113 in
2353 2057 2570 2114 Christo
2601 2067 2904 2114 nascuntur
2934 2075 2947 2112 :
2979 2057 3136 2115 Sicut
3158 2058 3258 2127 ait,
3289 2067 3350 2114 ut
3377 2057 3641 2126 diximus,
3683 2059 3736 2115 in

2142 2161 2512 2224 regeneratos,
2539 2161 2760 2210 sanctus
2788 2151 3084 2224 Apostolus
3114 2171 3126 2208 :
3158 2152 3226 2208 In
3256 2151 3465 2209 Christo
3487 2153 3624 2208 Iesu
3653 2168 3740 2226 per

2144 2244 2484 2318 Evattgelium
2504 2262 2597 2318 ego
2617 2262 2704 2302 vos
2726 2246 2882 2320 genui
2907 2264 2919 2302 :
2947 2245 3213 2317 Deinceps
3235 2245 3305 2301 ad
3332 2245 3502 2302 Deum
3535 2245 3593 2302 in
3621 2259 3738 2301 ora-

2142 2339 2383 2395 tionibus
2431 2339 2643 2410 rugitus
2679 2339 3122 2410 deprecationum
3174 2339 3452 2409 emittunt,
3514 2339 3602 2395 vel
3643 2353 3736 2410 pro

2144 2436 2591 2508 persecutoribus
2612 2435 2728 2492 suis
2753 2435 2928 2492 Deum
2948 2442 3232 2506 rogantes,
3265 2435 3349 2491 vel
3373 2448 3736 2508 perseveran-

2145 2529 2274 2586 tiam
2313 2527 2572 2598 fidelium,
2605 2528 2943 2599 adiutorium
2980 2528 3182 2585 divina:
3207 2527 3400 2600 gratia:
3420 2528 3741 2601 suppliciter

2144 2620 2518 2695 implorantes.
2550 2624 2750 2691 Aliter,
2795 2625 3014 2696 rugitus
3048 2622 3330 2692 emittunt,
3361 2622 3489 2695 quia
3525 2623 3622 2694 qui
3650 2623 3740 2677 ad-

2139 2717 2260 2790 jicit
2281 2719 2589 2787 scientiam,
2625 2718 2818 2791 adjicit
2838 2718 3085 2775 dolorem
3121 2737 3137 2775 :
3167 2726 3394 2791 gemunt
3431 2719 3615 2775 sancti
3650 2733 3741 2774 co-

2141 2813 2378 2886 gitantes
2407 2823 2610 2886 quanta
2641 2822 2772 2870 sunt
2801 2812 3045 2886 pericula
3077 2811 3240 2884 hujus
3266 2811 3418 2882 vitae,
3450 2813 3548 2870 vel
3578 2827 3739 2886 quam

2143 2909 2304 2982 longe
2328 2919 2454 2965 sunt
2497 2926 2529 2966 a
2559 2909 2854 2965 virtutibus
2881 2923 3018 2981 quas
3047 2908 3351 2980 requirunt.

2219 3003 2545 3076 Separantur
2591 3003 2693 3074 ﬁlii
2739 3020 2936 3073 earum,
2990 3012 3040 3058 et
3099 3011 3324 3077 pergunt
3364 3003 3439 3059 ad
3479 3009 3740 3073 pastum:

2145 3098 2503 3171 egrediuntur,
2563 3104 2611 3152 et
2663 3113 2770 3153 non
2825 3105 3151 3153 revertuntur
3200 3097 3270 3151 ad
3330 3113 3438 3152 eas.
3494 3096 3737 3152 Parturi-

445 3187 773 3257 scrlbentes,
809 3188 1045 3244 diversis
1070 3187 1338 3246 Ecclesiis
1365 3191 1673 3249 ediderunt.
1720 3193 2039 3265 llujusmodi
2067 3175 2115 3240 Ο
2147 3192 2294 3248 tione
2323 3190 2645 3263 apostolica,
2678 3189 2774 3246 filii
2808 3204 2949 3262 quos
2978 3190 3152 3245 sancti
3185 3189 3240 3246 in
3268 3187 3497 3245 Christo
3543 3202 3743 3260 genue-

448 3280 616 3352 igitur
645 3291 967 3353 conceptus,
1007 3291 1063 3339 et
1104 3292 1292 3351 partus
1324 3292 1590 3357 tempora,
1623 3286 1715 3359 qui
1746 3285 1849 3343 hoc
1882 3286 2043 3343 modo

447 3375 718 3446 spirituali
770 3385 929 3434 utero
959 3376 1146 3434 cordis
1190 3377 1346 3446 fiunt,
1405 3379 1552 3437 unde
1591 3390 1647 3436 et
1676 3392 1762 3450 tu,
1810 3379 1936 3446 Job.
1968 3382 2045 3438 ait

446 3466 738 3540 Dominus,
767 3484 1104 3542 cognoscere
1133 3472 1404 3542 potuisti?
1429 3489 1770 3547 quorumque
1797 3483 2044 3547 tempora

442 3569 573 3619 sunt
597 3561 650 3618 in
676 3561 971 3634 Evangelia
999 3563 1379 3635 praeﬁnitionis
1407 3581 1543 3623 mete
1572 3567 1810 3624 consilio
1839 3569 2045 3625 consti-

447 3662 583 3712 tuta.
613 3655 720 3713 Ubi
756 3672 889 3730 ergo
936 3657 1144 3716 dictum
1189 3668 1298 3728 est,
1330 3670 1387 3718 et
1428 3661 1584 3719 scisti
1613 3671 1825 3734 tempus
1857 3674 2047 3734 partus

445 3762 636 3805 eorum
665 3767 678 3802 :
711 3749 807 3806 alii
835 3748 1113 3819 dixerunt,
1145 3760 1192 3807 et
1213 3749 1418 3808 dolores
1452 3769 1630 3808 eorum
1674 3755 1893 3811 solvisti.
1940 3755 2048 3812 Do«

447 3841 594 3899 lores
635 3853 764 3899 sunt
793 3843 1190 3902 insectationes
1218 3854 1276 3903 et
1309 3846 1715 3917 tribulationes,
1759 3866 1878 3922 qua:
1908 3865 2048 3922 prae-

439 3937 780 3994 dicatoribus
815 3937 1146 4007 inferuntur,
1181 3955 1211 3995 a
1239 3940 1437 4010 quibus
1462 3939 1746 3998 doloribus
1781 3942 1873 3998 isti
1919 3952 2047 4000 tunc

441 4035 831 4104 absolvuntur,
855 4037 1075 4110 quando
1097 4037 1310 4094 invitati
1333 4038 1400 4096 ad
1425 4039 1672 4111 requiem
1689 4039 2049 4098 absolvuntur

438 4145 466 4186 a
491 4146 744 4204 corpore.
771 4132 897 4191 Sive
927 4143 1054 4190 tunc
1075 4133 1433 4191 absolvuntur
1447 4150 1478 4191 a
1497 4134 1776 4192 doloribus
1793 4150 2049 4208 persecu-

444 4225 676 4294 tionum,
701 4227 918 4299 quando
941 4228 995 4284 in
1027 4243 1126 4299 spe
1157 4227 1345 4301 positi,
1376 4243 1474 4300 pro
1500 4229 1660 4286 malis
1687 4230 2049 4301 praesentibus

445 4319 513 4376 ad
540 4320 963 4390 promissionem
1001 4332 1220 4378 aeterna:
1252 4322 1714 4379 remunerationis
1751 4323 2045 4393 aspiciunt.

521 4411 872 4470 Incurvantur
899 4417 969 4470 ad
1001 4419 1185 4488 fetant,
1237 4425 1283 4472 et
1311 4417 1523 4491 pariunt
1554 4433 1575 4472 :
1601 4425 1648 4473 et
1675 4418 1879 4489 rugitus
1905 4417 2051 4473 entit-

451 4517 584 4565 tunt.
618 4509 936 4566 Dectrinam
985 4510 1214 4568 lacteam
1271 4509 1615 4583 propinando
1663 4509 1963 4567 incredulis
1992 4520 2051 4568 et

2145 3286 2278 3353 rint,
2329 3286 2447 3342 sive
2500 3301 2528 3340 a
2575 3284 2822 3356 pristinis
2850 3284 3133 3343 erroribus
3177 3284 3318 3349 suis,
3367 3283 3485 3340 sive
3518 3283 3684 3338 etiam
3711 3297 3741 3336 a

2145 3379 2460 3436 carnalibus
2509 3377 2771 3450 operibus
2816 3385 3188 3449 separantur:
3237 3377 3291 3432 in
3343 3375 3552 3448 quibus
3609 3389 3742 3431 nunc

2145 3475 2508 3543 erubescunt,
2540 3481 2602 3530 ut
2647 3474 2762 3547 jam
2815 3487 2927 3530 non
2969 3473 3073 3530 sibi
3119 3472 3330 3539 vivant,
3361 3471 3458 3528 sed
3496 3471 3740 3540 Christo,

2145 3570 2240 3642 qui
2268 3584 2370 3643 pro
2399 3569 2480 3627 eis
2512 3579 2760 3626 mortuus
2787 3577 2894 3637 est,
2936 3577 2995 3625 et
3036 3567 3365 3624 resurrexit.
3406 3566 3653 3639 Pergunt
3677 3566 3743 3623 ad

2146 3673 2361 3734 pastum
2395 3679 2410 3718 :
2446 3660 2499 3718 id
2527 3670 2636 3728 est,
2672 3676 2771 3733 per
2805 3660 3094 3718 scientiam
3137 3658 3516 3731 profundioris
3545 3658 3746 3716 intelli-

2147 3757 2345 3828 gentia:
2383 3755 2635 3828 quotidie
2683 3756 2908 3813 excitati
2949 3754 3372 3813 conversatione
3427 3754 3743 3826 proficiunt,

2146 3847 2414 3917 dicentes,
2462 3850 2725 3906 animalia
2777 3858 2964 3906 sancta
2995 3850 3108 3906 veri
3155 3849 3440 3920 pastoris:
3495 3847 3746 3902 Dominus

2146 3945 2276 4016 regit
2324 3960 2422 4012 me,
2466 3953 2515 3998 et
2546 3942 2682 3998 nihil
2727 3942 2856 3998 mihi
2893 3942 3099 3998 deerit:
3131 3951 3187 3999 et
3215 3951 3444 4008 caetera,
3493 3955 3622 4013 quae
3665 3955 3748 3996 εει

2148 4047 2393 4111 quuntur
2439 4038 2495 4094 in
2538 4037 2747 4110 psalmo
2794 4037 3026 4105 eodem;
3073 4037 3174 4106 sic,
3226 4037 3471 4108 inquam,
3515 4046 3750 4108 pergunt

2149 4134 2323 4190 sancti
2356 4132 2452 4188 filii
2497 4132 2998 4203 evangelizautium
3041 4147 3258 4203 pacem,
3292 4132 3432 4187 sicut
3463 4131 3586 4202 jam
3617 4131 3747 4197 dixi,

2149 4226 2204 4283 id
2228 4236 2334 4296 est,
2366 4236 2622 4283 crescunt
2659 4235 2822 4299 atque
2849 4225 3164 4298 proficiunt.
3196 4225 3278 4282 Ad
3317 4225 3478 4282 istum
3537 4236 3748 4296 pastum

2151 4323 2391 4391 Domini,
2437 4333 2494 4378 ct
2523 4323 2590 4377 ad
2622 4321 2762 4378 hanc
2807 4321 3126 4378 alimoniam
3183 4329 3501 4377 sanctarum
3533 4320 3747 4375 anima-

2148 4430 2292 4484 rum,
2331 4424 2388 4472 et
2424 4415 2492 4471 ad
2545 4414 2681 4470 tales
2735 4413 2960 4470 delicias
3011 4413 3350 4484 spirituales,
3391 4412 3752 4485 egrediuntur

2157 4511 2342 4580 utique
2367 4508 2437 4565 ab
2461 4508 2689 4565 infantia
2713 4523 2927 4565 morum
2960 4508 3205 4579 quotidie
3227 4506 3603 4581 proficientes,
3633 4522 3753 4578 pro-

450 4602 719 4672 inlirmis,
745 4605 886 4662 sicut
912 4605 990 4662 ait
1019 4577 1314 4677 Apostolus
1344 4577 1500 4663 :VLac
1525 4605 1667 4662 vobis
1698 4616 1878 4680 potum
1905 4607 2045 4676 dedi,
2078 4577 2134 4639 Ῑ)
2159 4577 2467 4660 ficiscentes
2496 4602 2763 4658 virtutum
2811 4577 3010 4658 merito
3041 4601 3094 4657 in
3127 4577 3302 4657 virum
3327 4577 3656 4672 perfectum.
3688 4600 3753 4656 Et

448 4711 555 4752 non
585 4713 753 4753 eseam
779 4714 800 4754 :
831 4699 903 4753 ab
939 4698 1030 4754 illa
1060 4697 1388 4756 celsitudine
1418 4698 1702 4770 sapientia:
1747 4699 1815 4755 ad
1867 4698 2049 4754 humi-

449 4789 586 4846 liora
623 4789 1013 4862 praedicatores
1042 4791 1449 4864 quodammodo
1488 4791 1848 4849 humiliantur
1887 4802 2051 4863 atque

450 4883 816 4950 descendunt,
841 4885 1000 4941 utvir
1026 4885 1122 4942 fiat
1150 4886 1407 4958 parvulus
1432 4903 1448 4941 :
1471 4893 1529 4943 et
1557 4886 1646 4943 his
1665 4887 1757 4960 qui
1786 4886 1907 4944 sine
1929 4887 2050 4957 lege

453 4989 603 5048 eunt,
633 4989 907 5053 tamquam
938 4988 996 5038 et
1022 4980 1140 5051 ipse
1160 4981 1231 5036 sit
1259 4981 1380 5037 sine
1406 4981 1548 5053 lege.
1575 4982 1642 5038 Et
1667 4981 1798 5038 dum
1829 4996 1928 5038 eos
1958 4995 2053 5038 co-

451 5089 651 5135 nantur
683 5079 736 5135 iu
768 5077 991 5135 Christo
1035 5079 1276 5136 formare
1318 5087 1377 5136 et
1405 5094 1620 5150 parere,
1656 5077 1866 5150 rugitus
1891 5077 2054 5136 emit-

456 5182 598 5239 tunt,
623 5173 750 5231 dum
791 5173 860 5230 ab
907 5172 1142 5230 inimicis
1169 5173 1374 5230 Christi
1419 5186 1585 5243 supra
1615 5171 1836 5228 modum
1869 5185 1934 5228 ac
1963 5185 2053 5226 su-

453 5281 550 5340 pra
597 5267 856 5324 virtutem
899 5282 1053 5324 suam
1100 5274 1420 5339 gravantur,
1473 5265 1546 5321 ita
1599 5274 1662 5320 ut
1720 5263 1921 5321 taedeat
1961 5278 2058 5321 eos

452 5363 616 5420 etiam
667 5363 872 5422 vivere.
923 5364 1003 5422 De
1037 5364 1294 5436 qualibus
1336 5361 1503 5420 etiam
1541 5362 1672 5420 dicit
1704 5362 2003 5435 Apostolus
2038 5383 2050 5420 :

455 5455 524 5514 Et
545 5473 684 5513 nunc
709 5460 842 5530 [lens
871 5458 990 5513 dico
1012 5458 1253 5514 inimicos
1273 5457 1443 5513 crucis
1464 5455 1678 5514 Christi.
1713 5455 1838 5514 Sive
1860 5471 1930 5512 cx
1973 5455 2055 5511 af-

451 5550 601 5608 fectu
649 5550 938 5607 charitatis
980 5550 1298 5623 hujusmodi
1338 5551 1551 5623 rugitus
1589 5550 1881 5616 emittunt,
1909 5546 2085 5606 sicut’

455 5645 532 5700 ait
564 5643 710 5702 idem
741 5644 1039 5716 Apostolus
1064 5662 1079 5700 :
1111 5644 1350 5702 Tristitia
1377 5645 1506 5702 mihi
1533 5656 1608 5702 est
1639 5663 1825 5720 magna
1848 5657 1897 5702 et
1922 5663 2052 5701 con-

458 5739 633 5795 tinuus
657 5739 812 5796 dolor
857 5739 1002 5796 cordi
1028 5757 1165 5797 meo.
1193 5741 1326 5799 Item
1357 5743 1435 5799 ait
1467 5761 1479 5798 :
1514 5739 1601 5797 Ea:
1628 5741 1796 5797 multa
1834 5741 2056 5797 tribula-

456 5835 595 5892 tione
623 5845 671 5893 et
694 5836 937 5909 angustia
965 5837 1137 5894 cordis
1162 5837 1350 5910 scripsi
1373 5838 1515 5896 vobis
1541 5853 1633 5912 per
1656 5839 1848 5893 multas
1873 5834 2053 5910 lat-ry-

2155 4712 2268 4755 non
2291 4705 2644 4754 revertuntur
2674 4694 2742 4752 ad
2769 4710 2885 4752 eas.
2914 4693 3030 4751 Non
3056 4703 3431 4759 revertuntur,
3459 4701 3521 4748 ut
3557 4693 3751 4748 iterum

2155 4805 2388 4848 necesse
2417 4791 2490 4848 sit
2526 4805 2622 4846 cos
2665 4789 2875 4857 doceri,
2906 4805 3027 4861 qum
3074 4789 3185 4845 sint
3232 4790 3512 4847 elementa
3546 4789 3752 4847 exordii

2155 4900 2477 4942 sermonum
2529 4883 2646 4940 Dei.
2679 4880 2800 4940 Non
2848 4889 3203 4939 revertuntur
3248 4882 3317 4938 ad
3362 4897 3425 4938 ea
3456 4898 3583 4952 quae
3608 4892 3753 4940 retro

2155 4987 2304 5046 sunt,
2336 4977 2433 5034 sed
2454 4977 2520 5033 ad
2563 4992 2627 5034 ea
2654 4993 2774 5048 quae
2814 4976 2870 5032 in
2897 4984 3024 5032 ante
3053 4986 3182 5032 sunt
3203 4990 3265 5033 se
3288 4977 3618 5033 extendunt.
3640 4975 3751 5033 Non

2153 5080 2529 5137 revertuntur,
2557 5079 2623 5126 ut
2666 5069 2910 5142 quidam,
2942 5068 3143 5139 quibus
3171 5068 3248 5124 ait
3279 5068 3584 5139 Apostolus
3614 5087 3628 5124 :
3663 5067 3752 5123 Fi-

2155 5169 2271 5225 lioli
2293 5170 2416 5236 mei,
2461 5184 2587 5240 quos
2616 5168 2802 5223 iterum
2836 5166 3071 5237 parturio
3097 5165 3261 5222 donec
3291 5167 3531 5224 Christus
3560 5172 3751 5240 forme-

2156 5273 2240 5320 tur
2265 5265 2316 5319 in
2339 5263 2522 5320 vobis:
2571 5262 2668 5319 sed
2721 5261 2900 5333 potius
2947 5260 3190 5318 subeunt
3239 5261 3443 5334 gradus
3481 5261 3753 5319 ascensio-

2159 5373 2309 5428 num,
2352 5357 2694 5414 inambulant
2725 5356 2793 5413 de
2822 5355 3116 5412 virtutibus
3145 5356 3200 5412 in
3238 5355 3515 5413 virtutem.
3559 5356 3754 5427 llujus-

2158 5455 2305 5512 modi
2333 5469 2466 5526 ergo
2493 5454 2590 5509 lilii
2635 5467 2742 5508 non
2772 5461 3008 5523 possunt
3033 5451 3248 5520 audire,
3275 5462 3335 5508 ut
3385 5451 3618 5517 Galatas,
3660 5465 3752 5504 vo-

2157 5565 2275 5608 cem
2300 5547 2634 5620 increpantis
2666 5545 2918 5618 Apostoli
2948 5565 2963 5604 :
3002 5547 3186 5604 vellem
3221 5564 3330 5603 esse
3374 5546 3514 5618 apud
3553 5561 3668 5611 eos,
3705 5552 3752 5600 et

2157 5654 2363 5701 mutare
2408 5660 2581 5699 vocem
2606 5659 2793 5699 meam.
2835 5643 2936 5700 Hic
2959 5657 3090 5714 ergo
3115 5657 3299 5699 sermo
3323 5641 3418 5698 Dei
3445 5639 3547 5697 sub
3578 5639 3749 5711 ﬁgura

2156 5756 2502 5810 caprearum,
2526 5749 2581 5798 et
2606 5740 2831 5808 ibicum,
2859 5739 3124 5796 describit
3145 5735 3442 5809 apostolos,
3472 5734 3615 5791 sicut
3639 5735 3749 5807 jam

2157 5833 2294 5907 dixi,
2330 5844 2385 5893 et
2415 5834 2746 5908 apostolicos
2766 5835 2936 5902 viros,
2967 5840 3128 5903 atque
3149 5845 3338 5890 omnes
3365 5828 3619 5889 doctores
3651 5825 3750 5884 Εει
