3948 6334
191 360 276 422 769
1036 344 1509 407 ΒΟΜΜΕΝΤΜΠΙ
1551 346 1615 405 lN
1656 342 1914 404 LIBRUM
1955 342 2095 404 JOB.
2134 344 2289 404 CAP.
2338 345 2585 407 XXXIX.
3322 345 3431 404 ΠΟ

190 470 356 535 clcsim,
393 480 483 537 per
509 476 742 535 quorum
776 462 1081 518 doctrinam
1132 463 1371 519 Ecclesia
1420 462 1734 534 spirituales
1762 461 1812 522 Α
1840 471 2008 518 rentes
2049 472 2297 531 statuere,
2336 464 2564 537 justitiat
2592 462 2691 519 Dei
2737 479 2839 517 non
2869 472 2987 518 sunt
3017 462 3255 535 subjecti.
3288 462 3447 530 Quod

189 564 272 620 sibi
298 560 427 615 lilios
468 564 719 628 generat.
771 556 841 611 Et
882 571 1220 627 unaquaeque
1250 556 1430 611 anima
1460 554 1529 610 de
1564 555 1734 610 verbo
1839 566 2019 611 autem
2075 556 2173 623 ait,
2223 572 2377 613 suam
2411 557 2664 613 volentes
2699 564 2949 612 statuere
2993 555 3282 625 iustitiam,
3330 571 3443 611 non

190 655 270 712 Dei
294 649 607 722 concipiens,
644 649 787 719 parit
818 648 963 704 ﬁlios
1009 648 1274 705 bonorum
1330 663 1584 719 operum,
1615 662 1738 717 quae
1838 648 1966 721 quia
2006 648 2094 705 lex
2138 649 2207 706 ab
2253 650 2384 721 ipsis
2435 650 2508 706 sit
2547 651 2879 716 constituta,
2928 648 3035 705 hoc
3090 649 3201 715 ait,
3238 648 3338 706 sed
3384 651 3440 706 in

190 758 339 806 tamen
373 758 543 801 cerva:
588 743 662 800 sit
705 741 922 809 similis,
968 753 1023 800 et
1054 743 1204 811 ibici,
1256 754 1316 799 ut
1347 743 1401 799 in
1454 742 1737 799 montibus
1838 742 1963 813 lege
2008 757 2132 813 qua:
2172 758 2240 798 ex
2289 742 2398 799 Deo
2438 752 2517 801 est
2562 759 2717 800 suam
2768 744 3184 809 constituerant,
3225 743 3445 816 quando

189 842 381 908 habitet,
411 848 464 896 et
490 837 543 894 in
586 836 758 909 petris
786 836 1013 903 nutriat,
1038 837 1310 909 veloxque
1334 837 1429 904 sit,
1461 848 1514 893 et
1543 836 1740 892 alacris
1841 835 2093 892 eamdem
2121 836 2295 907 legem
2327 837 2441 892 suis
2471 836 2680 895 viribus
2706 852 2766 894 se
2796 838 3027 908 implere
3055 852 3218 908 posse
3243 837 3443 895 crede;

188 936 242 994 ad
266 934 568 993 currendam
612 933 759 990 viam
806 932 1049 990 Domini.
1091 934 1386 1004 Serpentes
1411 947 1630 1004 quoque
1671 931 1741 989 de
1843 928 1998 997 bant,
2041 938 2098 985 et
2128 928 2332 988 idcirco
2358 929 2657 987 secundum
2694 930 2839 987 hunc
2864 945 3090 987 sensum
3128 930 3445 989 Judteorum

188 1041 307 1089 terra
336 1044 424 1085 sua
461 1026 679 1093 educat,
724 1035 781 1085 et
800 1027 946 1083 vivat
993 1027 1164 1085 multo
1192 1036 1460 1097 tempore,
1512 1024 1741 1082 audiens
1845 1021 2063 1077 vincula
2092 1021 2483 1094 disrumpcnda
2523 1038 2553 1079 a
2583 1023 2697 1081 Deo
2723 1024 3003 1095 dicuntur,
3042 1033 3101 1080 et
3149 1022 3450 1097 proiicicn-

189 1121 468 1197 prophetam
504 1136 518 1174 :
562 1119 893 1192 Adjicientur
918 1118 1011 1173 tibi
1055 1119 1180 1173 anni
1212 1120 1475 1174 vittatam.
1512 1116 1744 1173 Talibus
1843 1114 1973 1171 dum
1998 1114 2191 1186 iugum
2218 1116 2477 1187 ipsorum.

188 1216 339 1272 cervis
362 1221 486 1269 sunt
516 1220 732 1268 montes
779 1211 1007 1282 excelsi,
1040 1226 1177 1283 quos
1226 1210 1443 1266 Domini
1488 1223 1592 1265 vox
1621 1224 1745 1280 per-
1918 1206 2015 1263 Cui
2040 1208 2182 1263 dedit
2204 1208 2258 1263 in
2285 1208 2565 1266 solitudine
2589 1211 2822 1268 domum.
2853 1210 3041 1269 Justus
3067 1210 3359 1269 destitutos
3391 1211 3445 1271 in

188 1309 299 1375 ﬁcit,
326 1315 377 1363 et
404 1320 640 1378 quorum
670 1305 837 1377 pedes
867 1306 919 1361 in
952 1305 1429 1361 consummatione
1458 1302 1741 1374 perducet.
1847 1300 2167 1369 solitudine,
2214 1301 2477 1359 videlicet
2528 1304 2874 1375 protectione
2928 1305 3265 1362 delensionis
3309 1319 3447 1362 mea:

245 1400 361 1467 Quis
398 1398 598 1454 dimisit
626 1414 877 1471 onagrum
896 1398 1139 1466 liberum,
1169 1410 1216 1451 et
1246 1398 1449 1452 uincula
1477 1399 1588 1468 ejus
1629 1397 1745 1468 quis
1851 1395 2099 1453 habitare
2138 1396 2262 1466 ieci,
2294 1396 2437 1454 sicut
2475 1399 2641 1454 etiam
2684 1400 3030 1470 postmodum
3077 1417 3174 1458 ore
3212 1400 3450 1473 prophe-

188 1491 420 1549 solritHn
446 1507 609 1549 cerva
656 1504 711 1549 et
759 1490 898 1548 ibice
928 1493 1179 1563 superius
1209 1491 1431 1562 ﬁgurant
1483 1489 1747 1545 Ecclesia:
1851 1487 1962 1545 tico
1987 1489 2203 1545 locutus
2233 1505 2352 1545 sum
2403 1490 2591 1547 dicens
2624 1511 2635 1545 :
2670 1489 2796 1547 Fiat
2851 1493 3105 1549 habitatio
3155 1510 3331 1549 eorum
3360 1495 3452 1551 de-

186 1588 746 1647 essumonstravimus.
789 1586 944 1643 Nunc
990 1601 1123 1643 vero
1147 1585 1339 1657 onagri
1372 1584 1619 1650 nomine,
1661 1599 1750 1637 ar-
1851 1594 2023 1650 serta;
2053 1594 2101 1640 et
2129 1584 2181 1639 in
2210 1584 2558 1642 tabernaculis
2584 1603 2763 1642 eorum
2803 1604 2907 1642 non
2935 1589 3001 1643 sit
3034 1590 3124 1658 qui
3173 1588 3449 1644 inhabitet.

189 1683 420 1739 bitramur
454 1682 717 1754 pupulum
747 1680 1060 1737 Judzeorunt
1093 1695 1253 1752 posse
1292 1679 1545 1750 intelligi,
1589 1693 1748 1749 quem

187 1776 307 1834 Deus
350 1774 418 1831 ob
460 1774 907 1831 incredulitatem
949 1773 1072 1845 eius
1112 1770 1407 1843 dimiserit,
1436 1770 1579 1826 sicut
1624 1771 1747 1825 ait:

1854 1678 2107 1735 Solitudo
2147 1679 2333 1748 itaque
2364 1680 2541 1736 lactus
2570 1690 2653 1737 est
2685 1682 2922 1754 populus
2965 1680 3081 1750 ille,
3124 1690 3177 1739 et
3208 1697 3450 1751 eremus,

1855 1775 1979 1843 quia
2027 1772 2207 1829 ablata
2248 1773 2391 1845 lege,
2440 1774 2747 1847 prapltetia,
2796 1775 3142 1845 sacerdotio,
3184 1776 3456 1833 sacriﬁcio

187 1870 241 1925 Et
262 1870 437 1925 dimisit
458 1886 553 1925 eos
575 1868 863 1925 secundum
892 1867 1151 1923 desideria
1177 1866 1346 1921 cordis
1372 1881 1570 1921 eorum.
1596 1863 1749 1933 Quod
1781 1860 1827 1923 B
1856 1880 2073 1938 quoque
2126 1882 2191 1922 ac
2240 1866 2527 1923 beneﬁciis
2580 1868 2785 1926 divinis
2811 1911 2826 1939 ,
2877 1872 3068 1942 gratia:
3113 1870 3274 1927 etiam
3331 1884 3461 1941 pro-

186 1964 229 2021 in
256 1964 429 2020 multis
457 1964 585 2019 aliis
607 1963 740 2019 locis
768 1962 1175 2035 Scripturarum
1209 1961 1351 2017 Deus
1378 1957 1481 2016 ltoc
1511 1959 1750 2014 futurum

184 2072 285 2113 esse
304 2066 547 2114 testatur.
572 2056 847 2128 Cujusque
870 2054 1085 2111 vincula
1117 2063 1385 2127 praecepta
1416 2068 1538 2111 esse
1560 2052 1752 2123 legalia

184 2164 273 2206 non
312 2147 545 2205 absurde
578 2146 862 2204 sentimus.
907 2146 1041 2203 Nam
1080 2147 1333 2203 eumdem
1375 2156 1752 2203 contumacem

187 2244 414 2315 populum
440 2255 497 2299 et
532 2240 814 2309 rebellem,
858 2241 1122 2314 propheta
1153 2242 1226 2297 ita
1264 2241 1534 2313 obiurgat,
1569 2251 1625 2298 et
1676 2242 1756 2296 in-

184 2349 364 2411 crepat,
402 2338 595 2395 dicens
637 2354 651 2392 :
690 2336 863 2392 Vacca
906 2337 1177 2392 lasciviens
1217 2334 1411 2405 Israel,
1460 2337 1758 2409 confregisti

183 2431 361 2503 iugum,
389 2432 580 2505 rupisti
604 2430 831 2486 vincula.
880 2429 1033 2487 Hunc
1074 2430 1237 2503 igitur
1273 2428 1429 2501 quasi
1469 2444 1756 2501 onagrum,

188 2526 495 2583 immundum
528 2524 787 2583 videlicet
814 2525 1014 2585 animal
1040 2542 1105 2583 ac
1152 2523 1356 2582 eﬁrene
1406 2523 1628 2596 reliquit
1653 2522 1760 2581 Do-

189 2623 377 2694 minus,
409 2634 468 2680 ut
491 2623 567 2679 ab
606 2638 675 2681 eo
695 2623 830 2696 iugo
861 2624 1076 2697 imperii
1112 2624 1220 2692 sui,
1262 2620 1389 2695 quia
1418 2636 1634 2692 semper
1672 2636 1761 2677 rc-

186 2719 305 2775 stitit
330 2718 578 2787 obedire,
608 2734 638 2774 a
661 2719 895 2776 vinculis
922 2727 1321 2791 praeceptorum
1350 2716 1551 2773 diaboli
1585 2716 1764 2773 solve-

189 2820 337 2881 retur,
367 2823 421 2870 et
455 2813 759 2870 secundum
790 2814 1112 2884 Apostolum
1140 2826 1333 2868 servus
1365 2810 1593 2883 peccati,
1629 2809 1765 2866 liber

188 2914 316 2963 esset
338 2907 605 2977 iustitiae;
628 2908 708 2963 sic
731 2908 877 2962 enim
908 2906 1027 2978 ipse
1052 2905 1318 2961 Dominus
1343 2903 1411 2960 de
1441 2903 1644 2960 inducis
1689 2903 1767 2959 ait

189 2998 234 3055 in
274 3001 482 3072 psalmo
517 3018 532 3056 :
566 2999 968 3072 Disrumpamus
1013 2998 1222 3054 vincula
1267 3015 1463 3067 eorum,
1496 3008 1545 3053 et
1599 2998 1767 3071 proji-

187 3094 365 3151 ciannts
407 3114 440 3153 a
474 3096 625 3152 nobis
663 3099 857 3171 jugttm
902 3096 1136 3169 ipsorum
1176 3109 1195 3149 :
1241 3093 1333 3149 ubi
1377 3092 1493 3163 ipsa
1524 3091 1766 3147 Trinitas

190 3188 274 3245 Dei
293 3190 388 3247 huc
414 3190 630 3248 dixisse
656 3189 889 3248 videtur.
918 3188 1055 3245 Nam
1078 3185 1537 3262 quemadmodum
1570 3186 1623 3241 in
1656 3184 1764 3242 Ge-

1857 1961 2094 2015 tectione
2121 1961 2314 2030 privati
2339 1974 2403 2016 ac
2432 1960 2681 2017 destituti
2701 1972 2847 2019 sunt.

1928 2053 1995 2109 Et
2026 2054 2362 2109 tabernacula
2386 2058 2502 2127 ejus
2522 2056 2575 2111 in
2606 2065 2745 2112 terra
2771 2056 3075 2132 salsuginis.
3102 2056 3173 2116 Ut
3198 2058 3317 2116 sine
3338 2059 3449 2118 ulla

1856 2163 1956 2219 spe
1997 2148 2377 2219 promissionis
2414 2150 2507 2207 Dei
2544 2152 2754 2208 sterilis
2781 2152 3026 2222 viveret,
3067 2163 3124 2211 et
3161 2154 3463 2212 infructuo-

1859 2256 1952 2298 sus
1981 2250 2181 2298 terram
2225 2243 2521 2314 salsuginis
2548 2244 2753 2302 dicitur
2783 2246 3065 2319 accepisse
3096 2266 3107 2303 :
3144 2248 3232 2304 ubi
3264 2258 3468 2320 prteter

1858 2335 2283 2393 amaritudinem
2313 2352 2418 2409 qua
2448 2337 2619 2395 Deum
2648 2348 2981 2410 provocaret
3001 2340 3067 2396 ad
3092 2341 3459 2410 iracundiam,

1861 2430 1999 2487 nihil
2032 2431 2288 2489 haberet.
2314 2432 2407 2490 Sic
2453 2448 2690 2505 namque
2736 2432 2865 2491 alibi
2910 2435 2977 2492 de
3026 2434 3139 2491 Deo
3167 2434 3303 2491 dicit
3342 2450 3471 2507 pro-

1863 2525 2025 2597 pheta
2056 2543 2069 2580 :
2105 2524 2341 2581 Posuisti
2366 2527 2589 2597 ﬂumina
2621 2528 2674 2582 in
2704 2528 2989 2597 desertum,
3018 2538 3067 2585 et
3104 2530 3275 2585 exitus
3302 2546 3469 2602 aqua—

1860 2635 1979 2674 rum
2018 2620 2073 2675 in
2126 2622 2286 2675 sitim.
2334 2618 2554 2676 Terram
2596 2622 2925 2696 fructiferam
2980 2622 3035 2679 in
3077 2624 3394 2696 salsuginem
3438 2639 3475 2681 α

1864 2715 2069 2770 malitia
2098 2713 2510 2770 inhabitantium
2531 2715 2583 2771 in
2610 2734 2693 2773 ea.

1936 2808 2225 2865 Contemnit
2254 2812 2642 2869 multitudinem
2676 2813 2921 2885 civitatis,
2950 2813 3231 2871 clamorem
3258 2824 3471 2871 exacto-

1865 2904 1939 2961 ris
1960 2922 2061 2961 non
2083 2907 2252 2962 audit.
2278 2908 2521 2965 Ecclesia
2551 2917 2637 2965 est
2665 2908 2783 2967 hate
2809 2910 3069 2977 civitatis,
3097 2926 3218 2983 qum
3240 2916 3463 2968 constat

1868 3014 1933 3055 ex
1967 3000 2319 3058 multitudine
2363 3001 2851 3060 innumerabilium
2892 3006 3242 3077 populorum,
3270 3004 3341 3061 de
3370 3018 3475 3075 qua

1872 3096 2141 3152 Dominus
2172 3096 2288 3152 ait:
2324 3095 2446 3152 Non
2484 3108 2646 3172 potest
2678 3099 2857 3154 civitas
2909 3100 3162 3155 abscondi
3199 3099 3253 3154 in
3306 3107 3478 3156 monte

1872 3193 2063 3261 posita.
2097 3191 2251 3248 llanc
2291 3192 2455 3265 igitur
2482 3194 2714 3266 quisque
2743 3192 2967 3250 Judaeus
2992 3193 3341 3266 despiciens,
3384 3209 3477 3252 re-

188 3286 291 3341 1]εεὶ
314 3285 364 3341 ill
388 3285 600 3342 iactura
624 3284 857 3342 hominis
882 3284 1167 3357 pluraliter
1194 3282 1339 3339 ἁίιίι
1364 3281 1507 3337 Deus
1529 3299 1540 3333 ἶ
1576 3278 1768 3334 Facia-
1794 3254 1843 3322 C
1872 3286 2121 3356 spuendo
2142 3254 2465 3356 conlcl‘imit’
2485 3254 2779 3344 (tiam-orem
2803 3286 2968 3344 etiam
3000 3254 3291 3359 cujilslibct
3311 3254 3480 3343 gyan-

188 3394 283 3434 mus
309 3382 571 3437 hominem
602 3380 671 3435 ad
695 3380 974 3453 imaginem
999 3390 1047 3436 et
1070 3378 1467 3436 similitudinem
1499 3386 1769 3433 nostram:

189 3475 250 3533 ita
279 3486 329 3534 et
359 3479 446 3536 hic
478 3478 700 3534 locutus
728 3484 813 3533 est
845 3494 858 3531 :
889 3475 1290 3548 Disrumpamus
1322 3473 1529 3529 uincula
1568 3489 1769 3541 eorum,

190 3579 230 3625 et
253 3572 589 3643 proﬁciamus
615 3589 649 3626 a
690 3570 835 3626 nobis
865 3574 1058 3644 jugum
1094 3570 1343 3643 ipsorum.
1390 3571 1561 3638 Quem
1593 3568 1771 3624 locum

188 3666 338 3721 Aczus
356 3666 737 3739 apostolorum
756 3666 831 3720 ita
852 3679 912 3721 se
927 3663 1129 3720 habere
1149 3662 1436 3719 manifeste
1459 3662 1770 3721 declarant:

190 3759 267 3815 ubi
288 3761 522 3833 apostoli
553 3761 619 3817 ad
646 3760 813 3817 Deum
842 3761 1196 3817 elevaverunt
1224 3774 1411 3815 vocem
1434 3774 1587 3816 suam
1613 3770 1778 3831 atque

190 3855 425 3914 dixerunt
458 3876 473 3915 :
516 3857 773 3926 Domine,
810 3866 864 3913 tu
894 3857 985 3930 qui
1014 3856 1193 3913 fecisti
1221 3858 1419 3912 ccelum
1449 3866 1504 3912 et
1545 3863 1774 3922 terram,

189 3963 347 4019 mare,
377 3960 434 4007 et
463 3950 660 4006 omnia
688 3965 810 4021 qua:
838 3949 892 4005 in
924 3949 1007 4005 eis
1043 3958 1192 4016 sunt,
1224 3947 1318 4021 qui
1345 3947 1549 4019 Spiritu
1588 3955 1779 4002 sancto

190 4059 277 4115 per
302 4061 362 4102 os
400 4046 583 4117 patris
614 4044 787 4102 nostri
822 4043 990 4100 David
1037 4044 1191 4116 pueri
1222 4043 1297 4099 tui
1339 4040 1525 4099 dixisti
1562 4060 1572 4096 :
1609 4041 1781 4108 Quare

190 4139 501 4209 fremuerunt
548 4151 752 4217 gentes,
796 4150 844 4197 et
887 4138 1066 4214 populi
1110 4138 1347 4194 meditati
1391 4147 1512 4194 sunt
1558 4136 1782 4192 inania?

188 4230 471 4290 Astiterunt
529 4251 677 4307 reges
726 4244 877 4289 terra:
905 4235 965 4287 'et
1016 4231 1279 4305 principes
1327 4240 1677 4286 convenerunt
1728 4230 1783 4285 in

188 4342 356 4398 unum,
394 4330 655 4385 adversus
681 4326 987 4393 Dominum,
1018 4337 1065 4382 et
1093 4328 1341 4382 adversus
1366 4324 1628 4383 Christum
1649 4326 1779 4398 ejus.

187 4419 260 4478 οι)
276 4421 377 4480 hoc
406 4423 581 4496 igitur
609 4422 791 4480 scelus
819 4421 963 4493 quod
996 4422 1051 4477 itt
1080 4419 1301 4477 Christo
1331 4419 1474 4476 Filio
1503 4419 1597 4476 Dei
1627 4432 1782 4475 com-

188 4516 404 4574 missum
437 4526 556 4587 est,
585 4518 663 4573 ait
689 4516 873 4585 Pater,
921 4516 1015 4587 qui
1051 4515 1107 4571 in
1133 4514 1332 4586 spiritu
1373 4528 1474 4569 suo
1506 4512 1608 4569 hoc
1641 4512 1789 4567 iutu-

188 4626 296 4669 rum
311 4613 674 4686 praedixerat,
695 4611 885 4669 dicens
905 4630 919 4667 :
943 4608 1339 4684 Disrumpamus
1356 4606 1561 4664 vincula
1583 4624 1782 4677 eorum,

1874 3379 2161 3451 gelizantis
2216 3380 2443 3437 verbum
2493 3381 2626 3449 Dei,
2674 3390 2730 3438 et
2780 3380 3054 3452 exigentis
3108 3379 3479 3437 obedientiam

1877 3474 2022 3546 ﬁdei,
2055 3490 2162 3531 non
2210 3476 2381 3547 audit,
2423 3475 2475 3532 id
2507 3484 2612 3545 est,
2652 3476 2879 3533 obedire
2920 3475 3211 3533 detrectat.
3250 3474 3334 3533 Ob
3375 3473 3482 3533 hoc

1878 3566 2061 3639 igitur,
2108 3568 2470 3625 incrassatum
2512 3579 2597 3626 est
2636 3584 2733 3626 cor
2765 3584 2976 3639 eorum,
3020 3578 3077 3627 et
3124 3568 3316 3626 oculos
3350 3582 3483 3625 suos

1878 3662 2217 3728 clauserunt,
2268 3670 2331 3719 ut
2377 3680 2485 3719 non
2518 3662 2739 3720 videant
2782 3664 2978 3735 oculis,
3011 3674 3066 3722 et
3108 3664 3335 3722 auribus
3371 3678 3482 3722 non

1878 3757 2119 3826 audiant,
2153 3765 2209 3813 et
2233 3759 2409 3814 corde
2439 3757 2766 3830 intelligant.

1954 3853 2317 3923 Circumspicit
2344 3863 2540 3909 montes
2564 3870 2771 3926 pascua:
2792 3856 2991 3922 suat,'et
3021 3854 3241 3910 uirentia
3268 3868 3485 3926 qumque

1889 3947 2164 4020 perquirit.
2190 3946 2423 4014 Montes,
2456 3947 2724 4019 superbos
2748 3963 3001 4019 quosque
3027 3946 3310 4014 doctores,
3345 3943 3489 4003 scri-

1888 4039 1987 4096 bas
2018 4039 2317 4108 videlicet,
2370 4049 2427 4096 et
2456 4041 2760 4112 pharisteos
2790 4041 2922 4114 legis
2955 4057 3092 4108 suae,
3124 4039 3283 4113 quasi
3310 4038 3493 4111 suspi-

1884 4132 2056 4199 ciens,
2086 4133 2274 4205 eisque
2319 4132 2588 4189 honorem
2619 4131 2897 4200 deferens,
2931 4131 3260 4189 adulationis
3281 4130 3489 4187 ambitu

1886 4226 2175 4282 circumit:
2204 4225 2273 4282 ab
2302 4226 2383 4283 eis
2407 4224 2589 4297 procul
2617 4224 2804 4292 dubio,
2836 4225 2889 4281 in
2910 4224 3109 4296 quibus
3132 4234 3217 4281 est
3233 4222 3488 4279 doctrina

1887 4318 2211 4388 hominum,
2262 4334 2374 4376 non
2404 4317 2712 4387 recedens,
2744 4318 2802 4375 in
2854 4317 3055 4389 quibus
3108 4317 3273 4373 etiam
3327 4330 3489 4372 mon-

1890 4415 2035 4472 tibus
2064 4415 2155 4471 ttbi
2179 4429 2240 4471 se
2269 4429 2471 4487 pascua
2494 4413 2733 4471 carnalis
2756 4413 2896 4486 legis
2924 4411 3128 4470 habere
3157 4410 3490 4482 gloriantur,

1889 4508 2129 4566 virentia
2158 4523 2390 4581 qumque
2422 4506 2713 4580 perquirit,
2745 4522 2869 4579 qua:
2920 4504 2988 4562 ad
3037 4504 3265 4562 delicias
3307 4504 3498 4577 utique

1890 4603 2103 4671 carnis,
2152 4610 2204 4659 et
2239 4599 2469 4658 sabbata
2504 4600 2733 4657 delicata
2762 4600 3062 4673 pertinent,
3096 4607 3151 4655 et
3183 4612 3305 4670 qua:
3349 4596 3501 4653 velut

190 4717 233 4761 et
277 4666 632 4783 proﬁciamus
660 4666 709 4759 ἀ
753 4705 901 4761 nobis
944 4709 1137 4780 jugum
1159 4666 1174 4684 '
1198 4706 1449 4778 ipsorum.
1509 4666 1789 4759 Processit
1814 4666 1869 4729 D
1896 4696 2219 4754 virescentis
2245 4694 2539 4769 superﬁcie
2560 4694 2694 4768 legis
2722 4666 2993 4762 historiis,
3022 4666 3232 4749 nullum
3261 4691 3500 4749 fructum

188 4804 389 4873 grande
450 4812 740 4875 peccatum
788 4817 853 4859 ac
907 4800 1227 4867 uelandum,
1280 4814 1391 4873 quo
1445 4798 1787 4856 Salvatorem

189 4898 596 4965 cruciﬁxerunt,
628 4906 689 4953 ut
708 4894 903 4953 merito
923 4895 993 4953 ab
1018 4896 1099 4953 eis
1133 4894 1359 4951 vincula
1390 4902 1787 4967 praeceptorum

189 4988 275 5050 Dei
298 4992 808 5065 disrumperentur,
841 5000 898 5048 et
921 4991 994 5047 ita
1018 4990 1155 5063 legis
1177 4989 1366 5063 iugum
1399 4988 1787 5060 proiiceretur.

188 5086 337 5154 Quod
380 5098 577 5145 autem
619 5086 834 5159 iugum,
876 5094 932 5144 et
979 5084 1196 5143 vincula
1220 5099 1412 5142 eorum
1461 5081 1611 5140 dicta
1639 5091 1787 5150 sunt,

189 5194 306 5239 eum
333 5183 435 5241 Dei
464 5181 681 5239 fuerint
711 5181 894 5254 potius
928 5194 1090 5252 quam
1122 5177 1459 5245 Judaeorum,
1487 5175 1683 5247 quibus
1719 5174 1799 5231 le-

190 5289 305 5346 gem
328 5291 396 5332 ac
415 5282 699 5347 praecepta
725 5272 952 5331 dederat
981 5271 1362 5328 mandatorum
1393 5287 1407 5326 :
1435 5269 1539 5325 hoc
1564 5268 1801 5324 maxime

190 5366 614 5440 requirendum,
666 5364 812 5437 quod
860 5365 937 5422 ita
977 5364 1205 5433 dictum,
1237 5365 1365 5436 quia
1417 5360 1593 5419 Judaei
1622 5361 1799 5432 legem

191 5462 493 5518 carnaliter
538 5459 931 5532 intelligentes,
973 5474 1134 5532 quam
1181 5474 1247 5515 ex
1291 5456 1555 5530 operibus
1595 5471 1657 5513 se
1694 5454 1801 5512 im-

191 5555 341 5627 plere
379 5554 826 5622 arbitrabantur,
880 5552 1041 5625 quasi
1088 5567 1242 5608 suam
1290 5550 1605 5618 effecerant,
1663 5548 1806 5605 sicut

192 5648 323 5706 dicit
354 5648 673 5723 Apostolus
715 5665 730 5705 :
764 5645 938 5704 Israel
982 5664 1100 5704 vero
1148 5657 1345 5703 sectans
1374 5646 1537 5719 legem
1555 5642 1801 5716 justitiw,

194 5744 245 5799 in
289 5746 457 5820 legem
495 5746 730 5819 justitiae
756 5760 861 5800 non
890 5744 1137 5813 pervenit.
1180 5742 1401 5813 Quare?
1429 5740 1567 5809 Quia
1598 5754 1707 5795 non
1735 5753 1806 5795 ex

194 5838 324 5905 ﬁde,
368 5839 474 5896 sed
523 5853 591 5895 ex
618 5838 900 5910 operibus.
932 5838 1001 5894 Et
1033 5838 1157 5894 ideo
1196 5836 1265 5893 de
1293 5835 1499 5892 eisdem
1535 5833 1804 5905 sequitur,

195 5930 391 5993 dicens
414 5930 781 6009 :_Ignorantes
809 5931 1065 6011 cnim_Dei
1095 5932 1376 6009 justitiam,
1406 5941 1455 5989 et
1493 5944 1642 5988 suam
1667 5942 1811 6002 qua:-

1898 4792 2135 4851 habeant
2157 4793 2476 4863 ﬁgurarum.

1971 4884 2244 4958 Numquid
2272 4886 2404 4941 ualet
2442 4887 2741 4943 rhinoceras
2767 4885 2960 4942 seruire
2994 4883 3110 4952 tibi,
3153 4892 3244 4939 aut
3288 4880 3507 4937 morabi-

1899 4988 1983 5037 tur
2012 4983 2081 5036 ad
2126 4996 2356 5055 praesepe
2387 4982 2572 5037 tuum?
2599 4980 2749 5052 Sive,
2784 4989 2843 5036 ιιι
2872 4978 2966 5037 alii
3002 4978 3259 5036 dixerunt
3286 4993 3298 5031 :
3328 4974 3501 5031 Num-

1900 5079 2025 5150 quid
2052 5078 2182 5134 rolet
2211 5092 2514 5133 monaceros
2538 5075 2730 5131 servire
2754 5072 2887 5130 tibi?
2916 5073 2997 5129 Ex
3023 5070 3241 5128 diversa
3262 5068 3507 5127 editione

1905 5170 2353 5231 transferentium
2385 5170 2741 5242 advertimus,
2771 5168 2919 5243 quod
2942 5170 3118 5240 ipsum
3150 5166 3220 5222 sit
3240 5164 3503 5221 rhinoce-

1903 5283 1996 5324 ros
2023 5266 2169 5339 quod
2202 5276 2257 5323 et
2303 5279 2653 5334 monoceros,
2686 5272 2741 5322 et
2768 5262 2964 5320 Latine
3009 5260 3349 5332 intelligatur
3388 5256 3510 5315 uni-

1903 5358 2108 5427 cornis,
2158 5358 2275 5415 sive
2302 5372 2471 5428 super
2500 5371 2665 5414 nares
2708 5372 2885 5414 cornu
2925 5353 3162 5411 habens.
3211 5352 3352 5409 Sunt
3378 5366 3511 5424 ergo

1906 5452 2283 5525 huiuscemodi
2330 5451 2460 5508 ferte
2490 5452 2544 5508 in
2591 5449 2893 5508 solitudine
2923 5447 3194 5514 Orientis,
3226 5455 3285 5504 et
3312 5444 3381 5502 ab
3412 5447 3512 5502 ho-

1913 5548 2153 5605 minibus
2178 5560 2584 5617 nonnumquam
2614 5543 2889 5614 videntur,
2921 5541 3037 5599 sive
3069 5538 3386 5613 capiuntur.
3411 5536 3514 5594 llic

1914 5641 2080 5713 igitur
2112 5653 2465 5706 monoceros,
2499 5637 2685 5709 populi
2720 5634 2946 5709 gentilis
2996 5634 3292 5707 imaginem
3339 5627 3518 5704 praeti-

1914 5746 2110 5809 gurat;
2140 5734 2295 5806 cuius
2337 5737 2504 5791 etiam
2534 5731 2789 5804 superbia
2816 5729 3159 5803 signiﬁcatur
3200 5728 3257 5784 in
3298 5741 3465 5782 cornu
3497 5743 3512 5781 :

1914 5832 2057 5886 sicut
2088 5828 2410 5900 quibusdam
2435 5826 2838 5898 peccatoribus,
2864 5834 2919 5882 et
2945 5821 3201 5894 superbis
3227 5834 3255 5875 a
3286 5818 3399 5875 Deo
3430 5809 3515 5874 di-

1917 5924 2058 5986 citur
2087 5939 2184 5999 per
2205 5924 2529 5997 prophetam
2562 5918 2723 5981 :Dixi
2753 5919 2967 5995 iniquis,
2993 5916 3176 5977 Nolite
3197 5914 3371 5992 inique
3391 5927 3516 5991 αμα

3369 6086 3485 6095 etv
