3948 6334
1299 318 1647 381 APPENDIX
1684 323 1780 382 AD
1817 320 2061 383 TUMUM
2100 320 2451 386 SEPTlMUM
2495 329 2552 386 S.
2598 328 2997 390 HIERONYMI.
3700 338 3805 399 ΤΒ

510 318 611 377 ΊῊ

498 451 596 529 re;
614 443 663 489 et
686 435 1132 529 delinquentibus,
1154 438 1315 493 nolite
1341 438 1576 496 exaltare
1604 458 1785 497 cornu.
1817 440 1998 498 Nolite
2024 458 2117 497 εισι
2140 446 2192 505 Α
2222 443 2277 498 in
2305 446 2515 515 psalmo
2546 464 2557 500 :
2591 448 2848 504 Ascensus
2878 450 2934 504 in
2960 450 3120 505 corde
3143 467 3241 508 suo
3282 454 3542 529 disposuit
3586 456 3644 512 iis
3678 458 3805 512 ualle

496 527 684 583 tollere
719 528 775 583 in
805 527 974 584 altum
1002 546 1165 584 cornu
1190 540 1415 586 uestrum
1445 549 1465 588 :
1492 535 1617 605 quia
1661 543 1930 590 vetcrnosa
1956 544 2114 607 alque
2216 540 2395 609 ﬂetus.
2440 538 2595 596 Unde
2625 549 2683 595 et
2710 540 2877 598 Isaias
2900 557 3027 599 cum
3059 527 3439 615 increpatione
3460 548 3805 619 prepbetatu.

504 620 723 692 antiqua
752 620 807 675 in
846 620 952 689 his,
984 638 1111 693 quos
1144 621 1282 677 Deus
1314 624 1567 696 increpat,
1595 626 1842 699 superbia
1867 636 1964 683 cst.
2012 625 2111 684 Se-
2216 645 2339 697 rus,
2372 643 2561 690 contra
2598 632 2903 691 Jerusalem
2938 638 3296 706 peccatricem
3352 642 3657 711 prophetia
3695 654 3801 698 sua:

508 714 746 770 condam
780 714 942 769 aliam
972 715 1297 785 editionem,
1332 717 1384 774 in
1416 717 1520 774 hoc
1546 719 1741 775 eodem
1774 719 1897 777 loco
1919 722 2111 791 psalmi
2215 725 2599 796 hujuscemodi
2631 729 2848 785 titulum
2877 732 3197 801 praeposuit,
3222 733 3453 791 dicens:
3487 734 3639 792 Onus
3661 736 3803 792 vallis

504 808 735 877 legimus
768 825 780 861 :
821 806 1001 863 Nolite
1023 809 1253 863 exaltare
1282 811 1337 864 in
1361 810 1626 866 excelsum
1653 827 1816 867 cornu
1847 825 2071 868 vestrum
2091 855 2107 881 ,
2214 820 2447 875 visionis.
2499 820 2713 877 Talium
2743 822 2924 893 ,igitur
2972 824 3199 882 vallium
3246 826 3441 896 glebas
3487 842 3803 886 monoeeros

500 899 767 972 loquentes
818 900 874 954 in
904 901 1099 956 ceruice
1150 903 1325 959 veteri.
1381 902 1443 959 In
1494 905 1680 961 multis
1717 921 1934 977 quoque
1984 907 2110 963 aliis
2212 914 2553 980 comminuit,
2601 915 2817 985 quando
2869 917 3132 975 bumiliati
3174 922 3422 991 corporis
3446 929 3653 978 terram
3682 924 3803 981 edo-

499 996 938 1067 Scripturarum,
972 1014 1142 1052 cornu
1172 1007 1510 1068 nuncupata,
1536 998 1765 1070 legimus
1795 1001 2106 1070 superbiam
2212 1014 2345 1071 mat,
2368 1014 2425 1062 et
2442 1007 2807 1075 suscipiendis
2825 1010 3135 1066 cmicstium
3158 1024 3560 1084 prreeepterum
3590 1016 3804 1071 semini-

497 1096 771 1151 nominari
816 1116 829 1151 :
882 1098 1009 1153 licet
1039 1108 1095 1154 et
1125 1099 1181 1154 in
1228 1100 1425 1153 bonam
1462 1107 1671 1169 partem
1710 1113 1881 1154 cornu
1936 1100 2109 1154 soleat
2210 1095 2313 1153 bus
2353 1113 2419 1155 ac
2457 1100 2751 1156 reddendis
2782 1101 3054 1159 fructibus
3084 1116 3406 1177 pra-parat:
3441 1110 3662 1179 quando
3688 1124 3800 1166 eum

494 1188 627 1254 dici,
649 1202 705 1246 ut
727 1202 810 1247 est
834 1191 970 1248 illud
1007 1211 1020 1247 :
1053 1191 1323 1247 Exaltabit
1352 1209 1515 1247 cornu
1541 1189 1741 1248 Christi
1765 1192 1867 1246 sui.
1891 1190 2025 1247 Nam
2053 1202 2106 1245 et
2208 1188 2476 1262 Apostolo
2501 1193 2731 1265 castigat
2762 1210 2962 1267 corpus
2983 1212 3167 1265 suum,
3195 1209 3252 1256 et
3273 1200 3327 1256 in
3353 1202 3682 1259 servitutem
3718 1219 3799 1261 re-

498 1282 619 1355 ipse
655 1284 914 1340 Dominus
947 1286 1226 1351 Christus,
1252 1294 1477 1356 propter
1505 1285 1784 1356 singulare
1813 1284 2104 1356 imperium
2207 1280 2348 1352 digit
2374 1300 2389 1337 :
2420 1285 2641 1355 quando
2663 1301 2880 1343 omnem
2904 1288 3290 1348 bebetudinem
3321 1293 3794 1363 obstinaticordis.

491 1392 676 1447 suum,
704 1379 1001 1450 aliquando
1028 1390 1082 1434 et
1104 1378 1390 1435 unicornis
1421 1378 1647 1434 dicitur.
1677 1377 1935 1449 Legimus
1960 1393 2098 1449 quo-
2205 1373 2516 1448 duramque
2546 1380 2900 1436 stoliditatem
2924 1400 2954 1438 a
2995 1398 3057 1441 se
3082 1386 3300 1444 auferre
3328 1390 3634 1459 contendit,
3660 1391 3797 1462 quod

491 1486 601 1544 que
625 1485 830 1527 cornua
848 1480 903 1529 et
931 1487 1099 1543 regna
1124 1471 1258 1537 dici,
1283 1479 1346 1526 ut
1368 1472 1420 1527 in
1447 1470 1672 1527 Daniele
1699 1481 1754 1526 et
1774 1470 2101 1542 Apocalypsi
2208 1478 2393 1526 tamen
2416 1470 2638 1529 efﬁcere
2660 1490 3001 1546 nequaquam
3034 1479 3256 1547 poterit,
3285 1480 3363 1535 ait
3386 1481 3671 1549 Dominus,
3700 1482 3794 1539 nisi

491 1566 830 1622 continetur.
854 1565 1319 1632 Hicmonoceros,
1348 1566 1437 1635 qui
1470 1581 1565 1636 per
1585 1566 1913 1636 sapientiam
1948 1581 2105 1621 mun-
2206 1574 2477 1619 rectorem
2508 1574 2565 1620 et
2589 1566 3016 1637 gubernatorem
3050 1585 3208 1625 suum
3236 1570 3671 1631 obedienterme
3693 1574 3798 1631 iue-

493 1657 695 1715 dialem
740 1668 953 1714 tumore
985 1658 1257 1731 superbia:
1286 1665 1405 1713 erat
1441 1658 1494 1712 in
1523 1657 1759 1714 sublime
1789 1665 2100 1726 porrectus,
2204 1652 2277 1709 rit
2304 1665 2545 1711 secutus.
2575 1656 2730 1714 Unde
2758 1659 2833 1714 ait
2857 1660 3118 1716 Dominus
3147 1661 3215 1717 ad
3256 1661 3361 1720 Job
3390 1680 3405 1720 :
3437 1675 3535 1721 aut
3563 1666 3796 1722 confrin-

495 1752 757 1824 numquid
786 1752 882 1807 tibi
912 1752 1258 1823 subjicietur,
1291 1751 1646 1807 aitDominus
1672 1750 1740 1806 ad
1763 1750 1886 1820 Job,
1915 1759 1977 1805 ut
2007 1766 2104 1819 per
2202 1758 2297 1818 get
2321 1749 2506 1819 glebas
2534 1752 2754 1808 vallium
2778 1764 2904 1827 post
2927 1755 3159 1821 te,sicut
3191 1757 3459 1816 habemus
3482 1760 3537 1815 in
3565 1760 3791 1830 psalmo:

499 1845 663 1902 fidem
692 1846 745 1901 in
773 1847 1066 1901 sanctitate
1096 1854 1152 1900 et
1190 1845 1410 1915 juStitia
1449 1845 1724 1910 serviens,
1770 1844 2099 1901 obedientite
2132 1835 2179 1896 Β
2204 1845 2440 1902 Adhwsit
2465 1850 2646 1904 anima
2676 1867 2790 1905 mea
2818 1861 2933 1922 post
2965 1863 3035 1908 te.
3084 1852 3155 1909 Et
3181 1852 3452 1924 propheta
3496 1853 3570 1911 de
3614 1854 3795 1926 huju-

497 1938 640 1994 colla
666 1938 975 2005 submittat,
1002 1948 1055 1994 ct
1077 1947 1395 1994 mansuetus
1422 1936 1649 1993 eﬂ'ectus
1671 1944 1834 2007 atque
1857 1936 2100 2004 humilis,

490 2033 560 2088 ad
588 2032 929 2088 Dominicum
984 2047 1229 2102 praesepe
1259 2040 1534 2096 recurrat,
1579 2044 1643 2085 ac
1670 2029 1849 2085 verbis
1874 2030 1971 2083 Dei
2001 2029 2100 2085 ho-

489 2128 767 2198 miniSque
797 2128 1086 2198 esetttnpti,
1130 2127 1302 2183 sacris
1346 2123 1567 2181 cibariis
1606 2122 1907 2180 saturetur.
1949 2124 2095 2194 Sive,

490 2222 758 2293 numquid
812 2221 1157 2293 subjicietur,
1208 2231 1261 2276 ut
1297 2222 1350 2276 in
1390 2219 1654 2277 Ecclesiae
1693 2234 1830 2275 mea:
1858 2220 2101 2275 claustro

491 2315 725 2384 habitet,
764 2315 908 2387 quod
951 2317 1057 2371 erit
1087 2315 1363 2370 viantibus
1415 2313 1713 2383 stabulum,
1762 2320 1926 2382 atque
1974 2312 2101 2370 huic

491 2410 695 2466 sarculo
722 2408 1157 2466 renuntiantibus
1178 2409 1417 2464 salutare
1442 2406 1743 2479 perfugium
1776 2427 1789 2463 :
1815 2406 1905 2462 ubi
1931 2408 2097 2478 spiri-

489 2503 719 2560 tualium
771 2504 1019 2561 ciborum
1067 2503 1368 2569 alimoniis,
1401 2500 1863 2569 institutionibus,
1897 2510 1954 2557 et
1980 2517 2095 2558 cm-

484 2597 722 2654 lestihus
768 2598 1089 2669 pinguescat
1130 2596 1382 2668 eloquiis.
1427 2606 1481 2651 et
1527 2595 1824 2664 impleatur
1876 2594 1930 2649 in
1976 2596 2093 2665 illo,

489 2691 635 2763 quod
688 2691 797 2747 erit
853 2706 950 2759 per
1006 2690 1332 2760 prophetam
1396 2698 1583 2759 postea
1641 2686 2093 2756 praedicendum:

486 2785 710 2858 Agnovit
735 2784 827 2838 bos
870 2798 1215 2856 possessorem
1242 2797 1416 2849 suum,
1445 2791 1491 2835 et
1516 2782 1694 2836 asinus
1729 2796 1956 2852 nra'sepe
1994 2781 2092 2835 do-

487 2878 615 2933 mini
645 2877 748 2932 sui.
793 2878 849 2932 lu
892 2886 1249 2932 monocerote
1279 2875 1482 2946 quippe
1506 2874 1591 2928 hic
1615 2873 1922 2940 nominato,
1950 2875 2093 2928 sicut

486 2968 543 3024 in
569 2969 835 3039 propheta
870 2984 965 3039 per
985 2970 1222 3035 asinum,
1261 2966 1569 3023 immundus
1596 2977 1649 3022 ct
1673 2967 2092 3023 incircumcisus

490 3062 835 3133 signiﬁcatus
861 3071 945 3117 est
965 3061 1197 3132 populus
1226 3061 1473 3129 omnium
1504 3058 1804 3114 nationum.

559 3155 837 3224 Numquid
853 3154 1094 3229 alligabis
1118 3156 1446 3209 rhinocerota
1468 3153 1536 3208 ad
1558 3153 1818 3208 arandum
1838 3154 1951 3209 loro
1972 3162 2084 3220 tuo,

2206 1940 2354 1995 modi
2385 1960 2399 1995 :
2430 1941 2561 1997 Post
2582 1951 2630 1997 te
2658 1944 3021 2011 ambulabunt,
3040 1947 3406 2019 inquit,sirtcti
3436 1950 3793 2019 compedibus:

2205 2035 2297 2091 ubi
2327 2035 2691 2094 admiratione
2707 2038 2902 2110 dignos
2919 2039 3080 2096 video
3104 2042 3245 2098 tales
3263 2042 3453 2113 pedes,
3476 2043 3572 2113 qui
3595 2055 3791 2116 quanto

2203 2132 2377 2198 magis
2403 2130 2702 2199 compediti
2736 2130 2957 2201 fuerint,
3007 2142 3158 2189 tanto
3209 2134 3450 2191 velocius
3477 2135 3602 2193 sine
3626 2135 3788 2193 offen-

2203 2219 2362 2275 sione
2384 2221 2761 2292 egrediuntur.

2275 2311 2554 2386 Numquid
2602 2315 2851 2385 ﬁduciam
2904 2317 3115 2374 habebis
3161 2322 3213 2374 in
3254 2337 3442 2394 magna
3490 2323 3789 2393 fortitudine

2200 2408 2332 2477 ejus,
2362 2418 2410 2463 et
2439 2410 2762 2477 derelinqttes
2799 2411 2847 2467 ei
2887 2411 3087 2468 labores
3126 2424 3243 2470 tuos
3261 2414 3287 2468 ἵ
3314 2414 3594 2487 Numquid
3623 2418 3788 2473 credes

2199 2498 2302 2566 illi,
2340 2501 2588 2571 quoniam
2633 2511 2913 2559 sementem
2957 2504 3141 2559 reddat
3174 2504 3301 2571 tibi,
3347 2515 3395 2560 et
3437 2523 3618 2562 arcam
3657 2518 3787 2563 luant

2198 2593 2518 2665 congreget?
2548 2593 2663 2665 Ego
2688 2595 2949 2652 Dominus
2980 2599 3105 2652 novi
3137 2596 3520 2655 fortitudinem
3550 2600 3783 2657 charita-

2199 2684 2269 2738 tis
2294 2684 2438 2754 ejus,
2470 2695 2524 2741 et
2548 2686 2825 2757 patientire
2844 2702 2907 2743 ac
2925 2689 3372 2760 longauituitatis,
3396 2701 3454 2748 et
3475 2692 3679 2749 idcirco
3691 2693 3783 2751 de-

2196 2777 2391 2846 reliqui
2422 2779 2473 2834 ei
2499 2779 2568 2835 ad
2597 2779 2922 2837 imitandum
2957 2798 3045 2838 me
3078 2799 3271 2839 omnes
3314 2784 3539 2842 labores
3572 2786 3785 2858 dispen-

2195 2870 2423 2927 s;ntionis
2455 2887 2611 2939 nocte,
2646 2890 2784 2944 quos
2813 2875 2867 2929 in
2909 2891 2996 2931 me
3025 2875 3305 2933 credendo
3331 2876 3622 2950 intelliget,
3663 2878 3781 2950 quia

2194 2979 2292 3032 pro
2315 2965 2408 3019 illo
2428 2967 2663 3023 sustinui
2688 2968 2898 3039 alapas,
2925 2969 3150 3026 verbera
3177 2985 3243 3027 ac
3269 2982 3438 3040 Sputa
3457 2973 3780 3042 suscipiens,

2192 3055 2372 3112 eidem
2406 3058 2652 3116 laboravi
2686 3078 2699 3114 :
2733 3065 2893 3132 eique
2919 3061 2987 3117 ad
3031 3062 3203 3120 cmlos
3241 3063 3501 3121 revolans
3543 3065 3780 3137 exempla

2192 3148 2441 3207 laborum
2474 3168 2538 3208 ac
2565 3153 2826 3209 virtutum
2861 3154 3078 3226 reliqui,
3111 3154 3202 3211 cui
3224 3170 3347 3227 quae
3386 3155 3593 3211 credidi
3622 3164 3779 3226 atque

483 3259 578 3305 aut
598 3251 890 3321 confringet
915 3223 1090 3321 glebas
1116 3247 1337 3303 vallium
1365 3256 1479 3321 post
1501 3258 1566 3303 te.
1595 3246 1798 3303 Lorum
1827 3248 1930 3302 hoc
1957 3247 2084 3304 loco
2110 3223 2156 3286 ε
2189 3244 2462 3309 commisi,
2489 3244 2797 3316 cpitulante
2829 3246 2933 3303 sibi
2965 3223 3138 3319 gratia
3185 3223 3327 3316 inca,
3369 3249 3560 3305 reddat
3603 3223 3777 3305 multi-

487 3345 691 3401 dictam
725 3342 896 3415 ipsam
928 3343 1248 3399 charitatcm
1276 3341 1506 3409 Christi,
1540 3357 1664 3413 quae
1692 3352 1776 3396 est
1802 3342 1945 3396 inter
1963 3357 2081 3396 om-

494 3452 593 3494 nes
623 3438 852 3492 virtutes
883 3436 1179 3507 praecipua,
1216 3435 1519 3507 intelligere
1560 3435 1847 3501 debemus,
1878 3434 1949 3491 de
1978 3450 2082 3505 qua

485 3529 555 3586 ad
584 3529 873 3602 diligentes
918 3540 1078 3600 atque
1106 3540 1353 3585 amantes
1383 3528 1552 3585 Deum
1580 3571 1595 3595 ,
1644 3529 1719 3583 ait
1749 3529 2040 3600 Apostolus
2065 3574 2080 3597 ,

484 3621 730 3694 Capuloti
780 3625 835 3678 in
891 3621 1379 3693 cltaritate:cujus
1428 3621 1662 3679 vinculis
1718 3622 2075 3694 colligandos,

480 3719 752 3789 prapheta
781 3719 910 3773 olim
958 3717 1304 3789 praedixerat,
1335 3716 1524 3773 dicens
1552 3716 1620 3773 ad
1659 3717 1831 3772 Deutn
1863 3734 1876 3773 :
1907 3715 2080 3773 Labor

480 3810 725 3886 At‘gypti,
756 3819 803 3866 et
832 3812 1110 3885 negotiatio
1134 3808 1447 3879 fElIthpitB,
1472 3820 1521 3865 et
1554 3809 1769 3865 Sabaim
1798 3810 1892 3863 viri
1911 3809 2077 3864 subli-

475 3923 584 3962 mes
610 3906 681 3960 ad
709 3914 757 3961 te
782 3906 1095 3974 transibunt,
1124 3916 1171 3960 et
1212 3906 1289 3960 tui
1320 3912 1493 3970 erunt,
1520 3914 1568 3959 et
1593 3914 1709 3976 post
1754 3914 1802 3959 te
1842 3902 2078 3958 ambula-

473 3996 637 4053 bunt:
662 3999 817 4054 uincti
838 3994 1056 4053 manicis
1082 4008 1310 4069 pcrgent.
1339 3998 1402 4051 lit
1426 3996 1597 4051 David
1612 3996 2071 4066 quemadmodum

472 4092 761 4147 charitatis
791 4091 885 4147 Dei
922 4090 1154 4148 vinculis
1197 4105 1295 4161 per
1328 4089 1612 4144 ministros
1645 4088 1799 4146 verbi
1830 4089 1927 4145 Dei
1957 4090 2077 4144 vin-

470 4184 652 4241 ciendi
677 4194 861 4241 essent
890 4182 1208 4248 credentes,
1237 4183 1308 4237 ita
1334 4180 1592 4253 loquitur,
1620 4181 1811 4237 dicens
1843 4200 1858 4237 :
1885 4182 1965 4235 Ad
1986 4182 2072 4236 al-

470 4275 713 4350 ligandos
734 4292 880 4347 reges
902 4292 1082 4332 eorum
1108 4277 1163 4330 in
1189 4274 1410 4329 vinculis
1440 4274 1641 4345 ferreis.
1673 4274 1917 4344 Quorum
1952 4275 2073 4329 vin-

469 4369 716 4426 culorum
749 4367 1083 4434 nominibus,
1120 4367 1408 4423 cbaritatis
1440 4364 1641 4421 Christi
1693 4365 2069 4424 fortitudinem

471 4462 651 4517 voluit
676 4461 1081 4528 demonstrare,
1113 4477 1234 4533 qua:
1260 4461 1426 4517 etiam
1460 4457 1622 4517 fortis
1666 4471 1723 4516 et
1774 4470 1968 4532 potens
2013 4461 2069 4516 in

470 4557 706 4614 manicis
736 4556 953 4623 ferreis,
981 4556 1049 4612 ad
1080 4571 1322 4613 amorem
1344 4554 1562 4612 Domini
1593 4555 1943 4627 constringit.
1971 4554 2068 4611 llic

2192 3335 2314 3404 plex
2342 3351 2553 3404 semen,
2582 3348 2637 3393 et
2668 3340 2719 3393 in
2749 3354 2875 3395 area
2908 3340 3166 3398 Ecclesia:
3197 3357 3333 3397 mea:
3361 3357 3585 3414 germen
3613 3342 3768 3398 trice-

2189 3426 2410 3496 simum,
2442 3430 2868 3500 sexagesimum,
2898 3434 3370 3504 centesimumquc
3390 3433 3696 3501 fructillcet,
3721 3442 3774 3490 et

2185 3535 2368 3577 aream
2398 3532 2546 3578 tuam
2587 3535 2880 3597 congregat
2907 3545 2920 3580 :
2949 3526 3091 3583 sicut
3116 3530 3371 3600 apostoli,
3401 3542 3454 3586 et
3493 3540 3611 3603 post
3641 3544 3771 3600 apo-

2184 3615 2357 3671 stolos
2389 3616 2544 3672 multi
2567 3616 2752 3675 fecere
2780 3617 3091 3676 doctorum.

2259 3707 2442 3765 Penno
2466 3709 2791 3783 struthionis,
2817 3712 3010 3768 similis
3045 3722 3117 3770 est
3153 3716 3335 3787 pennis
3376 3715 3574 3772 herodii
3601 3724 3644 3771 et
3679 3731 3770 3770 ac-

2182 3804 2409 3874 cipitris.
2431 3804 2791 3862 Hcrodiorum
2816 3823 3016 3882 genera
3046 3810 3149 3866 tria
3171 3825 3293 3867 esse
3310 3810 3582 3877 dicuntur,
3607 3827 3764 3867 unum

2183 3894 2377 3951 horum
2418 3897 2599 3954 album
2620 3915 2741 3956 esse
2766 3901 2953 3957 colore
2978 3901 3197 3974 quidam
3228 3902 3440 3972 ferunt,
3474 3905 3613 3960 aliud
3640 3920 3764 3961 vero

2180 3991 2338 4059 quasi
2375 3992 2523 4062 gruis
2570 3993 2895 4064 quihusdam
2935 3996 3173 4054 diversis
3202 3998 3482 4055 coloribus
3526 3999 3758 4068 varium,

2183 4082 2404 4137 tertium
2448 4100 2666 4155 quoque
2700 4103 2873 4158 genus
2915 4087 3128 4160 nigrutn
3171 4089 3486 4163 afﬁrmant,
3520 4094 3656 4165 quod
3693 4092 3763 4149 sit

2180 4187 2289 4229 non
2333 4174 2508 4231 solum
2542 4177 2698 4233 velox
2723 4221 2736 4243 ,
2790 4189 2844 4236 et
2887 4196 3092 4237 saevum
3133 4182 3200 4238 ad
3240 4182 3486 4254 praedam
3522 4202 3537 4239 :
3582 4200 3758 4240 verum

2177 4266 2353 4321 etiam’
2392 4267 2445 4323 in
2488 4270 2635 4325 coitu
2685 4270 3270 4344 impatientissimum,
3322 4277 3590 4333 intentum
3622 4286 3677 4334 ut
3700 4278 3758 4332 in

2178 4370 2426 4431 tempore
2454 4363 2633 4419 coitus
2662 4381 2727 4420 ex
2757 4365 2935 4423 oculis
2975 4369 3093 4439 ejus
3127 4369 3352 4439 sanguis
3379 4371 3621 4427 ebulliat.
3652 4369 3755 4426 lle-

2176 4454 2366 4508 rodius
2397 4454 2448 4509 in
2482 4457 2694 4525 psalmo
2741 4458 3052 4515 centesimo
3095 4461 3261 4517 tertio
3291 4463 3366 4517 ita
3406 4466 3703 4518 nominatur
3736 4477 3752 4516 :

2176 4542 2397 4602 IIcrodii
2427 4550 2609 4603 domus
2639 4551 2747 4606 dua:
2767 4563 2841 4607 est
2866 4569 3066 4619 eorum,
3099 4566 3225 4609 cum
3256 4553 3325 4610 de
3355 4555 3519 4626 lignis
3549 4552 3749 4611 Domini

470 4665 603 4721 ergo
624 4618 969 4719 rhinoceros,
1005 4649 1058 4707 id
1079 4662 1187 4717 est,
1216 4651 1450 4722 populus
1473 4649 1745 4722 quondam
1775 4618 2066 4706 incircum-
2095 4618 2144 4681 Ῑ)
2173 4645 2436 4713 propheta
2470 4647 2708 4715 tropicos
2737 4644 2998 4719 loquitur.
3020 4618 3077 4702 ln
3104 4618 3527 4706 Deuteronomlo
3548 4659 3749 4722 quoque

468 4742 640 4811 cisus,
666 4743 931 4816 praeputio
952 4742 1163 4800 scilicet
1184 4742 1484 4798 carnalium
1510 4742 1868 4814 voluptatum,
1896 4750 1956 4799 et
1978 4742 2061 4798 in-

463 4839 733 4895 ﬁdelitate
764 4837 1095 4905 immundus,
1128 4838 1230 4893 hoc
1255 4836 1373 4894 loro
1394 4835 1685 4894 charitatis
1712 4834 1915 4891 Christi
1952 4834 2066 4891 for-

442 4918 679 4989 tissimo
704 4931 978 5003 alligatus,
1005 4932 1077 4987 ita
1098 4940 1157 4987 ut
1180 4931 1331 4986 nulla
1358 4945 1484 4986 eum
1517 4934 1772 4986 creatura
1804 4944 2062 5001 separare

460 5025 637 5099 possit
664 5041 695 5082 a
719 5022 940 5082 Christo
974 5041 988 5079 :
1018 5023 1238 5081 conﬁcit
1266 5024 1319 5080 in
1358 5038 1596 5096 corpore
1615 5023 1803 5095 glebas
1840 5039 1968 5079 com
1983 5024 2063 5079 al-

460 5118 592 5176 lium
617 5161 633 5189 ,
679 5117 938 5176 duritiam
966 5119 1179 5175 scilicet
1208 5125 1584 5189 peccatorum,
1618 5122 1674 5173 et
1695 5116 1827 5172 colit
1854 5115 1906 5172 in
1937 5131 2059 5173 cor-

457 5231 597 5288 pore
627 5230 727 5272 suo
755 5225 959 5272 terram
981 5213 1345 5280 Dominicam,
1377 5211 1678 5268 secundum
1708 5209 2053 5283 Apostolum,

457 5312 550 5382 qui
574 5306 648 5366 ait
679 5327 694 5365 :
726 5308 853 5365 Non
880 5309 1003 5364 estis
1025 5309 1203 5364 vestri.
1238 5304 1304 5363 Et
1334 5304 1457 5362 ideo
1490 5303 1577 5361 hic
1608 5302 1922 5376 specialiter
1951 5303 2057 5360 Do-

455 5404 594 5463 mini
620 5414 706 5462 est
733 5414 901 5471 terra,
926 5402 977 5459 in
1008 5417 1113 5473 qua
1140 5396 1389 5472 primitus
1419 5396 1478 5455 ﬁt
1518 5399 1773 5455 omnium.
1798 5407 2053 5471 peccato-

2166 4744 2225 4793 ct
2254 4738 2307 4793 in
2332 4737 2607 4808 Levitico,
2638 4740 2729 4796 ubi
2761 4756 2828 4797 ne
2868 4756 2998 4798 aves
3041 4741 3338 4800 immunda:
3367 4744 3422 4800 in
3463 4744 3636 4802 cibum
3659 4756 3744 4798 su-

2168 4840 2385 4886 mantur
2423 4831 2635 4905 Moyses
2670 4832 2961 4904 prohibet,
3006 4845 3063 4891 et
3094 4830 3211 4891 haec
3241 4832 3499 4893 similiter
3518 4836 3737 4909 ponitur.

2167 4924 2506 4994 Accipitrum
2535 4927 2701 4982 etiam
2747 4928 2957 4999 aliquot
3005 4938 3133 4983 sunt
3164 4925 3381 4999 formae,
3415 4929 3503 4986 vel
3532 4942 3738 5001 genera.

2167 5019 2262 5075 llis
2309 5035 2440 5092 ergo
2482 5021 2855 5091 rapacissimis
2894 5020 3109 5091 avibus,
3154 5031 3353 5079 venatu
3382 5032 3441 5081 et
3472 5022 3639 5095 praeda
3663 5020 3742 5076 vlo

2162 5113 2445 5181 ventibus,
2491 5114 2547 5169 in
2593 5115 2785 5185 pennis
2836 5114 3078 5172 struthio
3123 5126 3500 5189 comparatur.
3540 5118 3740 5173 sicutet

2162 5206 2256 5262 alii
2283 5208 2542 5263 dixerunt
2573 5225 2586 5265 :
2619 5206 2859 5264 Strutltio
2913 5210 3075 5264 mixta
3096 5251 3110 5276 ,
3140 5220 3189 5266 ct
3218 5210 3319 5265 alis
3361 5204 3649 5267 hcrodionis
3686 5215 3739 5262 et

2158 5302 2448 5373 accipitris.
2474 5299 2645 5374 Igitur
2674 5301 3045 5360 struthionem
3078 5303 3384 5361 secundum
3415 5300 3736 5378 spiritualem

2156 5396 2569 5467 intelligentiam
2617 5412 2919 5469 sensusque
2969 5396 3227 5470 divinos,
3286 5398 3584 5467 Ecclesiam
3631 5408 3731 5453 non

2156 5489 2391 5545 absurde
2413 5488 2705 5557 sentimus,
2729 5505 2850 5562 quae
2871 5506 2966 5563 per
2986 5491 3265 5549 lavacrum
3294 5490 3727 5566 regeneratiOnis,

2154 5592 2209 5641 et
2234 5585 2463 5641 verbum
2497 5583 2695 5641 munda
2725 5582 2778 5640 in
2803 5582 3021 5641 Christo
3043 5587 3235 5644 effecta
3265 5599 3371 5657 est,
3400 5588 3487 5660 qui
3510 5586 3725 5644 similem

2151 5679 2373 5750 quidem
2408 5693 2639 5750 pennam
2677 5677 2842 5733 habet
2876 5677 3067 5750 pennis
3098 5680 3311 5750 avium,
3344 5696 3460 5754 qua:
3487 5675 3724 5737 carnibus

2152 5782 2450 5829 vescuntur
2478 5781 2534 5829 et
2562 5772 2847 5843 sanguine.
2893 5771 3001 5828 Sed
3035 5773 3143 5829 illae
3184 5770 3411 5846 remigio
3449 5772 3633 5828 alarum
3658 5768 3717 5822 in

2154 5863 2257 5923 hoc
2282 5881 2408 5922 acre
2438 5869 2582 5921 velut
2608 5867 2657 5921 in
2689 5864 2882 5941 pelago
2912 5862 2967 5923 id
2999 5879 3185 5940 agunt,
3216 5874 3275 5923 ut
3301 5866 3367 5925 de
3393 5863 3588 5924 exteris
3604 5863 3718 5915 ssi-

452 5516 575 5558 rttm
608 5500 766 5573 quasi
796 5498 1041 5571 veprium
1081 5492 1470 5568 spinarumquc
1517 5493 1787 5566 purgatio.
1844 5490 2050 5550 Deinde

450 5602 638 5653 aratro
679 5592 880 5660 crucis,
913 5600 967 5647 et
996 5589 1143 5647 ferro
1172 5586 1475 5645 Dominicis
1524 5587 1815 5659 passionis,
1846 5582 2046 5643 duritia

447 5688 634 5746 cordis
687 5686 983 5754 atteritur,
1030 5694 1084 5741 et
1129 5684 1547 5754 conlriuguntur
1584 5680 1805 5736 vallium
1849 5678 2045 5750 glebae.

444 5783 686 5841 Vallium
709 5780 949 5847 nomine,
983 5776 1296 5833 humiliatos
1325 5774 1562 5848 peccatis
1585 5772 1853 5839 homines,
1886 5778 2048 5843 atque

432 5875 502 5949 in
527 5876 636 5941 iuta
655 5876 952 5948 depressos
974 5870 1266 5946 signiﬁcari
1298 5871 1579 5936 existimo,
1612 5865 1753 5923 sicut
1780 5864 2049 5924 habemus
