3948 6334
245 272 337 337 πε.

1078 268 1564 330 COMMENTARII
1603 268 1669 329 IN
1707 267 1973 329 ιιωιωι
2011 267 2150 327 JOB.
2188 266 2341 327 CAP.
2390 264 2636 328 XXXIX.

3401 267 3507 333 ττι

245 399 334 454 bus
355 390 576 465 praedam
627 391 873 461 capiant.
906 386 1062 449 Unde
1116 390 1221 446 sub
1263 390 1365 447 hac
1401 390 1572 459 ﬁgura
1602 388 2140 450 inimiciAsuorum
2194 388 2464 460 gloriam,
2515 397 2571 444 et
2628 387 3060 460 inc-orruptionis
3113 386 3504 445 beatitudinem

247 487 397 547 nostri
429 484 743 556 spirituales
782 484 1183 555 intelliguntur.
1214 482 1459 541 Struthio
1480 499 1612 538 vero
1641 484 1802 556 longe

244 577 471 638 dissimili
505 576 665 633 modo
696 578 890 648 pennis
924 575 1040 632 suis
1068 576 1241 632 utitur
1270 593 1284 632 :
1316 591 1382 633 eo
1411 574 1555 645 quod
1584 591 1678 632 eas
1704 591 1798 632 ve-

224 677 312 732 .lut
352 690 438 745 per
467 672 648 741 ﬁdem,
703 683 760 728 et
788 672 1025 742 speciem
1076 669 1309 727 duorum
1358 680 1801 727 testamentorum

222 765 592 842 gubernaculis
618 765 805 821 vivens
832 764 1169 822 habitantem
1197 766 1475 821 extendat.
1506 763 1633 820 llaec
1661 764 1797 834 avis,

238 864 304 919 ait
330 861 576 918 Dominus
606 859 675 915 ad
700 858 805 917 Job
835 877 846 911 :

299 951 510 1020 Quando
553 948 829 1022 dereliquit
878 964 972 1004 ova
1016 966 1115 1004 sua
1146 949 1199 1003 in
1230 957 1386 1016 terra,
1418 958 1471 1005 tu
1500 947 1718 1022 forsitan
1749 947 1803 1003 in

237 1045 417 1119 pulvere
452 1043 725 1114 calefacies
772 1044 871 1098 ea?
912 1038 1025 1096 Ova
1057 1041 1177 1096 sive
1208 1041 1376 1108 ﬁlios,
1408 1052 1467 1097 ut
1515 1043 1567 1097 in
1606 1040 1798 1096 subse-

234 1139 503 1213 quentibus
543 1137 768 1202 dicitur,
801 1153 1001 1193 novam
1031 1148 1337 1192 creaturam
1371 1146 1532 1208 atque
1560 1137 1617 1191 in
1646 1134 1805 1192 Chri-

234 1242 308 1289 sto
329 1241 658 1301 generatam,
692 1239 749 1287 et
773 1228 1064 1285 candidam
1101 1230 1412 1300 progeniem
1459 1237 1667 1283 sancta:
1699 1227 1804 1284 Ec-

234 1321 391 1380 clesize
418 1320 723 1393 intelligere
762 1320 1049 1378 debemus.
1093 1319 1202 1379 Sed
1246 1320 1306 1377 in
1349 1320 1473 1377 ovis
1515 1319 1640 1376 illos
1679 1334 1802 1377 esse

231 1416 553 1481 noverimus,
607 1417 700 1487 qui
749 1414 992 1471 doctrina
1039 1414 1389 1486 quotidiana,
1448 1412 1615 1484 'quasi
1660 1413 1802 1470 fetus

231 1509 426 1581 quidam
464 1507 725 1563 Ecclesia:
757 1506 948 1562 matris
1001 1507 1333 1573 nutriuntur,
1388 1515 1444 1560 ut
1476 1507 1802 1578 quandoque

229 1605 289 1662 de
310 1603 581 1660 initiorum
614 1603 942 1675 lrugalitatr,
970 1614 1026 1661 et
1058 1602 1477 1675 imperfectione
1507 1600 1801 1673 proceden-

230 1708 321 1768 tes,
347 1697 411 1754 ad
444 1696 698 1754 ultimum
727 1707 863 1755 testa
892 1699 1177 1762 virtutum,
1219 1697 1384 1753 veluti
1417 1695 1690 1753 distinctis
1718 1706 1797 1750 at-

1906 481 2320 551 sempiternam.
2354 480 2551 546 Aliter,
2608 480 2702 536 sed
2748 488 2805 535 et
2850 478 2893 534 si
2943 479 3210 535 doluisset
3244 496 3341 549 pro
3375 481 3504 537 filiis

1905 573 2266 641 consecratis,
2302 573 2495 628 frustra
2530 572 2824 640 doluisset,
2852 570 2976 643 quia
3007 586 3116 626 non
3167 570 3398 628 habebat
3440 571 3508 628 ti-

1906 667 2089 726 mendi
2117 683 2338 738 causas,
2387 667 2607 741 quando
2633 682 2729 725 eos
2759 682 2867 722 non
2902 665 3166 738 perdidit,
3196 666 3291 723 sed
3320 666 3508 737 acqui-

1905 760 2052 816 sivit.

1979 852 2211 909 Prirarit
2234 854 2374 910 enim
2399 870 2511 909 eam
2540 851 2678 909 Deus
2708 852 2989 923 sapientia,
3015 867 3109 907 nec
3135 850 3278 906 dedit
3305 849 3388 905 illi
3426 851 3505 906 in-

1906 948 2270 1020 telligentiam.
2301 946 2587 1017 Sapientia
2613 958 2781 1020 atque
2810 944 3169 1016 intelligentia
3202 942 3389 1000 mundi
3413 942 3513 999 hu-

1900 1040 1990 1111 jus
2017 1040 2226 1112 privata
2251 1049 2336 1096 est
2355 1057 2384 1095 a
2411 1041 2519 1097 Deo
2545 1041 2821 1106 Ecclesia;
2854 1056 2977 1093 nam
3004 1047 3060 1093 et
3084 1038 3375 1109 Apostolus
3404 1039 3508 1093 hoc

1907 1132 2023 1188 ﬁeri
2059 1133 2325 1205 praecipit,
2351 1132 2580 1190 dicens:
2612 1133 2711 1201 Qui
2737 1133 2846 1187 vult
2886 1131 3093 1203 sapiens
3131 1146 3264 1196 esse,
3316 1130 3508 1185 stultus

1903 1228 2015 1298 ﬁat,
2043 1235 2099 1281 ut
2129 1228 2199 1282 sit
2228 1229 2439 1307 sapiens
2464 1244 2483 1281 :
2506 1228 2633 1300 quia
2657 1226 2916 1297 sapientia
2937 1228 3094 1294 huius
3119 1224 3301 1279 mundi
3323 1224 3504 1279 stulti-

1904 1321 1977 1375 tia
2000 1330 2075 1375 est
2105 1320 2247 1394 apud
2276 1319 2465 1376 Deum.

1975 1412 2106 1470 Cum
2127 1425 2328 1490 tempus
2376 1416 2561 1485 fuerit,
2604 1415 2659 1470 in
2707 1414 2875 1469 altum
2919 1412 3034 1469 alas
3079 1412 3255 1486 erigit,
3299 1410 3504 1468 deridet

1905 1524 2097 1579 equum
2116 1520 2164 1564 et
2194 1524 2518 1565 ascensorem
2545 1510 2677 1581 ejus.
2702 1506 2836 1564 Cum
2871 1507 3169 1580 ingruerit,
3197 1507 3302 1572 ait,
3335 1507 3505 1561 mete-

1903 1606 2038 1660 stior
2067 1614 2126 1662 et
2159 1606 2389 1662 nimium
2439 1606 2633 1661 acerba
2693 1603 2917 1660 afﬂictio
2974 1604 3380 1675 persequentis,
3433 1604 3504 1658 ibi

1904 1698 2079 1767 major
2109 1698 2175 1754 ad
2220 1698 2388 1754 Deum
2435 1698 2503 1754 de
2550 1697 2850 1754 afﬂictione
2891 1698 3228 1754 obsecrantis
3253 1696 3502 1763 aﬁ'ecms,

228 1809 317 1863 que
337 1790 578 1848 formatis
605 1792 973 1848 membrorum
992 1792 1365 1862 compagibus,
1398 1793 1799 1859 existant,cum
1830 1772 1877 1836 Β
1907 1793 2031 1846 dum
2061 1792 2466 1863 quodammodo
2510 1796 2804 1861 excitatur,
2832 1801 2887 1849 et
2918 1791 3234 1848 humiliatus
3279 1791 3507 1863 erigitur

228 1899 283 1943 ex
316 1885 547 1941 tenebris
574 1884 826 1940 vitiorum
867 1884 970 1940 hoc
1013 1885 1175 1940 modo
1213 1883 1340 1940 facti
1374 1885 1573 1940 fuerint
1614 1886 1703 1941 lux
1744 1885 1798 1939 iii

228 1977 453 2044 Domino,
483 1977 840 2047 proﬁcientes
863 1977 1106 2046 quotidie
1128 1976 1195 2032 ad
1225 1985 1443 2032 aetatum
1479 1992 1802 2046 morumque

224 2071 562 2127 Soliditatem.
604 2071 848 2126 Audiant
878 2071 1201 2143 prophetam
1233 2070 1303 2127 de
1327 2070 1459 2142 ipsis
1481 2071 1753 2128 dicentem
1785 2088 1798 2126 :

227 2162 335 2220 Dies
359 2164 747 2236 formabuntur,
774 2174 821 2219 et
852 2182 999 2221 nemo
1021 2165 1075 2219 in
1108 2165 1212 2233 eis,
1252 2165 1306 2221 id
1336 2174 1450 2234 est,
1495 2165 1699 2221 nullum
1746 2168 1801 2222 in

225 2258 294 2314 eis
326 2259 505 2314 vitium
541 2257 935 2325 dominabitur,
967 2275 1075 2331 quo
1105 2260 1455 2330 impugnante
1493 2260 1796 2316 vincantur.

225 2349 383 2406 Filios
410 2367 547 2406 vero
574 2350 942 2423 intelligamus
969 2354 1079 2424 jam
1107 2352 1272 2408 solito
1308 2352 1663 2424 robustiores,
1699 2354 1802 2409 ﬁde

222 2458 277 2500 ac
300 2444 591 2501 virtutibus
614 2448 947 2516 compositos
969 2489 983 2513 ,
1020 2455 1181 2517 atque
1213 2445 1470 2502 formatos
1500 2462 1599 2517 per
1627 2446 1802 2505 incre-

223 2553 387 2594 menta
413 2539 704 2601 virtutum,
741 2548 1021 2611 tamquam
1052 2555 1148 2610 per
1178 2555 1447 2595 annorum
1474 2540 1669 2596 seriem
1688 2541 1800 2612 jam

220 2629 280 2686 de
297 2632 436 2685 omni
466 2631 791 2687 inlirmitate
814 2633 936 2686 vita:
962 2633 1340 2704 incomposita:
1360 2633 1496 2689 nihil
1517 2633 1799 2691 habentes.

221 2724 277 2779 lli
303 2726 476 2796 igitur,
501 2727 649 2782 sicut
679 2725 755 2780 ait
790 2726 1077 2795 Dominus,
1105 2726 1159 2781 in
1187 2735 1328 2782 terra
1351 2726 1419 2783 ab
1452 2726 1694 2783 Ecclesia
1717 2743 1804 2785 re-

221 2818 549 2891 linquuntur,
602 2820 822 2893 quando
880 2821 1319 2892 persecutionem
1369 2821 1437 2877 ab
1487 2822 1707 2893 impiis,
1749 2831 1804 2877 et

218 2924 418 2972 terrena
446 2918 794 2987 sapientibus
825 2920 1127 2986 patiuntur.
1161 2916 1495 2990 Relinquere
1540 2922 1684 2976 enim
1709 2932 1803 2974 eos

219 3006 444 3065 Ecclesia
489 3008 719 3076 dicitur,
749 3009 877 3066 dum
920 3009 1337 3066 adversantibus
1388 3026 1496 3067 non
1549 3010 1798 3067 resistit:

217 3117 338 3171 quos
362 3102 633 3159 Dominus
660 3102 877 3160 fervore
907 3103 1031 3160 ﬁdei
1056 3113 1112 3159 et
1138 3106 1399 3175 patientia
1427 3104 1613 3171 duros,
1639 3116 1804 3175 atque

216 3169 265 3250 in
294 3195 382 3251 illo
406 3196 533 3267 igne
562 3212 724 3267 quem
748 3196 896 3251 misit
936 3195 989 3252 in
1047 3169 1246 3252 terram
1270 3237 1285 3263 ,
1320 3206 1377 3252 et
1421 3196 1474 3251 in
1516 3169 1796 3268 pulverem
1828 3169 1873 3230 (ί

213 3289 404 3361 fragilis
432 3292 621 3349 carnis
651 3307 841 3349 eorum
867 3291 1203 3349 fortissimos
1230 3291 1380 3348 facit.

279 3384 615 3442 Obliviscitur
650 3386 790 3458 quod
829 3404 918 3461 per
962 3388 1225 3443 conculcet
1255 3405 1346 3454 ea,
1384 3395 1474 3443 aut
1501 3387 1658 3442 bestia
1686 3386 1803 3459 agri

210 3491 453 3535 conterat.
484 3480 848 3537 Obliviscitur
882 3480 1127 3538 Ecclesia
1159 3490 1318 3537 natos
1360 3494 1522 3547 suos,
1564 3480 1692 3535 dum
1723 3482 1804 3536 eis

213 3584 589 3641 pressurarum
649 3573 950 3640 molestias,
1013 3573 1364 3630 adversarios
1420 3573 1623 3629 inferre
1694 3589 1800 3628 non

213 3664 479 3734 prohibet.
512 3665 628 3722 lloc
657 3666 782 3722 loco
808 3664 1173 3722 diﬁ‘erentiam
1204 3678 1332 3737 puto
1352 3681 1472 3722 esse
1500 3664 1803 3721 tribulatio-

211 3772 333 3813 num
353 3768 585 3831 prepter
611 3759 740 3814 illud
765 3759 908 3830 quod
939 3759 1101 3827 dixit,
1129 3775 1222 3830 pes
1248 3760 1558 3825 conculcet,
1590 3769 1646 3816 et
1668 3759 1801 3817 illud

210 3849 341 3918 quod
366 3852 465 3920 ait,
491 3861 546 3906 ct
577 3851 768 3907 bestia:
791 3853 909 3922 agri
941 3862 1247 3910 conterant.
1278 3854 1346 3908 Et
1369 3856 1470 3908 hoc
1499 3853 1571 3908 sit
1596 3854 1802 3910 contri-

212 3942 279 3996 tio
299 3942 626 4010 bestiarum,
652 3945 870 4014 quandu
901 3955 1092 4015 aperte
1125 3954 1327 4012 truces,
1365 3946 1495 4001 εωγὶ
1526 3956 1580 4002 et
1612 3947 1803 4001 imma-

208 4038 367 4094 nitate
398 4055 620 4095 morum
673 4038 997 4096 crudelitate
1037 4041 1247 4097 similes
1289 4039 1607 4097 bestiarum.
1649 4040 1803 4096 Chri-

180 4142 342 4187 stum
369 4133 706 4189 conﬁtentes
732 4147 902 4204 usque
932 4132 1000 4188 ad
1047 4134 1387 4190 atrocitatem
1435 4134 1626 4189 mortis
1664 4132 1803 4188 afﬁi-

206 4234 348 4294 gunt.
372 4224 483 4283 Pes
508 4242 642 4282 vero
668 4225 1103 4284 conculcationis
1131 4227 1200 4284 sit
1224 4226 1597 4298 hujuscemodi
1632 4226 1803 4284 tribu-

205 4316 368 4388 latio,
434 4320 661 4392 quando
728 4321 1088 4393 opprobriis,
1146 4330 1202 4380 et
1262 4322 1432 4379 nimio
1487 4331 1802 4394 contemptu

204 4410 514 4483 iniquorum
568 4412 747 4468 sancti
799 4429 1183 4485 usquequaque
1230 4415 1612 4485 humiliantur,
1658 4415 1805 4473 velut

206 4506 434 4576 quadam
464 4509 885 4564 conculcatione
908 4509 1142 4580 protriti.

1905 1883 2213 1940 intentione
2236 1884 2649 1957 vigilantissima
2673 1883 3004 1956 deprecandi
3029 1883 3080 1937 in
3103 1882 3373 1939 excelsum
3397 1881 3505 1937 ala-

1905 1976 1983 2033 cri
2012 1978 2160 2049 nisu,
2196 1979 2358 2036 ﬁdem
2388 1994 2541 2035 suam
2576 1988 2627 2034 et
2651 1995 2826 2049 spem,
2858 1978 3005 2032 velut
3033 1991 3239 2048 pennas
3268 1974 3323 2031 in
3354 1973 3501 2045 adju-

1905 2069 2047 2125 torio
2075 2071 2262 2141 gratiae
2296 2070 2387 2127 Dei
2421 2070 2585 2126 fultas
2609 2070 2762 2126 suﬁ‘es
2782 2078 2819 2135 t,
2853 2079 2907 2124 et
2934 2085 3055 2125 cum
3082 2069 3267 2124 talium
3296 2066 3501 2121 alarum

1904 2173 2208 2221 sustentata
2227 2163 2391 2222 fuerit
2407 2166 2608 2222 auxilio
2620 2208 2633 2233 ,
2650 2181 2868 2237 gressus
2883 2164 3125 2238 profecto
3140 2164 3257 2236 ejus
3271 2162 3507 2221 velocio-

1907 2272 1994 2312 res
2046 2256 2358 2314 efﬁciuntur
2394 2266 2448 2314 et
2477 2258 2677 2314 conciti
2714 2276 2726 2312 :
2756 2255 2829 2315 ita
2864 2266 2920 2314 ut
2951 2258 3301 2329 insequentes
3322 2274 3381 2312 se
3410 2255 3505 2313 de-

1906 2352 2082 2408 rideat
2109 2353 2382 2420 inimicos,
2418 2352 2592 2419 idest,
2625 2368 2825 2425 equum
2855 2362 2908 2408 et
2933 2354 3170 2423 equitem
3195 2393 3207 2417 ,
3243 2351 3388 2422 quod
3424 2358 3509 2406 est

1904 2444 2182 2502 diabolum
2230 2448 2287 2501 et
2330 2442 2612 2501 hominem
2660 2444 2970 2500 ministrum
3020 2444 3253 2510 inimici,
3310 2443 3400 2512 qui
3453 2444 3504 2496 in

1909 2539 2303 2611 perpetrandas
2334 2548 2525 2594 contra
2554 2538 2853 2595 Ecclesiam
2887 2537 3321 2610 persecutiones,
3354 2535 3510 2593 sedet

1905 2633 1958 2690 in
2005 2632 2254 2705 quolibet
2291 2649 2432 2705 equo
2479 2649 2602 2698 suo,
2653 2634 2705 2689 in
2756 2633 2925 2689 corde
2968 2631 3228 2689 videlicet
3269 2631 3507 2688 hominis

1909 2725 2312 2798 persequentis.

1982 2817 2252 2891 Numquid
2292 2816 2539 2891 prazbebis
2580 2835 2709 2891 equo
2749 2816 3133 2890 fortitudinem,
3162 2826 3254 2871 aut
3286 2818 3513 2872 circum-

1905 2912 2054 2969 dabis
2085 2913 2222 2969 collo
2245 2915 2359 2981 eius
2386 2911 2686 2970 hinnitum?
2716 2912 2872 2969 Hunc
2901 2930 3098 2983 equum
3132 2913 3508 2969 adversariam

1907 3019 2236 3081 potestatem
2269 3009 2509 3066 arbitror
2537 3026 2701 3081 posse
2736 3009 2988 3080 intelligi,
3025 3007 3118 3079 qui
3147 3011 3219 3064 sit
3249 3007 3509 3079 pallidus,

1856 3168 1872 3188 Ὁ
1907 3114 1966 3160 ut
2006 3105 2061 3160 in
2103 3103 2434 3178 Apocalypsi
2468 3104 2729 3161 scribitur
2751 3147 2766 3169 ,
2805 3119 2967 3173 quem
2999 3103 3251 3175 sequitur
3282 3118 3428 3158 mors
3459 3110 3517 3159 et

1906 3196 2137 3256 inferas.
2171 3197 2237 3255 Et
2262 3200 2353 3271 qui
2383 3198 2438 3255 in
2470 3197 2737 3255 Zacharia
2761 3199 3033 3271 propheta
3060 3197 3265 3254 dicitur
3284 3197 3511 3263 rubens,

1905 3294 2178 3351 mortibus
2206 3293 2466 3352 videlicet
2506 3295 2790 3351 hominum
2815 3340 2830 3366 ,
2872 3303 2927 3350 et
2971 3304 3170 3350 cruore
3200 3308 3511 3365 respersus.

1905 3386 2147 3443 Proinde
2175 3385 2307 3442 dum
2340 3388 2678 3456 permittitur
2714 3386 2947 3459 praeberi
2981 3385 3033 3443 ei
3060 3402 3089 3442 a
3121 3385 3274 3460 Deo,
3318 3384 3518 3442 dicitur

1907 3476 2203 3545 fortitudo,
2230 3488 2286 3535 et
2314 3478 2641 3535 circumdari
2672 3477 2816 3535 collo
2846 3477 2967 3551 ejus
3011 3480 3296 3549 hinnitus,
3332 3482 3391 3534 ut
3419 3494 3516 3550 per

1907 3570 2257 3642 patientiam,
2291 3579 2349 3628 et
2380 3571 2681 3629 bonitatem
2718 3572 2846 3639 Dei,
2876 3571 3216 3629 thesaurizet
3244 3573 3345 3629 sibi
3379 3573 3514 3629 iram

1905 3663 1961 3722 in
1992 3665 2081 3722 die
2103 3665 2293 3732 irzu,et
2324 3666 2680 3723 revelationis
2699 3667 2832 3738 justi
2852 3666 3056 3738 judieis
3078 3667 3194 3724 Dei.
3221 3668 3285 3724 Et
3310 3667 3514 3725 idcirco

1906 3759 1963 3816 in
1994 3759 2139 3816 collo
2164 3758 2283 3831 ejus
2306 3758 2654 3832 signiﬁcatur
2685 3760 2931 3815 hinnitus
2958 3760 3255 3831 superbiae,
3287 3778 3397 3832 quo
3428 3769 3511 3817 tu-

1906 3863 2054 3911 meat
2083 3863 2275 3909 contra
2307 3854 2500 3923 Deum,
2535 3862 2590 3910 et
2621 3854 3020 3925 blasphemiam
3052 3853 3326 3925 loquatur.

1980 3947 2252 4017 Numquid
2271 3948 2545 4004 suscitabis
2568 3966 2684 4003 eum
2707 3949 2855 4021 quasi
2881 3946 3154 4003 locustas?
3182 3946 3333 4004 More
3356 3946 3509 4003 locu-

1906 4052 2136 4113 starum,
2162 4043 2510 4101 adversarius
2541 4053 2730 4100 noster
2760 4043 2964 4100 dicitur
2986 4042 3261 4110 suscitari,
3290 4042 3509 4114 quando

1907 4137 1975 4193 de
2000 4136 2138 4193 locis
2153 4138 2270 4195 suis
2299 4138 2365 4192 ad
2398 4136 2711 4208 partiendas
2734 4135 3009 4206 regiones,
3030 4147 3194 4209 atque
3213 4136 3508 4193 vastandas

1908 4229 2106 4301 praeire
2136 4227 2367 4296 dicitur,
2393 4230 2532 4285 sicut
2560 4229 2635 4284 ait
2660 4226 2728 4284 de
2760 4226 2873 4284 Deo
2905 4226 3189 4300 psalmista
3218 4245 3232 4283 :
3264 4224 3435 4296 Dixit,
3462 4237 3511 4285 et

1906 4325 2045 4380 venit
2073 4325 2293 4379 locusta.
2322 4323 2428 4380 Sed
2454 4322 2594 4379 hanc
2616 4323 3050 4390 suscitationem,
3087 4321 3398 4378 instantiam
3425 4320 3509 4378 cf-

1907 4415 2129 4474 ﬁciendi
2172 4416 2360 4489 operis
2388 4432 2510 4474 esse
2541 4416 2802 4473 arbitror.
2849 4414 3004 4471 Unde
3039 4414 3243 4471 dicitur
3272 4415 3340 4472 ad
3368 4415 3511 4473 Pha-

1906 4526 2133 4566 raonem
2166 4528 2179 4566 :
2212 4508 2278 4565 In
2305 4509 2404 4565 hoc
2442 4512 2613 4581 ipsum
2643 4520 2690 4564 te
2713 4509 2954 4576 excitavi,
2988 4514 3042 4564 ut
3071 4508 3340 4563 ostendam
3374 4509 3428 4565 in
3462 4519 3511 4566 te

272 4597 510 4655 Duratur
538 4599 608 4653 ad
633 4600 773 4670 ﬁlios
800 4617 945 4668 suos,
976 4602 1126 4673 quasi
1157 4619 1262 4657 non
1294 4604 1395 4658 sint
1427 4605 1509 4659 sui
1547 4620 1565 4658 :
1602 4606 1804 4676 frustra
1834 4569 1883 4631 υ
1909 4601 2149 4657 virtutem
2178 4619 2378 4671 meam,
2412 4610 2462 4657 et
2488 4603 2833 4658 annuntietur
2872 4618 3056 4657 nomen
3085 4618 3252 4657 meum
3292 4602 3347 4658 in
3391 4603 3511 4658 uni-

206 4691 484 4762 laborarit,
518 4695 667 4750 nullo
699 4695 881 4750 timore
908 4707 1138 4769 cogente.
1172 4696 1542 4755 Prccsentibus
1572 4698 1801 4755 ﬁliorum

203 4799 429 4841 suorum
469 4785 944 4855 tribulationibus,
990 4787 1233 4844 Ecclesia
1281 4790 1414 4845 dura
1444 4804 1497 4847 et
1533 4791 1692 4862 impia
1725 4791 1804 4847 vi-

202 4875 376 4946 detur,
411 4880 673 4949 quoniam
706 4896 815 4935 non
847 4881 1175 4953 ingemiscit,
1208 4894 1262 4938 et
1290 4885 1499 4957 plangit
1520 4885 1802 4956 angustias

201 4967 594 5041 interitumque
617 4980 893 5028 natorum.
926 4974 983 5030 ln
1014 4975 1170 5045 cujus
1199 4975 1448 5048 ﬁguram,
1479 4988 1665 5034 sancta
1690 4994 1805 5035 ma-

202 5071 281 5120 ter
312 5064 761 5120 Machabtcorum
795 5079 963 5137 super
1010 5068 1244 5124 ﬁliomm
1297 5086 1518 5125 suorum
1552 5069 1805 5126 cruciati-

200 5155 297 5213 bus
347 5159 668 5215 exsultabat
698 5178 709 5213 ε
746 5159 967 5216 videbat
1006 5162 1207 5233 quippe
1253 5162 1305 5217 in
1338 5164 1550 5234 spiritu,
1585 5164 1724 5219 sicut
1753 5174 1808 5221 et

198 5249 285 5307 hic
311 5256 507 5307 sancta
535 5263 713 5308 mater
742 5251 992 5310 Ecclesia
1036 5269 1136 5324 per
1186 5254 1347 5310 fidem
1387 5256 1635 5327 quotidie
1675 5272 1807 5311 con-

198 5346 520 5417 temptatur,
576 5356 837 5418 quantam
886 5348 1112 5419 gloriam
1170 5346 1223 5403 in
1278 5359 1541 5405 aeternum
1594 5352 1807 5422 pariant

198 5451 375 5507 paena:
401 5449 729 5507 praesentes,
777 5436 1119 5510 professione
1148 5441 1394 5496 veritatis
1423 5452 1690 5511 accepta}.
1737 5440 1803 5498 Et

197 5528 320 5587 ideo
346 5531 495 5605 quod
522 5532 793 5603 sequitur,
842 5532 1036 5588 frustra
1081 5532 1365 5598 laboravit,
1413 5533 1562 5589 nullo
1609 5533 1803 5591 timore

167 5638 461 5706 -cogente,
489 5627 787 5683 Ecclesium
821 5626 1015 5699 signat,
1052 5646 1168 5699 qua:
1199 5629 1341 5684 filios
1371 5643 1497 5685 suos
1521 5624 1585 5683 ad
1627 5636 1804 5686 tenta-

201 5719 440 5787 tiouem,
472 5728 526 5776 et
546 5718 734 5777 sicculi
759 5718 919 5789 hujus
943 5718 1221 5779 molestias
1253 5732 1546 5794 prrcparat,
1576 5736 1803 5793 sperans

200 5814 390 5886 utique
424 5828 457 5868 a
487 5812 598 5872 Deo
655 5830 752 5885 pro
810 5815 892 5868 liis
947 5813 1102 5870 malis
1150 5814 1516 5887 temporariis,
1566 5816 1800 5873 ﬁliorum

1908 4709 2053 4749 versa
2082 4705 2238 4750 terra.

1982 4784 2167 4841 Gloria
2195 4786 2402 4842 narium
2434 4789 2551 4861 ejus
2581 4796 2766 4843 terror.
2799 4788 2934 4845 Sive
2976 4792 3034 4844 ut
3073 4782 3164 4844 alii
3211 4787 3469 4845 dixerunt
3498 4805 3513 4845 :

1909 4876 2093 4936 Gloria
2134 4887 2342 4952 pectora
2384 4880 2497 4953 ejus
2539 4880 2780 4936 audacia.
2818 4878 2887 4938 Ut
2927 4881 3185 4937 inimicus
3226 4880 3279 4936 in
3328 4879 3509 4952 fugam

1908 4981 2090 5030 vertat
2118 4972 2498 5030 adversarium
2527 4990 2722 5045 suum,
2765 4976 2994 5031 militem
3026 4975 3238 5029 scilicet
3267 4971 3509 5041 Christi,

1910 5067 2031 5140 ipso
2059 5070 2222 5126 etiam
2253 5067 2497 5125 anhelitu
2532 5078 2702 5126 terret
2730 5088 2742 5124 :
2777 5069 2865 5127 hic
2886 5081 2969 5126 est
2998 5068 3137 5125 odor
3167 5069 3383 5134 mortis,
3419 5064 3510 5123 hic

1912 5170 1997 5217 est
2025 5161 2260 5233 spiritus
2286 5161 2614 5219 furibundus
2641 5163 2907 5218 anhelans
2937 5162 2991 5218 in
3020 5161 3263 5217 hominis
3291 5177 3508 5231 necem,

1910 5266 2216 5314 retrorsum
2250 5257 2508 5328 reSpicit,
2544 5257 2637 5330 qui
2657 5259 2853 5313 iterum
2884 5255 2953 5312 ad
2985 5264 3210 5329 peccata
3234 5248 3513 5311 converti-

1913 5359 2021 5420 tur,
2052 5352 2167 5409 sive
2192 5350 2635 5409 tribulationibus
2679 5352 2857 5420 cedit,
2892 5361 2951 5408 ut
2984 5352 3039 5407 in
3071 5348 3368 5422 Evangelio
3400 5344 3509 5405 Do-

1913 5441 2095 5499 minus
2125 5460 2222 5516 per
2250 5442 2560 5516 parabolam
2586 5444 2861 5502 edisserit.

1988 5528 2197 5592 Terram
2242 5536 2440 5611 ungula
2472 5539 2626 5611 fodit.
2659 5539 2816 5601 Sive,
2847 5544 2910 5593 ut
2953 5535 3046 5593 alii
3100 5535 3355 5592 dixerunt
3387 5549 3401 5592 :
3431 5534 3514 5607 fo-

1913 5630 2059 5686 diens
2081 5631 2131 5685 in
2155 5648 2336 5703 rumpo
2361 5632 2615 5703 luxuriat,
2643 5630 2695 5688 id
2724 5644 2830 5697 est,
2865 5626 3118 5690 carnales
3151 5630 3426 5699 homines,
3458 5640 3531 5717 et.

1913 5732 2133 5781 terrena
2166 5723 2446 5796 sapientes
2473 5726 2779 5797 concaleat,
2805 5740 2855 5783 et
2886 5725 3142 5799 proterit,
3170 5734 3223 5780 ct
3255 5741 3378 5779 tum
3413 5739 3513 5779 eos

1916 5814 2289 5875 humiliaverit
2312 5858 2326 5885 ,
2360 5820 2575 5891 sibique
2619 5819 2952 5890 subdiderit,
2990 5820 3117 5875 facit
3154 5832 3248 5875 eos
3285 5831 3347 5873 ea
3379 5831 3509 5873 con-
