3948 6334
474 271 582 359 πε

1276 300 1625 364 ΔΡΡΕΝυΙΧ
1665 301 1758 362 Αἰ)
1797 301 2042 364 TOMUM
2081 302 2431 366 SEPTIMUM
2475 301 2532 365 Β.
2577 304 2979 368 llIERONYMl.

3668 312 3757 376 778

473 413 697 468 tritionc
719 413 1011 480 contritus,
1041 414 1220 488 qualis
1248 425 1332 474 est
1353 417 1650 485 contritio,
1682 427 1740 474 et
1779 417 2072 474 infelicitas
2101 420 2150 480 Α
2181 417 2488 488 phetarum,
2512 427 2568 476 et
2595 421 2966 492 apostolorum
3001 420 3430 493 increpationem
3462 422 3654 480 audire
3673 425 3758 480 do~

475 503 531 560 in
564 505 666 560 viis
705 505 990 562 hominum
1034 508 1347 580 impiorum.
1397 510 1454 566 In
1487 510 1864 581 hujuscemodi
1910 511 2074 582 igitur

473 597 763 656 latitudine
792 599 1076 668 vitiorum,
1105 602 1260 658 velut
1291 603 1344 658 in
1375 618 1570 675 campo
1602 603 1907 672 luxurians,
1938 605 2076 661 fodit

475 693 543 749 ad
573 693 946 751 subtrahcnda
976 693 1294 752 hominibus
1315 696 1672 755 fundamenta
1698 697 1982 767 virtutum,
2015 707 2074 754 ut

475 785 529 842 in
553 785 768 844 ruinam
793 786 1059 844 subducta
1081 787 1362 847 soliditate
1389 791 1774 862 procumbunt.

554 878 802 936 Exsultat
837 883 1108 938 audacter.
1137 883 1351 940 Gaudet
1376 885 1647 958 superbus
1691 885 2075 958 praesumptio-

470 970 555 1030 nis
583 973 836 1044 audacia,
870 975 1227 1049 quoadusque
1251 977 1568 1050 perniciose
1595 989 1792 1036 contra
1819 979 2073 1036 homines

470 1077 702 1142 pugnat.

543 1159 615 1217 In
645 1177 920 1219 occursum
951 1165 1121 1237 pergit
1165 1167 1404 1224 armatis.
1436 1167 1570 1238 Quae
1609 1167 1721 1225 sint
1749 1183 1903 1226 arma
1941 1185 2073 1226 san-

471 1261 685 1312 ctorum
713 1266 904 1314 contra
950 1257 1261 1329 spiritualia
1295 1259 1580 1333 nequitiae,
1610 1259 1909 1333 Apostolus
1943 1260 2073 1319 dili-

471 1359 665 1421 genter
700 1360 944 1408 enarrat.
975 1351 1177 1410 Contra
1209 1353 1312 1412 hos
1348 1356 1514 1428 igitur
1553 1355 1864 1428 huiusmodi
1905 1357 2073 1413 armis

471 1441 724 1513 indutus,
742 1445 794 1500 in
821 1459 1112 1502 occursum
1139 1463 1371 1520 pergere
1390 1449 1611 1520 dicitur,
1643 1450 1862 1522 quando
1889 1466 2071 1507 arcem

476 1540 676 1596 mentis
701 1555 1028 1614 expugnare
1053 1542 1306 1610 moliens,
1337 1543 1628 1601 adversum
1661 1560 1882 1602 murum
1904 1545 2076 1602 virtu-

475 1645 612 1705 tum,
641 1636 846 1692 arietes
874 1636 1069 1708 abjieit
1097 1637 1354 1694 vitiorum
1375 1681 1390 1706 ,
1421 1650 1476 1695 et
1508 1639 1575 1696 ad
1608 1639 1927 1696 tentandum
1961 1640 2071 1696 Do-

470 1725 885 1797 minum,ausus
907 1727 1010 1786 fuit
1037 1731 1091 1787 in
1116 1745 1407 1788 occursum
1435 1732 1558 1804 ejus
1571 1733 1760 1790 venire
1786 1734 1838 1789 in
1861 1749 2069 1801 eremo,

2177 518 2406 576 trectat,
2459 511 2657 583 quibus
2714 512 2954 569 dicitur:
2995 513 3146 569 Sicut
3205 517 3326 571 tuba
3375 517 3550 572 exulta
3603 533 3760 572 uocem

2175 611 2316 658 tuam
2341 620 2358 656 :
2389 605 2484 660 sed
2509 606 2684 676 magis
2711 608 2965 676 sazviens,
2996 607 3142 664 unde
3170 624 3332 666 verus
3359 608 3572 666 Pharao
3599 611 3720 667 dicit
3746 629 3760 667 :

2176 695 2500 769 Persequeus
2527 698 2988 770 comprehendant,
3015 701 3315 772 departibor
3343 703 3514 775 spolia
3536 745 3551 771 ,
3582 714 3640 760 et
3667 720 3760 760 ca:-

2177 797 2312 846 tera.
2345 788 2402 845 ln
2433 789 2516 844 his
2566 790 2702 847 locis
2731 791 2802 848 de
2829 792 3026 864 quibus
3059 793 3330 864 diximus,
3361 796 3455 852 alii
3484 797 3762 854 transtule-

2175 889 2306 936 runt
2347 901 2360 937 :
2397 883 2570 958 Super
2611 887 2780 958 ipsum
2819 889 2955 944 enim
2993 890 3188 963 gaudet
3231 907 3386 946 arcus
3429 899 3475 946 et
3523 892 3758 965 gladius,

2175 971 2381 1042 lancea,
2418 975 2590 1046 hasta,
2624 987 2671 1032 et
2702 989 2928 1036 tremore
2956 991 3001 1035 et
3025 982 3305 1038 iracundia
3330 984 3510 1040 evertit
3539 993 3764 1042 terram:

2175 1083 2268 1123 nec
2296 1069 2489 1138 credit,
2523 1072 2689 1127 donec
2733 1072 3024 1146 clanguerit
3071 1074 3291 1130 buccina
3329 1092 3349 1132 :
3387 1075 3476 1132 ubi
3525 1075 3765 1133 eumdem

2175 1173 2398 1216 sensum
2427 1161 2685 1221 existimo
2713 1166 3006 1235 contineri,
3039 1168 3336 1224 secundum
3366 1183 3528 1240 quem
3563 1183 3667 1224 nos
3685 1184 3768 1224 cx-

2177 1253 2477 1323 posuimus.
2515 1253 2572 1310 lu
2605 1270 2734 1312 arcu
2756 1303 2770 1326 ,
2804 1269 2858 1314 et
2886 1258 3098 1330 gladio,
3135 1268 3191 1316 ct
3225 1259 3442 1317 exteris
3472 1261 3647 1317 armis
3675 1261 3764 1318 ini-

2176 1345 2324 1414 mici,
2359 1362 2549 1403 omnes
2578 1347 2996 1406 adinventiones
3026 1351 3147 1422 cjus
3198 1351 3568 1424 intelligenda:
3616 1363 3766 1425 sunt,

2175 1457 2296 1511 qua:
2318 1441 2374 1498 in
2404 1458 2471 1499 eo
2505 1445 2780 1515 gaudeant
2808 1461 2932 1503 cum
2966 1445 3049 1502 his
3081 1446 3293 1517 modis,
3315 1447 3472 1520 quasi
3499 1449 3669 1505 armis
3698 1449 3769 1505 in-

2177 1538 2448 1596 terﬁciunt
2481 1541 2780 1600 hominem.

2252 1630 2353 1687 Ubi
2375 1633 2600 1688 audierit
2626 1635 2918 1706 buccinam,
2952 1637 3104 1707 dicit,
3135 1634 3272 1694 calt!
3302 1634 3502 1694 Procul
3527 1639 3768 1694 odoratur

2177 1725 2404 1796 bellum,
2437 1727 2846 1785 exhortationem
2869 1731 3092 1799 ducum,
3117 1740 3166 1787 et
3189 1731 3457 1786 ululatum
3493 1731 3764 1786 exercitus.

471 1830 528 1878 et
561 1835 660 1892 per
689 1822 930 1894 singulas
969 1825 1228 1882 civitates
1256 1826 1525 1900 apostolis
1553 1825 1831 1885 Christum
1874 1830 2056 1901 prmdi-

2173 1823 2405 1890 Quando
2457 1823 2716 1894 audierit,
2770 1826 2979 1898 inquit,
3031 1825 3379 1883 adversarius
3432 1835 3628 1882 noster
3682 1824 3768 1880 Dei

470 1915 723 1973 cantibus
754 1919 1115 1988 occurrebat,
1147 1923 1368 1994 quando
1389 1925 1470 1980 eis
1499 1925 1895 1983 commotiones
1921 1926 2066 1984 sedi-

473 2009 684 2066 tionum
734 2013 922 2084 populi
968 2014 1296 2084 suscitabat,
1336 2017 1477 2074 sicut
1531 2019 1697 2074 etiam
1749 2019 1802 2076 in
1839 2019 2068 2078 Actibus

472 2107 848 2178 apostolorum
893 2108 1147 2181 legimus.
1180 2110 1336 2168 Unde
1375 2121 1431 2168 et
1459 2113 1526 2168 ad
1571 2112 1834 2184 quosdam
1871 2114 2067 2172 Paulus

463 2197 583 2253 ait:
617 2197 824 2255 Ostium
863 2202 992 2256 mihi
1030 2212 1262 2276 apertum
1309 2215 1688 2280 estmagnum,
1737 2216 1783 2262 et
1833 2207 2065 2277 euidens,

466 2289 561 2346 sed
586 2290 876 2349 aduersarii
903 2295 1078 2350 multi.
1109 2295 1177 2352 Et
1199 2296 1388 2354 multis
1408 2296 1538 2354 aliis
1563 2299 1699 2354 locis
1741 2298 1810 2356 de
1837 2299 1938 2356 hac
1965 2300 2066 2356 ad-

469 2386 806 2444 versantium
835 2387 1251 2462 impugnatione
1283 2407 1395 2450 non
1428 2402 1604 2462 tacet,
1634 2409 1772 2466 quas
1815 2393 2066 2451 diabolus

467 2479 816 2538 immittehat.

537 2575 835 2635 Contemnit
867 2597 1108 2652 pavorem
1129 2622 1144 2649 ,
1175 2599 1268 2638 nec
1293 2583 1431 2640 cedit
1453 2582 1653 2656 gladio.
1685 2583 1838 2654 Quod
1861 2583 1928 2640 ad
1960 2584 2064 2640 im-

466 2675 716 2746 perium,
751 2683 809 2732 et
849 2675 1254 2735 invocationem
1306 2677 1427 2746 Dei,
1475 2678 1726 2736 diabolus
1773 2679 2064 2750 effugetur,

471 2764 825 2822 manifestum
854 2777 970 2836 est;
999 2768 1095 2826 sed
1119 2769 1166 2826 si
1194 2769 1262 2826 ad
1291 2772 1716 2841 contumaciam,
1745 2771 2064 2828 etvolunta-

460 2865 570 2916 tem
599 2859 741 2917 illius
771 2860 1171 2934 iniquissimam
1191 2904 1208 2932 ,
1231 2879 1295 2920 ac
1315 2864 1626 2937 procaciter
1649 2866 2065 2938 impudentissi-

461 2967 607 3008 mam
638 2953 1012 3025 attendamus,
1045 2956 1353 3027 intrepidus
1376 2973 1481 3015 non
1511 2967 1772 3026 terretur,
1801 2975 1911 3016 non
1940 2976 2068 3016 eru-

466 3049 640 3107 heseit
670 3049 887 3108 etiamsi
924 3051 1116 3124 gladio
1145 3053 1270 3110 ferri
1305 3053 1403 3110 Dei
1437 3055 1661 3112 territus
1685 3054 1849 3112 fuerit
1891 3066 1947 3112 et
1976 3059 2062 3112 fu-

461 3155 642 3214 gatus,
673 3151 731 3202 et
761 3145 1056 3202 revertitur
1080 3144 1305 3216 iterum,
1327 3163 1428 3204 nec
1452 3148 1764 3206 confutatus
1793 3149 2060 3207 abscedit.

2173 1917 2479 1985 buccinam,
2511 1917 2564 1973 id
2594 1928 2702 1988 est,
2733 1934 3175 1992 unumquemque
3203 1919 3485 1976 doctorem
3511 1916 3767 1975 Ecclesiae

2171 2009 2554 2068 adhortantem
2596 2013 3000 2069 commilitones
3039 2028 3203 2083 suos,
3232 2011 3534 2070 secundum
3566 2025 3768 2082 praece-

2172 2111 2322 2174 ptum
2350 2103 2635 2176 imperiale
2656 2146 2672 2173 ,
2703 2115 2867 2177 atque
2894 2105 3138 2162 divinum
3165 2148 3180 2174 ,
3213 2113 3272 2162 ut
3297 2113 3485 2162 contra
3516 2105 3765 2161 adversa-

2171 2197 2311 2254 rium
2343 2213 2501 2254 suum
2533 2208 2683 2256 stent
2709 2199 2879 2258 fortes
2908 2203 2961 2258 in
2986 2201 3213 2274 przelio:
3244 2201 3485 2273 stupenti
3514 2200 3700 2256 animo
3720 2207 3768 2256 et

2171 2293 2480 2361 scrutabili,
2503 2294 2844 2367 auribusque
2865 2295 3133 2364 attonitis,
3168 2296 3243 2350 ait
3268 2312 3282 2350 :
3308 2293 3457 2350 Vah!
3492 2301 3764 2365 tamquam

2169 2387 2220 2444 si
2251 2385 2499 2445 diceret:
2527 2388 2670 2458 Quid
2699 2390 2904 2447 audio?
2933 2390 3034 2448 hac
3064 2391 3348 2464 quisquam
3372 2391 3656 2463 praesumit
3679 2403 3767 2444 au-

2169 2483 2348 2553 dacia,
2366 2493 2635 2541 utcontra
2660 2501 2748 2543 me
2777 2487 2970 2544 saltem
3003 2488 3209 2560 cogitet
3229 2487 3368 2545 bella
3398 2487 3764 2544 constituere!

2171 2574 2272 2632 Ubi
2301 2591 2432 2648 ergo
2453 2576 2792 2651 dictumjest.
2831 2579 2983 2636 Vah!
3015 2581 3104 2636 alii
3128 2580 3389 2637 dixerunt
3418 2578 3598 2652 Euge,
3628 2580 3764 2653 quod

2171 2669 2506 2740 secundum,
2551 2681 2608 2728 ut
2637 2674 3028 2746 consequentia
3059 2674 3166 2732 loci
3197 2673 3391 2741 fuerit,
3435 2677 3558 2731 sive
3594 2674 3648 2730 in
3676 2673 3766 2730 bo-

2169 2780 2296 2820 num
2317 2806 2332 2833 ,
2381 2765 2501 2821 sive
2533 2766 2585 2822 in
2617 2767 2816 2822 malum
2858 2767 3092 2840 capitur,
3117 2777 3172 2824 et
3211 2768 3264 2823 in
3287 2767 3558 2824 Psalterio
3594 2783 3609 2822 :
3639 2767 3766 2823 Con-

2169 2859 2462 2930 fundantur
2481 2870 2530 2916 et
2553 2874 2902 2933 revereantur,
2931 2865 3022 2936 qui
3043 2865 3224 2920 dicunt
3245 2863 3398 2933 mihi,
3424 2863 3598 2937 Euge,
3621 2879 3760 2937 euge.

2170 2953 2406 3011 Proinde
2437 2956 2490 3012 in
2513 2955 2616 3013 hoc
2641 2957 2765 3015 loco
2790 2958 3073 3016 irridentis
3093 2961 3298 3030 animo,
3314 2959 3763 3016 etsuhsannantis

2167 3049 2339 3119 vultu,
2371 3065 2509 3122 euge
2538 3051 2760 3108 dicitur.
2802 3051 3030 3110 Subtilis
3057 3053 3200 3110 enim
3233 3062 3287 3110 et
3311 3051 3761 3126 vigilantissimus

2169 3141 2440 3212 inimicus,
2467 3153 2520 3199 et
2541 3143 2768 3201 nimium
2794 3143 3048 3215 callidus,
3077 3145 3168 3218 qui
3191 3144 3617 3202 sollicitudinem
3648 3160 3762 3218 per-

532 3236 707 3310 Super
742 3237 912 3312 ipsum
955 3240 1165 3295 sonabit
1205 3241 1484 3312 pharetra,
1526 3242 1744 3298 sibi-abit
1784 3242 1963 3312 naua,
2008 3256 2057 3300 ει
2085 3224 2132 3289 C
2163 3235 2328 3293 dendi
2377 3253 2596 3294 omnem
2646 3247 2847 3294 terram
2885 3237 3088 3309 habet,
3127 3253 3253 3295 cum
3297 3237 3540 3296 senserit
3586 3237 3756 3311 aliqua

460 3329 695 3404 clypeus.
725 3332 838 3388 Cur
865 3330 1026 3388 habet
1053 3331 1365 3404 pharetram
1388 3333 1680 3391 inimicus?
1709 3344 1771 3393 .ut
1799 3335 2056 3394 videlicet

457 3427 714 3484 sedentes
744 3427 802 3483 in
828 3443 891 3484 ea
927 3427 1127 3499 Judaei,
1158 3430 1424 3501 gentiles,
1459 3429 1738 3498 hmretici,
1774 3431 1826 3487 in
1857 3433 2056 3504 quibus

455 3531 586 3578 sunt
625 3520 837 3595 sagitta:
861 3523 1089 3594 mortis,
1120 3538 1372 3580 errorum
1415 3524 1632 3583 scilicet
1661 3524 1885 3582 lethalia
1922 3527 2056 3599 dog-

457 3623 626 3685 mata,
657 3616 922 3686 sagittent
947 3616 1002 3672 in
1039 3615 1279 3674 obscuro
1321 3627 1502 3674 rectos
1527 3617 1712 3675 corde.
1749 3617 1926 3675 liabet
1955 3618 2052 3673 ha-

457 3718 600 3765 stam
653 3708 800 3766 unde
845 3708 1170 3766 criminibus
1215 3711 1538 3783 emterisque
1581 3710 1732 3767 vitiis
1774 3711 2056 3768 confodiat

454 3809 803 3873 peccatores,
837 3801 1090 3875 sagittas,
1122 3802 1441 3861 subtiliores
1463 3803 1645 3873 dolos,
1677 3802 1910 3872 hastam,
1957 3804 2054 3862 de-

450 3898 579 3956 licta
611 3897 848 3955 trabalia
886 3907 1055 3972 atque
1083 3898 1392 3956 mortifera.
1428 3899 1601 3956 Habet
1638 3899 1914 3972 clypeum,
1943 3915 2052 3971 quo

453 3989 676 4049 malitia:
704 3989 1070 4062 plenitudine,
1093 3999 1268 4048 totum
1310 3991 1544 4048 militum
1575 4008 1795 4050 suorum
1819 4003 2051 4064 occupat

451 4093 682 4156 pectus,
723 4099 832 4158 quo
875 4101 948 4143 ne
978 4085 1102 4144 telis
1125 4085 1422 4144 verborum
1452 4085 1548 4142 Dei
1589 4097 2046 4160 compungantur,

447 4179 655 4236 excutit
681 4194 770 4248 ea,
798 4179 1118 4252 frustratur,
1141 4180 1450 4255 expalmat:
1473 4198 1540 4238 ex
1571 4197 1680 4254 quo
1702 4198 1847 4256 equo
1874 4192 2048 4239 trans-

450 4272 683 4344 gurato
709 4273 765 4328 in
803 4272 1063 4345 angelum
1101 4273 1262 4342 lueis,
1296 4273 1598 4346 splendore
1623 4275 1859 4346 quodam
1888 4273 2050 4332 terri-

448 4365 565 4436 bili,
592 4365 809 4424 vibrant
851 4367 1010 4425 hasta
1034 4379 1089 4426 et
1131 4369 1376 4442 clypeus,
1417 4381 1471 4428 et
1517 4369 1784 4428 mendacii
1826 4370 2048 4443 eloquio

450 4460 700 4533 abrupta:
754 4460 1138 4520 hmreticorum
1187 4473 1451 4522 resonant
1502 4464 1825 4538 pravitates,
1863 4474 1917 4522 et
1957 4465 2047 4522 hic

444 4564 672 4628 propter
715 4554 1116 4616 indesinentem
1164 4558 1528 4616 intensionem
1584 4574 1849 4633 usumque
1887 4559 2046 4617 blan-

447 4645 638 4706 diendi
668 4648 886 4707 vibrare
909 4650 1189 4709 dicuntur.

514 4739 742 4798 Ferreus
769 4756 819 4798 et
839 4743 1063 4815 fremens
1085 4745 1255 4801 sorbet
1284 4755 1495 4803 terram.
1526 4745 1771 4804 Fervens
1800 4755 1883 4804 est
1898 4747 2043 4805 vitiis

435 4831 708 4903 diabolus,
747 4835 1000 4895 inimicus
1027 4846 1363 4905 sanctorum,
1398 4850 1452 4897 et
1483 4840 1721 4896 omnium
1751 4841 2040 4897 criminum

433 4925 561 5000 igne
585 4927 962 5003 conﬂagrans,
994 4940 1160 5003 atque
1203 4932 1256 4990 in
1290 4933 1566 4992 hominem
1607 4935 1793 4994 furore
1823 4935 2041 4993 invidia:

431 5019 702 5092 fremens,
735 5033 796 5080 ut
815 5025 930 5096 jam
971 5026 1196 5083 sorbeat
1239 5027 1514 5085 illecebris
1559 5039 1937 5101 peccatorem,
1983 5040 2040 5088 et

429 5113 746 5173 devoratum
805 5117 861 5174 in
909 5132 1110 5191 corpus
1157 5120 1383 5192 perditae
1429 5123 1868 5194 congregationis
1919 5139 2033 5181 suae

431 5208 742 5276 transferat,
766 5225 876 5283 quo
895 5225 1126 5284 corpore
1153 5213 1418 5286 propheta
1439 5214 1577 5272 dixit
1595 5231 1655 5272 se
1687 5215 1826 5274 forte
1845 5217 2036 5275 absor-

430 5298 690 5372 bendum,
736 5299 844 5359 nisi
890 5303 1152 5362 Dominus
1200 5315 1351 5363 esset
1387 5305 1442 5362 in
1485 5323 1590 5364 eo:
1621 5307 1693 5364 ita
1730 5309 1981 5380 inquiens
2014 5327 2029 5366 :

432 5391 555 5450 Nisi
579 5393 840 5453 Dominus
867 5408 998 5456 esset
1029 5400 1084 5454 in
1113 5399 1286 5468 nobis,
1321 5401 1454 5473 forte
1476 5402 1618 5459 uiuos
1643 5403 2034 5461 absorbuissent

427 5503 542 5544 nos.
568 5487 668 5546 Hic
687 5504 818 5562 ergo
839 5494 1149 5551 contrarius
1175 5503 1362 5552 noster
1384 5495 1500 5567 ipse
1524 5505 1628 5566 est,
1658 5499 1743 5554 cui
1775 5497 1922 5556 Deus
1949 5499 2032 5555 lo-

423 5589 584 5638 cutus
609 5589 716 5649 est,
735 5582 1192 5642 dicenszTerram
1214 5587 1555 5646 manducabis
1585 5591 1824 5648 omnibus
1855 5593 2034 5648 diebus

419 5677 537 5733 vita
567 5687 690 5734 tute.
721 5677 788 5734 Et
810 5677 1017 5738 idcirco
1047 5682 1166 5754 ipse
1195 5691 1253 5741 et
1279 5684 1416 5742 socii
1447 5685 1588 5758 ejus,
1616 5697 1674 5742 ut
1695 5686 1900 5744 inimici
1927 5687 2031 5746 Do-

423 5768 588 5838 mini,
625 5781 826 5828 terram
851 5772 1083 5848 lingent.

496 5861 614 5922 Nec
643 5876 850 5946 reputat
901 5869 1038 5929 tubte
1085 5888 1273 5933 sonare
1303 5873 1622 5950 clangorem.
1669 5873 1730 5936 id
1771 5886 1888 5951 est,
1920 5893 2046 5953 pro-

2159 3329 2310 3385 initia
2331 3371 2348 3399 ,
2383 3330 2501 3387 sive
2531 3331 2685 3404 signa
2725 3332 2973 3404 quzedam
3004 3333 3056 3388 in
3086 3332 3306 3391 homine
3326 3375 3342 3402 ,
3387 3333 3662 3406 quomodo
3687 3333 3757 3402 ei,

2157 3421 2388 3494 ejusque
2414 3421 2563 3480 vitiis
2593 3423 2961 3481 resistendum
3005 3425 3101 3494 sit,
3124 3425 3275 3483 velut
3315 3427 3504 3498 sagina
3526 3468 3541 3494 ,
3570 3425 3758 3482 adver-

2157 3524 2346 3572 santes
2387 3515 2490 3573 sibi
2526 3517 2834 3588 praevenire
2872 3519 3152 3576 contendit
3180 3535 3196 3578 :
3230 3534 3299 3576 ne
3327 3528 3548 3591 sumpta
3571 3527 3757 3574 contra

2155 3607 2434 3666 diabolum
2461 3611 2768 3668 sanctitatis
2796 3627 2950 3669 arma
2970 3613 3295 3671 defendant:
3322 3629 3392 3670 ne
3409 3613 3758 3669 veneratione

2153 3700 2305 3773 digni
2346 3702 2509 3771 fiant,
2561 3719 2684 3760 cum
2731 3703 2846 3761 Rex
2888 3714 3132 3762 aeternus
3161 3705 3470 3762 advenerit.
3513 3704 3757 3763 Ululatus

2155 3811 2287 3852 vero
2309 3837 2324 3863 ,
2373 3800 2490 3854 sive
2533 3799 2730 3855 sonitus
2751 3842 2768 3869 ,
2802 3808 2863 3856 ut
2905 3800 3001 3856 alii
3031 3799 3318 3868 dixerunt,
3345 3801 3616 3858 exercitus
3635 3799 3754 3856 veri

2155 3889 2510 3962 imperatoris
2541 3892 2633 3948 ille
2651 3899 2757 3958 est,
2789 3892 3009 3963 quando
3035 3909 3098 3950 se
3127 3893 3360 3950 invicem
3394 3911 3504 3951 uno
3533 3894 3752 3966 spiritu,

2153 3984 2679 4059 unaquezcharitate,
2710 3995 2764 4044 et
2795 3987 2901 4045 fide
2930 3988 3304 4056 cohortantes,
3335 3989 3662 4061 conspiratis
3697 3989 3751 4044 in

2154 4095 2318 4136 unum
2347 4080 2562 4137 timoris
2596 4081 2816 4138 Domini
2843 4081 3069 4150 viribus,
3098 4082 3475 4156 alloquuntur,
3499 4093 3560 4140 ut
3579 4083 3753 4139 donec

2153 4183 2395 4232 transeat
2437 4175 2734 4248 iniquitas,
2794 4175 2908 4233 sint
2944 4188 3365 4249 perseverantes
3415 4179 3473 4235 in
3512 4178 3695 4250 praelia
3727 4192 3751 4240 ς

2149 4273 2276 4343 quia
2319 4273 2586 4329 charitate
2624 4271 2770 4346 regis
2797 4272 2884 4330 sui
2932 4271 3110 4330 infusa
3143 4274 3212 4338 in
3257 4289 3318 4330 se
3362 4289 3462 4346 per
3488 4273 3745 4346 Spiritum

2151 4377 2426 4444 sanctum,
2453 4367 2544 4440 qui
2578 4367 2738 4425 datus
2758 4376 2846 4426 est
2873 4369 2977 4436 eis,
3012 4382 3111 4441 pro
3138 4367 3406 4424 alterutro
3428 4378 3554 4426 sunt
3579 4381 3746 4424 mem-

2149 4459 2247 4516 bra
2274 4461 2528 4518 sollicita.

2220 4555 2493 4628 Numquid
2517 4556 2797 4614 suscitabis
2839 4573 2958 4613 eum
2982 4559 3135 4630 quasi
3167 4557 3399 4613 locustas
3421 4557 3448 4612 1
3475 4555 3634 4628 Quem
3670 4553 3742 4610 de

2065 4625 2122 4688 D
2148 4650 2271 4707 loco
2292 4650 2362 4707 ad
2381 4625 2562 4709 locum
2591 4653 2864 4710 transilire
2891 4625 3018 4722 feci,
3041 4661 3096 4709 et
3118 4652 3189 4710 de
3219 4625 3518 4725 praesenti,
3533 4651 3735 4709 scilicet

2148 4746 2337 4804 mundi
2380 4745 2743 4805 delectatione
2771 4747 2838 4804 ad
2863 4747 3197 4806 desiderium
3228 4747 3401 4804 futuri
3438 4747 3614 4804 saeculi
3653 4746 3736 4800 in.

2146 4840 2457 4908 ﬂammavi,
2491 4839 2573 4898 sic
2604 4841 2792 4914 utique
2815 4842 3112 4900 suscitatus
3153 4850 3240 4898 est
3266 4841 3338 4899 de
3365 4856 3596 4915 corpore
3620 4837 3737 4895 inii-

2146 4934 2428 5004 dclitatis,
2459 4935 2612 4993 velut
2637 4935 2752 5007 solf,
2793 4951 2918 4994 cum
2949 4937 3101 4993 calor
3128 4935 3371 4993 advenit.
3417 4937 3526 4993 llas
3563 4943 3728 4991 autem

2145 5030 2474 5088 mutationes
2511 5047 2620 5088 non
2665 5031 2913 5088 locorum
2947 5045 3070 5088 esse
3117 5031 3489 5104 corporalium
3530 5026 3731 5087 noveri-

2143 5141 2293 5193 mus,
2328 5141 2454 5182 nam
2482 5124 2710 5182 affectus
2748 5133 2876 5181 sunt
2898 5125 3238 5183 animorum.

2214 5219 2399 5274 Gloria
2429 5220 2643 5275 narium
2668 5222 2783 5293 ejus
2814 5229 3002 5276 terror.
3041 5219 3114 5278 Ut
3154 5228 3363 5277 terreat
3393 5229 3685 5292 peccatores
3705 5261 3722 5285 ,

2140 5311 2268 5370 odio
2290 5313 2496 5373 habens
2526 5314 2677 5386 quod
2715 5323 2872 5380 sunt,
2901 5324 2958 5372 et
2991 5313 3183 5371 dicens
3209 5315 3293 5372 eis
3329 5315 3402 5374 de
3429 5316 3579 5375 Deo:
3610 5311 3728 5369 Nisi

2139 5407 2368 5464 conuersi
2394 5408 2600 5480 {ueritis
2619 5451 2633 5478 ,
2665 5408 2902 5482 gladium
2926 5424 3080 5464 suum
3108 5407 3362 5478 uibrauit,
3393 5417 3450 5467 et
3489 5416 3668 5465 caetera
3693 5417 3714 5459 :

2137 5499 2205 5556 de
2235 5499 2404 5572 gloria
2433 5499 2648 5557 narium
2687 5501 2810 5572 ejus
2834 5509 2939 5571 est,
2986 5501 3214 5573 spiritus
3236 5503 3387 5559 enim
3427 5501 3523 5560 Dei
3552 5509 3630 5558 est
3664 5498 3711 5552 in

2146 5593 2372 5650 naribus
2405 5593 2562 5666 ejus,
2605 5595 2752 5666 quod
2797 5603 2854 5652 et
2880 5606 3103 5652 sanctus
3149 5594 3254 5655 Job
3292 5594 3475 5654 dixit:
3505 5593 3716 5668 Spiritus

2146 5687 2252 5744 Dei
2282 5697 2369 5745 est
2399 5689 2451 5744 in
2481 5687 2707 5748 naribus
2732 5690 2895 5748 meis.
2923 5691 3038 5748 Hoc
3067 5701 3371 5763 unguento,
3403 5689 3588 5763 spiritu
3614 5683 3711 5743 uti-

2145 5799 2250 5856 que
2279 5783 2408 5855 Dei,
2443 5784 2664 5853 perfusa
2699 5794 2786 5843 est
2816 5784 3090 5855 Ecclesia,
3122 5786 3263 5842 sicut
3289 5785 3478 5842 scribit
3498 5783 3707 5840 Joannes

2148 5879 2430 5952 apostolus
2485 5896 2502 5935 :
2569 5876 2660 5954 Et,
2700 5896 2788 5936 eos
2849 5881 3144 5939 unctionem
3204 5878 3397 5937 habetis
3445 5897 3478 5936 a
3530 5872 3701 5936 sancti.
