3948 6334
213 339 298 397 777

1010 319 1488 384 COMMENTARH
1529 319 1595 380 IN
1633 316 1895 379 LIBRUM
1933 320 2073 381 10!}.
2118 323 2269 382 CAP.
2313 321 2558 382 XXXIX.

3344 332 3449 386 778

213 448 406 511 pro;th
433 444 510 498 hic
537 441 602 499 de
631 455 738 512 quo
764 439 1069 512 loquimur,
1115 441 1218 498 hnc
1242 441 1364 497 loco
1395 440 1463 497 de
1486 440 1628 494 bono
1653 438 1748 493 ﬂa-
1777 440 1826 499 Λ
1856 451 2118 507 quentes,
2163 440 2321 510 cujus
2354 440 2406 494 in
2453 438 2729 495 anteriora
2775 438 3019 511 quotidie
3051 440 3326 512 profectus
3371 458 3456 502 cst

210 545 364 618 grabat
387 540 433 594 in
467 537 720 593 interiore
751 550 912 591 sensu
944 532 1180 588 hominis
1207 534 1288 588 sui
1317 552 1331 591 :
1365 535 1415 587 in
1445 547 1553 604 quo
1583 545 1746 587 sensu

208 635 463 694 secundum
488 629 777 686 voluntatis
810 628 1123 689 arbitrium,
1153 627 1271 682 aliis
1311 626 1450 681 odor
1471 625 1663 680 mortis
1695 629 1746 680 itt

207 739 433 789 mortem,
463 723 574 778 aliis
605 723 742 779 odor
767 722 894 779 vitae
935 721 991 777 in
1024 721 1188 776 vitam
1210 761 1226 788 ,
1271 719 1522 791 quoniam
1564 718 1747 774 refuso

205 839 338 896 super
357 819 646 886 Christum,
675 817 726 873 id
754 826 861 884 est,
891 825 916 854 α
948 831 1103 888 myro
1135 815 1265 871 ﬁdei
1290 829 1317 868 a
1341 823 1528 871 sancta
1559 813 1747 870 Eccle-

205 921 266 976 sia
292 915 512 988 repletus
557 921 639 969 est
685 910 967 968 mundus:
1001 926 1192 967 omnes
1236 910 1473 967 ﬁdelium
1523 909 1744 982 populi,

202 1012 360 1067 eodem
389 1021 540 1064 sacro
569 1003 866 1060 chrismate
893 1004 1040 1059 uncti
1071 1011 1219 1059 sunt.
1259 1003 1490 1073 Propter
1513 1003 1658 1074 quod
1691 1015 1748 1060 et

201 1103 343 1177 ipsum
382 1108 703 1172 unguentum
729 1139 743 1163 ,
794 1096 937 1168 quod
983 1106 1111 1152 ante
1159 1094 1460 1152 Salvatoris
1497 1096 1742 1150 notitiam

198 1197 310 1254 intra
341 1191 582 1250 alabastri
605 1191 718 1247 vasi
762 1191 1038 1262 angustias
1081 1190 1394 1256 tenebatur,
1431 1190 1611 1261 pistici
1644 1205 1743 1246 no-

197 1303 295 1345 men
320 1286 536 1341 inditum
555 1291 768 1351 erat,ut
784 1281 1098 1337 noverimus
1120 1279 1465 1336 credentium
1491 1279 1741 1351 populos,

195 1383 307 1438 sicut
333 1379 480 1444 dixit,
509 1377 811 1434 chrismate
837 1383 1210 1431 consecratos.
1245 1373 1357 1428 llac
1380 1373 1543 1444 igitur
1570 1373 1741 1444 gloria

196 1473 345 1530 odoris
366 1470 535 1540 hujus,
575 1467 733 1541 quasi
758 1475 969 1524 terrore
996 1463 1370 1538 generationis
1397 1463 1742 1536 perfunditur

194 1581 354 1625 sensus
393 1562 634 1620 interior.

245 1659 436 1714 Terram
473 1655 672 1728 ungula
700 1654 854 1728 fodit.
881 1653 1127 1709 Exsultat
1159 1655 1425 1724 audacter,
1470 1663 1518 1709 et
1555 1653 1610 1707 in
1655 1669 1740 1707 oc-

190 1769 361 1810 cursum
391 1751 553 1823 pergit
589 1751 833 1806 armatis.
881 1748 1157 1820 Quidquid
1197 1748 1252 1803 in
1303 1764 1362 1805 se
1395 1747 1736 1820 potissimum

1853 535 2173 599 sanctitatis,
2207 535 2286 591 sic
2329 535 2472 590 enim
2519 534 2800 605 apostolus
2847 551 3091 604 magnus,
3145 547 3199 591 et
3251 547 3447 608 potens

1852 642 2021 695 equus
2047 628 2260 686 Domini
2305 630 2382 685 ait
2415 646 2428 682 :
2466 629 2641 684 Unum
2678 637 2848 684 autem
2896 630 3101 700 quidem
3141 649 3258 703 qua:
3307 644 3446 689 retro

1851 728 1968 773 sunt
2015 721 2316 778 obliviscens
2339 763 2353 789 ,
2393 722 2460 775 ad
2497 737 2556 776 ea
2594 737 2710 776 vero
2741 737 2854 791 qua:
2892 722 2946 775 in
2976 732 3096 777 ante
3123 734 3242 778 sunt
3262 734 3447 780 exten-

1851 817 1996 872 dens.
2021 817 2146 876 Sive
2167 828 2227 874 ut
2256 819 2480 876 brevius
2507 827 2563 874 et
2601 819 2944 875 manifestius
2987 818 3164 875 dicam
3198 838 3212 876 :
3246 819 3449 878 Phare-

1849 917 1938 965 tra
1971 912 2108 978 haec,
2140 911 2294 968 locus
2323 920 2410 968 est
2437 910 2641 980 cordis,
2676 910 2731 966 in
2763 925 2873 979 quo
2894 926 3210 968 sermonum
3239 913 3335 968 Dei
3359 929 3448 970 sa-

1848 1004 1997 1077 gittae
2036 1005 2270 1061 conditae
2323 1013 2476 1069 sunt,
2520 1014 2575 1062 et
2614 1005 2892 1076 repositae.
2946 1005 3014 1061 Et
3050 1006 3337 1077 signanter
3375 1008 3455 1065 ait

1849 1095 2114 1154 Dominus
2153 1113 2320 1169 super
2349 1097 2630 1167 ipsum,id
2669 1106 2775 1166 est,
2819 1113 3016 1169 equum
3070 1111 3266 1154 sonare
3313 1100 3453 1156 hanc

1849 1188 2190 1258 pharetram,
2238 1189 2382 1260 quod
2441 1199 2524 1244 est
2569 1204 2735 1258 super
2784 1189 3112 1244 exteriorem
3170 1189 3446 1246 hominem

1846 1281 1991 1351 ejus,
2026 1283 2284 1352 pharetra
2315 1282 2503 1339 cordis
2535 1282 2688 1337 illius
2712 1281 2911 1337 referta
2951 1281 3147 1337 divinis
3193 1282 3442 1354 eloquiis,

1847 1383 2060 1446 regnat,
2094 1375 2221 1432 dum
2269 1385 2328 1431 ut
2359 1375 2591 1430 bellator
2620 1374 2853 1439 Domini,
2881 1383 2934 1429 et
2965 1374 3121 1430 fortis
3151 1375 3202 1429 in
3237 1376 3446 1446 praelio,

1846 1470 2186 1542 evangelizat
2206 1471 2430 1528 verbum
2447 1470 2648 1526 virtute
2674 1469 2868 1524 multa.
2887 1467 2961 1524 Su
2971 1483 3065 1539 per
3091 1469 3233 1525 hunc
3246 1485 3444 1541 equum

1846 1565 2205 1621 nihilominus
2231 1564 2480 1620 vibratur
2507 1563 2683 1631 hasta,
2717 1571 2770 1618 et
2799 1562 3046 1635 clypeus.
3065 1561 3226 1618 llasta
3257 1572 3338 1618 est
3369 1563 3451 1618 vi-

1844 1659 2022 1730 gilans
2063 1659 2230 1715 animi
2259 1657 2465 1726 virtus,
2511 1658 2629 1714 sive
2659 1657 2992 1723 constantia,
3042 1673 3160 1729 qua:
3201 1658 3453 1729 increpat

1847 1761 2197 1824 peccatores,
2247 1751 2363 1808 sive
2392 1751 2520 1808 vitia
2552 1750 2608 1806 in
2647 1765 2707 1807 se
2731 1749 3092 1806 confodienda
3130 1751 3448 1808 mortiticat.

191 1848 324 1906 habet
345 1847 407 1904 ad
433 1845 756 1903 substantiae
787 1844 1276 1915 perseverantiam,
1301 1859 1370 1899 eo
1392 1842 1573 1915 utique
1594 1843 1739 1899 bono
1770 1845 1818 1908 B
1843 1843 2080 1920 Ctypeus
2110 1860 2244 1902 vero
2274 1852 2485 1902 seutum
2518 1845 2644 1902 fidei
2663 1853 2769 1915 est,
2790 1845 2842 1900 in
2874 1860 2982 1917 quo
3012 1845 3192 1901 omnia
3221 1845 3324 1902 tela
3353 1860 3450 1904 ne-

185 1940 366 1996 virtutis
395 1947 596 1997 terram
629 1937 833 1994 scindit
859 1946 916 1993 et
945 1946 1270 1994 commovet.
1305 1935 1422 1992 Non
1454 1938 1597 1993 enim
1645 1953 1741 2008 pa-

185 2035 290 2090 titur
313 2042 365 2089 ut
403 2031 576 2089 solum
629 2032 913 2105 gradiatur
947 2030 1238 2099 incultum,
1268 2029 1366 2086 sed
1413 2029 1632 2096 studet,
1681 2037 1742 2085 ut

181 2140 286 2197 ager
310 2125 394 2182 ﬁat
417 2123 647 2198 frugifer
675 2133 730 2180 et
759 2123 998 2196 Opimus.
1032 2121 1186 2180 Unde
1216 2131 1272 2179 et
1298 2130 1429 2178 ante
1450 2121 1620 2178 Deum
1645 2137 1743 2178 au-

181 2219 332 2275 dacter
353 2219 629 2285 exsultat,
679 2225 739 2274 ut
769 2215 955 2272 audiat
981 2215 1152 2281 dese,
1210 2214 1352 2270 sicut
1401 2213 1470 2270 de
1525 2214 1740 2270 caeteris

179 2311 301 2369 dici:
332 2312 596 2368 Venientes
624 2320 800 2366 autem
823 2310 1024 2366 uenient
1049 2311 1104 2363 in
1139 2307 1509 2374 exsultatione,
1555 2306 1740 2362 tollen-

181 2415 238 2460 tes
259 2404 539 2478 manipulos
567 2421 716 2461 suos.
751 2404 995 2474 Itemque
1017 2400 1222 2469 audiat,
1252 2400 1409 2457 Serve
1432 2399 1583 2468 bone,
1615 2399 1738 2471 quia

176 2515 304 2570 super
324 2516 484 2573 pauca
514 2500 665 2572 fuisti
690 2498 896 2568 ﬁdelis,
934 2513 1093 2568 supra
1120 2496 1285 2552 multa
1323 2505 1370 2551 te
1399 2495 1734 2551 constituant.

177 2593 222 2649 la
255 2609 524 2652 occursum
571 2594 752 2666 pergit
778 2593 1008 2648 armatis
1029 2634 1044 2660 ,
1087 2600 1380 2664 antequam
1428 2589 1552 2647 telis
1582 2590 1740 2647 vitio-

175 2705 290 2752 rem.
320 2690 429 2748 sive
451 2689 897 2762 persecutionum
919 2703 948 2742 a
967 2685 1340 2757 spiritualibus
1362 2683 1612 2741 hostibus
1641 2683 1740 2739 ob-

174 2792 349 2850 ruatur,
378 2785 433 2841 in
462 2785 586 2842 acie
611 2783 875 2840 virtutum
907 2780 1240 2848 consistens,
1272 2779 1544 2834 irruentes
1588 2777 1641 2832 in
1677 2791 1740 2832 se

173 2878 400 2949 praevenit
431 2879 690 2936 inimicos
715 2919 730 2944 ,
772 2890 843 2932 ne
872 2875 1058 2945 aliquo
1100 2874 1210 2930 ictu
1254 2869 1734 2943 concupiscentiae,

171 2970 240 3027 vel
260 2973 409 3026 etiam
437 2971 769 3028 difﬁdentiae
804 2970 1143 3026 vulneretur.
1177 2967 1269 3024 Sic
1297 2981 1531 3038 namque
1561 2965 1616 3022 in
1647 2979 1740 3021 oc-

173 3078 361 3121 cursum
393 3066 578 3138 pergit
617 3073 810 3121 contra
841 3063 1030 3120 hostiles
1068 3061 1235 3119 armis
1267 3061 1558 3126 vitiorum,
1588 3059 1739 3115 inse-

171 3159 543 3233 ctationemque
567 3159 830 3215 munitos.
858 3156 1170 3214 Secundum
1203 3155 1349 3212 hunc
1374 3170 1594 3212 sensum
1618 3169 1738 3211 san-

1845 1942 2090 2015 quissimi
2118 1944 2275 2014 ignea
2302 1941 2479 2012 possit
2498 1942 2874 2013 exstinguere.
2894 1941 2959 1996 Et
2981 1939 3099 1996 haec
3119 1949 3342 2012 propter
3364 1941 3449 1997 in-

1845 2039 2182 2096 desinentem
2226 2055 2384 2095 usum
2428 2037 2705 2106 bellandi,
2738 2037 2962 2094 vibrare
3010 2036 3299 2105 dicuntur,
3327 2055 3448 2112 quae

1844 2134 1954 2189 sint
1980 2133 2173 2205 utique
2217 2133 2272 2187 in
2303 2132 2706 2189 exercitatione
2737 2140 3064 2203 prteparata.
3095 2130 3229 2188 Nam
3261 2131 3330 2189 de
3362 2142 3443 2189 ta-

1843 2228 1987 2284 libus
2012 2227 2182 2286 armis
2209 2227 2538 2300 fulgentibus
2567 2227 2640 2282 ita
2677 2226 2878 2283 dicitur
2911 2244 2926 2284 :
2960 2225 3027 2281 In
3064 2229 3228 2285 lucem
3261 2231 3451 2304 jacula

1843 2332 1935 2376 tua
1991 2320 2178 2391 ibunt,
2247 2321 2299 2376 in
2362 2319 2691 2393 splendorem
2746 2321 3121 2377 coruscationis
3188 2339 3449 2380 annorum

1843 2422 2068 2469 tuorum.

1915 2505 2142 2563 Feruens
2168 2515 2216 2562 et
2241 2507 2463 2580 fremens
2489 2506 2660 2563 sorbet
2690 2515 2900 2563 terram.
2955 2507 3200 2565 Fervens
3245 2508 3350 2566 fide
3393 2509 3449 2566 itt

1841 2597 2063 2670 Spiritu,
2093 2607 2150 2656 et
2175 2599 2416 2658 fremens
2449 2608 2508 2656 ut
2531 2599 2807 2667 Salvator,
2848 2601 2938 2671 qui
2972 2600 3193 2673 quando
3217 2601 3271 2658 itt
3301 2602 3448 2659 vitiis

1850 2703 2128 2750 mortuum
2153 2693 2512 2766 spiritualiter
2538 2695 2789 2761 suscitat,
2820 2694 3006 2751 fremit
3028 2696 3082 2752 in
3113 2695 3331 2767 spiritu.
3367 2696 3445 2754 Ita

1841 2786 1953 2857 hic,
1979 2788 2223 2859 inquam,
2258 2789 2457 2847 fremet
2504 2797 2694 2847 contra
2725 2789 2982 2847 inimicos
3023 2806 3176 2859 suos,
3208 2790 3326 2848 sive
3359 2791 3445 2848 vi-

1840 2882 1936 2950 tia,
1971 2883 2088 2939 sive
2116 2883 2281 2940 etiam
2323 2891 2545 2954 apertos
2585 2892 2970 2956 persecutores
3002 2902 3015 2940 :
3048 2893 3106 2941 et
3151 2886 3225 2940 ita
3259 2885 3451 2942 sorbet

1841 2985 2042 3034 terram
2069 2991 2246 3043 suam,
2275 2978 2405 3034 dum
2457 2993 2579 3034 eam
2633 2978 2703 3034 de
2755 2977 2965 3034 carnali
3023 2979 3448 3036 conversatione

1842 3073 1896 3128 in
1919 3071 2264 3144 spiritualem
2293 3074 2588 3129 convertit.
2619 3071 2710 3128 Sic
2732 3071 2918 3144 itaque
2941 3070 3208 3143 fremens,
3233 3070 3448 3144 sibique

1843 3165 2138 3237 plurimum
2182 3181 2306 3221 cum
2348 3164 2728 3237 indignatione
2762 3165 3032 3234 irascens,
3078 3164 3270 3220 sorbet
3297 3179 3448 3235 eam,

170 3261 266 3308 ctus
297 3252 459 3310 David
489 3254 568 3310 ait
601 3271 616 3308 :
652 3251 946 3326 Persequar
974 3251 1212 3308 inimicos
1236 3265 1401 3320 meos,
1431 3259 1479 3305 et
1507 3264 1740 3322 compre-

1853 3261 1989 3318 sicut
2029 3259 2165 3327 dixi,
2220 3269 2280 3316 ut
2328 3259 2476 3316 illam
2529 3259 2584 3315 in
2632 3258 2860 3331 spiritus
2906 3258 2992 3314 sui
3041 3257 3446 3316 at'fectationcm

170 3344 360 3402 hendam
399 3364 484 3405 eos
504 3389 521 3415 ,
553 3359 611 3405 et
640 3357 862 3404 caetera.

226 3438 494 3496 Contemnit
527 3455 798 3514 pauorem,
830 3455 924 3496 nec
951 3439 1084 3496 cedit
1127 3438 1325 3513 gladio.
1355 3435 1737 3508 Quantaslibet

169 3532 230 3588 ait
257 3535 419 3592 minas
448 3550 576 3593 cum
621 3533 814 3607 grandi
858 3544 1091 3603 terrore,
1123 3533 1197 3590 ita
1226 3543 1287 3589 ut
1313 3547 1435 3589 cum
1478 3546 1734 3603 pavorem

169 3625 383 3687 incutere
423 3630 656 3703 cupiunt
685 3628 934 3697 inimici,
967 3629 1223 3700 loquatur
1262 3644 1282 3681 :
1331 3627 1586 3683 Dominus
1616 3626 1738 3680 illu-

169 3723 350 3778 minatio
374 3741 508 3793 mea,
535 3734 587 3779 et
610 3723 756 3780 salus
778 3740 913 3791 mea,
935 3739 1086 3796 quem
1113 3721 1341 3777 timebo?
1367 3721 1622 3776 Dominus
1645 3719 1738 3775 de-

167 3815 314 3887 fensor
335 3819 451 3875 vittz
486 3834 620 3876 mea:
644 3834 663 3873 :
696 3835 728 3874 a
756 3817 957 3874 nemine
992 3816 1286 3886 [orntidabo
1313 3817 1700 3872 aduersantium
1722 3855 1738 3881 ,

167 3910 267 3964 dum
294 3915 608 3988 appropiant
653 3929 809 3981 super
837 3928 918 3968 me
957 3921 1236 3978 nocentes,
1267 3919 1323 3966 ut
1364 3912 1517 3966 edant
1561 3926 1740 3965 carnes

167 4018 302 4060 meas.
333 4006 576 4064 Proinde
618 4006 878 4078 quoniam
924 4005 977 4061 in
1009 4003 1112 4062 hac
1149 4004 1328 4063 salute
1373 4003 1592 4060 luminis
1644 4003 1740 4059 Dei

165 4111 300 4168 spero
329 4116 342 4156 :
374 4101 438 4158 Si
468 4102 762 4159 consistant
803 4100 1049 4157 adversus
1076 4116 1158 4156 me
1184 4110 1386 4166 castra,
1414 4116 1518 4154 non
1547 4097 1741 4154 tintebit

165 4210 240 4250 cor
262 4213 442 4254 meum.
478 4195 555 4254 Et
575 4198 622 4255 si
649 4205 932 4270 consurgat
958 4196 1013 4252 in
1033 4212 1115 4251 me
1145 4193 1406 4269 praelium,
1439 4211 1544 4250 non
1565 4193 1741 4250 cedant

163 4287 348 4361 gladio,
400 4307 515 4365 quo
566 4298 803 4348 mortem
847 4289 1085 4348 libenter
1133 4304 1233 4360 pro
1283 4286 1503 4345 Christo
1560 4286 1746 4345 subire

163 4393 358 4456 exopto.

224 4477 383 4549 Super
413 4481 594 4554 ipsum
623 4478 823 4536 sonabit
851 4478 1112 4552 pharetra,
1141 4475 1360 4533 uibrabit
1386 4476 1540 4532 hasta
1558 4484 1607 4532 et
1634 4475 1746 4548 cly-

162 4587 285 4643 pcus.
316 4575 495 4647 Super
526 4575 863 4633 exteriorem
891 4583 949 4631 et
990 4587 1312 4646 corporeum
1345 4570 1645 4635 hominem,
1678 4569 1746 4627 de

1843 3355 2205 3424 transmittat,
2235 3354 2329 3411 ubi
2356 3362 2440 3412 est
2471 3353 2561 3410 ille
2599 3352 2952 3410 absconditus
2977 3353 3163 3410 cordis
3205 3354 3368 3412 homo
3392 3355 3448 3412 in

1840 3449 2383 3522 incorruptibilitate,
2418 3447 2590 3520 quieti
2618 3459 2673 3506 et
2700 3447 2934 3505 modesti
2963 3449 3214 3521 spiritus,
3244 3450 3336 3524 qui
3366 3460 3449 3509 est

1840 3545 1896 3601 in
1923 3554 2225 3616 conspectu
2249 3543 2343 3599 Dei
2378 3541 2640 3615 locuples.

1916 3637 2028 3691 Nec
2064 3643 2268 3709 reputat
2309 3633 2446 3690 tuba:
2489 3650 2678 3689 sonare
2714 3635 3032 3708 clangorem.
3067 3635 3239 3692 Tanta
3281 3638 3452 3696 animi
3508 3702 3520 3716 ο

1841 3733 2046 3788 virtute
2077 3729 2339 3793 induitur.
2367 3739 2425 3784 ut
2454 3728 2665 3784 nullum
2697 3736 2964 3784 terrorem
3004 3727 3447 3787 adversariorum

1844 3825 2123 3893 formidet,
2155 3823 2376 3895 quando
2423 3823 2492 3878 ad
2543 3836 2763 3879 omnem
2810 3822 3050 3878 sonitum
3092 3822 3446 3880 inimicorum

1843 3917 2269 3991 provocantium
2302 3917 2372 3972 sit
2403 3924 2646 3986 paratus.

1920 4011 2021 4068 Ubi
2040 4009 2269 4066 audierit
2293 4007 2579 4076 buccinam,
2606 4009 2755 4076 dicit,
2779 4006 2946 4079 Euge.
2971 4005 3168 4064 Procul
3197 4010 3448 4066 odoratur

1847 4104 2058 4171 bellum,
2087 4101 2498 4159 exhortationem
2519 4099 2732 4170 ducum,
2788 4108 2838 4155 et
2884 4099 3140 4154 ululatum
3167 4104 3446 4161 exercitus.

1845 4199 1946 4270 Qui
1977 4213 2100 4256 cum
2133 4196 2370 4254 audierit
2407 4197 2518 4252 alta
2559 4209 2696 4252 voce
2733 4195 3096 4266 Evangelium
3135 4197 3449 4269 praedicari,

1846 4295 2044 4368 gaudet
2092 4303 2148 4353 et
2185 4293 2447 4360 exsultat,
2488 4290 2635 4364 quod
2662 4291 2812 4364 Euge
2858 4289 3148 4361 signiﬁcat.
3193 4291 3446 4351 Omnium

1848 4388 2270 4463 prmpositorum
2323 4387 2394 4444 de
2437 4384 2738 4457 Scripturis
2777 4382 3088 4457 Dominicisj
3113 4384 3448 4444 fortissimo-

1848 4500 1969 4542 rum
2001 4483 2247 4540 virorum
2289 4477 2544 4552 exempla
2585 4477 2984 4550 proﬁtentium,
3018 4477 3188 4534 totius
3231 4493 3450 4551 quoque

1852 4577 2111 4636 Ecclesia“:
2132 4573 2640 4647 congregationem,
2664 4586 2786 4644 qua:
2805 4569 3080 4628 exercitus
3100 4570 3197 4628 Dei
3226 4571 3446 4643 dicitur,

161 4679 252 4734 quo
279 4670 352 4723 ait
381 4669 665 4740 propheta
697 4683 712 4722 :
743 4665 812 4722 Et
841 4667 1020 4722 subtus
1051 4683 1130 4722 me
1159 4666 1468 4721 conturbata
1493 4673 1568 4720 est
1598 4666 1749 4720 Itebe-
1775 4653 1828 4714 D
1855 4672 2166 4730 unanimem
2197 4679 2364 4741 atque
2409 4666 2569 4724 unius
2619 4664 2746 4722 ﬁdei
2792 4679 2988 4721 sonum
3037 4679 3161 4721 cum
3193 4665 3450 4737 audierit,

163 4759 270 4814 tudo
298 4777 441 4817 mea:
464 4762 628 4834 quasi
659 4775 840 4817 arcem
873 4761 1110 4817 animam
1141 4759 1437 4831 credimus,
1465 4759 1557 4815 ubi
1585 4775 1749 4837 unus-

161 4854 368 4928 quisque
398 4866 747 4924 sanctorunt,
791 4863 981 4928 utpote
1013 4856 1067 4911 in
1103 4856 1367 4912 interiore
1399 4855 1624 4910 homine
1649 4869 1750 4910 suo

163 4953 414 5022 tamquam
443 4951 596 5006 intra
625 4953 938 5021 pharetram
971 4948 1138 5004 habet
1158 4949 1385 5019 sagittas
1409 4948 1748 5018 eloquiorum

159 5037 262 5110 Dei,
292 5059 429 5115 quas
475 5044 611 5100 dum
641 5043 710 5099 ad
738 5042 1047 5101 cavendum
1081 5042 1314 5112 profert,
1349 5042 1464 5097 sive
1499 5040 1627 5097 dunt
1657 5057 1751 5097 eas

159 5135 413 5209 frequenti
449 5139 832 5208 correptione,
861 5137 1031 5193 veluti
1077 5135 1184 5192 tela
1229 5135 1527 5208 pungentis
1571 5134 1756 5191 educit

161 5230 211 5286 in
233 5233 498 5299 medium,
535 5245 896 5303 percussurus
925 5230 1110 5303 utique
1151 5245 1338 5286 earum
1391 5229 1590 5286 ictibus
1635 5243 1752 5296 eos,

159 5323 241 5395 qui
285 5327 490 5384 merito
543 5325 610 5381 ad
663 5324 892 5382 salutem
939 5323 1178 5380 debeant
1220 5321 1523 5379 vulnerari.
1582 5321 1757 5393 Super

157 5417 320 5487 ipsaet
342 5463 360 5489 ,
390 5421 649 5493 inquam,
683 5417 1024 5489 eloquiorum
1067 5417 1164 5475 Dei
1197 5427 1419 5474 resonat
1464 5415 1722 5489 pharetra
1744 5459 1762 5488 ,

159 5511 291 5580 quod
319 5523 513 5570 tamen
546 5511 602 5568 in
633 5511 1005 5569 commotione
1043 5510 1111 5567 sit
1154 5510 1509 5567 ambulantis.
1541 5507 1645 5565 Ubi
1675 5508 1760 5564 in-

159 5604 442 5679 telligitur,
488 5605 640 5680 quod
685 5607 731 5662 is
776 5613 926 5663 recte
958 5605 1157 5678 psallat
1193 5612 1249 5662 et
1284 5603 1548 5676 corripiat
1582 5601 1760 5659 delin-

223 5751 250 5782 ι
270 5742 511 5816 γνίιίοεθ
543 5742 812 5801 hactenus
855 5742 1138 5800 obtinebat
1178 5743 1327 5800 mirte
1353 5741 1497 5814 ﬁdei,
1527 5758 1628 5814 pro
1654 5756 1762 5816 quo

157 5813 286 5888 pihil
315 5815 698 5888 dubitavimus
725 5832 893 5888 myro,
923 5815 977 5871 id
1003 5824 1106 5881 est,
1131 5813 1412 5888 unguento
1434 5813 1762 5873 rescribere.

156 5883 276 5943 Vid.
323 5887 564 5960 Prolog.
597 5883 823 5944 Hieron.
852 5887 906 5944 in
941 5888 1114 5944 libros
1161 5883 1406 5955 Simuel,
1448 5898 1506 5946 et
1533 5888 1763 5947 Malach.

541 5984 814 6049 ΡΑτιιοι.
861 5981 1100 6046 XXVI.

1847 4767 2002 4835 dicit,
2048 4779 2208 4836 euge,
2263 4771 2319 4819 et
2372 4761 2558 4817 laetum
2609 4772 2736 4815 cum
2792 4756 3177 4815 exhortatione
3224 4758 3447 4829 ducum,

1848 4861 2010 4917 etiam
2043 4857 2306 4914 ululatum
2350 4853 2500 4909 audit
2528 4851 2821 4909 exercitus.
2859 4849 3111 4907 Ululatus
3136 4858 3318 4906 autem
3350 4851 3458 4906 hoc

1853 4953 1978 5009 loco
2009 4950 2100 5006 ille
2131 4947 2470 5019 signiﬁcatus
2495 4953 2598 5012 est,
2628 4941 2847 5015 quando
2891 4941 3190 4998 bellatores
3238 4942 3292 4997 in
3339 4942 3457 4998 acie

1859 5056 2070 5105 stantes
2095 5040 2408 5114 pugnaturi,
2452 5053 2512 5094 se
2539 5037 2775 5093 invicem
2821 5035 3198 5090 cohortantur.
3227 5032 3336 5090 Sed
3378 5034 3461 5090 di-

1863 5139 1938 5196 cit
1965 5135 2194 5208 aliquis:
2221 5129 2693 5202 Quemadmodum
2722 5127 2839 5183 ﬁeri
2888 5134 3095 5198 potest,
3126 5134 3188 5182 ut
3226 5141 3332 5181 una
3363 5141 3458 5183 ea-

1863 5232 2098 5300 demque
2134 5241 2222 5283 res
2271 5240 2367 5296 per
2417 5221 2644 5294 ﬁguram
2679 5234 2824 5276 nunc
2876 5219 2929 5274 in
2978 5220 3175 5274 bonam
3223 5228 3458 5290 partem,

1869 5339 2014 5382 nunc
2053 5323 2108 5379 in
2151 5319 2348 5376 malam
2391 5314 2752 5387 intelligatur,
2787 5313 2929 5368 sicut
2957 5310 3046 5366 hic
3075 5325 3176 5366 nos
3205 5309 3461 5379 fecimus,

1865 5427 1929 5476 ut
1953 5418 2102 5474 hunc
2124 5428 2324 5487 equum
2345 5426 2442 5483 per
2470 5409 2790 5481 allegoriam
2815 5405 3078 5470 diximus,
3114 5404 3244 5460 etin
3265 5405 3466 5460 malum

1866 5519 1924 5568 et
1950 5511 2156 5566 bonum
2179 5521 2340 5579 posse
2366 5503 2598 5561 sentire.
2628 5499 2714 5558 Ad
2741 5499 2848 5556 hoc
2870 5497 3202 5570 respondeo,
3226 5497 3318 5555 ubi
3346 5498 3468 5554 sine

1866 5602 2065 5677 epitasi
2085 5599 2308 5674 aliquod
2338 5612 2544 5656 nomen
2571 5595 2798 5668 ponitur
2818 5594 2871 5650 in
2885 5590 3207 5664 Scripturis,
3234 5601 3292 5649 ut
3317 5601 3468 5664 puta,

1872 5743 1928 5798 in
1959 5739 2096 5807 fine,
2131 5736 2221 5792 ubi
2259 5734 2687 5809 pretiosissimum
2714 5733 2838 5806 ﬁdei
2862 5747 3067 5806 nigrum
3096 5730 3344 5789 nominat
3374 5749 3386 5786 :
3420 5738 3482 5789 et

1872 5829 1994 5887 qua:
2025 5811 2100 5869 ibi
2129 5809 2509 5868 observamus.

2835 5976 2917 6043 25
