  <div class='ocr_page' id='page_1' title='image "/cluster/home/n/w/nwhite01/storage/ocr_20150623/26/hvd.32044015471402/395.png"; bbox 0 0 3944 6334; ppageno 0'>
   <div class='ocr_carea' id='block_1_1' title="bbox 453 318 560 382">
    <p class='ocr_par' dir='ltr' id='par_1_1' title="bbox 453 318 560 382">
     <span class='ocr_line' id='line_1_1' title="bbox 453 318 560 382; baseline -0.037 0"><span class='ocrx_word' id='word_1_1' title='bbox 453 318 560 382; x_wconf 70' lang='lat'><strong>779</strong></span> 
     </span>
    </p>
   </div>
   <div class='ocr_carea' id='block_1_2' title="bbox 1206 304 2944 376">
    <p class='ocr_par' dir='ltr' id='par_1_2' title="bbox 1206 304 2944 376">
     <span class='ocr_line' id='line_1_2' title="bbox 1206 304 2944 376; baseline -0.004 0"><span class='ocrx_word' id='word_1_2' title='bbox 1206 306 1593 376; x_wconf 67' lang='lat' dir='ltr'><strong>.‘r’APPENDIX</strong></span> <span class='ocrx_word' id='word_1_3' title='bbox 1633 310 1726 372; x_wconf 85' lang='lat' dir='ltr'><strong>AD</strong></span> <span class='ocrx_word' id='word_1_4' title='bbox 1760 310 2005 371; x_wconf 79' lang='lat' dir='ltr'><strong>TOMUM</strong></span> <span class='ocrx_word' id='word_1_5' title='bbox 2042 304 2395 370; x_wconf 76' lang='lat' dir='ltr'><strong>SEPTIMUM</strong></span> <span class='ocrx_word' id='word_1_6' title='bbox 2434 313 2494 372; x_wconf 77' lang='lat' dir='ltr'><strong>S.</strong></span> <span class='ocrx_word' id='word_1_7' title='bbox 2537 310 2944 371; x_wconf 80' lang='lat' dir='ltr'><strong>HIERONYMI.</strong></span> 
     </span>
    </p>
   </div>
   <div class='ocr_carea' id='block_1_3' title="bbox 3595 308 3721 371">
    <p class='ocr_par' dir='ltr' id='par_1_3' title="bbox 3595 308 3721 371">
     <span class='ocr_line' id='line_1_3' title="bbox 3595 308 3721 371; baseline -0.016 0"><span class='ocrx_word' id='word_1_8' title='bbox 3595 308 3613 371; x_wconf 86' lang='grc' dir='ltr'><strong>ι</strong></span> <span class='ocrx_word' id='word_1_9' title='bbox 3635 308 3721 369; x_wconf 79' lang='lat'><strong>780</strong></span> 
     </span>
    </p>
   </div>
   <div class='ocr_carea' id='block_1_4' title="bbox 450 425 3722 508">
    <p class='ocr_par' dir='ltr' id='par_1_4' title="bbox 450 425 3722 508">
     <span class='ocr_line' id='line_1_4' title="bbox 450 425 3722 508; baseline -0.005 -9"><span class='ocrx_word' id='word_1_10' title='bbox 450 457 611 499; x_wconf 81' lang='lat' dir='ltr'><strong>mons</strong></span> <span class='ocrx_word' id='word_1_11' title='bbox 631 445 864 508; x_wconf 86' lang='lat' dir='ltr'><strong>tantum,</strong></span> <span class='ocrx_word' id='word_1_12' title='bbox 888 443 945 496; x_wconf 91' lang='lat' dir='ltr'><strong>et</strong></span> <span class='ocrx_word' id='word_1_13' title='bbox 973 451 1080 494; x_wconf 89' lang='lat' dir='ltr'><strong>non</strong></span> <span class='ocrx_word' id='word_1_14' title='bbox 1101 432 1319 491; x_wconf 76' lang='lat' dir='ltr'><strong>additur</strong></span> <span class='ocrx_word' id='word_1_15' title='bbox 1338 435 1462 491; x_wconf 89' lang='lat' dir='ltr'><strong>eiut</strong></span> <span class='ocrx_word' id='word_1_16' title='bbox 1486 432 1700 491; x_wconf 90' lang='lat' dir='ltr'><strong>dicatur</strong></span> <span class='ocrx_word' id='word_1_17' title='bbox 1727 446 1873 487; x_wconf 88' lang='lat' dir='ltr'><strong>mons</strong></span> <span class='ocrx_word' id='word_1_18' title='bbox 1897 429 2048 495; x_wconf 86' lang='lat' dir='ltr'><strong>Sion,</strong></span> <span class='ocrx_word' id='word_1_19' title='bbox 2083 427 2135 488; x_wconf 76' lang='grc' dir='ltr'><strong>Α</strong></span> <span class='ocrx_word' id='word_1_20' title='bbox 2160 428 2397 484; x_wconf 90' lang='lat' dir='ltr'><strong>multum</strong></span> <span class='ocrx_word' id='word_1_21' title='bbox 2451 430 2645 500; x_wconf 88' lang='lat' dir='ltr'><strong>possit,</strong></span> <span class='ocrx_word' id='word_1_22' title='bbox 2700 428 2841 486; x_wconf 81' lang='lat' dir='ltr'><strong>sicut</strong></span> <span class='ocrx_word' id='word_1_23' title='bbox 2890 426 3154 501; x_wconf 88' lang='lat' dir='ltr'><strong>propheta</strong></span> <span class='ocrx_word' id='word_1_24' title='bbox 3185 427 3295 484; x_wconf 87' lang='lat' dir='ltr'><strong>ait:</strong></span> <span class='ocrx_word' id='word_1_25' title='bbox 3329 425 3399 484; x_wconf 84' lang='lat' dir='ltr'><strong>Et</strong></span> <span class='ocrx_word' id='word_1_26' title='bbox 3453 427 3548 484; x_wconf 85' lang='lat' dir='ltr'><strong>erit</strong></span> <span class='ocrx_word' id='word_1_27' title='bbox 3596 434 3722 500; x_wconf 87' lang='lat' dir='ltr'><strong>quasi</strong></span> 
     </span>
    </p>
   </div>
   <div class='ocr_carea' id='block_1_5' title="bbox 450 521 2048 602">
    <p class='ocr_par' dir='ltr' id='par_1_5' title="bbox 450 521 2048 602">
     <span class='ocr_line' id='line_1_5' title="bbox 450 521 2048 602; baseline -0.009 -11"><span class='ocrx_word' id='word_1_28' title='bbox 450 539 548 591; x_wconf 92' lang='lat' dir='ltr'><strong>aut</strong></span> <span class='ocrx_word' id='word_1_29' title='bbox 592 549 740 589; x_wconf 87' lang='lat' dir='ltr'><strong>mons</strong></span> <span class='ocrx_word' id='word_1_30' title='bbox 788 536 1061 602; x_wconf 84' lang='lat' dir='ltr'><strong>corruptus</strong></span> <span class='ocrx_word' id='word_1_31' title='bbox 1091 569 1107 595; x_wconf 92' lang='lat'><strong>,</strong></span> <span class='ocrx_word' id='word_1_32' title='bbox 1159 542 1267 583; x_wconf 90' lang='lat' dir='ltr'><strong>non</strong></span> <span class='ocrx_word' id='word_1_33' title='bbox 1325 526 1392 582; x_wconf 85' lang='lat' dir='ltr'><strong>ab</strong></span> <span class='ocrx_word' id='word_1_34' title='bbox 1457 543 1517 582; x_wconf 90' lang='lat' dir='ltr'><strong>re</strong></span> <span class='ocrx_word' id='word_1_35' title='bbox 1569 523 1865 591; x_wconf 88' lang='lat' dir='ltr'><strong>existimo,</strong></span> <span class='ocrx_word' id='word_1_36' title='bbox 1918 521 2048 593; x_wconf 90' lang='lat' dir='ltr'><strong>quin</strong></span> 
     </span>
    </p>
   </div>
   <div class='ocr_carea' id='block_1_6' title="bbox 451 614 2051 697">
    <p class='ocr_par' dir='ltr' id='par_1_6' title="bbox 451 614 2051 697">
     <span class='ocr_line' id='line_1_6' title="bbox 451 614 2051 697; baseline -0.012 -11"><span class='ocrx_word' id='word_1_37' title='bbox 451 625 725 697; x_wconf 77' lang='lat' dir='ltr'><strong>expositio</strong></span> <span class='ocrx_word' id='word_1_38' title='bbox 775 623 847 680; x_wconf 90' lang='lat' dir='ltr'><strong>de</strong></span> <span class='ocrx_word' id='word_1_39' title='bbox 916 620 1104 679; x_wconf 88' lang='lat' dir='ltr'><strong>eadem</strong></span> <span class='ocrx_word' id='word_1_40' title='bbox 1162 634 1224 677; x_wconf 90' lang='lat' dir='ltr'><strong>re</strong></span> <span class='ocrx_word' id='word_1_41' title='bbox 1272 618 1327 675; x_wconf 90' lang='lat' dir='ltr'><strong>in</strong></span> <span class='ocrx_word' id='word_1_42' title='bbox 1379 626 1667 687; x_wconf 85' lang='lat' dir='ltr'><strong>utramque</strong></span> <span class='ocrx_word' id='word_1_43' title='bbox 1720 622 1926 687; x_wconf 87' lang='lat' dir='ltr'><strong>partem</strong></span> <span class='ocrx_word' id='word_1_44' title='bbox 1980 614 2051 668; x_wconf 94' lang='lat' dir='ltr'><strong>sit</strong></span> 
     </span>
    </p>
   </div>
   <div class='ocr_carea' id='block_1_7' title="bbox 442 706 2049 783">
    <p class='ocr_par' dir='ltr' id='par_1_7' title="bbox 442 706 2049 783">
     <span class='ocr_line' id='line_1_7' title="bbox 442 706 2049 783; baseline -0.01 -8"><span class='ocrx_word' id='word_1_45' title='bbox 442 716 640 775; x_wconf 87' lang='lat' dir='ltr'><strong>libera.</strong></span> <span class='ocrx_word' id='word_1_46' title='bbox 664 714 769 774; x_wconf 86' lang='lat' dir='ltr'><strong>Ubi</strong></span> <span class='ocrx_word' id='word_1_47' title='bbox 789 729 921 772; x_wconf 92' lang='lat' dir='ltr'><strong>vero</strong></span> <span class='ocrx_word' id='word_1_48' title='bbox 944 727 1068 770; x_wconf 94' lang='lat' dir='ltr'><strong>cum</strong></span> <span class='ocrx_word' id='word_1_49' title='bbox 1093 711 1313 783; x_wconf 86' lang='lat' dir='ltr'><strong>epitasi,</strong></span> <span class='ocrx_word' id='word_1_50' title='bbox 1335 718 1395 768; x_wconf 91' lang='lat' dir='ltr'><strong>ut</strong></span> <span class='ocrx_word' id='word_1_51' title='bbox 1420 709 1501 766; x_wconf 80' lang='lat' dir='ltr'><strong>leo</strong></span> <span class='ocrx_word' id='word_1_52' title='bbox 1525 711 1590 766; x_wconf 88' lang='lat' dir='ltr'><strong>de</strong></span> <span class='ocrx_word' id='word_1_53' title='bbox 1612 709 1748 765; x_wconf 83' lang='lat' dir='ltr'><strong>tribu</strong></span> <span class='ocrx_word' id='word_1_54' title='bbox 1768 706 1935 777; x_wconf 73' lang='lat' dir='ltr'><strong>Iuda,</strong></span> <span class='ocrx_word' id='word_1_55' title='bbox 1956 714 2049 761; x_wconf 88' lang='lat' dir='ltr'><strong>aut</strong></span> 
     </span>
    </p>
   </div>
   <div class='ocr_carea' id='block_1_8' title="bbox 445 800 2043 877">
    <p class='ocr_par' dir='ltr' id='par_1_8' title="bbox 445 800 2043 877">
     <span class='ocr_line' id='line_1_8' title="bbox 445 800 2043 877; baseline -0.008 -10"><span class='ocrx_word' id='word_1_56' title='bbox 445 814 620 877; x_wconf 85' lang='lat' dir='ltr'><strong>certe,</strong></span> <span class='ocrx_word' id='word_1_57' title='bbox 661 808 807 864; x_wconf 83' lang='lat' dir='ltr'><strong>sedet</strong></span> <span class='ocrx_word' id='word_1_58' title='bbox 859 807 915 862; x_wconf 92' lang='lat' dir='ltr'><strong>in</strong></span> <span class='ocrx_word' id='word_1_59' title='bbox 968 806 1172 861; x_wconf 81' lang='lat' dir='ltr'><strong>insidiis</strong></span> <span class='ocrx_word' id='word_1_60' title='bbox 1199 804 1334 860; x_wconf 88' lang='lat' dir='ltr'><strong>sicut</strong></span> <span class='ocrx_word' id='word_1_61' title='bbox 1361 804 1441 859; x_wconf 85' lang='lat' dir='ltr'><strong>leo</strong></span> <span class='ocrx_word' id='word_1_62' title='bbox 1467 818 1486 857; x_wconf 87' lang='lat'><strong><em>:</em></strong></span> <span class='ocrx_word' id='word_1_63' title='bbox 1517 802 1591 860; x_wconf 87' lang='lat' dir='ltr'><strong>ibi</strong></span> <span class='ocrx_word' id='word_1_64' title='bbox 1634 809 1730 858; x_wconf 89' lang='lat' dir='ltr'><strong>aut</strong></span> <span class='ocrx_word' id='word_1_65' title='bbox 1772 800 2043 869; x_wconf 80' lang='lat' dir='ltr'><strong>Christus,</strong></span> 
     </span>
    </p>
   </div>
   <div class='ocr_carea' id='block_1_9' title="bbox 441 890 2047 969">
    <p class='ocr_par' dir='ltr' id='par_1_9' title="bbox 441 890 2047 969">
     <span class='ocr_line' id='line_1_9' title="bbox 441 890 2047 969; baseline -0.01 -8"><span class='ocrx_word' id='word_1_66' title='bbox 441 904 568 962; x_wconf 92' lang='lat' dir='ltr'><strong>sine</strong></span> <span class='ocrx_word' id='word_1_67' title='bbox 593 901 706 959; x_wconf 90' lang='lat' dir='ltr'><strong>ulla</strong></span> <span class='ocrx_word' id='word_1_68' title='bbox 736 899 1094 958; x_wconf 85' lang='lat' dir='ltr'><strong>cunctatione</strong></span> <span class='ocrx_word' id='word_1_69' title='bbox 1143 896 1495 969; x_wconf 77' lang='lat' dir='ltr'><strong>intelligitur,</strong></span> <span class='ocrx_word' id='word_1_70' title='bbox 1528 907 1621 951; x_wconf 89' lang='lat' dir='ltr'><strong>aut</strong></span> <span class='ocrx_word' id='word_1_71' title='bbox 1664 892 1921 951; x_wconf 91' lang='lat' dir='ltr'><strong>diabolus</strong></span> <span class='ocrx_word' id='word_1_72' title='bbox 1951 890 2047 946; x_wconf 86' lang='lat' dir='ltr'><strong>ad-</strong></span> 
     </span>
    </p>
   </div>
   <div class='ocr_carea' id='block_1_10' title="bbox 444 986 2045 1063">
    <p class='ocr_par' dir='ltr' id='par_1_10' title="bbox 444 986 2045 1063">
     <span class='ocr_line' id='line_1_10' title="bbox 444 986 2045 1063; baseline -0.011 -7"><span class='ocrx_word' id='word_1_73' title='bbox 444 997 731 1057; x_wconf 74' lang='lat' dir='ltr'><strong>versarius</strong></span> <span class='ocrx_word' id='word_1_74' title='bbox 752 1003 960 1053; x_wconf 87' lang='lat' dir='ltr'><strong>noster.</strong></span> <span class='ocrx_word' id='word_1_75' title='bbox 988 993 1056 1050; x_wconf 90' lang='lat' dir='ltr'><strong>Et</strong></span> <span class='ocrx_word' id='word_1_76' title='bbox 1084 993 1131 1048; x_wconf 92' lang='lat' dir='ltr'><strong>si</strong></span> <span class='ocrx_word' id='word_1_77' title='bbox 1162 991 1363 1063; x_wconf 78' lang='lat' dir='ltr'><strong>placet,</strong></span> <span class='ocrx_word' id='word_1_78' title='bbox 1386 991 1581 1047; x_wconf 89' lang='lat' dir='ltr'><strong>demus</strong></span> <span class='ocrx_word' id='word_1_79' title='bbox 1608 986 1830 1059; x_wconf 84' lang='lat' dir='ltr'><strong>aliquod</strong></span> <span class='ocrx_word' id='word_1_80' title='bbox 1858 999 2045 1042; x_wconf 88' lang='lat' dir='ltr'><strong>exem-</strong></span> 
     </span>
    </p>
   </div>
   <div class='ocr_carea' id='block_1_11' title="bbox 440 1078 2040 1166">
    <p class='ocr_par' dir='ltr' id='par_1_11' title="bbox 440 1078 2040 1166">
     <span class='ocr_line' id='line_1_11' title="bbox 440 1078 2040 1166; baseline -0.011 -15"><span class='ocrx_word' id='word_1_81' title='bbox 440 1090 621 1166; x_wconf 83' lang='lat' dir='ltr'><strong>plum,</strong></span> <span class='ocrx_word' id='word_1_82' title='bbox 654 1090 746 1149; x_wconf 92' lang='lat' dir='ltr'><strong>ubi</strong></span> <span class='ocrx_word' id='word_1_83' title='bbox 800 1089 870 1148; x_wconf 91' lang='lat' dir='ltr'><strong>de</strong></span> <span class='ocrx_word' id='word_1_84' title='bbox 914 1089 1112 1146; x_wconf 90' lang='lat' dir='ltr'><strong>arbore</strong></span> <span class='ocrx_word' id='word_1_85' title='bbox 1136 1089 1192 1144; x_wconf 91' lang='lat' dir='ltr'><strong>in</strong></span> <span class='ocrx_word' id='word_1_86' title='bbox 1219 1085 1525 1159; x_wconf 88' lang='lat' dir='ltr'><strong>Evangelio</strong></span> <span class='ocrx_word' id='word_1_87' title='bbox 1551 1082 1815 1140; x_wconf 83' lang='lat' dir='ltr'><strong>Dominus</strong></span> <span class='ocrx_word' id='word_1_88' title='bbox 1858 1080 1934 1135; x_wconf 85' lang='lat' dir='ltr'><strong>ait</strong></span> <span class='ocrx_word' id='word_1_89' title='bbox 1974 1078 2040 1133; x_wconf 91' lang='lat' dir='ltr'><strong>ad</strong></span> 
     </span>
    </p>
   </div>
   <div class='ocr_carea' id='block_1_12' title="bbox 437 1173 2042 1257">
    <p class='ocr_par' dir='ltr' id='par_1_12' title="bbox 437 1173 2042 1257">
     <span class='ocr_line' id='line_1_12' title="bbox 437 1173 2042 1257; baseline -0.013 -10"><span class='ocrx_word' id='word_1_90' title='bbox 437 1184 743 1257; x_wconf 86' lang='lat' dir='ltr'><strong>discipulos</strong></span> <span class='ocrx_word' id='word_1_91' title='bbox 785 1199 961 1242; x_wconf 89' lang='lat' dir='ltr'><strong>suos:</strong></span> <span class='ocrx_word' id='word_1_92' title='bbox 1002 1182 1064 1238; x_wconf 88' lang='lat' dir='ltr'><strong>Si</strong></span> <span class='ocrx_word' id='word_1_93' title='bbox 1111 1180 1398 1235; x_wconf 75' lang='lat' dir='ltr'><strong>habueritis</strong></span> <span class='ocrx_word' id='word_1_94' title='bbox 1448 1177 1659 1251; x_wconf 84' lang='lat' dir='ltr'><strong>quidem</strong></span> <span class='ocrx_word' id='word_1_95' title='bbox 1705 1176 1861 1247; x_wconf 74' lang='lat' dir='ltr'><strong>ﬁdem</strong></span> <span class='ocrx_word' id='word_1_96' title='bbox 1907 1173 2042 1228; x_wconf 85' lang='lat' dir='ltr'><strong>sicut</strong></span> 
     </span>
    </p>
   </div>
   <div class='ocr_carea' id='block_1_13' title="bbox 433 1271 2042 1358">
    <p class='ocr_par' dir='ltr' id='par_1_13' title="bbox 433 1271 2042 1358">
     <span class='ocr_line' id='line_1_13' title="bbox 433 1271 2042 1358; baseline -0.011 -19"><span class='ocrx_word' id='word_1_97' title='bbox 433 1297 657 1358; x_wconf 82' lang='lat' dir='ltr'><strong>granum</strong></span> <span class='ocrx_word' id='word_1_98' title='bbox 679 1278 900 1350; x_wconf 81' lang='lat' dir='ltr'><strong>sinapis,</strong></span> <span class='ocrx_word' id='word_1_99' title='bbox 930 1277 1109 1332; x_wconf 85' lang='lat' dir='ltr'><strong>dicetis</strong></span> <span class='ocrx_word' id='word_1_100' title='bbox 1135 1275 1256 1330; x_wconf 90' lang='lat' dir='ltr'><strong>huic</strong></span> <span class='ocrx_word' id='word_1_101' title='bbox 1277 1274 1484 1338; x_wconf 88' lang='lat' dir='ltr'><strong>arbori,</strong></span> <span class='ocrx_word' id='word_1_102' title='bbox 1503 1271 1789 1327; x_wconf 84' lang='lat' dir='ltr'><strong>Eradicare</strong></span> <span class='ocrx_word' id='word_1_103' title='bbox 1809 1276 1856 1323; x_wconf 83' lang='lat' dir='ltr'><strong>et</strong></span> <span class='ocrx_word' id='word_1_104' title='bbox 1870 1278 2042 1321; x_wconf 85' lang='lat' dir='ltr'><strong>trans-</strong></span> 
     </span>
    </p>
   </div>
   <div class='ocr_carea' id='block_1_14' title="bbox 431 1360 2040 1450">
    <p class='ocr_par' dir='ltr' id='par_1_14' title="bbox 431 1360 2040 1450">
     <span class='ocr_line' id='line_1_14' title="bbox 431 1360 2040 1450; baseline -0.01 -19"><span class='ocrx_word' id='word_1_105' title='bbox 431 1375 678 1450; x_wconf 74' lang='lat' dir='ltr'><strong>planiore</strong></span> <span class='ocrx_word' id='word_1_106' title='bbox 724 1375 782 1429; x_wconf 87' lang='lat' dir='ltr'><strong>in</strong></span> <span class='ocrx_word' id='word_1_107' title='bbox 807 1371 975 1436; x_wconf 87' lang='lat' dir='ltr'><strong>mari,</strong></span> <span class='ocrx_word' id='word_1_108' title='bbox 1006 1379 1056 1425; x_wconf 88' lang='lat' dir='ltr'><strong>et</strong></span> <span class='ocrx_word' id='word_1_109' title='bbox 1084 1367 1287 1425; x_wconf 86' lang='lat' dir='ltr'><strong>obediet</strong></span> <span class='ocrx_word' id='word_1_110' title='bbox 1314 1366 1475 1422; x_wconf 84' lang='lat' dir='ltr'><strong>vobis.</strong></span> <span class='ocrx_word' id='word_1_111' title='bbox 1501 1364 1604 1421; x_wconf 91' lang='lat' dir='ltr'><strong>Ubi</strong></span> <span class='ocrx_word' id='word_1_112' title='bbox 1627 1362 1849 1436; x_wconf 88' lang='lat' dir='ltr'><strong>quidam</strong></span> <span class='ocrx_word' id='word_1_113' title='bbox 1882 1360 2040 1416; x_wconf 89' lang='lat' dir='ltr'><strong>intel-</strong></span> 
     </span>
    </p>
   </div>
   <div class='ocr_carea' id='block_1_15' title="bbox 429 1455 2035 1540">
    <p class='ocr_par' dir='ltr' id='par_1_15' title="bbox 429 1455 2035 1540">
     <span class='ocr_line' id='line_1_15' title="bbox 429 1455 2035 1540; baseline -0.012 -11"><span class='ocrx_word' id='word_1_114' title='bbox 429 1470 713 1536; x_wconf 84' lang='lat' dir='ltr'><strong>lexerunt,</strong></span> <span class='ocrx_word' id='word_1_115' title='bbox 742 1467 871 1540; x_wconf 85' lang='lat' dir='ltr'><strong>quia</strong></span> <span class='ocrx_word' id='word_1_116' title='bbox 901 1463 1038 1522; x_wconf 82' lang='lat' dir='ltr'><strong>ﬁdes</strong></span> <span class='ocrx_word' id='word_1_117' title='bbox 1066 1461 1411 1521; x_wconf 81' lang='lat' dir='ltr'><strong>credentium</strong></span> <span class='ocrx_word' id='word_1_118' title='bbox 1443 1458 1686 1517; x_wconf 89' lang='lat' dir='ltr'><strong>eradicet</strong></span> <span class='ocrx_word' id='word_1_119' title='bbox 1729 1455 2035 1521; x_wconf 89' lang='lat' dir='ltr'><strong>inimicum,</strong></span> 
     </span>
    </p>
   </div>
   <div class='ocr_carea' id='block_1_16' title="bbox 427 1550 2035 1637">
    <p class='ocr_par' dir='ltr' id='par_1_16' title="bbox 427 1550 2035 1637">
     <span class='ocr_line' id='line_1_16' title="bbox 427 1550 2035 1637; baseline -0.012 -13"><span class='ocrx_word' id='word_1_120' title='bbox 427 1569 596 1637; x_wconf 85' lang='lat' dir='ltr'><strong>atque</strong></span> <span class='ocrx_word' id='word_1_121' title='bbox 639 1561 840 1621; x_wconf 87' lang='lat' dir='ltr'><strong>evellat</strong></span> <span class='ocrx_word' id='word_1_122' title='bbox 889 1561 959 1617; x_wconf 88' lang='lat' dir='ltr'><strong>de</strong></span> <span class='ocrx_word' id='word_1_123' title='bbox 1001 1568 1150 1616; x_wconf 88' lang='lat' dir='ltr'><strong>terra</strong></span> <span class='ocrx_word' id='word_1_124' title='bbox 1191 1555 1477 1622; x_wconf 69' lang='lat' dir='ltr'><strong>Ecclesiae,</strong></span> <span class='ocrx_word' id='word_1_125' title='bbox 1510 1561 1658 1611; x_wconf 86' lang='lat' dir='ltr'><strong>terra</strong></span> <span class='ocrx_word' id='word_1_126' title='bbox 1693 1550 1907 1609; x_wconf 84' lang='lat' dir='ltr'><strong>scilicet</strong></span> <span class='ocrx_word' id='word_1_127' title='bbox 1935 1551 2035 1608; x_wconf 84' lang='lat' dir='ltr'><strong>Ju-</strong></span> 
     </span>
    </p>
   </div>
   <div class='ocr_carea' id='block_1_17' title="bbox 428 1644 2037 1730">
    <p class='ocr_par' dir='ltr' id='par_1_17' title="bbox 428 1644 2037 1730">
     <span class='ocr_line' id='line_1_17' title="bbox 428 1644 2037 1730; baseline -0.012 -11"><span class='ocrx_word' id='word_1_128' title='bbox 428 1661 566 1719; x_wconf 72' lang='lat' dir='ltr'><strong>dtete</strong></span> <span class='ocrx_word' id='word_1_129' title='bbox 592 1668 756 1730; x_wconf 87' lang='lat' dir='ltr'><strong>atque</strong></span> <span class='ocrx_word' id='word_1_130' title='bbox 784 1653 1174 1719; x_wconf 80' lang='lat' dir='ltr'><strong>confessionis,</strong></span> <span class='ocrx_word' id='word_1_131' title='bbox 1208 1660 1266 1709; x_wconf 91' lang='lat' dir='ltr'><strong>et</strong></span> <span class='ocrx_word' id='word_1_132' title='bbox 1295 1651 1349 1708; x_wconf 92' lang='lat' dir='ltr'><strong>in</strong></span> <span class='ocrx_word' id='word_1_133' title='bbox 1382 1664 1533 1706; x_wconf 79' lang='lat' dir='ltr'><strong>mare</strong></span> <span class='ocrx_word' id='word_1_134' title='bbox 1562 1648 1910 1721; x_wconf 87' lang='lat' dir='ltr'><strong>populorum,</strong></span> <span class='ocrx_word' id='word_1_135' title='bbox 1936 1644 2037 1701; x_wconf 90' lang='lat' dir='ltr'><strong>ho-</strong></span> 
     </span>
    </p>
   </div>
   <div class='ocr_carea' id='block_1_18' title="bbox 425 1738 2031 1818">
    <p class='ocr_par' dir='ltr' id='par_1_18' title="bbox 425 1738 2031 1818">
     <span class='ocr_line' id='line_1_18' title="bbox 425 1738 2031 1818; baseline -0.014 -5"><span class='ocrx_word' id='word_1_136' title='bbox 425 1755 639 1813; x_wconf 87' lang='lat' dir='ltr'><strong>minum</strong></span> <span class='ocrx_word' id='word_1_137' title='bbox 667 1749 926 1808; x_wconf 77' lang='lat' dir='ltr'><strong>videlicet</strong></span> <span class='ocrx_word' id='word_1_138' title='bbox 975 1748 1270 1818; x_wconf 89' lang='lat' dir='ltr'><strong>impiorum</strong></span> <span class='ocrx_word' id='word_1_139' title='bbox 1315 1742 1624 1800; x_wconf 83' lang='lat' dir='ltr'><strong>transferat</strong></span> <span class='ocrx_word' id='word_1_140' title='bbox 1656 1762 1668 1796; x_wconf 86' lang='lat'><strong>:</strong></span> <span class='ocrx_word' id='word_1_141' title='bbox 1699 1751 1753 1796; x_wconf 90' lang='lat' dir='ltr'><strong>et</strong></span> <span class='ocrx_word' id='word_1_142' title='bbox 1781 1740 1859 1795; x_wconf 91' lang='lat' dir='ltr'><strong>illi</strong></span> <span class='ocrx_word' id='word_1_143' title='bbox 1906 1738 2031 1794; x_wconf 78' lang='lat' dir='ltr'><strong>mali</strong></span> 
     </span>
    </p>
   </div>
   <div class='ocr_carea' id='block_1_19' title="bbox 2156 520 3722 596">
    <p class='ocr_par' dir='ltr' id='par_1_19' title="bbox 2156 520 3722 596">
     <span class='ocr_line' id='line_1_19' title="bbox 2156 520 3722 596; baseline -0.001 -18"><span class='ocrx_word' id='word_1_144' title='bbox 2156 521 2338 595; x_wconf 82' lang='lat' dir='ltr'><strong>aquila</strong></span> <span class='ocrx_word' id='word_1_145' title='bbox 2378 539 2535 596; x_wconf 83' lang='lat' dir='ltr'><strong>super</strong></span> <span class='ocrx_word' id='word_1_146' title='bbox 2564 523 2775 578; x_wconf 88' lang='lat' dir='ltr'><strong>domum</strong></span> <span class='ocrx_word' id='word_1_147' title='bbox 2818 520 2940 577; x_wconf 85' lang='lat' dir='ltr'><strong>Dei.</strong></span> <span class='ocrx_word' id='word_1_148' title='bbox 2974 521 3260 594; x_wconf 66' lang='lat' dir='ltr'><strong>Prophetas</strong></span> <span class='ocrx_word' id='word_1_149' title='bbox 3300 535 3519 593; x_wconf 90' lang='lat' dir='ltr'><strong>quoque</strong></span> <span class='ocrx_word' id='word_1_150' title='bbox 3561 523 3722 577; x_wconf 87' lang='lat' dir='ltr'><strong>multis</strong></span> 
     </span>
    </p>
   </div>
   <div class='ocr_carea' id='block_1_20' title="bbox 2152 615 3721 689">
    <p class='ocr_par' dir='ltr' id='par_1_20' title="bbox 2152 615 3721 689">
     <span class='ocr_line' id='line_1_20' title="bbox 2152 615 3721 689; baseline 0 -17"><span class='ocrx_word' id='word_1_151' title='bbox 2152 616 2207 672; x_wconf 94' lang='lat' dir='ltr'><strong>in</strong></span> <span class='ocrx_word' id='word_1_152' title='bbox 2240 615 2376 673; x_wconf 87' lang='lat' dir='ltr'><strong>locis</strong></span> <span class='ocrx_word' id='word_1_153' title='bbox 2414 615 2823 689; x_wconf 87' lang='lat' dir='ltr'><strong>Scripturarum</strong></span> <span class='ocrx_word' id='word_1_154' title='bbox 2871 631 3095 673; x_wconf 91' lang='lat' dir='ltr'><strong>suarum</strong></span> <span class='ocrx_word' id='word_1_155' title='bbox 3126 631 3249 673; x_wconf 91' lang='lat' dir='ltr'><strong>eum</strong></span> <span class='ocrx_word' id='word_1_156' title='bbox 3292 616 3721 686; x_wconf 82' lang='lat' dir='ltr'><strong>superbissimum</strong></span> 
     </span>
    </p>
   </div>
   <div class='ocr_carea' id='block_1_21' title="bbox 2151 709 3724 780">
    <p class='ocr_par' dir='ltr' id='par_1_21' title="bbox 2151 709 3724 780">
     <span class='ocr_line' id='line_1_21' title="bbox 2151 709 3724 780; baseline -0.002 -12"><span class='ocrx_word' id='word_1_157' title='bbox 2151 718 2366 780; x_wconf 88' lang='lat' dir='ltr'><strong>notant,</strong></span> <span class='ocrx_word' id='word_1_158' title='bbox 2405 709 2457 767; x_wconf 91' lang='lat' dir='ltr'><strong>id</strong></span> <span class='ocrx_word' id='word_1_159' title='bbox 2489 721 2597 780; x_wconf 89' lang='lat' dir='ltr'><strong>est,</strong></span> <span class='ocrx_word' id='word_1_160' title='bbox 2642 711 2916 769; x_wconf 88' lang='lat' dir='ltr'><strong>diabolum</strong></span> <span class='ocrx_word' id='word_1_161' title='bbox 2947 719 3041 768; x_wconf 90' lang='lat' dir='ltr'><strong>:et</strong></span> <span class='ocrx_word' id='word_1_162' title='bbox 3085 710 3214 768; x_wconf 90' lang='lat' dir='ltr'><strong>inde</strong></span> <span class='ocrx_word' id='word_1_163' title='bbox 3257 717 3342 767; x_wconf 89' lang='lat' dir='ltr'><strong>est</strong></span> <span class='ocrx_word' id='word_1_164' title='bbox 3378 709 3525 780; x_wconf 87' lang='lat' dir='ltr'><strong>quod</strong></span> <span class='ocrx_word' id='word_1_165' title='bbox 3566 710 3642 766; x_wconf 85' lang='lat' dir='ltr'><strong>eis</strong></span> <span class='ocrx_word' id='word_1_166' title='bbox 3678 719 3724 766; x_wconf 89' lang='lat' dir='ltr'><strong>et</strong></span> 
     </span>
    </p>
   </div>
   <div class='ocr_carea' id='block_1_22' title="bbox 2150 803 3727 876">
    <p class='ocr_par' dir='ltr' id='par_1_22' title="bbox 2150 803 3727 876">
     <span class='ocr_line' id='line_1_22' title="bbox 2150 803 3727 876; baseline 0 -17"><span class='ocrx_word' id='word_1_167' title='bbox 2150 818 2379 875; x_wconf 79' lang='lat' dir='ltr'><strong>magnus</strong></span> <span class='ocrx_word' id='word_1_168' title='bbox 2410 803 2635 870; x_wconf 87' lang='lat' dir='ltr'><strong>dicitur,</strong></span> <span class='ocrx_word' id='word_1_169' title='bbox 2663 818 2731 860; x_wconf 90' lang='lat' dir='ltr'><strong>eo</strong></span> <span class='ocrx_word' id='word_1_170' title='bbox 2754 803 2902 876; x_wconf 91' lang='lat' dir='ltr'><strong>quod</strong></span> <span class='ocrx_word' id='word_1_171' title='bbox 2922 803 3134 860; x_wconf 77' lang='lat' dir='ltr'><strong>levetur</strong></span> <span class='ocrx_word' id='word_1_172' title='bbox 3157 811 3371 859; x_wconf 85' lang='lat' dir='ltr'><strong>tumens</strong></span> <span class='ocrx_word' id='word_1_173' title='bbox 3396 816 3567 873; x_wconf 88' lang='lat' dir='ltr'><strong>super</strong></span> <span class='ocrx_word' id='word_1_174' title='bbox 3595 818 3727 859; x_wconf 87' lang='lat' dir='ltr'><strong>mon-</strong></span> 
     </span>
    </p>
   </div>
   <div class='ocr_carea' id='block_1_23' title="bbox 2148 896 3723 972">
    <p class='ocr_par' dir='ltr' id='par_1_23' title="bbox 2148 896 3723 972">
     <span class='ocr_line' id='line_1_23' title="bbox 2148 896 3723 972; baseline -0.004 -15"><span class='ocrx_word' id='word_1_175' title='bbox 2148 907 2231 957; x_wconf 86' lang='lat' dir='ltr'><strong>tes</strong></span> <span class='ocrx_word' id='word_1_176' title='bbox 2251 898 2545 972; x_wconf 84' lang='lat' dir='ltr'><strong>aquilonis,</strong></span> <span class='ocrx_word' id='word_1_177' title='bbox 2565 908 2619 955; x_wconf 90' lang='lat' dir='ltr'><strong>et</strong></span> <span class='ocrx_word' id='word_1_178' title='bbox 2639 914 2807 971; x_wconf 89' lang='lat' dir='ltr'><strong>super</strong></span> <span class='ocrx_word' id='word_1_179' title='bbox 2826 910 2975 956; x_wconf 87' lang='lat' dir='ltr'><strong>astra</strong></span> <span class='ocrx_word' id='word_1_180' title='bbox 3005 898 3131 957; x_wconf 77' lang='lat' dir='ltr'><strong>cmli</strong></span> <span class='ocrx_word' id='word_1_181' title='bbox 3159 907 3324 971; x_wconf 88' lang='lat' dir='ltr'><strong>ponat</strong></span> <span class='ocrx_word' id='word_1_182' title='bbox 3345 896 3532 954; x_wconf 86' lang='lat' dir='ltr'><strong>sedem</strong></span> <span class='ocrx_word' id='word_1_183' title='bbox 3565 910 3723 966; x_wconf 87' lang='lat' dir='ltr'><strong>suam,</strong></span> 
     </span>
    </p>
   </div>
   <div class='ocr_carea' id='block_1_24' title="bbox 2146 993 3104 1066">
    <p class='ocr_par' dir='ltr' id='par_1_24' title="bbox 2146 993 3104 1066">
     <span class='ocr_line' id='line_1_24' title="bbox 2146 993 3104 1066; baseline -0.004 -13"><span class='ocrx_word' id='word_1_184' title='bbox 2146 996 2375 1066; x_wconf 87' lang='lat' dir='ltr'><strong>cupiens</strong></span> <span class='ocrx_word' id='word_1_185' title='bbox 2402 1009 2463 1051; x_wconf 88' lang='lat' dir='ltr'><strong>se</strong></span> <span class='ocrx_word' id='word_1_186' title='bbox 2484 1009 2775 1066; x_wconf 61' lang='lat' dir='ltr'><strong>exsequare</strong></span> <span class='ocrx_word' id='word_1_187' title='bbox 2802 993 3104 1050; x_wconf 86' lang='lat' dir='ltr'><strong>Altissimo.</strong></span> 
     </span>
    </p>
   </div>
   <div class='ocr_carea' id='block_1_25' title="bbox 2217 1085 3728 1159">
    <p class='ocr_par' dir='ltr' id='par_1_25' title="bbox 2217 1085 3728 1159">
     <span class='ocr_line' id='line_1_25' title="bbox 2217 1085 3728 1159; baseline 0 -18"><span class='ocrx_word' id='word_1_188' title='bbox 2217 1085 2289 1142; x_wconf 87' lang='lat' dir='ltr'><strong>Et</strong></span> <span class='ocrx_word' id='word_1_189' title='bbox 2316 1089 2370 1143; x_wconf 85' lang='lat' dir='ltr'><strong>in</strong></span> <span class='ocrx_word' id='word_1_190' title='bbox 2397 1087 2575 1143; x_wconf 82' lang='lat' dir='ltr'><strong>arduis</strong></span> <span class='ocrx_word' id='word_1_191' title='bbox 2629 1097 2785 1159; x_wconf 86' lang='lat' dir='ltr'><strong>ponet</strong></span> <span class='ocrx_word' id='word_1_192' title='bbox 2838 1088 3020 1143; x_wconf 88' lang='lat' dir='ltr'><strong>nidum</strong></span> <span class='ocrx_word' id='word_1_193' title='bbox 3067 1103 3239 1144; x_wconf 83' lang='lat' dir='ltr'><strong>suum.</strong></span> <span class='ocrx_word' id='word_1_194' title='bbox 3278 1087 3337 1143; x_wconf 87' lang='lat' dir='ltr'><strong>In</strong></span> <span class='ocrx_word' id='word_1_195' title='bbox 3366 1085 3583 1158; x_wconf 87' lang='lat' dir='ltr'><strong>magnis</strong></span> <span class='ocrx_word' id='word_1_196' title='bbox 3624 1085 3728 1157; x_wconf 89' lang='lat' dir='ltr'><strong>qui-</strong></span> 
     </span>
    </p>
   </div>
   <div class='ocr_carea' id='block_1_26' title="bbox 2139 1177 3728 1252">
    <p class='ocr_par' dir='ltr' id='par_1_26' title="bbox 2139 1177 3728 1252">
     <span class='ocr_line' id='line_1_26' title="bbox 2139 1177 3728 1252; baseline -0.004 -13"><span class='ocrx_word' id='word_1_197' title='bbox 2139 1180 2375 1251; x_wconf 79' lang='lat' dir='ltr'><strong>busque,</strong></span> <span class='ocrx_word' id='word_1_198' title='bbox 2410 1191 2467 1238; x_wconf 87' lang='lat' dir='ltr'><strong>et</strong></span> <span class='ocrx_word' id='word_1_199' title='bbox 2493 1181 2867 1238; x_wconf 83' lang='lat' dir='ltr'><strong>eminentibus</strong></span> <span class='ocrx_word' id='word_1_200' title='bbox 2896 1181 3090 1239; x_wconf 71' lang='lat' dir='ltr'><strong>saeculi</strong></span> <span class='ocrx_word' id='word_1_201' title='bbox 3128 1180 3313 1252; x_wconf 85' lang='lat' dir='ltr'><strong>hujus,</strong></span> <span class='ocrx_word' id='word_1_202' title='bbox 3360 1195 3425 1236; x_wconf 90' lang='lat' dir='ltr'><strong>ac</strong></span> <span class='ocrx_word' id='word_1_203' title='bbox 3451 1177 3615 1234; x_wconf 90' lang='lat' dir='ltr'><strong>malis</strong></span> <span class='ocrx_word' id='word_1_204' title='bbox 3639 1177 3728 1233; x_wconf 87' lang='lat' dir='ltr'><strong>ho-</strong></span> 
     </span>
    </p>
   </div>
   <div class='ocr_carea' id='block_1_27' title="bbox 2143 1272 3727 1343">
    <p class='ocr_par' dir='ltr' id='par_1_27' title="bbox 2143 1272 3727 1343">
     <span class='ocr_line' id='line_1_27' title="bbox 2143 1272 3727 1343; baseline -0.003 -10"><span class='ocrx_word' id='word_1_205' title='bbox 2143 1276 2385 1333; x_wconf 91' lang='lat' dir='ltr'><strong>minibus</strong></span> <span class='ocrx_word' id='word_1_206' title='bbox 2407 1276 2594 1334; x_wconf 85' lang='lat' dir='ltr'><strong>sedem</strong></span> <span class='ocrx_word' id='word_1_207' title='bbox 2625 1275 2726 1332; x_wconf 86' lang='lat' dir='ltr'><strong>sibi</strong></span> <span class='ocrx_word' id='word_1_208' title='bbox 2762 1275 3072 1343; x_wconf 86' lang='lat' dir='ltr'><strong>constituit,</strong></span> <span class='ocrx_word' id='word_1_209' title='bbox 3104 1285 3164 1332; x_wconf 92' lang='lat' dir='ltr'><strong>ut</strong></span> <span class='ocrx_word' id='word_1_210' title='bbox 3205 1276 3259 1331; x_wconf 93' lang='lat' dir='ltr'><strong>in</strong></span> <span class='ocrx_word' id='word_1_211' title='bbox 3287 1275 3369 1331; x_wconf 89' lang='lat' dir='ltr'><strong>eis</strong></span> <span class='ocrx_word' id='word_1_212' title='bbox 3390 1274 3542 1330; x_wconf 88' lang='lat' dir='ltr'><strong>velut</strong></span> <span class='ocrx_word' id='word_1_213' title='bbox 3578 1272 3727 1328; x_wconf 86' lang='lat' dir='ltr'><strong>durus</strong></span> 
     </span>
    </p>
   </div>
   <div class='ocr_carea' id='block_1_28' title="bbox 2141 1370 3728 1444">
    <p class='ocr_par' dir='ltr' id='par_1_28' title="bbox 2141 1370 3728 1444">
     <span class='ocr_line' id='line_1_28' title="bbox 2141 1370 3728 1444; baseline -0.002 -16"><span class='ocrx_word' id='word_1_214' title='bbox 2141 1370 2443 1442; x_wconf 89' lang='lat' dir='ltr'><strong>dominus,</strong></span> <span class='ocrx_word' id='word_1_215' title='bbox 2489 1380 2546 1429; x_wconf 90' lang='lat' dir='ltr'><strong>et</strong></span> <span class='ocrx_word' id='word_1_216' title='bbox 2597 1387 2690 1429; x_wconf 88' lang='lat' dir='ltr'><strong>rex</strong></span> <span class='ocrx_word' id='word_1_217' title='bbox 2747 1380 2872 1427; x_wconf 87' lang='lat' dir='ltr'><strong>trux</strong></span> <span class='ocrx_word' id='word_1_218' title='bbox 2925 1387 2991 1429; x_wconf 90' lang='lat' dir='ltr'><strong>ac</strong></span> <span class='ocrx_word' id='word_1_219' title='bbox 3040 1371 3453 1444; x_wconf 89' lang='lat' dir='ltr'><strong>potentissimus</strong></span> <span class='ocrx_word' id='word_1_220' title='bbox 3498 1383 3728 1426; x_wconf 57' lang='lat' dir='ltr'><strong>comnio-</strong></span> 
     </span>
    </p>
   </div>
   <div class='ocr_carea' id='block_1_29' title="bbox 2139 1472 2311 1522">
    <p class='ocr_par' dir='ltr' id='par_1_29' title="bbox 2139 1472 2311 1522">
     <span class='ocr_line' id='line_1_29' title="bbox 2139 1472 2311 1522; baseline -0.017 0"><span class='ocrx_word' id='word_1_221' title='bbox 2139 1472 2311 1522; x_wconf 88' lang='lat' dir='ltr'><strong>retur.</strong></span> 
     </span>
    </p>
   </div>
   <div class='ocr_carea' id='block_1_30' title="bbox 2212 1556 3727 1632">
    <p class='ocr_par' dir='ltr' id='par_1_30' title="bbox 2212 1556 3727 1632">
     <span class='ocr_line' id='line_1_30' title="bbox 2212 1556 3727 1632; baseline -0.001 -20"><span class='ocrx_word' id='word_1_222' title='bbox 2212 1558 2280 1614; x_wconf 86' lang='lat' dir='ltr'><strong>In</strong></span> <span class='ocrx_word' id='word_1_223' title='bbox 2301 1560 2460 1632; x_wconf 85' lang='lat' dir='ltr'><strong>petris</strong></span> <span class='ocrx_word' id='word_1_224' title='bbox 2488 1569 2677 1615; x_wconf 88' lang='lat' dir='ltr'><strong>manet.</strong></span> <span class='ocrx_word' id='word_1_225' title='bbox 2705 1559 2763 1614; x_wconf 88' lang='lat' dir='ltr'><strong>lu</strong></span> <span class='ocrx_word' id='word_1_226' title='bbox 2796 1558 3036 1615; x_wconf 80' lang='lat' dir='ltr'><strong>excelsis</strong></span> <span class='ocrx_word' id='word_1_227' title='bbox 3073 1556 3326 1615; x_wconf 86' lang='lat' dir='ltr'><strong>videlicet</strong></span> <span class='ocrx_word' id='word_1_228' title='bbox 3364 1556 3542 1627; x_wconf 86' lang='lat' dir='ltr'><strong>duris,</strong></span> <span class='ocrx_word' id='word_1_229' title='bbox 3588 1566 3642 1613; x_wconf 88' lang='lat' dir='ltr'><strong>et</strong></span> <span class='ocrx_word' id='word_1_230' title='bbox 3683 1556 3727 1612; x_wconf 87' lang='lat' dir='ltr'><strong>in</strong></span> 
     </span>
    </p>
   </div>
   <div class='ocr_carea' id='block_1_31' title="bbox 2139 1649 3176 1707">
    <p class='ocr_par' dir='ltr' id='par_1_31' title="bbox 2139 1649 3176 1707">
     <span class='ocr_line' id='line_1_31' title="bbox 2139 1649 3176 1707; baseline 0 -2"><span class='ocrx_word' id='word_1_231' title='bbox 2139 1649 2352 1706; x_wconf 87' lang='lat' dir='ltr'><strong>malitia</strong></span> <span class='ocrx_word' id='word_1_232' title='bbox 2382 1650 2618 1707; x_wconf 79' lang='lat' dir='ltr'><strong>fortibus</strong></span> <span class='ocrx_word' id='word_1_233' title='bbox 2648 1659 2833 1706; x_wconf 89' lang='lat' dir='ltr'><strong>manet</strong></span> <span class='ocrx_word' id='word_1_234' title='bbox 2853 1658 2910 1706; x_wconf 88' lang='lat' dir='ltr'><strong>et</strong></span> <span class='ocrx_word' id='word_1_235' title='bbox 2940 1649 3176 1707; x_wconf 84' lang='lat' dir='ltr'><strong>habitat.</strong></span> 
     </span>
    </p>
   </div>
   <div class='ocr_carea' id='block_1_32' title="bbox 2210 1739 3729 1816">
    <p class='ocr_par' dir='ltr' id='par_1_32' title="bbox 2210 1739 3729 1816">
     <span class='ocr_line' id='line_1_32' title="bbox 2210 1739 3729 1816; baseline -0.001 -20"><span class='ocrx_word' id='word_1_236' title='bbox 2210 1739 2280 1797; x_wconf 85' lang='lat' dir='ltr'><strong>Et</strong></span> <span class='ocrx_word' id='word_1_237' title='bbox 2303 1745 2356 1797; x_wconf 87' lang='lat' dir='ltr'><strong>in</strong></span> <span class='ocrx_word' id='word_1_238' title='bbox 2386 1743 2664 1816; x_wconf 75' lang='lat' dir='ltr'><strong>prteruptis</strong></span> <span class='ocrx_word' id='word_1_239' title='bbox 2686 1741 2921 1797; x_wconf 81' lang='lat' dir='ltr'><strong>silicibus</strong></span> <span class='ocrx_word' id='word_1_240' title='bbox 2952 1750 3317 1797; x_wconf 81' lang='lat' dir='ltr'><strong>commoratur.</strong></span> <span class='ocrx_word' id='word_1_241' title='bbox 3344 1740 3645 1811; x_wconf 59' lang='lat' dir='ltr'><strong>Praerupta:</strong></span> <span class='ocrx_word' id='word_1_242' title='bbox 3667 1741 3729 1795; x_wconf 87' lang='lat' dir='ltr'><strong>si-</strong></span> 
     </span>
    </p>
   </div>
   <div class='ocr_carea' id='block_1_33' title="bbox 426 1827 3725 1924">
    <p class='ocr_par' dir='ltr' id='par_1_33' title="bbox 426 1827 3725 1924">
     <span class='ocr_line' id='line_1_33' title="bbox 426 1827 3725 1924; baseline -0.005 -18"><span class='ocrx_word' id='word_1_243' title='bbox 426 1845 659 1919; x_wconf 69' lang='lat' dir='ltr'><strong>Spiritus</strong></span> <span class='ocrx_word' id='word_1_244' title='bbox 684 1845 738 1900; x_wconf 90' lang='lat' dir='ltr'><strong>in</strong></span> <span class='ocrx_word' id='word_1_245' title='bbox 761 1840 1066 1915; x_wconf 88' lang='lat' dir='ltr'><strong>Evangelio</strong></span> <span class='ocrx_word' id='word_1_246' title='bbox 1092 1840 1195 1895; x_wconf 88' lang='lat' dir='ltr'><strong>hoc</strong></span> <span class='ocrx_word' id='word_1_247' title='bbox 1233 1839 1411 1909; x_wconf 90' lang='lat' dir='ltr'><strong>ipsum</strong></span> <span class='ocrx_word' id='word_1_248' title='bbox 1443 1834 1758 1924; x_wconf 75' lang='lat' dir='ltr'><strong>signiﬁcare</strong></span> <span class='ocrx_word' id='word_1_249' title='bbox 1772 1839 2030 1924; x_wconf 86' lang='lat' dir='ltr'><strong>possunt,</strong></span> <span class='ocrx_word' id='word_1_250' title='bbox 2068 1827 2114 1888; x_wconf 84' lang='grc' dir='ltr'><strong>Β</strong></span> <span class='ocrx_word' id='word_1_251' title='bbox 2142 1833 2276 1891; x_wconf 87' lang='lat' dir='ltr'><strong>lices</strong></span> <span class='ocrx_word' id='word_1_252' title='bbox 2302 1836 2688 1907; x_wconf 82' lang='lat' dir='ltr'><strong>intelliguntur</strong></span> <span class='ocrx_word' id='word_1_253' title='bbox 2731 1834 3183 1924; x_wconf 73' lang='lat' dir='ltr'><strong>blasphemi,qui</strong></span> <span class='ocrx_word' id='word_1_254' title='bbox 3210 1843 3338 1890; x_wconf 88' lang='lat' dir='ltr'><strong>sunt</strong></span> <span class='ocrx_word' id='word_1_255' title='bbox 3379 1834 3610 1890; x_wconf 91' lang='lat' dir='ltr'><strong>nimium</strong></span> <span class='ocrx_word' id='word_1_256' title='bbox 3638 1835 3725 1888; x_wconf 82' lang='lat' dir='ltr'><strong>du-</strong></span> 
     </span>
    </p>
   </div>
   <div class='ocr_carea' id='block_1_34' title="bbox 426 1922 2033 2013">
    <p class='ocr_par' dir='ltr' id='par_1_34' title="bbox 426 1922 2033 2013">
     <span class='ocr_line' id='line_1_34' title="bbox 426 1922 2033 2013; baseline -0.014 -15"><span class='ocrx_word' id='word_1_257' title='bbox 426 1939 525 2013; x_wconf 90' lang='lat' dir='ltr'><strong>qui</strong></span> <span class='ocrx_word' id='word_1_258' title='bbox 554 1952 679 1997; x_wconf 91' lang='lat' dir='ltr'><strong>cum</strong></span> <span class='ocrx_word' id='word_1_259' title='bbox 715 1935 1033 1992; x_wconf 89' lang='lat' dir='ltr'><strong>hominibus</strong></span> <span class='ocrx_word' id='word_1_260' title='bbox 1060 1927 1381 1997; x_wconf 88' lang='lat' dir='ltr'><strong>immundis,</strong></span> <span class='ocrx_word' id='word_1_261' title='bbox 1405 1935 1462 1984; x_wconf 91' lang='lat' dir='ltr'><strong>et</strong></span> <span class='ocrx_word' id='word_1_262' title='bbox 1484 1922 1873 1998; x_wconf 87' lang='lat' dir='ltr'><strong>peccatoribus</strong></span> <span class='ocrx_word' id='word_1_263' title='bbox 1902 1936 2033 1993; x_wconf 83' lang='lat' dir='ltr'><strong>por-</strong></span> 
     </span>
    </p>
   </div>
   <div class='ocr_carea' id='block_1_35' title="bbox 425 2014 2027 2091">
    <p class='ocr_par' dir='ltr' id='par_1_35' title="bbox 425 2014 2027 2091">
     <span class='ocr_line' id='line_1_35' title="bbox 425 2014 2027 2091; baseline -0.014 -1"><span class='ocrx_word' id='word_1_264' title='bbox 425 2046 622 2090; x_wconf 88' lang='lat' dir='ltr'><strong>corum</strong></span> <span class='ocrx_word' id='word_1_265' title='bbox 663 2028 890 2085; x_wconf 90' lang='lat' dir='ltr'><strong>nomine</strong></span> <span class='ocrx_word' id='word_1_266' title='bbox 936 2025 1214 2091; x_wconf 86' lang='lat' dir='ltr'><strong>indicatis,</strong></span> <span class='ocrx_word' id='word_1_267' title='bbox 1262 2022 1316 2077; x_wconf 93' lang='lat' dir='ltr'><strong>in</strong></span> <span class='ocrx_word' id='word_1_268' title='bbox 1349 2033 1500 2075; x_wconf 90' lang='lat' dir='ltr'><strong>mare</strong></span> <span class='ocrx_word' id='word_1_269' title='bbox 1522 2014 1844 2090; x_wconf 66' lang='lat' dir='ltr'><strong>praecipitati</strong></span> <span class='ocrx_word' id='word_1_270' title='bbox 1880 2025 2027 2069; x_wconf 83' lang='lat' dir='ltr'><strong>sunt.</strong></span> 
     </span>
    </p>
   </div>
   <div class='ocr_carea' id='block_1_36' title="bbox 425 2108 2030 2184">
    <p class='ocr_par' dir='ltr' id='par_1_36' title="bbox 425 2108 2030 2184">
     <span class='ocr_line' id='line_1_36' title="bbox 425 2108 2030 2184; baseline -0.012 -2"><span class='ocrx_word' id='word_1_271' title='bbox 425 2123 532 2184; x_wconf 90' lang='lat' dir='ltr'><strong>Ubi</strong></span> <span class='ocrx_word' id='word_1_272' title='bbox 558 2136 690 2179; x_wconf 86' lang='lat' dir='ltr'><strong>vero</strong></span> <span class='ocrx_word' id='word_1_273' title='bbox 722 2120 972 2177; x_wconf 87' lang='lat' dir='ltr'><strong>eamdem</strong></span> <span class='ocrx_word' id='word_1_274' title='bbox 1002 2119 1258 2174; x_wconf 85' lang='lat' dir='ltr'><strong>arborem</strong></span> <span class='ocrx_word' id='word_1_275' title='bbox 1290 2112 1583 2171; x_wconf 84' lang='lat' dir='ltr'><strong>Dominum</strong></span> <span class='ocrx_word' id='word_1_276' title='bbox 1608 2108 1905 2181; x_wconf 74' lang='lat' dir='ltr'><strong>significari</strong></span> <span class='ocrx_word' id='word_1_277' title='bbox 1935 2121 2030 2163; x_wconf 90' lang='lat' dir='ltr'><strong>vo-</strong></span> 
     </span>
    </p>
   </div>
   <div class='ocr_carea' id='block_1_37' title="bbox 420 2201 2031 2284">
    <p class='ocr_par' dir='ltr' id='par_1_37' title="bbox 420 2201 2031 2284">
     <span class='ocr_line' id='line_1_37' title="bbox 420 2201 2031 2284; baseline -0.011 -8"><span class='ocrx_word' id='word_1_278' title='bbox 420 2217 681 2284; x_wconf 88' lang='lat' dir='ltr'><strong>luerunt,</strong></span> <span class='ocrx_word' id='word_1_279' title='bbox 737 2215 808 2271; x_wconf 86' lang='lat' dir='ltr'><strong>ita</strong></span> <span class='ocrx_word' id='word_1_280' title='bbox 859 2211 1205 2283; x_wconf 84' lang='lat' dir='ltr'><strong>interpretati</strong></span> <span class='ocrx_word' id='word_1_281' title='bbox 1249 2215 1406 2271; x_wconf 90' lang='lat' dir='ltr'><strong>sunt,</strong></span> <span class='ocrx_word' id='word_1_282' title='bbox 1449 2205 1595 2278; x_wconf 87' lang='lat' dir='ltr'><strong>quod</strong></span> <span class='ocrx_word' id='word_1_283' title='bbox 1642 2201 2031 2273; x_wconf 62' lang='lat' dir='ltr'><strong>pradicatione</strong></span> 
     </span>
    </p>
   </div>
   <div class='ocr_carea' id='block_1_38' title="bbox 420 2294 2028 2384">
    <p class='ocr_par' dir='ltr' id='par_1_38' title="bbox 420 2294 2028 2384">
     <span class='ocr_line' id='line_1_38' title="bbox 420 2294 2028 2384; baseline -0.012 -15"><span class='ocrx_word' id='word_1_284' title='bbox 420 2311 824 2384; x_wconf 85' lang='lat' dir='ltr'><strong>apostolorum,</strong></span> <span class='ocrx_word' id='word_1_285' title='bbox 846 2307 940 2380; x_wconf 92' lang='lat' dir='ltr'><strong>qui</strong></span> <span class='ocrx_word' id='word_1_286' title='bbox 967 2304 1198 2377; x_wconf 83' lang='lat' dir='ltr'><strong>gratiam</strong></span> <span class='ocrx_word' id='word_1_287' title='bbox 1244 2300 1471 2366; x_wconf 86' lang='lat' dir='ltr'><strong>Christi,</strong></span> <span class='ocrx_word' id='word_1_288' title='bbox 1516 2308 1574 2355; x_wconf 90' lang='lat' dir='ltr'><strong>et</strong></span> <span class='ocrx_word' id='word_1_289' title='bbox 1613 2298 1872 2353; x_wconf 82' lang='lat' dir='ltr'><strong>virtutem</strong></span> <span class='ocrx_word' id='word_1_290' title='bbox 1900 2294 2028 2351; x_wconf 80' lang='lat' dir='ltr'><strong>ﬁdei</strong></span> 
     </span>
    </p>
   </div>
   <div class='ocr_carea' id='block_1_39' title="bbox 419 2390 2029 2476">
    <p class='ocr_par' dir='ltr' id='par_1_39' title="bbox 419 2390 2029 2476">
     <span class='ocr_line' id='line_1_39' title="bbox 419 2390 2029 2476; baseline -0.014 -11"><span class='ocrx_word' id='word_1_291' title='bbox 419 2411 807 2476; x_wconf 89' lang='lat' dir='ltr'><strong>susceperunt,</strong></span> <span class='ocrx_word' id='word_1_292' title='bbox 828 2400 993 2457; x_wconf 90' lang='lat' dir='ltr'><strong>arbor</strong></span> <span class='ocrx_word' id='word_1_293' title='bbox 1009 2398 1260 2455; x_wconf 88' lang='lat' dir='ltr'><strong>Christus</strong></span> <span class='ocrx_word' id='word_1_294' title='bbox 1284 2393 1544 2451; x_wconf 90' lang='lat' dir='ltr'><strong>Dominus</strong></span> <span class='ocrx_word' id='word_1_295' title='bbox 1565 2390 1875 2448; x_wconf 76' lang='lat' dir='ltr'><strong>eradicatur</strong></span> <span class='ocrx_word' id='word_1_296' title='bbox 1892 2403 2029 2461; x_wconf 90' lang='lat' dir='ltr'><strong>quo-</strong></span> 
     </span>
    </p>
   </div>
   <div class='ocr_carea' id='block_1_40' title="bbox 421 2479 2029 2562">
    <p class='ocr_par' dir='ltr' id='par_1_40' title="bbox 421 2479 2029 2562">
     <span class='ocr_line' id='line_1_40' title="bbox 421 2479 2029 2562; baseline -0.012 -8"><span class='ocrx_word' id='word_1_297' title='bbox 421 2495 720 2555; x_wconf 87' lang='lat' dir='ltr'><strong>dammodo</strong></span> <span class='ocrx_word' id='word_1_298' title='bbox 771 2493 841 2549; x_wconf 90' lang='lat' dir='ltr'><strong>de</strong></span> <span class='ocrx_word' id='word_1_299' title='bbox 897 2490 989 2547; x_wconf 88' lang='lat' dir='ltr'><strong>illa</strong></span> <span class='ocrx_word' id='word_1_300' title='bbox 1032 2498 1197 2562; x_wconf 90' lang='lat' dir='ltr'><strong>gente</strong></span> <span class='ocrx_word' id='word_1_301' title='bbox 1224 2485 1575 2551; x_wconf 71' lang='lat' dir='ltr'><strong>intimorum,</strong></span> <span class='ocrx_word' id='word_1_302' title='bbox 1619 2484 1674 2539; x_wconf 90' lang='lat' dir='ltr'><strong>in</strong></span> <span class='ocrx_word' id='word_1_303' title='bbox 1719 2496 1827 2551; x_wconf 88' lang='lat' dir='ltr'><strong>qua</strong></span> <span class='ocrx_word' id='word_1_304' title='bbox 1875 2479 2029 2537; x_wconf 82' lang='lat' dir='ltr'><strong>velut</strong></span> 
     </span>
    </p>
   </div>
   <div class='ocr_carea' id='block_1_41' title="bbox 419 2575 2027 2660">
    <p class='ocr_par' dir='ltr' id='par_1_41' title="bbox 419 2575 2027 2660">
     <span class='ocr_line' id='line_1_41' title="bbox 419 2575 2027 2660; baseline -0.013 -12"><span class='ocrx_word' id='word_1_305' title='bbox 419 2588 597 2660; x_wconf 78' lang='lat' dir='ltr'><strong>stirpe</strong></span> <span class='ocrx_word' id='word_1_306' title='bbox 622 2586 843 2659; x_wconf 89' lang='lat' dir='ltr'><strong>generis</strong></span> <span class='ocrx_word' id='word_1_307' title='bbox 873 2583 1189 2647; x_wconf 83' lang='lat' dir='ltr'><strong>tenebatur,</strong></span> <span class='ocrx_word' id='word_1_308' title='bbox 1233 2590 1285 2636; x_wconf 91' lang='lat' dir='ltr'><strong>et</strong></span> <span class='ocrx_word' id='word_1_309' title='bbox 1318 2576 1758 2648; x_wconf 87' lang='lat' dir='ltr'><strong>tranaplantatur</strong></span> <span class='ocrx_word' id='word_1_310' title='bbox 1788 2575 1842 2629; x_wconf 90' lang='lat' dir='ltr'><strong>in</strong></span> <span class='ocrx_word' id='word_1_311' title='bbox 1877 2588 2027 2629; x_wconf 88' lang='lat' dir='ltr'><strong>mare</strong></span> 
     </span>
    </p>
   </div>
   <div class='ocr_carea' id='block_1_42' title="bbox 420 2668 2026 2758">
    <p class='ocr_par' dir='ltr' id='par_1_42' title="bbox 420 2668 2026 2758">
     <span class='ocr_line' id='line_1_42' title="bbox 420 2668 2026 2758; baseline -0.014 -14"><span class='ocrx_word' id='word_1_312' title='bbox 420 2684 689 2758; x_wconf 83' lang='lat' dir='ltr'><strong>gentium,</strong></span> <span class='ocrx_word' id='word_1_313' title='bbox 722 2682 869 2738; x_wconf 89' lang='lat' dir='ltr'><strong>sicut</strong></span> <span class='ocrx_word' id='word_1_314' title='bbox 893 2679 1012 2749; x_wconf 89' lang='lat' dir='ltr'><strong>ipse</strong></span> <span class='ocrx_word' id='word_1_315' title='bbox 1042 2675 1312 2732; x_wconf 89' lang='lat' dir='ltr'><strong>Dominus</strong></span> <span class='ocrx_word' id='word_1_316' title='bbox 1339 2671 1544 2730; x_wconf 87' lang='lat' dir='ltr'><strong>eisdem</strong></span> <span class='ocrx_word' id='word_1_317' title='bbox 1576 2668 1783 2727; x_wconf 63' lang='lat' dir='ltr'><strong>ludatis</strong></span> <span class='ocrx_word' id='word_1_318' title='bbox 1810 2669 2026 2723; x_wconf 88' lang='lat' dir='ltr'><strong>loeutus</strong></span> 
     </span>
    </p>
   </div>
   <div class='ocr_carea' id='block_1_43' title="bbox 418 2762 2029 2847">
    <p class='ocr_par' dir='ltr' id='par_1_43' title="bbox 418 2762 2029 2847">
     <span class='ocr_line' id='line_1_43' title="bbox 418 2762 2029 2847; baseline -0.014 -7"><span class='ocrx_word' id='word_1_319' title='bbox 418 2788 531 2847; x_wconf 86' lang='lat' dir='ltr'><strong>est,</strong></span> <span class='ocrx_word' id='word_1_320' title='bbox 563 2778 789 2836; x_wconf 89' lang='lat' dir='ltr'><strong>dicens:</strong></span> <span class='ocrx_word' id='word_1_321' title='bbox 823 2775 1106 2846; x_wconf 76' lang='lat' dir='ltr'><strong>Auferetur</strong></span> <span class='ocrx_word' id='word_1_322' title='bbox 1135 2786 1169 2825; x_wconf 80' lang='grc' dir='ltr'><strong>α</strong></span> <span class='ocrx_word' id='word_1_323' title='bbox 1188 2769 1330 2825; x_wconf 84' lang='lat' dir='ltr'><strong>vobis</strong></span> <span class='ocrx_word' id='word_1_324' title='bbox 1352 2782 1572 2840; x_wconf 81' lang='lat' dir='ltr'><strong>regnum</strong></span> <span class='ocrx_word' id='word_1_325' title='bbox 1605 2763 1721 2833; x_wconf 86' lang='lat' dir='ltr'><strong>Dei,</strong></span> <span class='ocrx_word' id='word_1_326' title='bbox 1746 2772 1794 2819; x_wconf 87' lang='lat' dir='ltr'><strong>et</strong></span> <span class='ocrx_word' id='word_1_327' title='bbox 1821 2762 2029 2817; x_wconf 85' lang='lat' dir='ltr'><strong>dabitur</strong></span> 
     </span>
    </p>
   </div>
   <div class='ocr_carea' id='block_1_44' title="bbox 418 2867 1225 2947">
    <p class='ocr_par' dir='ltr' id='par_1_44' title="bbox 418 2867 1225 2947">
     <span class='ocr_line' id='line_1_44' title="bbox 418 2867 1225 2947; baseline -0.016 -18"><span class='ocrx_word' id='word_1_328' title='bbox 418 2872 559 2947; x_wconf 80' lang='lat' dir='ltr'><strong>genti</strong></span> <span class='ocrx_word' id='word_1_329' title='bbox 586 2869 796 2944; x_wconf 78' lang='lat' dir='ltr'><strong>facienti</strong></span> <span class='ocrx_word' id='word_1_330' title='bbox 826 2867 1058 2939; x_wconf 79' lang='lat' dir='ltr'><strong>fructum</strong></span> <span class='ocrx_word' id='word_1_331' title='bbox 1087 2867 1225 2936; x_wconf 84' lang='lat' dir='ltr'><strong>ejus.</strong></span> 
     </span>
    </p>
   </div>
   <div class='ocr_carea' id='block_1_45' title="bbox 500 2949 2022 3032">
    <p class='ocr_par' dir='ltr' id='par_1_45' title="bbox 500 2949 2022 3032">
     <span class='ocr_line' id='line_1_45' title="bbox 500 2949 2022 3032; baseline -0.011 -14"><span class='ocrx_word' id='word_1_332' title='bbox 500 2961 772 3032; x_wconf 85' lang='lat' dir='ltr'><strong>Numquid</strong></span> <span class='ocrx_word' id='word_1_333' title='bbox 808 2973 899 3030; x_wconf 90' lang='lat' dir='ltr'><strong>per</strong></span> <span class='ocrx_word' id='word_1_334' title='bbox 938 2956 1251 3027; x_wconf 72' lang='lat' dir='ltr'><strong>sapientiam</strong></span> <span class='ocrx_word' id='word_1_335' title='bbox 1290 2962 1433 3009; x_wconf 75' lang='lat' dir='ltr'><strong>tuam</strong></span> <span class='ocrx_word' id='word_1_336' title='bbox 1462 2950 1732 3019; x_wconf 81' lang='lat' dir='ltr'><strong>plumescit</strong></span> <span class='ocrx_word' id='word_1_337' title='bbox 1756 2949 2022 3022; x_wconf 81' lang='lat' dir='ltr'><strong>accipiter,</strong></span> 
     </span>
    </p>
   </div>
   <div class='ocr_carea' id='block_1_46' title="bbox 418 3044 2026 3128">
    <p class='ocr_par' dir='ltr' id='par_1_46' title="bbox 418 3044 2026 3128">
     <span class='ocr_line' id='line_1_46' title="bbox 418 3044 2026 3128; baseline -0.009 -17"><span class='ocrx_word' id='word_1_338' title='bbox 418 3055 723 3128; x_wconf 67' lang='lat' dir='ltr'><strong>mandens</strong></span> <span class='ocrx_word' id='word_1_339' title='bbox 743 3052 857 3107; x_wconf 89' lang='lat' dir='ltr'><strong>aias</strong></span> <span class='ocrx_word' id='word_1_340' title='bbox 886 3065 1008 3106; x_wconf 86' lang='lat' dir='ltr'><strong>suas</strong></span> <span class='ocrx_word' id='word_1_341' title='bbox 1046 3047 1117 3103; x_wconf 86' lang='lat' dir='ltr'><strong>ad</strong></span> <span class='ocrx_word' id='word_1_342' title='bbox 1145 3047 1422 3102; x_wconf 86' lang='lat' dir='ltr'><strong>austrum?</strong></span> <span class='ocrx_word' id='word_1_343' title='bbox 1459 3044 1817 3116; x_wconf 85' lang='lat' dir='ltr'><strong>Consequens</strong></span> <span class='ocrx_word' id='word_1_344' title='bbox 1854 3051 1942 3099; x_wconf 88' lang='lat' dir='ltr'><strong>est</strong></span> <span class='ocrx_word' id='word_1_345' title='bbox 1969 3052 2026 3097; x_wconf 88' lang='grc' dir='ltr'><strong>ιιι</strong></span> 
     </span>
    </p>
   </div>
   <div class='ocr_carea' id='block_1_47' title="bbox 419 3137 2022 3218">
    <p class='ocr_par' dir='ltr' id='par_1_47' title="bbox 419 3137 2022 3218">
     <span class='ocr_line' id='line_1_47' title="bbox 419 3137 2022 3218; baseline -0.01 -11"><span class='ocrx_word' id='word_1_346' title='bbox 419 3149 572 3208; x_wconf 89' lang='lat' dir='ltr'><strong>hunc</strong></span> <span class='ocrx_word' id='word_1_347' title='bbox 626 3146 947 3218; x_wconf 84' lang='lat' dir='ltr'><strong>accipitrem</strong></span> <span class='ocrx_word' id='word_1_348' title='bbox 995 3145 1049 3199; x_wconf 91' lang='lat' dir='ltr'><strong>in</strong></span> <span class='ocrx_word' id='word_1_349' title='bbox 1105 3143 1305 3198; x_wconf 89' lang='lat' dir='ltr'><strong>bonam</strong></span> <span class='ocrx_word' id='word_1_350' title='bbox 1355 3150 1569 3212; x_wconf 90' lang='lat' dir='ltr'><strong>partem</strong></span> <span class='ocrx_word' id='word_1_351' title='bbox 1616 3137 2022 3208; x_wconf 88' lang='lat' dir='ltr'><strong>intelligamus,</strong></span> 
     </span>
    </p>
   </div>
   <div class='ocr_carea' id='block_1_48' title="bbox 2135 1926 3731 2000">
    <p class='ocr_par' dir='ltr' id='par_1_48' title="bbox 2135 1926 3731 2000">
     <span class='ocr_line' id='line_1_48' title="bbox 2135 1926 3731 2000; baseline -0.001 -18"><span class='ocrx_word' id='word_1_352' title='bbox 2135 1928 2213 1983; x_wconf 90' lang='lat' dir='ltr'><strong>ris</strong></span> <span class='ocrx_word' id='word_1_353' title='bbox 2245 1937 2303 1984; x_wconf 87' lang='lat' dir='ltr'><strong>et</strong></span> <span class='ocrx_word' id='word_1_354' title='bbox 2325 1928 2607 1985; x_wconf 91' lang='lat' dir='ltr'><strong>indomitis</strong></span> <span class='ocrx_word' id='word_1_355' title='bbox 2634 1926 2919 1997; x_wconf 86' lang='lat' dir='ltr'><strong>cordibus,</strong></span> <span class='ocrx_word' id='word_1_356' title='bbox 2960 1927 3201 2000; x_wconf 89' lang='lat' dir='ltr'><strong>atquein</strong></span> <span class='ocrx_word' id='word_1_357' title='bbox 3232 1928 3449 1983; x_wconf 88' lang='lat' dir='ltr'><strong>ruinam</strong></span> <span class='ocrx_word' id='word_1_358' title='bbox 3478 1941 3635 1983; x_wconf 85' lang='lat' dir='ltr'><strong>suam</strong></span> <span class='ocrx_word' id='word_1_359' title='bbox 3661 1928 3731 1982; x_wconf 92' lang='lat' dir='ltr'><strong>in-</strong></span> 
     </span>
    </p>
   </div>
   <div class='ocr_carea' id='block_1_49' title="bbox 2143 2020 3419 2094">
    <p class='ocr_par' dir='ltr' id='par_1_49' title="bbox 2143 2020 3419 2094">
     <span class='ocr_line' id='line_1_49' title="bbox 2143 2020 3419 2094; baseline -0.001 -17"><span class='ocrx_word' id='word_1_360' title='bbox 2143 2020 2350 2077; x_wconf 76' lang='lat' dir='ltr'><strong>clinato</strong></span> <span class='ocrx_word' id='word_1_361' title='bbox 2383 2031 2736 2093; x_wconf 83' lang='lat' dir='ltr'><strong>peccatorum</strong></span> <span class='ocrx_word' id='word_1_362' title='bbox 2762 2021 3002 2094; x_wconf 87' lang='lat' dir='ltr'><strong>pondere</strong></span> <span class='ocrx_word' id='word_1_363' title='bbox 3025 2021 3419 2093; x_wconf 84' lang='lat' dir='ltr'><strong>dependentes.</strong></span> 
     </span>
    </p>
   </div>
   <div class='ocr_carea' id='block_1_50' title="bbox 2209 2115 3736 2192">
    <p class='ocr_par' dir='ltr' id='par_1_50' title="bbox 2209 2115 3736 2192">
     <span class='ocr_line' id='line_1_50' title="bbox 2209 2115 3736 2192; baseline 0.001 -21"><span class='ocrx_word' id='word_1_364' title='bbox 2209 2115 2376 2190; x_wconf 78' lang='lat' dir='ltr'><strong>Atque</strong></span> <span class='ocrx_word' id='word_1_365' title='bbox 2423 2118 2699 2174; x_wconf 82' lang='lat' dir='ltr'><strong>inaccessis</strong></span> <span class='ocrx_word' id='word_1_366' title='bbox 2748 2117 2987 2192; x_wconf 81' lang='lat' dir='ltr'><strong>rupibus.</strong></span> <span class='ocrx_word' id='word_1_367' title='bbox 3042 2117 3345 2174; x_wconf 72' lang='lat' dir='ltr'><strong>lnaccessa:</strong></span> <span class='ocrx_word' id='word_1_368' title='bbox 3392 2131 3529 2173; x_wconf 84' lang='lat' dir='ltr'><strong>vero</strong></span> <span class='ocrx_word' id='word_1_369' title='bbox 3584 2130 3736 2188; x_wconf 84' lang='lat' dir='ltr'><strong>rupes</strong></span> 
     </span>
    </p>
   </div>
   <div class='ocr_carea' id='block_1_51' title="bbox 2133 2209 3731 2283">
    <p class='ocr_par' dir='ltr' id='par_1_51' title="bbox 2133 2209 3731 2283">
     <span class='ocr_line' id='line_1_51' title="bbox 2133 2209 3731 2283; baseline -0.001 -18"><span class='ocrx_word' id='word_1_370' title='bbox 2133 2216 2265 2266; x_wconf 90' lang='lat' dir='ltr'><strong>sunt</strong></span> <span class='ocrx_word' id='word_1_371' title='bbox 2290 2209 2545 2268; x_wconf 89' lang='lat' dir='ltr'><strong>homines</strong></span> <span class='ocrx_word' id='word_1_372' title='bbox 2573 2214 2812 2283; x_wconf 88' lang='lat' dir='ltr'><strong>porrecti</strong></span> <span class='ocrx_word' id='word_1_373' title='bbox 2842 2212 2898 2269; x_wconf 91' lang='lat' dir='ltr'><strong>in</strong></span> <span class='ocrx_word' id='word_1_374' title='bbox 2929 2211 3117 2280; x_wconf 84' lang='lat' dir='ltr'><strong>altum,</strong></span> <span class='ocrx_word' id='word_1_375' title='bbox 3146 2212 3312 2267; x_wconf 90' lang='lat' dir='ltr'><strong>nimia</strong></span> <span class='ocrx_word' id='word_1_376' title='bbox 3344 2210 3590 2267; x_wconf 80' lang='lat' dir='ltr'><strong>elatione</strong></span> <span class='ocrx_word' id='word_1_377' title='bbox 3620 2226 3731 2266; x_wconf 88' lang='lat' dir='ltr'><strong>eor-</strong></span> 
     </span>
    </p>
   </div>
   <div class='ocr_carea' id='block_1_52' title="bbox 2128 2301 3735 2378">
    <p class='ocr_par' dir='ltr' id='par_1_52' title="bbox 2128 2301 3735 2378">
     <span class='ocr_line' id='line_1_52' title="bbox 2128 2301 3735 2378; baseline -0.001 -18"><span class='ocrx_word' id='word_1_378' title='bbox 2128 2301 2217 2360; x_wconf 86' lang='lat' dir='ltr'><strong>dis</strong></span> <span class='ocrx_word' id='word_1_379' title='bbox 2260 2305 2367 2372; x_wconf 89' lang='lat' dir='ltr'><strong>sui,</strong></span> <span class='ocrx_word' id='word_1_380' title='bbox 2391 2305 2460 2360; x_wconf 88' lang='lat' dir='ltr'><strong>ad</strong></span> <span class='ocrx_word' id='word_1_381' title='bbox 2488 2321 2721 2378; x_wconf 89' lang='lat' dir='ltr'><strong>quorum</strong></span> <span class='ocrx_word' id='word_1_382' title='bbox 2750 2305 3089 2377; x_wconf 85' lang='lat' dir='ltr'><strong>superbiam,</strong></span> <span class='ocrx_word' id='word_1_383' title='bbox 3121 2320 3242 2376; x_wconf 64' lang='lat' dir='ltr'><strong>quas</strong></span> <span class='ocrx_word' id='word_1_384' title='bbox 3270 2303 3353 2362; x_wconf 89' lang='lat' dir='ltr'><strong>eis</strong></span> <span class='ocrx_word' id='word_1_385' title='bbox 3382 2318 3547 2376; x_wconf 83' lang='lat' dir='ltr'><strong>supra</strong></span> <span class='ocrx_word' id='word_1_386' title='bbox 3579 2313 3735 2359; x_wconf 63' lang='grc' dir='ltr'>επιε-</span> 
     </span>
    </p>
   </div>
   <div class='ocr_carea' id='block_1_53' title="bbox 2130 2398 3734 2471">
    <p class='ocr_par' dir='ltr' id='par_1_53' title="bbox 2130 2398 3734 2471">
     <span class='ocr_line' id='line_1_53' title="bbox 2130 2398 3734 2471; baseline -0.001 -19"><span class='ocrx_word' id='word_1_387' title='bbox 2130 2410 2224 2452; x_wconf 92' lang='lat' dir='ltr'><strong>ros</strong></span> <span class='ocrx_word' id='word_1_388' title='bbox 2254 2399 2405 2469; x_wconf 89' lang='lat' dir='ltr'><strong>quasi</strong></span> <span class='ocrx_word' id='word_1_389' title='bbox 2436 2398 2715 2471; x_wconf 86' lang='lat' dir='ltr'><strong>singulare</strong></span> <span class='ocrx_word' id='word_1_390' title='bbox 2745 2398 2812 2455; x_wconf 89' lang='lat' dir='ltr'><strong>ad</strong></span> <span class='ocrx_word' id='word_1_391' title='bbox 2843 2398 3124 2471; x_wconf 82' lang='lat' dir='ltr'><strong>prOprium</strong></span> <span class='ocrx_word' id='word_1_392' title='bbox 3156 2399 3358 2454; x_wconf 87' lang='lat' dir='ltr'><strong>malum</strong></span> <span class='ocrx_word' id='word_1_393' title='bbox 3405 2399 3512 2467; x_wconf 88' lang='lat' dir='ltr'><strong>sit,</strong></span> <span class='ocrx_word' id='word_1_394' title='bbox 3556 2398 3734 2455; x_wconf 86' lang='lat' dir='ltr'><strong>nullus</strong></span> 
     </span>
    </p>
   </div>
   <div class='ocr_carea' id='block_1_54' title="bbox 2139 2491 2388 2547">
    <p class='ocr_par' dir='ltr' id='par_1_54' title="bbox 2139 2491 2388 2547">
     <span class='ocr_line' id='line_1_54' title="bbox 2139 2491 2388 2547; baseline 0 -2"><span class='ocrx_word' id='word_1_395' title='bbox 2139 2491 2388 2547; x_wconf 86' lang='lat' dir='ltr'><strong>accedat.</strong></span> 
     </span>
    </p>
   </div>
   <div class='ocr_carea' id='block_1_55' title="bbox 2200 2580 3730 2659">
    <p class='ocr_par' dir='ltr' id='par_1_55' title="bbox 2200 2580 3730 2659">
     <span class='ocr_line' id='line_1_55' title="bbox 2200 2580 3730 2659; baseline 0.003 -22"><span class='ocrx_word' id='word_1_396' title='bbox 2200 2580 2229 2637; x_wconf 85' lang='grc'><strong><em>1</em></strong></span> <span class='ocrx_word' id='word_1_397' title='bbox 2235 2583 2335 2639; x_wconf 81' lang='lat' dir='ltr'><strong>nde</strong></span> <span class='ocrx_word' id='word_1_398' title='bbox 2347 2584 2723 2652; x_wconf 82' lang='lat' dir='ltr'><strong>contemplatur</strong></span> <span class='ocrx_word' id='word_1_399' title='bbox 2735 2600 2919 2641; x_wconf 84' lang='lat' dir='ltr'><strong>escam.</strong></span> <span class='ocrx_word' id='word_1_400' title='bbox 2938 2584 3043 2642; x_wconf 84' lang='lat' dir='ltr'><strong>Per</strong></span> <span class='ocrx_word' id='word_1_401' title='bbox 3053 2586 3176 2642; x_wconf 91' lang='lat' dir='ltr'><strong>illos</strong></span> <span class='ocrx_word' id='word_1_402' title='bbox 3192 2586 3377 2658; x_wconf 85' lang='lat' dir='ltr'><strong>utique</strong></span> <span class='ocrx_word' id='word_1_403' title='bbox 3390 2601 3531 2659; x_wconf 88' lang='lat' dir='ltr'><strong>quos</strong></span> <span class='ocrx_word' id='word_1_404' title='bbox 3551 2601 3730 2659; x_wconf 86' lang='lat' dir='ltr'><strong>super-</strong></span> 
     </span>
    </p>
   </div>
   <div class='ocr_carea' id='block_1_56' title="bbox 2130 2676 3735 2750">
    <p class='ocr_par' dir='ltr' id='par_1_56' title="bbox 2130 2676 3735 2750">
     <span class='ocr_line' id='line_1_56' title="bbox 2130 2676 3735 2750; baseline -0.002 -17"><span class='ocrx_word' id='word_1_405' title='bbox 2130 2676 2221 2733; x_wconf 88' lang='lat' dir='ltr'><strong>bia</strong></span> <span class='ocrx_word' id='word_1_406' title='bbox 2240 2678 2465 2732; x_wconf 89' lang='lat' dir='ltr'><strong>nimium</strong></span> <span class='ocrx_word' id='word_1_407' title='bbox 2484 2677 2659 2749; x_wconf 85' lang='lat' dir='ltr'><strong>elatos</strong></span> <span class='ocrx_word' id='word_1_408' title='bbox 2677 2679 2939 2745; x_wconf 74' lang='lat' dir='ltr'><strong>diximus,</strong></span> <span class='ocrx_word' id='word_1_409' title='bbox 2958 2693 3094 2750; x_wconf 90' lang='lat' dir='ltr'><strong>quos</strong></span> <span class='ocrx_word' id='word_1_410' title='bbox 3112 2678 3525 2745; x_wconf 71' lang='lat' dir='ltr'><strong>haeresiarchas,</strong></span> <span class='ocrx_word' id='word_1_411' title='bbox 3541 2678 3735 2734; x_wconf 75' lang='lat' dir='ltr'><strong>autin-</strong></span> 
     </span>
    </p>
   </div>
   <div class='ocr_carea' id='block_1_57' title="bbox 2128 2767 3734 2842">
    <p class='ocr_par' dir='ltr' id='par_1_57' title="bbox 2128 2767 3734 2842">
     <span class='ocr_line' id='line_1_57' title="bbox 2128 2767 3734 2842; baseline -0.001 -18"><span class='ocrx_word' id='word_1_412' title='bbox 2128 2767 2301 2837; x_wconf 67' lang='lat' dir='ltr'><strong>dazos,</strong></span> <span class='ocrx_word' id='word_1_413' title='bbox 2336 2770 2453 2826; x_wconf 88' lang='lat' dir='ltr'><strong>sive</strong></span> <span class='ocrx_word' id='word_1_414' title='bbox 2477 2770 2752 2840; x_wconf 84' lang='lat' dir='ltr'><strong>sapientes</strong></span> <span class='ocrx_word' id='word_1_415' title='bbox 2780 2769 2990 2839; x_wconf 71' lang='lat' dir='ltr'><strong>smenli,</strong></span> <span class='ocrx_word' id='word_1_416' title='bbox 3027 2770 3077 2824; x_wconf 91' lang='lat' dir='ltr'><strong>id</strong></span> <span class='ocrx_word' id='word_1_417' title='bbox 3109 2778 3216 2839; x_wconf 87' lang='lat' dir='ltr'><strong>est,</strong></span> <span class='ocrx_word' id='word_1_418' title='bbox 3248 2769 3631 2842; x_wconf 79' lang='lat' dir='ltr'><strong>piliiOSttphos,</strong></span> <span class='ocrx_word' id='word_1_419' title='bbox 3659 2769 3734 2824; x_wconf 63' lang='lat' dir='ltr'><strong>in.</strong></span> 
     </span>
    </p>
   </div>
   <div class='ocr_carea' id='block_1_58' title="bbox 2130 2862 3738 2937">
    <p class='ocr_par' dir='ltr' id='par_1_58' title="bbox 2130 2862 3738 2937">
     <span class='ocr_line' id='line_1_58' title="bbox 2130 2862 3738 2937; baseline -0.001 -18"><span class='ocrx_word' id='word_1_420' title='bbox 2130 2862 2459 2936; x_wconf 87' lang='lat' dir='ltr'><strong>telligimus;</strong></span> <span class='ocrx_word' id='word_1_421' title='bbox 2486 2865 2726 2935; x_wconf 82' lang='lat' dir='ltr'><strong>perditos</strong></span> <span class='ocrx_word' id='word_1_422' title='bbox 2754 2880 3004 2937; x_wconf 87' lang='lat' dir='ltr'><strong>quosque</strong></span> <span class='ocrx_word' id='word_1_423' title='bbox 3030 2864 3158 2921; x_wconf 87' lang='lat' dir='ltr'><strong>dum</strong></span> <span class='ocrx_word' id='word_1_424' title='bbox 3196 2879 3293 2921; x_wconf 89' lang='lat' dir='ltr'><strong>eos</strong></span> <span class='ocrx_word' id='word_1_425' title='bbox 3322 2865 3607 2920; x_wconf 85' lang='lat' dir='ltr'><strong>erroribus</strong></span> <span class='ocrx_word' id='word_1_426' title='bbox 3631 2862 3738 2917; x_wconf 83' lang='lat' dir='ltr'><strong>suis</strong></span> 
     </span>
    </p>
   </div>
   <div class='ocr_carea' id='block_1_59' title="bbox 2125 2958 3734 3032">
    <p class='ocr_par' dir='ltr' id='par_1_59' title="bbox 2125 2958 3734 3032">
     <span class='ocr_line' id='line_1_59' title="bbox 2125 2958 3734 3032; baseline -0.002 -17"><span class='ocrx_word' id='word_1_427' title='bbox 2125 2958 2182 3015; x_wconf 91' lang='lat' dir='ltr'><strong>in</strong></span> <span class='ocrx_word' id='word_1_428' title='bbox 2203 2959 2424 3030; x_wconf 86' lang='lat' dir='ltr'><strong>laqueos</strong></span> <span class='ocrx_word' id='word_1_429' title='bbox 2439 2959 2492 3013; x_wconf 89' lang='lat' dir='ltr'><strong>in</strong></span> <span class='ocrx_word' id='word_1_430' title='bbox 2517 2974 2698 3015; x_wconf 84' lang='lat' dir='ltr'><strong>escam</strong></span> <span class='ocrx_word' id='word_1_431' title='bbox 2722 2975 2874 3015; x_wconf 89' lang='lat' dir='ltr'><strong>suam</strong></span> <span class='ocrx_word' id='word_1_432' title='bbox 2894 2960 3057 3032; x_wconf 87' lang='lat' dir='ltr'><strong>capit,</strong></span> <span class='ocrx_word' id='word_1_433' title='bbox 3082 2958 3377 3015; x_wconf 85' lang='lat' dir='ltr'><strong>secundum</strong></span> <span class='ocrx_word' id='word_1_434' title='bbox 3392 2960 3734 3030; x_wconf 86' lang='lat' dir='ltr'><strong>prophetam,</strong></span> 
     </span>
    </p>
   </div>
   <div class='ocr_carea' id='block_1_60' title="bbox 2129 3050 3568 3126">
    <p class='ocr_par' dir='ltr' id='par_1_60' title="bbox 2129 3050 3568 3126">
     <span class='ocr_line' id='line_1_60' title="bbox 2129 3050 3568 3126; baseline 0 -19"><span class='ocrx_word' id='word_1_435' title='bbox 2129 3050 2219 3123; x_wconf 85' lang='lat' dir='ltr'><strong>qui</strong></span> <span class='ocrx_word' id='word_1_436' title='bbox 2249 3050 2441 3107; x_wconf 88' lang='lat' dir='ltr'><strong>eodem</strong></span> <span class='ocrx_word' id='word_1_437' title='bbox 2464 3050 2534 3107; x_wconf 89' lang='lat' dir='ltr'><strong>de</strong></span> <span class='ocrx_word' id='word_1_438' title='bbox 2555 3051 2775 3108; x_wconf 86' lang='lat' dir='ltr'><strong>diabolo</strong></span> <span class='ocrx_word' id='word_1_439' title='bbox 2800 3053 2873 3109; x_wconf 89' lang='lat' dir='ltr'><strong>ita</strong></span> <span class='ocrx_word' id='word_1_440' title='bbox 2905 3053 2977 3108; x_wconf 89' lang='lat' dir='ltr'><strong>ait</strong></span> <span class='ocrx_word' id='word_1_441' title='bbox 3014 3070 3028 3110; x_wconf 89' lang='lat'><strong>:</strong></span> <span class='ocrx_word' id='word_1_442' title='bbox 3060 3051 3213 3109; x_wconf 73' lang='lat' dir='ltr'><strong>Esca:</strong></span> <span class='ocrx_word' id='word_1_443' title='bbox 3236 3055 3568 3126; x_wconf 77' lang='lat' dir='ltr'><strong>ejus&#39;electte.</strong></span> 
     </span>
    </p>
   </div>
   <div class='ocr_carea' id='block_1_61' title="bbox 2203 3140 3738 3219">
    <p class='ocr_par' dir='ltr' id='par_1_61' title="bbox 2203 3140 3738 3219">
     <span class='ocr_line' id='line_1_61' title="bbox 2203 3140 3738 3219; baseline 0.003 -23"><span class='ocrx_word' id='word_1_444' title='bbox 2203 3140 2274 3198; x_wconf 87' lang='lat' dir='ltr'><strong>Et</strong></span> <span class='ocrx_word' id='word_1_445' title='bbox 2305 3143 2368 3198; x_wconf 89' lang='lat' dir='ltr'><strong>de</strong></span> <span class='ocrx_word' id='word_1_446' title='bbox 2397 3143 2551 3215; x_wconf 83' lang='lat' dir='ltr'><strong>longe</strong></span> <span class='ocrx_word' id='word_1_447' title='bbox 2581 3145 2721 3199; x_wconf 76' lang='lat' dir='ltr'><strong>oculi</strong></span> <span class='ocrx_word' id='word_1_448' title='bbox 2763 3148 2880 3219; x_wconf 87' lang='lat' dir='ltr'><strong>ejus</strong></span> <span class='ocrx_word' id='word_1_449' title='bbox 2919 3146 3259 3218; x_wconf 83' lang='lat' dir='ltr'><strong>prospiciunt.</strong></span> <span class='ocrx_word' id='word_1_450' title='bbox 3307 3145 3529 3216; x_wconf 84' lang='lat' dir='ltr'><strong>Sagacis</strong></span> <span class='ocrx_word' id='word_1_451' title='bbox 3579 3144 3738 3201; x_wconf 79' lang='lat' dir='ltr'><strong>valde</strong></span> 
     </span>
    </p>
   </div>
   <div class='ocr_carea' id='block_1_62' title="bbox 417 3224 3738 3309">
    <p class='ocr_par' dir='ltr' id='par_1_62' title="bbox 417 3224 3738 3309">
     <span class='ocr_line' id='line_1_62' title="bbox 417 3224 3738 3309; baseline -0.003 -7"><span class='ocrx_word' id='word_1_452' title='bbox 417 3252 671 3303; x_wconf 86' lang='lat' dir='ltr'><strong>sanctum</strong></span> <span class='ocrx_word' id='word_1_453' title='bbox 705 3240 945 3306; x_wconf 88' lang='lat' dir='ltr'><strong>scilicet,</strong></span> <span class='ocrx_word' id='word_1_454' title='bbox 973 3237 1063 3309; x_wconf 88' lang='lat' dir='ltr'><strong>qui</strong></span> <span class='ocrx_word' id='word_1_455' title='bbox 1093 3234 1420 3307; x_wconf 88' lang='lat' dir='ltr'><strong>sapientiam</strong></span> <span class='ocrx_word' id='word_1_456' title='bbox 1459 3234 1558 3304; x_wconf 85' lang='lat' dir='ltr'><strong>per</strong></span> <span class='ocrx_word' id='word_1_457' title='bbox 1600 3231 2021 3288; x_wconf 87' lang='lat' dir='ltr'><strong>conversionem</strong></span> <span class='ocrx_word' id='word_1_458' title='bbox 2050 3224 2098 3289; x_wconf 89' lang='lat' dir='ltr'><strong>C</strong></span> <span class='ocrx_word' id='word_1_459' title='bbox 2127 3244 2295 3306; x_wconf 88' lang='lat' dir='ltr'><strong>atque</strong></span> <span class='ocrx_word' id='word_1_460' title='bbox 2343 3234 2623 3305; x_wconf 82' lang='lat' dir='ltr'><strong>pervigilis</strong></span> <span class='ocrx_word' id='word_1_461' title='bbox 2669 3236 2975 3292; x_wconf 83' lang='lat' dir='ltr'><strong>adversarii</strong></span> <span class='ocrx_word' id='word_1_462' title='bbox 3018 3238 3191 3293; x_wconf 87' lang='lat' dir='ltr'><strong>nostri</strong></span> <span class='ocrx_word' id='word_1_463' title='bbox 3238 3238 3507 3303; x_wconf 83' lang='lat' dir='ltr'><strong>animum,</strong></span> <span class='ocrx_word' id='word_1_464' title='bbox 3542 3236 3613 3292; x_wconf 92' lang='lat' dir='ltr'><strong>ad</strong></span> <span class='ocrx_word' id='word_1_465' title='bbox 3658 3236 3738 3292; x_wconf 82' lang='lat' dir='ltr'><strong>in-</strong></span> 
     </span>
    </p>
   </div>
   <div class='ocr_carea' id='block_1_63' title="bbox 422 3320 2028 3406">
    <p class='ocr_par' dir='ltr' id='par_1_63' title="bbox 422 3320 2028 3406">
     <span class='ocr_line' id='line_1_63' title="bbox 422 3320 2028 3406; baseline -0.012 -11"><span class='ocrx_word' id='word_1_466' title='bbox 422 3335 725 3406; x_wconf 85' lang='lat' dir='ltr'><strong>acceperit,</strong></span> <span class='ocrx_word' id='word_1_467' title='bbox 752 3339 811 3387; x_wconf 89' lang='lat' dir='ltr'><strong>ut</strong></span> <span class='ocrx_word' id='word_1_468' title='bbox 833 3328 1063 3402; x_wconf 65' lang='lat' dir='ltr'><strong>praedari</strong></span> <span class='ocrx_word' id='word_1_469' title='bbox 1101 3335 1158 3383; x_wconf 87' lang='lat' dir='ltr'><strong>et</strong></span> <span class='ocrx_word' id='word_1_470' title='bbox 1187 3339 1381 3397; x_wconf 88' lang='lat' dir='ltr'><strong>rapere</strong></span> <span class='ocrx_word' id='word_1_471' title='bbox 1404 3324 1521 3395; x_wconf 80' lang='lat' dir='ltr'><strong>jam</strong></span> <span class='ocrx_word' id='word_1_472' title='bbox 1541 3332 1744 3389; x_wconf 88' lang='lat' dir='ltr'><strong>cesset,</strong></span> <span class='ocrx_word' id='word_1_473' title='bbox 1767 3320 2028 3377; x_wconf 90' lang='lat' dir='ltr'><strong>carnibus</strong></span> 
     </span>
    </p>
   </div>
   <div class='ocr_carea' id='block_1_64' title="bbox 422 3412 2026 3489">
    <p class='ocr_par' dir='ltr' id='par_1_64' title="bbox 422 3412 2026 3489">
     <span class='ocr_line' id='line_1_64' title="bbox 422 3412 2026 3489; baseline -0.012 -2"><span class='ocrx_word' id='word_1_474' title='bbox 422 3430 593 3489; x_wconf 86' lang='lat' dir='ltr'><strong>etiam</strong></span> <span class='ocrx_word' id='word_1_475' title='bbox 633 3423 979 3483; x_wconf 62' lang='lat' dir='ltr'><strong>saecularium</strong></span> <span class='ocrx_word' id='word_1_476' title='bbox 1024 3434 1288 3477; x_wconf 89' lang='lat' dir='ltr'><strong>sensuum</strong></span> <span class='ocrx_word' id='word_1_477' title='bbox 1332 3419 1522 3474; x_wconf 82' lang='lat' dir='ltr'><strong>vivere</strong></span> <span class='ocrx_word' id='word_1_478' title='bbox 1564 3414 1819 3482; x_wconf 82' lang='lat' dir='ltr'><strong>desistat,</strong></span> <span class='ocrx_word' id='word_1_479' title='bbox 1852 3422 1910 3470; x_wconf 84' lang='lat' dir='ltr'><strong>et</strong></span> <span class='ocrx_word' id='word_1_480' title='bbox 1935 3412 2026 3484; x_wconf 90' lang='lat' dir='ltr'><strong>qui</strong></span> 
     </span>
    </p>
   </div>
   <div class='ocr_carea' id='block_1_65' title="bbox 418 3505 2026 3580">
    <p class='ocr_par' dir='ltr' id='par_1_65' title="bbox 418 3505 2026 3580">
     <span class='ocr_line' id='line_1_65' title="bbox 418 3505 2026 3580; baseline -0.012 0"><span class='ocrx_word' id='word_1_481' title='bbox 418 3519 634 3580; x_wconf 82' lang='lat' dir='ltr'><strong>veteris</strong></span> <span class='ocrx_word' id='word_1_482' title='bbox 692 3515 928 3572; x_wconf 88' lang='lat' dir='ltr'><strong>hominis</strong></span> <span class='ocrx_word' id='word_1_483' title='bbox 978 3512 1200 3569; x_wconf 89' lang='lat' dir='ltr'><strong>exuvias</strong></span> <span class='ocrx_word' id='word_1_484' title='bbox 1252 3511 1307 3566; x_wconf 92' lang='lat' dir='ltr'><strong>in</strong></span> <span class='ocrx_word' id='word_1_485' title='bbox 1353 3510 1628 3578; x_wconf 88' lang='lat' dir='ltr'><strong>baptismo</strong></span> <span class='ocrx_word' id='word_1_486' title='bbox 1670 3505 2026 3579; x_wconf 89' lang='lat' dir='ltr'><strong>deposuerit,</strong></span> 
     </span>
    </p>
   </div>
   <div class='ocr_carea' id='block_1_66' title="bbox 424 3599 2030 3688">
    <p class='ocr_par' dir='ltr' id='par_1_66' title="bbox 424 3599 2030 3688">
     <span class='ocr_line' id='line_1_66' title="bbox 424 3599 2030 3688; baseline -0.009 -18"><span class='ocrx_word' id='word_1_487' title='bbox 424 3614 800 3688; x_wconf 84' lang='lat' dir='ltr'><strong>plumescens,</strong></span> <span class='ocrx_word' id='word_1_488' title='bbox 827 3604 1235 3679; x_wconf 89' lang='lat' dir='ltr'><strong>quodammodo</strong></span> <span class='ocrx_word' id='word_1_489' title='bbox 1258 3611 1523 3660; x_wconf 84' lang='lat' dir='ltr'><strong>renovata</strong></span> <span class='ocrx_word' id='word_1_490' title='bbox 1556 3603 1630 3657; x_wconf 88' lang='lat' dir='ltr'><strong>sit</strong></span> <span class='ocrx_word' id='word_1_491' title='bbox 1667 3601 1813 3657; x_wconf 90' lang='lat' dir='ltr'><strong>sicut</strong></span> <span class='ocrx_word' id='word_1_492' title='bbox 1831 3599 2030 3671; x_wconf 69' lang='lat' dir='ltr'><strong>aquilae</strong></span> 
     </span>
    </p>
   </div>
   <div class='ocr_carea' id='block_1_67' title="bbox 421 3693 2031 3783">
    <p class='ocr_par' dir='ltr' id='par_1_67' title="bbox 421 3693 2031 3783">
     <span class='ocr_line' id='line_1_67' title="bbox 421 3693 2031 3783; baseline -0.011 -17"><span class='ocrx_word' id='word_1_493' title='bbox 421 3707 685 3783; x_wconf 79' lang='lat' dir='ltr'><strong>juventus</strong></span> <span class='ocrx_word' id='word_1_494' title='bbox 710 3705 830 3776; x_wconf 86' lang='lat' dir='ltr'><strong>ejus</strong></span> <span class='ocrx_word' id='word_1_495' title='bbox 860 3719 877 3761; x_wconf 87' lang='lat'><strong>:</strong></span> <span class='ocrx_word' id='word_1_496' title='bbox 902 3699 1143 3758; x_wconf 89' lang='lat' dir='ltr'><strong>maxime</strong></span> <span class='ocrx_word' id='word_1_497' title='bbox 1188 3714 1315 3755; x_wconf 92' lang='lat' dir='ltr'><strong>cum</strong></span> <span class='ocrx_word' id='word_1_498' title='bbox 1362 3696 1790 3769; x_wconf 84' lang='lat' dir='ltr'><strong>promissionem</strong></span> <span class='ocrx_word' id='word_1_499' title='bbox 1821 3693 2031 3751; x_wconf 84' lang='lat' dir='ltr'><strong>habens</strong></span> 
     </span>
    </p>
   </div>
   <div class='ocr_carea' id='block_1_68' title="bbox 425 3787 2030 3874">
    <p class='ocr_par' dir='ltr' id='par_1_68' title="bbox 425 3787 2030 3874">
     <span class='ocr_line' id='line_1_68' title="bbox 425 3787 2030 3874; baseline -0.009 -17"><span class='ocrx_word' id='word_1_500' title='bbox 425 3799 724 3874; x_wconf 62' lang='lat' dir='ltr'><strong>praesentis</strong></span> <span class='ocrx_word' id='word_1_501' title='bbox 751 3796 881 3853; x_wconf 68' lang='lat' dir='ltr'><strong>vitae</strong></span> <span class='ocrx_word' id='word_1_502' title='bbox 926 3804 982 3850; x_wconf 88' lang='lat' dir='ltr'><strong>et</strong></span> <span class='ocrx_word' id='word_1_503' title='bbox 1031 3791 1255 3856; x_wconf 79' lang='lat' dir='ltr'><strong>futurae,</strong></span> <span class='ocrx_word' id='word_1_504' title='bbox 1303 3805 1426 3862; x_wconf 76' lang='lat' dir='ltr'><strong>qua:</strong></span> <span class='ocrx_word' id='word_1_505' title='bbox 1472 3790 1525 3845; x_wconf 90' lang='lat' dir='ltr'><strong>in</strong></span> <span class='ocrx_word' id='word_1_506' title='bbox 1574 3789 1677 3845; x_wconf 89' lang='lat' dir='ltr'><strong>aiis</strong></span> <span class='ocrx_word' id='word_1_507' title='bbox 1723 3787 2030 3859; x_wconf 83' lang='lat' dir='ltr'><strong>signiﬁcata</strong></span> 
     </span>
    </p>
   </div>
   <div class='ocr_carea' id='block_1_69' title="bbox 428 3880 2026 3957">
    <p class='ocr_par' dir='ltr' id='par_1_69' title="bbox 428 3880 2026 3957">
     <span class='ocr_line' id='line_1_69' title="bbox 428 3880 2026 3957; baseline -0.009 -7"><span class='ocrx_word' id='word_1_508' title='bbox 428 3902 538 3957; x_wconf 90' lang='lat' dir='ltr'><strong>est,</strong></span> <span class='ocrx_word' id='word_1_509' title='bbox 568 3890 635 3947; x_wconf 89' lang='lat' dir='ltr'><strong>ad</strong></span> <span class='ocrx_word' id='word_1_510' title='bbox 660 3896 931 3953; x_wconf 87' lang='lat' dir='ltr'><strong>austrum,</strong></span> <span class='ocrx_word' id='word_1_511' title='bbox 982 3884 1128 3941; x_wconf 90' lang='lat' dir='ltr'><strong>unde</strong></span> <span class='ocrx_word' id='word_1_512' title='bbox 1167 3883 1318 3939; x_wconf 88' lang='lat' dir='ltr'><strong>calor</strong></span> <span class='ocrx_word' id='word_1_513' title='bbox 1360 3880 1485 3938; x_wconf 88' lang='lat' dir='ltr'><strong>iidei</strong></span> <span class='ocrx_word' id='word_1_514' title='bbox 1524 3889 1630 3948; x_wconf 89' lang='lat' dir='ltr'><strong>est,</strong></span> <span class='ocrx_word' id='word_1_515' title='bbox 1672 3895 1733 3936; x_wconf 89' lang='lat' dir='ltr'><strong>se</strong></span> <span class='ocrx_word' id='word_1_516' title='bbox 1776 3881 2026 3948; x_wconf 84' lang='lat' dir='ltr'><strong>verterit,</strong></span> 
     </span>
    </p>
   </div>
   <div class='ocr_carea' id='block_1_70' title="bbox 427 3971 2033 4045">
    <p class='ocr_par' dir='ltr' id='par_1_70' title="bbox 427 3971 2033 4045">
     <span class='ocr_line' id='line_1_70' title="bbox 427 3971 2033 4045; baseline -0.01 -3"><span class='ocrx_word' id='word_1_517' title='bbox 427 3984 580 4042; x_wconf 87' lang='lat' dir='ltr'><strong>unde</strong></span> <span class='ocrx_word' id='word_1_518' title='bbox 602 3982 878 4038; x_wconf 86' lang='lat' dir='ltr'><strong>Christum</strong></span> <span class='ocrx_word' id='word_1_519' title='bbox 900 3978 1118 4034; x_wconf 83' lang='lat' dir='ltr'><strong>venisse</strong></span> <span class='ocrx_word' id='word_1_520' title='bbox 1144 3974 1402 4045; x_wconf 88' lang='lat' dir='ltr'><strong>cognovit</strong></span> <span class='ocrx_word' id='word_1_521' title='bbox 1433 3989 1446 4028; x_wconf 91' lang='lat'><strong>:</strong></span> <span class='ocrx_word' id='word_1_522' title='bbox 1477 3972 1626 4044; x_wconf 86' lang='lat' dir='ltr'><strong>quod</strong></span> <span class='ocrx_word' id='word_1_523' title='bbox 1670 3980 1731 4029; x_wconf 89' lang='lat' dir='ltr'><strong>et</strong></span> <span class='ocrx_word' id='word_1_524' title='bbox 1768 3971 2033 4042; x_wconf 84' lang='lat' dir='ltr'><strong>propheta</strong></span> 
     </span>
    </p>
   </div>
   <div class='ocr_carea' id='block_1_71' title="bbox 432 4064 2034 4144">
    <p class='ocr_par' dir='ltr' id='par_1_71' title="bbox 432 4064 2034 4144">
     <span class='ocr_line' id='line_1_71' title="bbox 432 4064 2034 4144; baseline -0.009 -8"><span class='ocrx_word' id='word_1_525' title='bbox 432 4078 512 4136; x_wconf 86' lang='lat' dir='ltr'><strong>ita</strong></span> <span class='ocrx_word' id='word_1_526' title='bbox 543 4074 850 4134; x_wconf 86' lang='lat' dir='ltr'><strong>iaciendum</strong></span> <span class='ocrx_word' id='word_1_527' title='bbox 900 4069 1240 4144; x_wconf 76' lang='lat' dir='ltr'><strong>praedixerat</strong></span> <span class='ocrx_word' id='word_1_528' title='bbox 1290 4067 1482 4125; x_wconf 89' lang='lat' dir='ltr'><strong>dicens</strong></span> <span class='ocrx_word' id='word_1_529' title='bbox 1511 4085 1525 4122; x_wconf 90' lang='lat'><strong>:</strong></span> <span class='ocrx_word' id='word_1_530' title='bbox 1553 4064 1695 4123; x_wconf 84' lang='lat' dir='ltr'><strong>Deus</strong></span> <span class='ocrx_word' id='word_1_531' title='bbox 1743 4064 1807 4120; x_wconf 87' lang='lat' dir='ltr'><strong>ab</strong></span> <span class='ocrx_word' id='word_1_532' title='bbox 1856 4075 2034 4122; x_wconf 83' lang='lat' dir='ltr'><strong>austro</strong></span> 
     </span>
    </p>
   </div>
   <div class='ocr_carea' id='block_1_72' title="bbox 434 4158 2036 4239">
    <p class='ocr_par' dir='ltr' id='par_1_72' title="bbox 434 4158 2036 4239">
     <span class='ocr_line' id='line_1_72' title="bbox 434 4158 2036 4239; baseline -0.011 -8"><span class='ocrx_word' id='word_1_533' title='bbox 434 4174 629 4239; x_wconf 79' lang='lat' dir='ltr'><strong>veniet,</strong></span> <span class='ocrx_word' id='word_1_534' title='bbox 659 4178 707 4225; x_wconf 89' lang='lat' dir='ltr'><strong>et</strong></span> <span class='ocrx_word' id='word_1_535' title='bbox 727 4175 937 4226; x_wconf 88' lang='lat' dir='ltr'><strong>sanctus</strong></span> <span class='ocrx_word' id='word_1_536' title='bbox 965 4166 1028 4223; x_wconf 85' lang='lat' dir='ltr'><strong>de</strong></span> <span class='ocrx_word' id='word_1_537' title='bbox 1046 4174 1224 4220; x_wconf 86' lang='lat' dir='ltr'><strong>monte</strong></span> <span class='ocrx_word' id='word_1_538' title='bbox 1242 4164 1483 4218; x_wconf 87' lang='lat' dir='ltr'><strong>umbroso</strong></span> <span class='ocrx_word' id='word_1_539' title='bbox 1511 4171 1560 4216; x_wconf 89' lang='lat' dir='ltr'><strong>et</strong></span> <span class='ocrx_word' id='word_1_540' title='bbox 1588 4159 1845 4233; x_wconf 85' lang='lat' dir='ltr'><strong>caiigoso.</strong></span> <span class='ocrx_word' id='word_1_541' title='bbox 1868 4158 2036 4215; x_wconf 85' lang='lat' dir='ltr'><strong>Beth-</strong></span> 
     </span>
    </p>
   </div>
   <div class='ocr_carea' id='block_1_73' title="bbox 434 4251 2040 4332">
    <p class='ocr_par' dir='ltr' id='par_1_73' title="bbox 434 4251 2040 4332">
     <span class='ocr_line' id='line_1_73' title="bbox 434 4251 2040 4332; baseline -0.009 -9"><span class='ocrx_word' id='word_1_542' title='bbox 434 4265 582 4324; x_wconf 88' lang='lat' dir='ltr'><strong>leem</strong></span> <span class='ocrx_word' id='word_1_543' title='bbox 616 4275 850 4332; x_wconf 88' lang='lat' dir='ltr'><strong>namque</strong></span> <span class='ocrx_word' id='word_1_544' title='bbox 890 4259 1162 4316; x_wconf 84' lang='lat' dir='ltr'><strong>civitatem</strong></span> <span class='ocrx_word' id='word_1_545' title='bbox 1192 4254 1408 4312; x_wconf 89' lang='lat' dir='ltr'><strong>Domini</strong></span> <span class='ocrx_word' id='word_1_546' title='bbox 1458 4252 1901 4325; x_wconf 87' lang='lat' dir='ltr'><strong>respicientibus,</strong></span> <span class='ocrx_word' id='word_1_547' title='bbox 1947 4251 2040 4310; x_wconf 84' lang='lat' dir='ltr'><strong>Je-</strong></span> 
     </span>
    </p>
   </div>
   <div class='ocr_carea' id='block_1_74' title="bbox 436 4347 2037 4421">
    <p class='ocr_par' dir='ltr' id='par_1_74' title="bbox 436 4347 2037 4421">
     <span class='ocr_line' id='line_1_74' title="bbox 436 4347 2037 4421; baseline -0.008 -6"><span class='ocrx_word' id='word_1_548' title='bbox 436 4356 681 4416; x_wconf 80' lang='lat' dir='ltr'><strong>rusalem</strong></span> <span class='ocrx_word' id='word_1_549' title='bbox 724 4354 779 4411; x_wconf 88' lang='lat' dir='ltr'><strong>in</strong></span> <span class='ocrx_word' id='word_1_550' title='bbox 828 4350 1082 4418; x_wconf 88' lang='lat' dir='ltr'><strong>meridie,</strong></span> <span class='ocrx_word' id='word_1_551' title='bbox 1113 4348 1260 4421; x_wconf 81' lang='lat' dir='ltr'><strong>quod</strong></span> <span class='ocrx_word' id='word_1_552' title='bbox 1293 4356 1380 4406; x_wconf 90' lang='lat' dir='ltr'><strong>est</strong></span> <span class='ocrx_word' id='word_1_553' title='bbox 1425 4348 1478 4402; x_wconf 88' lang='lat' dir='ltr'><strong>in</strong></span> <span class='ocrx_word' id='word_1_554' title='bbox 1517 4348 1747 4415; x_wconf 85' lang='lat' dir='ltr'><strong>Austro,</strong></span> <span class='ocrx_word' id='word_1_555' title='bbox 1799 4347 2037 4419; x_wconf 81' lang='lat' dir='ltr'><strong>positam</strong></span> 
     </span>
    </p>
   </div>
   <div class='ocr_carea' id='block_1_75' title="bbox 440 4443 2042 4515">
    <p class='ocr_par' dir='ltr' id='par_1_75' title="bbox 440 4443 2042 4515">
     <span class='ocr_line' id='line_1_75' title="bbox 440 4443 2042 4515; baseline -0.009 -1"><span class='ocrx_word' id='word_1_556' title='bbox 440 4458 670 4514; x_wconf 82' lang='lat' dir='ltr'><strong>scimus.</strong></span> <span class='ocrx_word' id='word_1_557' title='bbox 695 4451 766 4507; x_wconf 86' lang='lat' dir='ltr'><strong>Et</strong></span> <span class='ocrx_word' id='word_1_558' title='bbox 791 4447 1095 4507; x_wconf 87' lang='lat' dir='ltr'><strong>secundum</strong></span> <span class='ocrx_word' id='word_1_559' title='bbox 1150 4445 1391 4515; x_wconf 62' lang='lat' dir='ltr'><strong>troiiicos</strong></span> <span class='ocrx_word' id='word_1_560' title='bbox 1429 4443 1743 4500; x_wconf 86' lang='lat' dir='ltr'><strong>intellectus</strong></span> <span class='ocrx_word' id='word_1_561' title='bbox 1776 4443 1921 4499; x_wconf 90' lang='lat' dir='ltr'><strong>hunc</strong></span> <span class='ocrx_word' id='word_1_562' title='bbox 1949 4457 2042 4499; x_wconf 86' lang='lat' dir='ltr'><strong>ca-</strong></span> 
     </span>
    </p>
   </div>
   <div class='ocr_carea' id='block_1_76' title="bbox 2125 3325 3743 3399">
    <p class='ocr_par' dir='ltr' id='par_1_76' title="bbox 2125 3325 3743 3399">
     <span class='ocr_line' id='line_1_76' title="bbox 2125 3325 3743 3399; baseline 0.002 -17"><span class='ocrx_word' id='word_1_563' title='bbox 2125 3325 2424 3399; x_wconf 89' lang='lat' dir='ltr'><strong>quirendas</strong></span> <span class='ocrx_word' id='word_1_564' title='bbox 2475 3327 2620 3383; x_wconf 87' lang='lat' dir='ltr'><strong>vires</strong></span> <span class='ocrx_word' id='word_1_565' title='bbox 2677 3337 2994 3383; x_wconf 89' lang='lat' dir='ltr'><strong>sanctorum</strong></span> <span class='ocrx_word' id='word_1_566' title='bbox 3045 3329 3470 3399; x_wconf 88' lang='lat' dir='ltr'><strong>dimicantium,</strong></span> <span class='ocrx_word' id='word_1_567' title='bbox 3517 3330 3743 3385; x_wconf 73' lang='lat' dir='ltr'><strong>nurnine</strong></span> 
     </span>
    </p>
   </div>
   <div class='ocr_carea' id='block_1_77' title="bbox 2126 3419 3737 3496">
    <p class='ocr_par' dir='ltr' id='par_1_77' title="bbox 2126 3419 3737 3496">
     <span class='ocr_line' id='line_1_77' title="bbox 2126 3419 3737 3496; baseline 0 -19"><span class='ocrx_word' id='word_1_568' title='bbox 2126 3421 2408 3478; x_wconf 90' lang='lat' dir='ltr'><strong>oculorum</strong></span> <span class='ocrx_word' id='word_1_569' title='bbox 2428 3419 2727 3491; x_wconf 79' lang='lat' dir='ltr'><strong>appellavit</strong></span> <span class='ocrx_word' id='word_1_570' title='bbox 2755 3421 2918 3477; x_wconf 87' lang='lat' dir='ltr'><strong>Deus.</strong></span> <span class='ocrx_word' id='word_1_571' title='bbox 2943 3421 3099 3491; x_wconf 85' lang='lat' dir='ltr'><strong>Quod</strong></span> <span class='ocrx_word' id='word_1_572' title='bbox 3131 3424 3440 3495; x_wconf 59' lang='lat' dir='ltr'><strong>autemgait,</strong></span> <span class='ocrx_word' id='word_1_573' title='bbox 3470 3424 3535 3477; x_wconf 78' lang='lat' dir='ltr'><strong>de</strong></span> <span class='ocrx_word' id='word_1_574' title='bbox 3562 3424 3737 3496; x_wconf 79' lang='lat' dir='ltr'><strong>longe,</strong></span> 
     </span>
    </p>
   </div>
   <div class='ocr_carea' id='block_1_78' title="bbox 2130 3514 3743 3589">
    <p class='ocr_par' dir='ltr' id='par_1_78' title="bbox 2130 3514 3743 3589">
     <span class='ocr_line' id='line_1_78' title="bbox 2130 3514 3743 3589; baseline -0.001 -17"><span class='ocrx_word' id='word_1_575' title='bbox 2130 3515 2330 3573; x_wconf 84' lang='lat' dir='ltr'><strong>mentis</strong></span> <span class='ocrx_word' id='word_1_576' title='bbox 2362 3514 2488 3585; x_wconf 86' lang='lat' dir='ltr'><strong>ejus</strong></span> <span class='ocrx_word' id='word_1_577' title='bbox 2520 3515 2755 3569; x_wconf 88' lang='lat' dir='ltr'><strong>intuitus</strong></span> <span class='ocrx_word' id='word_1_578' title='bbox 2782 3515 2967 3573; x_wconf 81' lang='lat' dir='ltr'><strong>subtili</strong></span> <span class='ocrx_word' id='word_1_579' title='bbox 2995 3517 3305 3573; x_wconf 83' lang='lat' dir='ltr'><strong>intentione</strong></span> <span class='ocrx_word' id='word_1_580' title='bbox 3341 3516 3631 3589; x_wconf 84' lang='lat' dir='ltr'><strong>prospicit,</strong></span> <span class='ocrx_word' id='word_1_581' title='bbox 3676 3529 3743 3571; x_wconf 89' lang='lat' dir='ltr'><strong>eo</strong></span> 
     </span>
    </p>
   </div>
   <div class='ocr_carea' id='block_1_79' title="bbox 2128 3604 3742 3680">
    <p class='ocr_par' dir='ltr' id='par_1_79' title="bbox 2128 3604 3742 3680">
     <span class='ocr_line' id='line_1_79' title="bbox 2128 3604 3742 3680; baseline -0.001 -18"><span class='ocrx_word' id='word_1_582' title='bbox 2128 3606 2275 3680; x_wconf 89' lang='lat' dir='ltr'><strong>quod</strong></span> <span class='ocrx_word' id='word_1_583' title='bbox 2304 3604 2466 3663; x_wconf 86' lang='lat' dir='ltr'><strong>etiam</strong></span> <span class='ocrx_word' id='word_1_584' title='bbox 2505 3605 2559 3660; x_wconf 92' lang='lat' dir='ltr'><strong>in</strong></span> <span class='ocrx_word' id='word_1_585' title='bbox 2603 3613 2884 3676; x_wconf 84' lang='lat' dir='ltr'><strong>posterum</strong></span> <span class='ocrx_word' id='word_1_586' title='bbox 2924 3607 3235 3663; x_wconf 68' lang='lat' dir='ltr'><strong>exercitatae</strong></span> <span class='ocrx_word' id='word_1_587' title='bbox 3289 3608 3519 3663; x_wconf 67' lang='lat' dir='ltr'><strong>malitias</strong></span> <span class='ocrx_word' id='word_1_588' title='bbox 3555 3606 3742 3677; x_wconf 81' lang='lat' dir='ltr'><strong>sagaci</strong></span> 
     </span>
    </p>
   </div>
   <div class='ocr_carea' id='block_1_80' title="bbox 2130 3701 3741 3775">
    <p class='ocr_par' dir='ltr' id='par_1_80' title="bbox 2130 3701 3741 3775">
     <span class='ocr_line' id='line_1_80' title="bbox 2130 3701 3741 3775; baseline -0.003 -16"><span class='ocrx_word' id='word_1_589' title='bbox 2130 3702 2447 3775; x_wconf 81' lang='lat' dir='ltr'><strong>suspicione</strong></span> <span class='ocrx_word' id='word_1_590' title='bbox 2494 3701 2791 3773; x_wconf 70' lang='lat' dir='ltr'><strong>prmvideat</strong></span> <span class='ocrx_word' id='word_1_591' title='bbox 2827 3718 2981 3758; x_wconf 89' lang='lat' dir='ltr'><strong>:non</strong></span> <span class='ocrx_word' id='word_1_592' title='bbox 3036 3703 3279 3759; x_wconf 81' lang='lat' dir='ltr'><strong>ineorum</strong></span> <span class='ocrx_word' id='word_1_593' title='bbox 3330 3703 3505 3774; x_wconf 87' lang='lat' dir='ltr'><strong>spatia</strong></span> <span class='ocrx_word' id='word_1_594' title='bbox 3537 3701 3741 3757; x_wconf 83' lang='lat' dir='ltr'><strong>intelli-</strong></span> 
     </span>
    </p>
   </div>
   <div class='ocr_carea' id='block_1_81' title="bbox 2130 3792 3741 3869">
    <p class='ocr_par' dir='ltr' id='par_1_81' title="bbox 2130 3792 3741 3869">
     <span class='ocr_line' id='line_1_81' title="bbox 2130 3792 3741 3869; baseline -0.004 -17"><span class='ocrx_word' id='word_1_595' title='bbox 2130 3795 2308 3869; x_wconf 89' lang='lat' dir='ltr'><strong>genda</strong></span> <span class='ocrx_word' id='word_1_596' title='bbox 2330 3802 2483 3862; x_wconf 90' lang='lat' dir='ltr'><strong>sunt,</strong></span> <span class='ocrx_word' id='word_1_597' title='bbox 2513 3792 2611 3849; x_wconf 88' lang='lat' dir='ltr'><strong>sed</strong></span> <span class='ocrx_word' id='word_1_598' title='bbox 2642 3792 2795 3848; x_wconf 87' lang='lat' dir='ltr'><strong>initia</strong></span> <span class='ocrx_word' id='word_1_599' title='bbox 2819 3792 3202 3865; x_wconf 85' lang='lat' dir='ltr'><strong>dispositionis</strong></span> <span class='ocrx_word' id='word_1_600' title='bbox 3226 3794 3478 3850; x_wconf 75' lang='lat' dir='ltr'><strong>humana:</strong></span> <span class='ocrx_word' id='word_1_601' title='bbox 3498 3793 3565 3849; x_wconf 85' lang='lat' dir='ltr'><strong>ad</strong></span> <span class='ocrx_word' id='word_1_602' title='bbox 3590 3802 3741 3848; x_wconf 86' lang='lat' dir='ltr'><strong>recte</strong></span> 
     </span>
    </p>
   </div>
   <div class='ocr_carea' id='block_1_82' title="bbox 2133 3886 3746 3960">
    <p class='ocr_par' dir='ltr' id='par_1_82' title="bbox 2133 3886 3746 3960">
     <span class='ocr_line' id='line_1_82' title="bbox 2133 3886 3746 3960; baseline -0.001 -18"><span class='ocrx_word' id='word_1_603' title='bbox 2133 3887 2452 3946; x_wconf 84' lang='lat' dir='ltr'><strong>vivendum.</strong></span> <span class='ocrx_word' id='word_1_604' title='bbox 2473 3886 2609 3951; x_wconf 87' lang='lat' dir='ltr'><strong>Hoc,</strong></span> <span class='ocrx_word' id='word_1_605' title='bbox 2631 3886 2878 3958; x_wconf 83' lang='lat' dir='ltr'><strong>inquam,</strong></span> <span class='ocrx_word' id='word_1_606' title='bbox 2901 3887 2971 3945; x_wconf 90' lang='lat' dir='ltr'><strong>de</strong></span> <span class='ocrx_word' id='word_1_607' title='bbox 2994 3887 3465 3960; x_wconf 79' lang='lat' dir='ltr'><strong>longeprospicit,</strong></span> <span class='ocrx_word' id='word_1_608' title='bbox 3488 3887 3636 3960; x_wconf 89' lang='lat' dir='ltr'><strong>quod</strong></span> <span class='ocrx_word' id='word_1_609' title='bbox 3659 3895 3746 3943; x_wconf 87' lang='lat' dir='ltr'><strong>est</strong></span> 
     </span>
    </p>
   </div>
   <div class='ocr_carea' id='block_1_83' title="bbox 2134 3981 3744 4055">
    <p class='ocr_par' dir='ltr' id='par_1_83' title="bbox 2134 3981 3744 4055">
     <span class='ocr_line' id='line_1_83' title="bbox 2134 3981 3744 4055; baseline -0.001 -17"><span class='ocrx_word' id='word_1_610' title='bbox 2134 3981 2203 4039; x_wconf 89' lang='lat' dir='ltr'><strong>ah</strong></span> <span class='ocrx_word' id='word_1_611' title='bbox 2224 3983 2358 4053; x_wconf 88' lang='lat' dir='ltr'><strong>ipsis</strong></span> <span class='ocrx_word' id='word_1_612' title='bbox 2381 3983 2574 4055; x_wconf 89' lang='lat' dir='ltr'><strong>utique</strong></span> <span class='ocrx_word' id='word_1_613' title='bbox 2596 3983 2840 4041; x_wconf 78' lang='lat' dir='ltr'><strong>exordiis</strong></span> <span class='ocrx_word' id='word_1_614' title='bbox 2868 3982 3091 4039; x_wconf 87' lang='lat' dir='ltr'><strong>subtilis</strong></span> <span class='ocrx_word' id='word_1_615' title='bbox 3123 3985 3373 4054; x_wconf 78' lang='lat' dir='ltr'><strong>Spiritus,</strong></span> <span class='ocrx_word' id='word_1_616' title='bbox 3402 3993 3456 4039; x_wconf 89' lang='lat' dir='ltr'><strong>et</strong></span> <span class='ocrx_word' id='word_1_617' title='bbox 3483 3981 3554 4039; x_wconf 84' lang='lat' dir='ltr'><strong>ad</strong></span> <span class='ocrx_word' id='word_1_618' title='bbox 3576 3997 3744 4037; x_wconf 87' lang='lat' dir='ltr'><strong>omne</strong></span> 
     </span>
    </p>
   </div>
   <div class='ocr_carea' id='block_1_84' title="bbox 2138 4075 3745 4148">
    <p class='ocr_par' dir='ltr' id='par_1_84' title="bbox 2138 4075 3745 4148">
     <span class='ocr_line' id='line_1_84' title="bbox 2138 4075 3745 4148; baseline -0.001 -15"><span class='ocrx_word' id='word_1_619' title='bbox 2138 4075 2340 4133; x_wconf 89' lang='lat' dir='ltr'><strong>malum</strong></span> <span class='ocrx_word' id='word_1_620' title='bbox 2383 4078 2609 4133; x_wconf 87' lang='lat' dir='ltr'><strong>nimium</strong></span> <span class='ocrx_word' id='word_1_621' title='bbox 2652 4076 2875 4135; x_wconf 90' lang='lat' dir='ltr'><strong>mobilis</strong></span> <span class='ocrx_word' id='word_1_622' title='bbox 2906 4076 3158 4144; x_wconf 86' lang='lat' dir='ltr'><strong>intuitus,</strong></span> <span class='ocrx_word' id='word_1_623' title='bbox 3188 4085 3245 4132; x_wconf 94' lang='lat' dir='ltr'><strong>ut</strong></span> <span class='ocrx_word' id='word_1_624' title='bbox 3287 4075 3403 4134; x_wconf 88' lang='lat' dir='ltr'><strong>illic</strong></span> <span class='ocrx_word' id='word_1_625' title='bbox 3446 4087 3745 4148; x_wconf 86' lang='lat' dir='ltr'><strong>antequam</strong></span> 
     </span>
    </p>
   </div>
   <div class='ocr_carea' id='block_1_85' title="bbox 2141 4168 3749 4240">
    <p class='ocr_par' dir='ltr' id='par_1_85' title="bbox 2141 4168 3749 4240">
     <span class='ocr_line' id='line_1_85' title="bbox 2141 4168 3749 4240; baseline -0.002 -15"><span class='ocrx_word' id='word_1_626' title='bbox 2141 4179 2376 4226; x_wconf 86' lang='lat' dir='ltr'><strong>conatus</strong></span> <span class='ocrx_word' id='word_1_627' title='bbox 2407 4170 2643 4227; x_wconf 83' lang='lat' dir='ltr'><strong>hominis</strong></span> <span class='ocrx_word' id='word_1_628' title='bbox 2667 4170 2866 4227; x_wconf 86' lang='lat' dir='ltr'><strong>saltem</strong></span> <span class='ocrx_word' id='word_1_629' title='bbox 2918 4171 2972 4226; x_wconf 92' lang='lat' dir='ltr'><strong>in</strong></span> <span class='ocrx_word' id='word_1_630' title='bbox 3022 4170 3207 4240; x_wconf 88' lang='lat' dir='ltr'><strong>aliquo</strong></span> <span class='ocrx_word' id='word_1_631' title='bbox 3244 4169 3589 4237; x_wconf 84' lang='lat' dir='ltr'><strong>roborentur,</strong></span> <span class='ocrx_word' id='word_1_632' title='bbox 3623 4168 3749 4239; x_wconf 79' lang='lat' dir='ltr'><strong>pul—</strong></span> 
     </span>
    </p>
   </div>
   <div class='ocr_carea' id='block_1_86' title="bbox 2140 4261 3749 4334">
    <p class='ocr_par' dir='ltr' id='par_1_86' title="bbox 2140 4261 3749 4334">
     <span class='ocr_line' id='line_1_86' title="bbox 2140 4261 3749 4334; baseline -0.002 -16"><span class='ocrx_word' id='word_1_633' title='bbox 2140 4261 2366 4319; x_wconf 88' lang='lat' dir='ltr'><strong>lulantia</strong></span> <span class='ocrx_word' id='word_1_634' title='bbox 2400 4263 2541 4319; x_wconf 87' lang='lat' dir='ltr'><strong>bona</strong></span> <span class='ocrx_word' id='word_1_635' title='bbox 2575 4263 2843 4334; x_wconf 87' lang='lat' dir='ltr'><strong>reprimat</strong></span> <span class='ocrx_word' id='word_1_636' title='bbox 2868 4273 2924 4320; x_wconf 90' lang='lat' dir='ltr'><strong>et</strong></span> <span class='ocrx_word' id='word_1_637' title='bbox 2973 4265 3321 4334; x_wconf 79' lang='lat' dir='ltr'><strong>exstinguat,</strong></span> <span class='ocrx_word' id='word_1_638' title='bbox 3357 4271 3416 4318; x_wconf 89' lang='lat' dir='ltr'><strong>et</strong></span> <span class='ocrx_word' id='word_1_639' title='bbox 3441 4262 3749 4331; x_wconf 85' lang='lat' dir='ltr'><strong>interemp-</strong></span> 
     </span>
    </p>
   </div>
   <div class='ocr_carea' id='block_1_87' title="bbox 2143 4355 3231 4428">
    <p class='ocr_par' dir='ltr' id='par_1_87' title="bbox 2143 4355 3231 4428">
     <span class='ocr_line' id='line_1_87' title="bbox 2143 4355 3231 4428; baseline -0.005 -14"><span class='ocrx_word' id='word_1_640' title='bbox 2143 4367 2257 4414; x_wconf 91' lang='lat' dir='ltr'><strong>tum</strong></span> <span class='ocrx_word' id='word_1_641' title='bbox 2288 4356 2562 4413; x_wconf 89' lang='lat' dir='ltr'><strong>hominem</strong></span> <span class='ocrx_word' id='word_1_642' title='bbox 2596 4357 2760 4413; x_wconf 85' lang='lat' dir='ltr'><strong>iaciat</strong></span> <span class='ocrx_word' id='word_1_643' title='bbox 2788 4355 2961 4413; x_wconf 75' lang='lat' dir='ltr'><strong>fetere</strong></span> <span class='ocrx_word' id='word_1_644' title='bbox 2985 4367 3231 4428; x_wconf 89' lang='lat' dir='ltr'><strong>peccato.</strong></span> 
     </span>
    </p>
   </div>
   <div class='ocr_carea' id='block_1_88' title="bbox 2212 4448 3753 4523">
    <p class='ocr_par' dir='ltr' id='par_1_88' title="bbox 2212 4448 3753 4523">
     <span class='ocr_line' id='line_1_88' title="bbox 2212 4448 3753 4523; baseline -0.001 -18"><span class='ocrx_word' id='word_1_645' title='bbox 2212 4449 2499 4523; x_wconf 79' lang='lat' dir='ltr'><strong>Pulii‘ejua</strong></span> <span class='ocrx_word' id='word_1_646' title='bbox 2530 4450 2762 4506; x_wconf 82' lang='lat' dir='ltr'><strong>lambunt</strong></span> <span class='ocrx_word' id='word_1_647' title='bbox 2801 4449 3135 4523; x_wconf 85' lang='lat' dir='ltr'><strong>sanguinem,</strong></span> <span class='ocrx_word' id='word_1_648' title='bbox 3174 4458 3224 4523; x_wconf 87' lang='lat' dir='ltr'><strong>et</strong></span> <span class='ocrx_word' id='word_1_649' title='bbox 3260 4450 3561 4521; x_wconf 75' lang='lat' dir='ltr'><strong>ubicumque</strong></span> <span class='ocrx_word' id='word_1_650' title='bbox 3582 4448 3753 4504; x_wconf 73' lang='lat' dir='ltr'><strong>cada-</strong></span> 
     </span>
    </p>
   </div>
   <div class='ocr_carea' id='block_1_89' title="bbox 440 4534 3751 4615">
    <p class='ocr_par' dir='ltr' id='par_1_89' title="bbox 440 4534 3751 4615">
     <span class='ocr_line' id='line_1_89' title="bbox 440 4534 3751 4615; baseline -0.003 -12"><span class='ocrx_word' id='word_1_651' title='bbox 440 4547 615 4606; x_wconf 86' lang='lat' dir='ltr'><strong>lidum</strong></span> <span class='ocrx_word' id='word_1_652' title='bbox 661 4553 885 4601; x_wconf 75' lang='lat' dir='ltr'><strong>ventum</strong></span> <span class='ocrx_word' id='word_1_653' title='bbox 910 4582 928 4609; x_wconf 83' lang='lat'><strong>,</strong></span> <span class='ocrx_word' id='word_1_654' title='bbox 982 4549 1044 4595; x_wconf 81' lang='grc' dir='ltr'><strong>ιιι</strong></span> <span class='ocrx_word' id='word_1_655' title='bbox 1095 4547 1337 4594; x_wconf 73' lang='lat' dir='ltr'><strong>aromala</strong></span> <span class='ocrx_word' id='word_1_656' title='bbox 1381 4536 1686 4609; x_wconf 78' lang='lat' dir='ltr'><strong>gratiarum</strong></span> <span class='ocrx_word' id='word_1_657' title='bbox 1749 4534 2000 4593; x_wconf 62' lang='lat' dir='ltr'><strong>ferveant</strong></span> <span class='ocrx_word' id='word_1_658' title='bbox 2021 4577 2038 4606; x_wconf 84' lang='grc'><strong>,</strong></span> <span class='ocrx_word' id='word_1_659' title='bbox 2068 4613 2093 4615; x_wconf 94' lang='lat'>_</span> <span class='ocrx_word' id='word_1_660' title='bbox 2142 4559 2228 4599; x_wconf 82' lang='lat' dir='ltr'><strong>uer</strong></span> <span class='ocrx_word' id='word_1_661' title='bbox 2256 4544 2436 4615; x_wconf 81' lang='lat' dir='ltr'><strong>fuerit,</strong></span> <span class='ocrx_word' id='word_1_662' title='bbox 2469 4544 2644 4599; x_wconf 77' lang='lat' dir='ltr'><strong>statim</strong></span> <span class='ocrx_word' id='word_1_663' title='bbox 2673 4541 2840 4599; x_wconf 86' lang='lat' dir='ltr'><strong>adest.</strong></span> <span class='ocrx_word' id='word_1_664' title='bbox 2870 4541 3009 4598; x_wconf 89' lang='lat' dir='ltr'><strong>Pulli</strong></span> <span class='ocrx_word' id='word_1_665' title='bbox 3042 4542 3162 4613; x_wconf 86' lang='lat' dir='ltr'><strong>ejus</strong></span> <span class='ocrx_word' id='word_1_666' title='bbox 3190 4551 3319 4598; x_wconf 86' lang='lat' dir='ltr'><strong>sunt</strong></span> <span class='ocrx_word' id='word_1_667' title='bbox 3341 4542 3435 4598; x_wconf 80' lang='lat' dir='ltr'><strong>ﬁlii</strong></span> <span class='ocrx_word' id='word_1_668' title='bbox 3460 4544 3576 4611; x_wconf 87' lang='lat' dir='ltr'><strong>ejus</strong></span> <span class='ocrx_word' id='word_1_669' title='bbox 3605 4583 3624 4607; x_wconf 89' lang='lat'><strong>,</strong></span> <span class='ocrx_word' id='word_1_670' title='bbox 3658 4539 3751 4595; x_wconf 85' lang='lat' dir='ltr'><strong>vel</strong></span> 
     </span>
    </p>
   </div>
   <div class='ocr_carea' id='block_1_90' title="bbox 441 4613 3757 4713">
    <p class='ocr_par' dir='ltr' id='par_1_90' title="bbox 441 4613 3757 4713">
     <span class='ocr_line' id='line_1_90' title="bbox 441 4613 3757 4713; baseline -0.004 -13"><span class='ocrx_word' id='word_1_671' title='bbox 441 4652 685 4713; x_wconf 78' lang='lat' dir='ltr'><strong>sponsus</strong></span> <span class='ocrx_word' id='word_1_672' title='bbox 715 4637 927 4703; x_wconf 85' lang='lat' dir='ltr'><strong>invitat,</strong></span> <span class='ocrx_word' id='word_1_673' title='bbox 961 4632 1184 4689; x_wconf 86' lang='lat' dir='ltr'><strong>dicens:</strong></span> <span class='ocrx_word' id='word_1_674' title='bbox 1209 4628 1470 4703; x_wconf 74' lang='lat' dir='ltr'><strong>Exsurge,</strong></span> <span class='ocrx_word' id='word_1_675' title='bbox 1495 4629 1695 4701; x_wconf 71' lang='lat' dir='ltr'><strong>aquilo,</strong></span> <span class='ocrx_word' id='word_1_676' title='bbox 1717 4639 1762 4683; x_wconf 79' lang='grc' dir='ltr'><strong>ει</strong></span> <span class='ocrx_word' id='word_1_677' title='bbox 1782 4631 1914 4698; x_wconf 64' lang='lat' dir='ltr'><strong>veni,</strong></span> <span class='ocrx_word' id='word_1_678' title='bbox 1946 4646 2030 4684; x_wconf 74' lang='grc' dir='ltr'><strong>αα·</strong></span> <span class='ocrx_word' id='word_1_679' title='bbox 2066 4613 2121 4675; x_wconf 68' lang='grc' dir='ltr'>Π</span> <span class='ocrx_word' id='word_1_680' title='bbox 2146 4613 2277 4692; x_wconf 84' lang='lat' dir='ltr'><strong>socii</strong></span> <span class='ocrx_word' id='word_1_681' title='bbox 2307 4634 2448 4707; x_wconf 85' lang='lat' dir='ltr'><strong>ejus,</strong></span> <span class='ocrx_word' id='word_1_682' title='bbox 2479 4636 2569 4707; x_wconf 90' lang='lat' dir='ltr'><strong>qui</strong></span> <span class='ocrx_word' id='word_1_683' title='bbox 2616 4638 2669 4691; x_wconf 91' lang='lat' dir='ltr'><strong>in</strong></span> <span class='ocrx_word' id='word_1_684' title='bbox 2718 4636 3127 4707; x_wconf 88' lang='lat' dir='ltr'><strong>conspiratione</strong></span> <span class='ocrx_word' id='word_1_685' title='bbox 3179 4635 3483 4708; x_wconf 79' lang='lat' dir='ltr'><strong>tyrannidis</strong></span> <span class='ocrx_word' id='word_1_686' title='bbox 3508 4650 3633 4691; x_wconf 88' lang='lat' dir='ltr'><strong>cum</strong></span> <span class='ocrx_word' id='word_1_687' title='bbox 3684 4650 3757 4689; x_wconf 86' lang='lat' dir='ltr'><strong>co</strong></span> 
     </span>
    </p>
   </div>
   <div class='ocr_carea' id='block_1_91' title="bbox 447 4722 2037 4805">
    <p class='ocr_par' dir='ltr' id='par_1_91' title="bbox 447 4722 2037 4805">
     <span class='ocr_line' id='line_1_91' title="bbox 447 4722 2037 4805; baseline -0.006 -14"><span class='ocrx_word' id='word_1_688' title='bbox 447 4746 577 4802; x_wconf 83' lang='lat' dir='ltr'><strong>ater,</strong></span> <span class='ocrx_word' id='word_1_689' title='bbox 610 4731 777 4805; x_wconf 83' lang='lat' dir='ltr'><strong>perﬂa</strong></span> <span class='ocrx_word' id='word_1_690' title='bbox 795 4728 998 4784; x_wconf 78' lang='lat' dir='ltr'><strong>hortum</strong></span> <span class='ocrx_word' id='word_1_691' title='bbox 1024 4741 1218 4792; x_wconf 87' lang='lat' dir='ltr'><strong>meum,</strong></span> <span class='ocrx_word' id='word_1_692' title='bbox 1242 4732 1288 4780; x_wconf 83' lang='lat' dir='ltr'><strong>et</strong></span> <span class='ocrx_word' id='word_1_693' title='bbox 1320 4724 1483 4796; x_wconf 72' lang='lat' dir='ltr'><strong>perﬂa</strong></span> <span class='ocrx_word' id='word_1_694' title='bbox 1513 4733 1748 4778; x_wconf 88' lang='lat' dir='ltr'><strong>aromata</strong></span> <span class='ocrx_word' id='word_1_695' title='bbox 1772 4740 1903 4778; x_wconf 86' lang='lat' dir='ltr'><strong>mea.</strong></span> <span class='ocrx_word' id='word_1_696' title='bbox 1933 4722 2037 4781; x_wconf 88' lang='lat' dir='ltr'><strong>Ubi</strong></span> 
     </span>
    </p>
   </div>
   <div class='ocr_carea' id='block_1_92' title="bbox 446 4817 2036 4903">
    <p class='ocr_par' dir='ltr' id='par_1_92' title="bbox 446 4817 2036 4903">
     <span class='ocr_line' id='line_1_92' title="bbox 446 4817 2036 4903; baseline -0.009 -15"><span class='ocrx_word' id='word_1_697' title='bbox 446 4845 583 4903; x_wconf 90' lang='lat' dir='ltr'><strong>ergo</strong></span> <span class='ocrx_word' id='word_1_698' title='bbox 611 4828 817 4884; x_wconf 89' lang='lat' dir='ltr'><strong>dictum</strong></span> <span class='ocrx_word' id='word_1_699' title='bbox 846 4834 960 4890; x_wconf 80' lang='lat' dir='ltr'><strong>est,</strong></span> <span class='ocrx_word' id='word_1_700' title='bbox 987 4820 1309 4892; x_wconf 77' lang='lat' dir='ltr'><strong>expandens</strong></span> <span class='ocrx_word' id='word_1_701' title='bbox 1334 4817 1447 4874; x_wconf 84' lang='lat' dir='ltr'><strong>alas</strong></span> <span class='ocrx_word' id='word_1_702' title='bbox 1478 4820 1610 4873; x_wconf 86' lang='lat' dir='ltr'><strong>suas</strong></span> <span class='ocrx_word' id='word_1_703' title='bbox 1648 4817 1715 4874; x_wconf 86' lang='lat' dir='ltr'><strong>ad</strong></span> <span class='ocrx_word' id='word_1_704' title='bbox 1749 4818 2036 4885; x_wconf 87' lang='lat' dir='ltr'><strong>Austrum,</strong></span> 
     </span>
    </p>
   </div>
   <div class='ocr_carea' id='block_1_93' title="bbox 444 4909 2040 4988">
    <p class='ocr_par' dir='ltr' id='par_1_93' title="bbox 444 4909 2040 4988">
     <span class='ocr_line' id='line_1_93' title="bbox 444 4909 2040 4988; baseline -0.009 -7"><span class='ocrx_word' id='word_1_705' title='bbox 444 4924 539 4981; x_wconf 84' lang='lat' dir='ltr'><strong>alii</strong></span> <span class='ocrx_word' id='word_1_706' title='bbox 569 4921 844 4985; x_wconf 88' lang='lat' dir='ltr'><strong>dixerunt,</strong></span> <span class='ocrx_word' id='word_1_707' title='bbox 872 4913 1117 4988; x_wconf 68' lang='lat' dir='ltr'><strong>expansis</strong></span> <span class='ocrx_word' id='word_1_708' title='bbox 1140 4911 1324 4985; x_wconf 86' lang='lat' dir='ltr'><strong>pennis</strong></span> <span class='ocrx_word' id='word_1_709' title='bbox 1344 4909 1648 4975; x_wconf 85' lang='lat' dir='ltr'><strong>immobilis,</strong></span> <span class='ocrx_word' id='word_1_710' title='bbox 1676 4921 1727 4966; x_wconf 90' lang='lat' dir='ltr'><strong>et</strong></span> <span class='ocrx_word' id='word_1_711' title='bbox 1757 4912 2040 4983; x_wconf 79' lang='lat' dir='ltr'><strong>respiciens</strong></span> 
     </span>
    </p>
   </div>
   <div class='ocr_carea' id='block_1_94' title="bbox 444 5001 2039 5075">
    <p class='ocr_par' dir='ltr' id='par_1_94' title="bbox 444 5001 2039 5075">
     <span class='ocr_line' id='line_1_94' title="bbox 444 5001 2039 5075; baseline -0.008 -3"><span class='ocrx_word' id='word_1_712' title='bbox 444 5016 715 5072; x_wconf 81' lang='lat' dir='ltr'><strong>Austrum.</strong></span> <span class='ocrx_word' id='word_1_713' title='bbox 744 5008 1105 5064; x_wconf 87' lang='lat' dir='ltr'><strong>Intentiouem</strong></span> <span class='ocrx_word' id='word_1_714' title='bbox 1124 5019 1259 5075; x_wconf 87' lang='lat' dir='ltr'><strong>ergo</strong></span> <span class='ocrx_word' id='word_1_715' title='bbox 1282 5003 1704 5075; x_wconf 61' lang='lat' dir='ltr'><strong>perseverantiae</strong></span> <span class='ocrx_word' id='word_1_716' title='bbox 1734 5001 1863 5058; x_wconf 90' lang='lat' dir='ltr'><strong>dicit</strong></span> <span class='ocrx_word' id='word_1_717' title='bbox 1895 5002 2039 5074; x_wconf 90' lang='lat' dir='ltr'><strong>ejus,</strong></span> 
     </span>
    </p>
   </div>
   <div class='ocr_carea' id='block_1_95' title="bbox 445 5093 2034 5181">
    <p class='ocr_par' dir='ltr' id='par_1_95' title="bbox 445 5093 2034 5181">
     <span class='ocr_line' id='line_1_95' title="bbox 445 5093 2034 5181; baseline -0.009 -16"><span class='ocrx_word' id='word_1_718' title='bbox 445 5110 537 5181; x_wconf 83' lang='lat' dir='ltr'><strong>qui</strong></span> <span class='ocrx_word' id='word_1_719' title='bbox 569 5120 667 5178; x_wconf 88' lang='lat' dir='ltr'><strong>per</strong></span> <span class='ocrx_word' id='word_1_720' title='bbox 708 5102 944 5159; x_wconf 85' lang='lat' dir='ltr'><strong>calorem</strong></span> <span class='ocrx_word' id='word_1_721' title='bbox 990 5099 1115 5155; x_wconf 88' lang='lat' dir='ltr'><strong>iidei</strong></span> <span class='ocrx_word' id='word_1_722' title='bbox 1158 5097 1391 5154; x_wconf 90' lang='lat' dir='ltr'><strong>duorum</strong></span> <span class='ocrx_word' id='word_1_723' title='bbox 1432 5093 1905 5152; x_wconf 75' lang='lat' dir='ltr'><strong>Tesmmentnrum</strong></span> <span class='ocrx_word' id='word_1_724' title='bbox 1934 5112 2034 5167; x_wconf 83' lang='lat' dir='ltr'><strong>gu-</strong></span> 
     </span>
    </p>
   </div>
   <div class='ocr_carea' id='block_1_96' title="bbox 445 5188 2039 5264">
    <p class='ocr_par' dir='ltr' id='par_1_96' title="bbox 445 5188 2039 5264">
     <span class='ocr_line' id='line_1_96' title="bbox 445 5188 2039 5264; baseline -0.007 -6"><span class='ocrx_word' id='word_1_725' title='bbox 445 5198 761 5258; x_wconf 83' lang='lat' dir='ltr'><strong>bernaculis</strong></span> <span class='ocrx_word' id='word_1_726' title='bbox 792 5193 1004 5262; x_wconf 83' lang='lat' dir='ltr'><strong>vivens,</strong></span> <span class='ocrx_word' id='word_1_727' title='bbox 1047 5189 1397 5264; x_wconf 85' lang='lat' dir='ltr'><strong>splendorem</strong></span> <span class='ocrx_word' id='word_1_728' title='bbox 1438 5197 1657 5245; x_wconf 61' lang='lat' dir='ltr'><strong>aeternae</strong></span> <span class='ocrx_word' id='word_1_729' title='bbox 1687 5188 2039 5247; x_wconf 89' lang='lat' dir='ltr'><strong>beatitudinis</strong></span> 
     </span>
    </p>
   </div>
   <div class='ocr_carea' id='block_1_97' title="bbox 440 5293 863 5363">
    <p class='ocr_par' dir='ltr' id='par_1_97' title="bbox 440 5293 863 5363">
     <span class='ocr_line' id='line_1_97' title="bbox 440 5293 863 5363; baseline -0.024 -7"><span class='ocrx_word' id='word_1_730' title='bbox 440 5293 863 5363; x_wconf 86' lang='lat' dir='ltr'><strong>contemplatur.</strong></span> 
     </span>
    </p>
   </div>
   <div class='ocr_carea' id='block_1_98' title="bbox 522 5377 2039 5459">
    <p class='ocr_par' dir='ltr' id='par_1_98' title="bbox 522 5377 2039 5459">
     <span class='ocr_line' id='line_1_98' title="bbox 522 5377 2039 5459; baseline -0.009 -15"><span class='ocrx_word' id='word_1_731' title='bbox 522 5385 795 5459; x_wconf 82' lang='lat' dir='ltr'><strong>Numquid</strong></span> <span class='ocrx_word' id='word_1_732' title='bbox 843 5383 912 5439; x_wconf 86' lang='lat' dir='ltr'><strong>ad</strong></span> <span class='ocrx_word' id='word_1_733' title='bbox 957 5388 1273 5455; x_wconf 81' lang='lat' dir='ltr'><strong>prteceptum</strong></span> <span class='ocrx_word' id='word_1_734' title='bbox 1314 5387 1462 5433; x_wconf 77' lang='lat' dir='ltr'><strong>tuum</strong></span> <span class='ocrx_word' id='word_1_735' title='bbox 1503 5377 1784 5433; x_wconf 75' lang='lat' dir='ltr'><strong>elevabitur</strong></span> <span class='ocrx_word' id='word_1_736' title='bbox 1820 5380 2039 5451; x_wconf 78' lang='lat' dir='ltr'><strong>aquila?</strong></span> 
     </span>
    </p>
   </div>
   <div class='ocr_carea' id='block_1_99' title="bbox 444 5468 2039 5552">
    <p class='ocr_par' dir='ltr' id='par_1_99' title="bbox 444 5468 2039 5552">
     <span class='ocr_line' id='line_1_99' title="bbox 444 5468 2039 5552; baseline -0.006 -15"><span class='ocrx_word' id='word_1_737' title='bbox 444 5477 755 5552; x_wconf 76' lang='lat' dir='ltr'><strong>Aliquando</strong></span> <span class='ocrx_word' id='word_1_738' title='bbox 790 5476 847 5531; x_wconf 90' lang='lat' dir='ltr'><strong>in</strong></span> <span class='ocrx_word' id='word_1_739' title='bbox 878 5474 1076 5532; x_wconf 79' lang='lat' dir='ltr'><strong>bottom</strong></span> <span class='ocrx_word' id='word_1_740' title='bbox 1119 5484 1330 5544; x_wconf 83' lang='lat' dir='ltr'><strong>partem</strong></span> <span class='ocrx_word' id='word_1_741' title='bbox 1362 5469 1544 5541; x_wconf 85' lang='lat' dir='ltr'><strong>aquila</strong></span> <span class='ocrx_word' id='word_1_742' title='bbox 1573 5468 1792 5538; x_wconf 86' lang='lat' dir='ltr'><strong>dicitur,</strong></span> <span class='ocrx_word' id='word_1_743' title='bbox 1835 5480 1895 5527; x_wconf 86' lang='lat' dir='ltr'><strong>et</strong></span> <span class='ocrx_word' id='word_1_744' title='bbox 1941 5487 2039 5543; x_wconf 88' lang='lat' dir='ltr'><strong>pro</strong></span> 
     </span>
    </p>
   </div>
   <div class='ocr_carea' id='block_1_100' title="bbox 435 5564 2038 5647">
    <p class='ocr_par' dir='ltr' id='par_1_100' title="bbox 435 5564 2038 5647">
     <span class='ocr_line' id='line_1_100' title="bbox 435 5564 2038 5647; baseline -0.006 -15"><span class='ocrx_word' id='word_1_745' title='bbox 435 5576 562 5647; x_wconf 85' lang='lat' dir='ltr'><strong>ipso</strong></span> <span class='ocrx_word' id='word_1_746' title='bbox 585 5573 721 5641; x_wconf 89' lang='lat' dir='ltr'><strong>Deo,</strong></span> <span class='ocrx_word' id='word_1_747' title='bbox 745 5570 967 5628; x_wconf 81' lang='lat' dir='ltr'><strong>dicente</strong></span> <span class='ocrx_word' id='word_1_748' title='bbox 997 5566 1212 5640; x_wconf 81' lang='lat' dir='ltr'><strong>Moyse:</strong></span> <span class='ocrx_word' id='word_1_749' title='bbox 1237 5564 1387 5623; x_wconf 87' lang='lat' dir='ltr'><strong>Sicut</strong></span> <span class='ocrx_word' id='word_1_750' title='bbox 1412 5564 1589 5634; x_wconf 82' lang='lat' dir='ltr'><strong>aquila</strong></span> <span class='ocrx_word' id='word_1_751' title='bbox 1615 5565 1839 5640; x_wconf 80' lang='lat' dir='ltr'><strong>protegit</strong></span> <span class='ocrx_word' id='word_1_752' title='bbox 1858 5566 2038 5622; x_wconf 83' lang='lat' dir='ltr'><strong>nidum</strong></span> 
     </span>
    </p>
   </div>
   <div class='ocr_carea' id='block_1_101' title="bbox 430 5658 2034 5735">
    <p class='ocr_par' dir='ltr' id='par_1_101' title="bbox 430 5658 2034 5735">
     <span class='ocr_line' id='line_1_101' title="bbox 430 5658 2034 5735; baseline -0.006 -9"><span class='ocrx_word' id='word_1_753' title='bbox 430 5683 619 5735; x_wconf 79' lang='lat' dir='ltr'><strong>suum,</strong></span> <span class='ocrx_word' id='word_1_754' title='bbox 647 5675 695 5723; x_wconf 90' lang='lat' dir='ltr'><strong>et</strong></span> <span class='ocrx_word' id='word_1_755' title='bbox 729 5680 887 5733; x_wconf 85' lang='lat' dir='ltr'><strong>super</strong></span> <span class='ocrx_word' id='word_1_756' title='bbox 908 5659 1085 5735; x_wconf 76' lang='lat' dir='ltr'><strong>pullos</strong></span> <span class='ocrx_word' id='word_1_757' title='bbox 1112 5675 1235 5716; x_wconf 87' lang='lat' dir='ltr'><strong>suos</strong></span> <span class='ocrx_word' id='word_1_758' title='bbox 1264 5658 1505 5728; x_wconf 78' lang='lat' dir='ltr'><strong>conﬁdit,</strong></span> <span class='ocrx_word' id='word_1_759' title='bbox 1539 5667 1596 5713; x_wconf 89' lang='lat' dir='ltr'><strong>ut</strong></span> <span class='ocrx_word' id='word_1_760' title='bbox 1625 5660 1879 5731; x_wconf 89' lang='lat' dir='ltr'><strong>superius</strong></span> <span class='ocrx_word' id='word_1_761' title='bbox 1898 5660 2034 5716; x_wconf 85' lang='lat' dir='ltr'><strong>dixi-</strong></span> 
     </span>
    </p>
   </div>
   <div class='ocr_carea' id='block_1_102' title="bbox 431 5746 2029 5824">
    <p class='ocr_par' dir='ltr' id='par_1_102' title="bbox 431 5746 2029 5824">
     <span class='ocr_line' id='line_1_102' title="bbox 431 5746 2029 5824; baseline -0.006 -9"><span class='ocrx_word' id='word_1_762' title='bbox 431 5772 580 5815; x_wconf 90' lang='lat' dir='ltr'><strong>mus.</strong></span> <span class='ocrx_word' id='word_1_763' title='bbox 629 5746 730 5813; x_wconf 80' lang='lat' dir='ltr'><strong>Hic</strong></span> <span class='ocrx_word' id='word_1_764' title='bbox 770 5768 902 5810; x_wconf 85' lang='lat' dir='ltr'><strong>vero</strong></span> <span class='ocrx_word' id='word_1_765' title='bbox 942 5748 985 5808; x_wconf 29' lang='lat' dir='ltr'><strong>‘a</strong></span> <span class='ocrx_word' id='word_1_766' title='bbox 1040 5751 1158 5807; x_wconf 89' lang='lat' dir='ltr'><strong>Deo</strong></span> <span class='ocrx_word' id='word_1_767' title='bbox 1199 5757 1444 5823; x_wconf 86' lang='lat' dir='ltr'><strong>potestas</strong></span> <span class='ocrx_word' id='word_1_768' title='bbox 1493 5748 1801 5806; x_wconf 87' lang='lat' dir='ltr'><strong>adversaria</strong></span> <span class='ocrx_word' id='word_1_769' title='bbox 1847 5751 2029 5824; x_wconf 89' lang='lat' dir='ltr'><strong>aquila</strong></span> 
     </span>
    </p>
   </div>
   <div class='ocr_carea' id='block_1_103' title="bbox 433 5841 2023 5919">
    <p class='ocr_par' dir='ltr' id='par_1_103' title="bbox 433 5841 2023 5919">
     <span class='ocr_line' id='line_1_103' title="bbox 433 5841 2023 5919; baseline -0.003 -14"><span class='ocrx_word' id='word_1_770' title='bbox 433 5847 651 5917; x_wconf 85' lang='lat' dir='ltr'><strong>dicitur,</strong></span> <span class='ocrx_word' id='word_1_771' title='bbox 679 5860 804 5919; x_wconf 71' lang='lat' dir='ltr'><strong>quat</strong></span> <span class='ocrx_word' id='word_1_772' title='bbox 833 5859 903 5902; x_wconf 83' lang='lat' dir='ltr'><strong>ex</strong></span> <span class='ocrx_word' id='word_1_773' title='bbox 938 5844 1209 5914; x_wconf 88' lang='lat' dir='ltr'><strong>permissu</strong></span> <span class='ocrx_word' id='word_1_774' title='bbox 1257 5841 1356 5901; x_wconf 88' lang='lat' dir='ltr'><strong>Dei</strong></span> <span class='ocrx_word' id='word_1_775' title='bbox 1401 5841 1544 5899; x_wconf 87' lang='lat' dir='ltr'><strong>elata</strong></span> <span class='ocrx_word' id='word_1_776' title='bbox 1592 5843 1645 5898; x_wconf 90' lang='lat' dir='ltr'><strong>in</strong></span> <span class='ocrx_word' id='word_1_777' title='bbox 1691 5844 2023 5917; x_wconf 88' lang='lat' dir='ltr'><strong>superbiam,</strong></span> 
     </span>
    </p>
   </div>
   <div class='ocr_carea' id='block_1_104' title="bbox 2148 4728 3755 4800">
    <p class='ocr_par' dir='ltr' id='par_1_104' title="bbox 2148 4728 3755 4800">
     <span class='ocr_line' id='line_1_104' title="bbox 2148 4728 3755 4800; baseline -0.003 -14"><span class='ocrx_word' id='word_1_778' title='bbox 2148 4730 2437 4787; x_wconf 86' lang='lat' dir='ltr'><strong>adversum</strong></span> <span class='ocrx_word' id='word_1_779' title='bbox 2474 4732 2641 4787; x_wconf 85' lang='lat' dir='ltr'><strong>Deum</strong></span> <span class='ocrx_word' id='word_1_780' title='bbox 2691 4730 2861 4786; x_wconf 89' lang='lat' dir='ltr'><strong>moliti</strong></span> <span class='ocrx_word' id='word_1_781' title='bbox 2905 4740 3030 4786; x_wconf 86' lang='lat' dir='ltr'><strong>sunt</strong></span> <span class='ocrx_word' id='word_1_782' title='bbox 3063 4730 3435 4800; x_wconf 85' lang='lat' dir='ltr'><strong>iniquitatem.</strong></span> <span class='ocrx_word' id='word_1_783' title='bbox 3480 4728 3542 4784; x_wconf 80' lang='lat' dir='ltr'><strong>iii</strong></span> <span class='ocrx_word' id='word_1_784' title='bbox 3575 4728 3755 4798; x_wconf 79' lang='lat' dir='ltr'><strong>igitur</strong></span> 
     </span>
    </p>
   </div>
   <div class='ocr_carea' id='block_1_105' title="bbox 2148 4821 3754 4894">
    <p class='ocr_par' dir='ltr' id='par_1_105' title="bbox 2148 4821 3754 4894">
     <span class='ocr_line' id='line_1_105' title="bbox 2148 4821 3754 4894; baseline 0 -17"><span class='ocrx_word' id='word_1_785' title='bbox 2148 4821 2323 4879; x_wconf 82' lang='lat' dir='ltr'><strong>livore</strong></span> <span class='ocrx_word' id='word_1_786' title='bbox 2374 4821 2614 4887; x_wconf 68' lang='lat' dir='ltr'><strong>invidias,</strong></span> <span class='ocrx_word' id='word_1_787' title='bbox 2656 4822 2908 4880; x_wconf 88' lang='lat' dir='ltr'><strong>sitientes</strong></span> <span class='ocrx_word' id='word_1_788' title='bbox 2933 4822 3253 4894; x_wconf 87' lang='lat' dir='ltr'><strong>sanguinem</strong></span> <span class='ocrx_word' id='word_1_789' title='bbox 3300 4822 3571 4879; x_wconf 89' lang='lat' dir='ltr'><strong>hominum</strong></span> <span class='ocrx_word' id='word_1_790' title='bbox 3598 4821 3754 4877; x_wconf 83' lang='lat' dir='ltr'><strong>lam-</strong></span> 
     </span>
    </p>
   </div>
   <div class='ocr_carea' id='block_1_106' title="bbox 2146 4913 3751 4987">
    <p class='ocr_par' dir='ltr' id='par_1_106' title="bbox 2146 4913 3751 4987">
     <span class='ocr_line' id='line_1_106' title="bbox 2146 4913 3751 4987; baseline -0.002 -16"><span class='ocrx_word' id='word_1_791' title='bbox 2146 4914 2303 4972; x_wconf 90' lang='lat' dir='ltr'><strong>bunt.</strong></span> <span class='ocrx_word' id='word_1_792' title='bbox 2333 4915 2398 4971; x_wconf 88' lang='lat' dir='ltr'><strong>Et</strong></span> <span class='ocrx_word' id='word_1_793' title='bbox 2425 4913 2575 4987; x_wconf 90' lang='lat' dir='ltr'><strong>quod</strong></span> <span class='ocrx_word' id='word_1_794' title='bbox 2605 4916 2701 4982; x_wconf 85' lang='lat' dir='ltr'><strong>ait,</strong></span> <span class='ocrx_word' id='word_1_795' title='bbox 2730 4916 2820 4972; x_wconf 90' lang='lat' dir='ltr'><strong>ubi</strong></span> <span class='ocrx_word' id='word_1_796' title='bbox 2853 4914 3014 4972; x_wconf 81' lang='lat' dir='ltr'><strong>fuerit</strong></span> <span class='ocrx_word' id='word_1_797' title='bbox 3056 4914 3312 4984; x_wconf 75' lang='lat' dir='ltr'><strong>cadaver,</strong></span> <span class='ocrx_word' id='word_1_798' title='bbox 3352 4918 3536 4972; x_wconf 83' lang='lat' dir='ltr'><strong>statim</strong></span> <span class='ocrx_word' id='word_1_799' title='bbox 3563 4914 3751 4979; x_wconf 78' lang='lat' dir='ltr'><strong>adest,</strong></span> 
     </span>
    </p>
   </div>
   <div class='ocr_carea' id='block_1_107' title="bbox 2147 5006 3759 5082">
    <p class='ocr_par' dir='ltr' id='par_1_107' title="bbox 2147 5006 3759 5082">
     <span class='ocr_line' id='line_1_107' title="bbox 2147 5006 3759 5082; baseline -0.002 -18"><span class='ocrx_word' id='word_1_800' title='bbox 2147 5008 2239 5064; x_wconf 85' lang='lat' dir='ltr'><strong>alii</strong></span> <span class='ocrx_word' id='word_1_801' title='bbox 2257 5007 2528 5073; x_wconf 80' lang='lat' dir='ltr'><strong>dlxerunt,</strong></span> <span class='ocrx_word' id='word_1_802' title='bbox 2553 5017 2600 5062; x_wconf 87' lang='lat' dir='ltr'><strong>et</strong></span> <span class='ocrx_word' id='word_1_803' title='bbox 2629 5008 2713 5062; x_wconf 78' lang='lat' dir='ltr'><strong>ubi</strong></span> <span class='ocrx_word' id='word_1_804' title='bbox 2735 5008 2889 5078; x_wconf 79' lang='lat' dir='ltr'><strong>fuerit</strong></span> <span class='ocrx_word' id='word_1_805' title='bbox 2915 5006 3154 5076; x_wconf 85' lang='lat' dir='ltr'><strong>cadaver,</strong></span> <span class='ocrx_word' id='word_1_806' title='bbox 3184 5009 3361 5063; x_wconf 80' lang='lat' dir='ltr'><strong>statim</strong></span> <span class='ocrx_word' id='word_1_807' title='bbox 3383 5010 3759 5082; x_wconf 75' lang='lat' dir='ltr'><strong>reperiuntur:</strong></span> 
     </span>
    </p>
   </div>
   <div class='ocr_carea' id='block_1_108' title="bbox 2143 5100 3761 5173">
    <p class='ocr_par' dir='ltr' id='par_1_108' title="bbox 2143 5100 3761 5173">
     <span class='ocr_line' id='line_1_108' title="bbox 2143 5100 3761 5173; baseline 0.001 -18"><span class='ocrx_word' id='word_1_808' title='bbox 2143 5102 2289 5173; x_wconf 87' lang='lat' dir='ltr'><strong>quod</strong></span> <span class='ocrx_word' id='word_1_809' title='bbox 2316 5101 2433 5159; x_wconf 87' lang='lat' dir='ltr'><strong>sive</strong></span> <span class='ocrx_word' id='word_1_810' title='bbox 2457 5102 2524 5157; x_wconf 89' lang='lat' dir='ltr'><strong>de</strong></span> <span class='ocrx_word' id='word_1_811' title='bbox 2552 5110 2771 5157; x_wconf 72' lang='lat' dir='ltr'><strong>auctore</strong></span> <span class='ocrx_word' id='word_1_812' title='bbox 2802 5100 2950 5163; x_wconf 88' lang='lat' dir='ltr'><strong>mali.</strong></span> <span class='ocrx_word' id='word_1_813' title='bbox 2988 5100 3103 5156; x_wconf 87' lang='lat' dir='ltr'><strong>sive</strong></span> <span class='ocrx_word' id='word_1_814' title='bbox 3146 5102 3214 5157; x_wconf 88' lang='lat' dir='ltr'><strong>de</strong></span> <span class='ocrx_word' id='word_1_815' title='bbox 3264 5102 3577 5159; x_wconf 82' lang='lat' dir='ltr'><strong>satellitibus</strong></span> <span class='ocrx_word' id='word_1_816' title='bbox 3621 5102 3761 5170; x_wconf 81' lang='lat' dir='ltr'><strong>ejus</strong></span> 
     </span>
    </p>
   </div>
   <div class='ocr_carea' id='block_1_109' title="bbox 2146 5192 3756 5267">
    <p class='ocr_par' dir='ltr' id='par_1_109' title="bbox 2146 5192 3756 5267">
     <span class='ocr_line' id='line_1_109' title="bbox 2146 5192 3756 5267; baseline -0.003 -15"><span class='ocrx_word' id='word_1_817' title='bbox 2146 5194 2379 5261; x_wconf 88' lang='lat' dir='ltr'><strong>dicatur,</strong></span> <span class='ocrx_word' id='word_1_818' title='bbox 2418 5193 2509 5250; x_wconf 90' lang='lat' dir='ltr'><strong>ubi</strong></span> <span class='ocrx_word' id='word_1_819' title='bbox 2540 5192 2787 5261; x_wconf 74' lang='lat' dir='ltr'><strong>atinarit,</strong></span> <span class='ocrx_word' id='word_1_820' title='bbox 2833 5193 2945 5249; x_wconf 90' lang='lat' dir='ltr'><strong>illic</strong></span> <span class='ocrx_word' id='word_1_821' title='bbox 2981 5204 3263 5264; x_wconf 85' lang='lat' dir='ltr'><strong>peccatum</strong></span> <span class='ocrx_word' id='word_1_822' title='bbox 3298 5195 3448 5251; x_wconf 91' lang='lat' dir='ltr'><strong>illico</strong></span> <span class='ocrx_word' id='word_1_823' title='bbox 3481 5196 3756 5267; x_wconf 83' lang='lat' dir='ltr'><strong>gignitur,</strong></span> 
     </span>
    </p>
   </div>
   <div class='ocr_carea' id='block_1_110' title="bbox 2144 5286 3754 5359">
    <p class='ocr_par' dir='ltr' id='par_1_110' title="bbox 2144 5286 3754 5359">
     <span class='ocr_line' id='line_1_110' title="bbox 2144 5286 3754 5359; baseline -0.002 -17"><span class='ocrx_word' id='word_1_824' title='bbox 2144 5287 2287 5359; x_wconf 86' lang='lat' dir='ltr'><strong>quod</strong></span> <span class='ocrx_word' id='word_1_825' title='bbox 2329 5287 2384 5343; x_wconf 91' lang='lat' dir='ltr'><strong>in</strong></span> <span class='ocrx_word' id='word_1_826' title='bbox 2417 5286 2600 5342; x_wconf 85' lang='lat' dir='ltr'><strong>anima</strong></span> <span class='ocrx_word' id='word_1_827' title='bbox 2633 5286 2707 5341; x_wconf 89' lang='lat' dir='ltr'><strong>ita</strong></span> <span class='ocrx_word' id='word_1_828' title='bbox 2737 5286 2933 5354; x_wconf 80' lang='lat' dir='ltr'><strong>feteat,</strong></span> <span class='ocrx_word' id='word_1_829' title='bbox 2975 5287 3117 5343; x_wconf 88' lang='lat' dir='ltr'><strong>sicut</strong></span> <span class='ocrx_word' id='word_1_830' title='bbox 3154 5288 3350 5344; x_wconf 79' lang='lat' dir='ltr'><strong>vulnus</strong></span> <span class='ocrx_word' id='word_1_831' title='bbox 3391 5289 3445 5344; x_wconf 90' lang='lat' dir='ltr'><strong>in</strong></span> <span class='ocrx_word' id='word_1_832' title='bbox 3488 5300 3754 5357; x_wconf 75' lang='lat' dir='ltr'><strong>corpore.</strong></span> 
     </span>
    </p>
   </div>
   <div class='ocr_carea' id='block_1_111' title="bbox 2216 5378 3757 5453">
    <p class='ocr_par' dir='ltr' id='par_1_111' title="bbox 2216 5378 3757 5453">
     <span class='ocr_line' id='line_1_111' title="bbox 2216 5378 3757 5453; baseline -0.002 -18"><span class='ocrx_word' id='word_1_833' title='bbox 2216 5379 2286 5436; x_wconf 89' lang='lat' dir='ltr'><strong>Et</strong></span> <span class='ocrx_word' id='word_1_834' title='bbox 2325 5380 2516 5453; x_wconf 81' lang='lat' dir='ltr'><strong>adjecit</strong></span> <span class='ocrx_word' id='word_1_835' title='bbox 2565 5380 2841 5446; x_wconf 68' lang='lat' dir='ltr'><strong>Dominus,</strong></span> <span class='ocrx_word' id='word_1_836' title='bbox 2870 5389 2917 5435; x_wconf 88' lang='lat' dir='ltr'><strong>et</strong></span> <span class='ocrx_word' id='word_1_837' title='bbox 2947 5380 3151 5435; x_wconf 83' lang='lat' dir='ltr'><strong>locutus</strong></span> <span class='ocrx_word' id='word_1_838' title='bbox 3192 5391 3267 5436; x_wconf 81' lang='lat' dir='ltr'><strong>est</strong></span> <span class='ocrx_word' id='word_1_839' title='bbox 3294 5382 3369 5437; x_wconf 87' lang='lat' dir='ltr'><strong>ad</strong></span> <span class='ocrx_word' id='word_1_840' title='bbox 3391 5381 3534 5438; x_wconf 77' lang='lat' dir='ltr'><strong>Job:</strong></span> <span class='ocrx_word' id='word_1_841' title='bbox 3560 5378 3757 5435; x_wconf 82' lang='lat' dir='ltr'><strong>Num-</strong></span> 
     </span>
    </p>
   </div>
   <div class='ocr_carea' id='block_1_112' title="bbox 2144 5472 3762 5547">
    <p class='ocr_par' dir='ltr' id='par_1_112' title="bbox 2144 5472 3762 5547">
     <span class='ocr_line' id='line_1_112' title="bbox 2144 5472 3762 5547; baseline 0.001 -20"><span class='ocrx_word' id='word_1_842' title='bbox 2144 5472 2274 5546; x_wconf 84' lang='lat' dir='ltr'><strong>quid</strong></span> <span class='ocrx_word' id='word_1_843' title='bbox 2299 5476 2387 5545; x_wconf 81' lang='lat' dir='ltr'><strong>qui</strong></span> <span class='ocrx_word' id='word_1_844' title='bbox 2412 5472 2674 5528; x_wconf 87' lang='lat' dir='ltr'><strong>contendit</strong></span> <span class='ocrx_word' id='word_1_845' title='bbox 2722 5490 2839 5527; x_wconf 87' lang='lat' dir='ltr'><strong>cum</strong></span> <span class='ocrx_word' id='word_1_846' title='bbox 2886 5472 3019 5539; x_wconf 86' lang='lat' dir='ltr'><strong>Deo,</strong></span> <span class='ocrx_word' id='word_1_847' title='bbox 3051 5484 3153 5528; x_wconf 90' lang='lat' dir='ltr'><strong>tam</strong></span> <span class='ocrx_word' id='word_1_848' title='bbox 3196 5474 3355 5546; x_wconf 74' lang='lat' dir='ltr'><strong>facile</strong></span> <span class='ocrx_word' id='word_1_849' title='bbox 3395 5474 3762 5547; x_wconf 66' lang='lat' dir='ltr'><strong>conquiescit?</strong></span> 
     </span>
    </p>
   </div>
   <div class='ocr_carea' id='block_1_113' title="bbox 2147 5564 3762 5641">
    <p class='ocr_par' dir='ltr' id='par_1_113' title="bbox 2147 5564 3762 5641">
     <span class='ocr_line' id='line_1_113' title="bbox 2147 5564 3762 5641; baseline 0 -19"><span class='ocrx_word' id='word_1_850' title='bbox 2147 5564 2340 5638; x_wconf 82' lang='lat' dir='ltr'><strong>Utique</strong></span> <span class='ocrx_word' id='word_1_851' title='bbox 2388 5566 2477 5637; x_wconf 88' lang='lat' dir='ltr'><strong>qui</strong></span> <span class='ocrx_word' id='word_1_852' title='bbox 2520 5566 2694 5639; x_wconf 84' lang='lat' dir='ltr'><strong>arguit</strong></span> <span class='ocrx_word' id='word_1_853' title='bbox 2728 5565 2913 5631; x_wconf 78' lang='lat' dir='ltr'><strong>Deum,</strong></span> <span class='ocrx_word' id='word_1_854' title='bbox 2947 5566 3095 5622; x_wconf 84' lang='lat' dir='ltr'><strong>debet</strong></span> <span class='ocrx_word' id='word_1_855' title='bbox 3135 5569 3449 5641; x_wconf 76' lang='lat' dir='ltr'><strong>respondere</strong></span> <span class='ocrx_word' id='word_1_856' title='bbox 3489 5573 3553 5624; x_wconf 85' lang='lat' dir='ltr'><strong>ei.</strong></span> <span class='ocrx_word' id='word_1_857' title='bbox 3598 5568 3762 5624; x_wconf 70' lang='lat' dir='ltr'><strong>Ton</strong></span> 
     </span>
    </p>
   </div>
   <div class='ocr_carea' id='block_1_114' title="bbox 2138 5659 3759 5735">
    <p class='ocr_par' dir='ltr' id='par_1_114' title="bbox 2138 5659 3759 5735">
     <span class='ocr_line' id='line_1_114' title="bbox 2138 5659 3759 5735; baseline 0 -21"><span class='ocrx_word' id='word_1_858' title='bbox 2138 5659 2427 5715; x_wconf 82' lang='lat' dir='ltr'><strong>altercatio</strong></span> <span class='ocrx_word' id='word_1_859' title='bbox 2454 5674 2574 5729; x_wconf 67' lang='lat' dir='ltr'><strong>quae</strong></span> <span class='ocrx_word' id='word_1_860' title='bbox 2634 5659 2687 5713; x_wconf 92' lang='lat' dir='ltr'><strong>in</strong></span> <span class='ocrx_word' id='word_1_861' title='bbox 2742 5659 3126 5731; x_wconf 86' lang='lat' dir='ltr'><strong>superioribus</strong></span> <span class='ocrx_word' id='word_1_862' title='bbox 3154 5660 3276 5717; x_wconf 90' lang='lat' dir='ltr'><strong>libri</strong></span> <span class='ocrx_word' id='word_1_863' title='bbox 3309 5661 3469 5735; x_wconf 86' lang='lat' dir='ltr'><strong>hujus</strong></span> <span class='ocrx_word' id='word_1_864' title='bbox 3499 5662 3759 5717; x_wconf 79' lang='lat' dir='ltr'><strong>contexi-</strong></span> 
     </span>
    </p>
   </div>
   <div class='ocr_carea' id='block_1_115' title="bbox 2138 5752 3756 5826">
    <p class='ocr_par' dir='ltr' id='par_1_115' title="bbox 2138 5752 3756 5826">
     <span class='ocr_line' id='line_1_115' title="bbox 2138 5752 3756 5826; baseline 0 -17"><span class='ocrx_word' id='word_1_865' title='bbox 2138 5762 2245 5821; x_wconf 90' lang='lat' dir='ltr'><strong>tur,</strong></span> <span class='ocrx_word' id='word_1_866' title='bbox 2278 5753 2331 5809; x_wconf 92' lang='lat' dir='ltr'><strong>in</strong></span> <span class='ocrx_word' id='word_1_867' title='bbox 2357 5754 2461 5809; x_wconf 91' lang='lat' dir='ltr'><strong>hoc</strong></span> <span class='ocrx_word' id='word_1_868' title='bbox 2494 5753 2621 5809; x_wconf 91' lang='lat' dir='ltr'><strong>loco</strong></span> <span class='ocrx_word' id='word_1_869' title='bbox 2650 5768 2681 5810; x_wconf 93' lang='lat' dir='ltr'><strong>a</strong></span> <span class='ocrx_word' id='word_1_870' title='bbox 2713 5752 2950 5810; x_wconf 87' lang='lat' dir='ltr'><strong>Domino</strong></span> <span class='ocrx_word' id='word_1_871' title='bbox 2980 5755 3316 5821; x_wconf 86' lang='lat' dir='ltr'><strong>declaratur,</strong></span> <span class='ocrx_word' id='word_1_872' title='bbox 3351 5771 3470 5812; x_wconf 91' lang='lat' dir='ltr'><strong>cum</strong></span> <span class='ocrx_word' id='word_1_873' title='bbox 3500 5755 3613 5826; x_wconf 86' lang='lat' dir='ltr'><strong>ipse</strong></span> <span class='ocrx_word' id='word_1_874' title='bbox 3654 5755 3756 5809; x_wconf 69' lang='lat' dir='ltr'><strong>iii-</strong></span> 
     </span>
    </p>
   </div>
   <div class='ocr_carea' id='block_1_116' title="bbox 2130 5847 3755 5921">
    <p class='ocr_par' dir='ltr' id='par_1_116' title="bbox 2130 5847 3755 5921">
     <span class='ocr_line' id='line_1_116' title="bbox 2130 5847 3755 5921; baseline -0.001 -13"><span class='ocrx_word' id='word_1_875' title='bbox 2130 5848 2205 5908; x_wconf 89' lang='lat' dir='ltr'><strong>cit</strong></span> <span class='ocrx_word' id='word_1_876' title='bbox 2229 5866 2240 5903; x_wconf 88' lang='lat'><strong>:</strong></span> <span class='ocrx_word' id='word_1_877' title='bbox 2263 5847 2532 5921; x_wconf 85' lang='lat' dir='ltr'><strong>Numquid</strong></span> <span class='ocrx_word' id='word_1_878' title='bbox 2563 5849 2655 5921; x_wconf 90' lang='lat' dir='ltr'><strong>qui</strong></span> <span class='ocrx_word' id='word_1_879' title='bbox 2684 5850 2969 5911; x_wconf 85' lang='lat' dir='ltr'><strong>contendit</strong></span> <span class='ocrx_word' id='word_1_880' title='bbox 3026 5864 3150 5908; x_wconf 87' lang='lat' dir='ltr'><strong>cum</strong></span> <span class='ocrx_word' id='word_1_881' title='bbox 3182 5850 3316 5909; x_wconf 87' lang='lat' dir='ltr'><strong>Deo.</strong></span> <span class='ocrx_word' id='word_1_882' title='bbox 3353 5849 3505 5910; x_wconf 88' lang='lat' dir='ltr'><strong>Unde</strong></span> <span class='ocrx_word' id='word_1_883' title='bbox 3528 5863 3755 5920; x_wconf 70' lang='lat' dir='ltr'><strong>apparo</strong></span> 
     </span>
    </p>
   </div>
  </div>
