3944 6334
286 324 365 381 781

1112 360 1123 371 .
1168 315 1646 375 COMMENTARII
1686 317 1753 374 IN
1791 319 2052 377 LIBRUM
2090 321 2230 379 .IOB.
2272 322 2425 380 CAP.
2471 325 2583 382 XL.

3424 336 3532 394 789.

283 438 383 504 quiti
394 441 557 490 contra
572 431 768 499 Deum,
782 431 1014 503 quadam
1049 434 1484 505 praesumptionis
1513 434 1733 491 audacia
1759 452 1822 491 ex
1854 442 1900 500 Α
1930 453 2014 493 eos
2040 438 2092 492 in
2118 441 2329 509 pulvere
2347 442 2525 510 simul,
2546 451 2594 498 et
2609 443 2768 515 [acies
2783 461 2959 501 eorum
2981 449 3223 522 demerge
3235 452 3286 505 in
3301 455 3500 522 foveam
3514 472 3533 509 :

283 530 447 587 ﬁducia
472 528 622 585 bona
644 526 994 584 conscientia:
1023 526 1341 595 sitlocutus,
1373 543 1478 583 non
1497 538 1673 585 tamen
1688 528 1828 583 blas-

279 622 513 698 pltemavit
531 623 717 689 Deum,
736 623 875 678 sicut
894 621 1464 693 quihusdamvidetnr.
1485 622 1582 679 Ubi
1606 632 1660 678 et
1677 624 1720 677 si
1739 636 1827 677 as-

279 717 436 791 perius
455 715 627 787 aliqua
651 714 812 784 dixit,
828 714 895 769 ad
921 714 1396 785 idem'respiciens,
1410 713 1477 770 ad
1497 713 1643 785 quod
1666 713 1827 781 Dens,

273 811 428 883 justus
446 817 525 864 est
556 824 571 861 :
605 816 851 863 tenorem
875 805 1097 878 jnstitia:
1129 808 1222 864 Dei
1256 808 1556 874 respiciens
1583 851 1599 875 ,
1624 806 1837 863 locutus

276 914 366 973 est,
382 920 480 960 non
492 903 555 958 ad
574 902 1057 974 blaSphemandum
1081 903 1275 969 Deum,
1298 902 1442 960 unde
1468 902 1622 958 illum
1643 917 1838 959 secun-

272 999 380 1055 dum
397 997 589 1069 justum
604 997 866 1067 judicium
878 997 995 1067 ejus
1021 996 1369 1067 requirendo,
1393 997 1547 1068 quasi
1570 998 1839 1052 constrin-

272 1088 543 1161 gitetdicit,
557 1102 615 1144 ut
637 1105 698 1159 pa
710 1096 844 1159 rcat,
858 1089 947 1144 vel
967 1104 1090 1145 cum
1111 1089 1369 1159 injustum
1385 1088 1645 1145 declaret.
1661 1090 1841 1157 Quare

276 1197 381 1239 eum
408 1182 541 1238 circa
573 1196 633 1238 se
658 1182 806 1253 juxta
846 1180 1169 1253 injustitiam
1193 1180 1444 1251 judicare
1472 1182 1693 1251 sentiat,
1717 1195 1841 1235 enm

280 1292 386 1334 eum
401 1280 599 1346 optime
626 1274 1844 1347 noveritjusttnn.Aeccptaigiturlobztatione

275 1372 432 1440 aDeo,
450 1371 502 1427 in
525 1371 611 1426 bis
637 1370 985 1453 sermonibus
1006 1383 1145 1442 quos
1163 1370 1377 1426 locutus
1395 1381 1498 1437 est,
1517 1372 1642 1442 quia
1666 1367 1848 1425 omnia

277 1465 440 1536 utique
473 1478 598 1535 quae
637 1472 899 1530 creasset,
942 1463 1061 1534 ipse
1101 1464 1431 1535 gubernaret
1461 1472 1517 1520 et
1548 1471 1784 1533 regeret,
1815 1479 1846 1517 a

272 1574 367 1630 quo
391 1558 550 1614 etiam
593 1557 823 1614 omnino
857 1556 997 1613 nihil
1029 1557 1289 1627 injustutn
1338 1557 1520 1623 fieret,
1563 1556 1850 1612 convictus

270 1652 393 1708 sicut
434 1650 518 1707 hic
562 1659 756 1720 aperte
782 1650 1216 1717 demonstratur,
1258 1649 1456 1706 silebat
1489 1666 1502 1704 :
1540 1649 1634 1705 sed
1662 1649 1851 1705 admo-

272 1755 416 1802 netur
434 1759 462 1798 a
493 1743 730 1800 Domino
754 1756 920 1814 atque
948 1743 1322 1814 compellitur,
1353 1751 1410 1797 ιιι
1432 1743 1559 1815 quia
1589 1741 1852 1797 adversus

1933 540 1982 588 et
2007 546 2100 604 ego
2129 533 2410 603 conﬁtebor
2453 536 2594 607 quod
2622 534 2828 593 salvare
2858 547 2908 595 te
2957 543 3122 614 possit
3175 543 3391 601 dextera
3413 556 3527 601 tua.

1934 621 2069 679 Ecce
2100 623 2401 696 Bchemotlt,
2434 643 2587 698 quem
2635 630 2737 701 feci
2777 642 2964 701 tecum,
3023 635 3199 705 fenum
3245 639 3395 707 quasi
3443 638 3545 694 bos‘

1936 716 2184 773 comedet.
2214 718 2326 774 Hoc
2372 730 2455 776 est
2482 720 2667 777 dicere
2699 741 2712 777 :
2739 723 3009 797 Numquid
3043 738 3198 799 potes
3222 727 3327 785 hos
3385 731 3534 801 ipsos

1938 806 2237 877 daemones,
2285 827 2516 881 quorum
2572 813 3013 874 tribulationibus
3068 820 3433 893 expugnaris,
3487 834 3542 881 et

1939 903 2268 967 contereris,
2300 917 2612 976 expugnare
2640 915 2695 963 et
2718 907 3066 985 dispergere?
3119 910 3231 969 Nec
3256 914 3302 970 si
3348 927 3540 972 contra

1944 992 2111 1049 Deum
2142 996 2477 1053 contendere
2498 997 2752 1071 deberes,
2784 1002 2830 1058 si
2883 1002 2980 1059 tibi
3007 1014 3157 1063 esset
3177 1006 3440 1064 fortitudo
3484 1020 3543 1065 ut

1946 1083 2058 1140 Deo
2105 1094 2209 1153 est,
2261 1096 2315 1143 et
2336 1102 2437 1144 vos
2479 1090 2690 1161 imperii
2743 1093 2819 1149 tui
2875 1094 2979 1153 hoc
3025 1098 3229 1155 mundo
3287 1102 3544 1158 terribilis

1944 1174 2224 1234 insonaret
2256 1180 2661 1239 :circutndares
2696 1186 2858 1241 etiam
2886 1186 2980 1244 tibi
3033 1189 3288 1248 decorem
3320 1193 3543 1249 (eterni-

1950 1269 2075 1325 tatis
2104 1311 2118 1335 ,
2176 1273 2399 1326 honoris
2443 1289 2657 1354 quoque
2706 1286 2760 1332 et
2811 1277 3165 1338 sublimitatis
3194 1298 3345 1341 esses
3375 1286 3545 1356 gloria

1948 1362 2239 1432 exaltatus,
2267 1371 2322 1419 et
2344 1365 2596 1421 omnibus
2619 1370 2923 1426 sanctitatis
2950 1372 3242 1431 virtutibus
3267 1384 3543 1448 tamquam

1950 1456 2216 1528 speciosis
2234 1459 2478 1517 vestibus
2504 1472 2556 1515 te
2582 1464 2844 1531 munires,
2868 1481 3056 1524 omnes
3082 1467 3438 1528 nihilominus
3459 1488 3548 1526 su-

1952 1550 2148 1621 perb0s
2165 1550 2316 1621 justo
2332 1552 2536 1622 judicio
2562 1562 2674 1618 tuo,
2695 1555 2847 1613 velut
2863 1556 3248 1630 indignationis
3271 1561 3549 1619 iracundia

1951 1639 2273 1714 dissipares,
2303 1655 2353 1701 et
2376 1659 2473 1702 eos
2499 1644 2554 1701 in
2584 1647 2759 1704 locum
2782 1663 2961 1718 suum,
2987 1652 3039 1707 id
3066 1662 3166 1719 est,
3193 1653 3246 1709 in
3274 1671 3551 1719 carcerem

1952 1732 2251 1792 inferorum
2319 1737 2637 1808 detrudens,
2692 1754 3041 1816 contrrcrcs,
3108 1749 3236 1819 quin
3303 1750 3464 1807 etiam
3520 1768 3549 1807 a

270 1852 382 1894 eum
430 1837 739 1905 contendit,
770 1851 1009 1907 euntque
1039 1850 1271 1907 arguere
1315 1844 1570 1899 conatur,
1613 1834 1731 1904 ipse
1784 1833 1849 1890 ad
1880 1837 2267 1901 Bsanctorum
2328 1833 2533 1890 lumine
2579 1846 2899 1909 separatos,
2957 1843 3009 1895 in
3064 1840 3341 1914 pulverem
3392 1843 3553 1900 simul

267 1937 585 2007 interrogata
614 1935 963 2006 respondeat.
1018 1936 1083 1990 Et
1120 1934 1195 1990 ait
1225 1914 1463 2006 scriptor
1491 1932 1612 1990 libri
1643 1932 1808 2003 hujus
1835 1949 1850 1986 :
1958 1920 2345 1991 absconderes,
2371 1928 2507 1995 sive,
2530 1930 2691 1986 utalii
2713 1931 2990 2001 dixerunt,
3010 1936 3321 1993 retruderes
3342 1952 3435 1994 eos
3455 1939 3556 1995 sub

334 2030 665 2102 Respottdeus
704 2039 876 2083 atatem
904 2026 1004 2083 Job
1052 2027 1275 2081 Domino
1319 2025 1494 2081 dixit:
1536 2024 1639 2091 Qui
1680 2022 1840 2079 lenite:

1959 2024 2108 2072 terra
2136 2034 2149 2072 :
2183 2018 2343 2075 simul
2376 2033 2430 2077 ct
2461 2024 2629 2079 facies
2679 2040 2891 2094 eorum,
2942 2027 2993 2083 id
3023 2040 3126 2097 est,
3162 2031 3400 2088 animam
3432 2048 3554 2090 cum

267 2123 455 2180 ιοεαια.
479 2139 623 2189 um,
654 2122 968 2193 respondere
996 2120 1122 2193 quid
1158 2120 1405 2193 possunt?
1433 2119 1631 2175 Beatus
1674 2127 1855 2173 autem
1962 2109 2331 2169 intellectibns
2362 2117 2479 2173 suis
2536 2129 2807 2192 tamquam
2865 2123 3147 2182 oculorum
3177 2126 3475 2185 luminibus
3504 2130 3559 2186 in

267 2218 678 2290 Jobagnoscens
698 2231 758 2272 se
775 2218 1060 2282 leviter,et
1073 2230 1177 2271 non
1201 2224 1578 2270 consummate
1593 2213 1830 2267 locutum

1963 2201 2173 2260 foveam
2196 2204 2394 2262 inferni
2425 2206 2796 2282 demergeres,
2828 2213 2879 2268 id
2903 2224 3008 2278 est.
3038 2232 3201 2287 quam
3223 2219 3564 2292 impossibile

265 2311 385 2368 dicit
412 2310 650 2366 omnino
676 2324 737 2365 se
763 2309 876 2365 Deo
906 2307 1248 2380 respondere
1278 2322 1387 2363 ηοη
1415 2321 1595 2378 Iun-se,
1632 2304 1863 2374 propter
1962 2304 2067 2361 est,
2099 2306 2159 2351 ut
2189 2298 2302 2353 luec
2333 2298 2495 2356 homo
2526 2303 2749 2372 habeas,
2782 2319 2887 2361 tam
2911 2311 3139 2367 stultum
3187 2322 3297 2382 est,
3320 2323 3377 2369 ut
3410 2315 3565 2384 quasi

230 2456 235 2459 _
266 2405 398 2477 quod
420 2406 615 2474 cupiat
638 2420 698 2461 se
728 2404 956 2460 silentio
987 2403 1268 2469 cohibere,
1301 2402 1442 2457 sicut
1464 2400 1542 2456 ait
1571 2418 1583 2453 :

1965 2403 2032 2445 ex
2061 2394 2255 2463 :equati
2311 2404 2502 2451 contra
2549 2396 2719 2454 Deum
2770 2400 3029 2473 loquaris,
3073 2418 3102 2458 a
3134 2421 3241 2477 quo
3291 2406 3568 2465 humiliter

331 2499 547 2554 "dum"
580 2513 747 2553 meum
799 2514 991 2568 ponam
1024 2511 1182 2569 “me,
1209 2511 1264 2550 ο,
1292 2511 1481 2549 meum,
1515 2491 1688 2549 υηηηι
1718 2491 1865 2546 (om-
1967 2497 2193 2553 sperare
2219 2486 2651 2547 misericordiam
2676 2492 2865 2562 debes,
2890 2506 2944 2551 ut
2995 2513 3058 2553 ex
3087 2498 3205 2570 ejus
3223 2500 3474 2570 dextera,
3512 2503 3562 2559 id

267 2602 340 2648 tus
359 2607 495 2661 sum,
545 2591 693 2661 quod
719 2591 923 2646 utinam
949 2605 1053 2644 non
1096 2587 1367 2651 dixissem,
1400 2595 1448 2641 et
1475 2586 1718 2652 alterum,
1748 2582 1866 2654 qui-
1970 2588 2054 2634 est
2084 2579 2305 2651 virtute,
2329 2592 2518 2639 contra
2550 2599 2666 2655 eos,
2695 2603 2835 2660 quos
2858 2592 2965 2647 dixi
2987 2594 3281 2665 superbos,
3308 2612 3570 2670 arrogan-

266 2687 353 2743 lm
376 2688 520 2742 unm
538 2702 652 2742 non
675 2685 892 2740 addam.
922 2683 1002 2739 Eo
1026 2682 1169 2753 ,μιυά
1197 2698 1364 2737 unum
1388 2692 1441 2736 ει
1472 2677 1617 2735 aliud
1643 2676 1869 2733 verbum
1975 2682 2055 2727 tes
2088 2672 2394 2746 impiosque
2445 2680 2693 2739 salveris.
2747 2682 2886 2741 Ecce
2922 2685 3044 2763 .ltoc
3094 2689 3269 2760 ipsum
3327 2696 3568 2765 noveris,

266 2780 481 2849 dixerit,
516 2795 628 2854 pro
659 2779 861 2851 quibus
889 2778 1130 2850 power“
1161 2776 1379 2832 ιωάειιε,
1427 2774 1522 2831 ηις(
1542 2788 1662 2831 esse
1691 2774 1875 2828 existi-
1973 2765 2170 2822 fortem
2200 2767 2497 2837 diabolum.
2541 2785 2596 2830 et
2623 2779 3062 2840 potentissimum
3084 2783 3366 2843 inimicum
3393 2798 3567 2860 tuum,

262 2890 379 2943 mo,
433 2876 588 2933 sicut
639 2875 897 2946 superius
943 2870 1369 2944 comprehendi,
1416 2885 1540 2941 quas
1576 2870 1650 2924 ita
1688 2869 1872 2925 dixit:
1975 2873 2135 2929 quem
2167 2861 2237 2916 ob
2255 2862 2706 2923 immanissimum
2738 2872 2903 2927 trucis
2943 2877 3112 2931 animi
3174 2877 3436 2946 furorem,
3472 2882 3575 2938 Be-

264 2967 435 3039 E‘eg“
489 2966 861 3038 suspendium
914 2967 1094 3021 anima
1152 2978 1269 3021 mea
1310 3005 1324 3030 ,
1374 2971 1432 3019 ει
1479 2970 1707 3018 mortem
1752 2976 1877 3017 ossa
1979 2952 2201 3049 ltemotlt
2232 2959 2455 3016 nomine
2486 2960 2671 3019 feralis
2719 2963 2911 3022 bestiae
2953 2975 3283 3045 nuncupavi,
3329 2979 3471 3049 apud
3520 2991 3570 3035 te

262 3076 420 3118 mea:
450 3072 511 3117 et
537 3062 591 3116 si
624 3059 882 3130 ﬂagellat,
914 3058 1132 3116 occidat
1157 3056 1353 3125 semel,
1386 3064 1574 3112 etnon
1607 3055 1674 3111 de
1699 3053 1878 3126 ptenis
1981 3047 2126 3103 velut
2169 3047 2390 3120 bovem,
2433 3055 2632 3111 animal
2689 3059 2942 3118 videlicet
2985 3078 3325 3123 mansuetum
3344 3047 3571 3136 {fenum

261 3154 627 3213 innocentum
656 3155 852 3211 rideat.
895 3224 958 3232 __
985 3222 1118 3232 Μ.-
1928 3230 1941 3232 _
1982 3144 2275 3202 comedere
2302 3146 2515 3214 faciam,
2541 3165 2646 3206 non
2675 3167 2869 3210 carnes
2896 3157 3203 3217 utieonom.
3227 3162 3361 3232 Quia
3386 3181 3580 3224 carnes

887 3222 1119 3282 CAPUT
1161 3223 1274 3280 XL.
1905 3230 1953 3295 C
1983 3238 2200 3308 quando
2224 3241 2606 3313 comeduntur,
2640 3263 2747 3302 non
2780 3247 2837 3304 fit
2886 3251 3004 3307 sine
3043 3222 3285 3311 viventis
3338 3222 3582 3317 interitu.

330 3342 690 3418 Respondens
722 3349 899 3397 autem
941 3339 1198 3395 Dominus
1234 3336 1361 3409 Job,
1403 3338 1467 3393 de
1493 3336 1695 3393 turbine
1722 3335 1873 3391 dixit.
1982 3330 2137 3390 Circa
2169 3345 2221 3391 te
2249 3351 2381 3393 vero
2413 3355 2519 3394 non
2544 3342 2615 3396 ita
2640 3351 2720 3396 est
2746 3344 2884 3399 sicut
2908 3344 3019 3416 jatn
3048 3347 3182 3416 dixi,
3229 3351 3316 3407 cui
3335 3351 3585 3423 jussione

260 3438 317 3496 ld
343 3449 450 3507 est,
476 3438 569 3495 vel
602 3436 675 3494 de
696 3435 1094 3507 increpationis
1124 3434 1352 3505 impetu,
1374 3431 1460 3489 vel
1482 3430 1549 3487 de
1577 3427 1880 3503 perturbati
1985 3425 2197 3498 imperii
2220 3431 2346 3499 mei,
2375 3429 2478 3488 hoc
2500 3433 2660 3489 tnodo
2691 3439 2947 3510 praecepi,
2982 3440 3175 3498 dicens
3199 3443 3372 3501 :Ecce
3394 3444 3446 3500 in
3473 3461 3587 3501 ma-

260 3535 405 3591 net-is
432 3550 501 3592 ac
531 3533 768 3590 nubium
797 3530 1054 3587 obscuro.
1987 3537 2059 3577 nu
2108 3531 2195 3578 tua
2236 3532 2322 3581 est
2351 3525 2546 3599 vivere
2572 3570 2587 3594 ,
2636 3530 2874 3586 animam
2925 3533 3044 3605 ejus
3078 3551 3265 3593 serva;
3287 3536 3589 3595 Behemoth

327 3628 569 3702 Accinge
610 3626 742 3681 sicut
771 3624 849 3679 vir
870 3624 1071 3679 lumbos
1099 3631 1240 3689 tuos,
1271 3619 1605 3691 interrogabo
1628 3629 1694 3685 to,
1726 3627 1772 3673 et
1801 3617 1884 3671 in-
1987 3629 2219 3686 namqne
2237 3616 2490 3675 doctores
2520 3620 2797 3693 Ecclesiae,
2824 3625 2912 3694 qui
2942 3626 3200 3684 llebraeas
3229 3630 3438 3688 litteras
3457 3648 3589 3689 con-

259 3724 380 3778 dico
412 3723 577 3777 mihi.
608 3718 739 3777 Sive
766 3726 827 3775 ut
851 3718 945 3774 alii
974 3717 1235 3773 dixerunt
1262 3732 1276 3770 :
1300 3730 1647 3786 nequaquam,
1679 3712 1770 3767 sed
1791 3728 1883 3766 ac-
1987 3706 2248 3777 tigerunt,
2282 3711 2334 3763 in
2378 3707 2629 3767 Latinum
2670 3716 2821 3783 quasi
2857 3717 3031 3781 plures
3051 3717 3395 3791 interpretati
3439 3731 3586 3779 sunt.

257 3816 409 3889 cinge
434 3815 585 3871 sicut
615 3814 693 3867 vir
720 3811 921 3868 lumbos
940 3820 1080 3877 tuos,
1104 3818 1368 3866 etc:etera
1396 3823 1413 3876 ;
1442 3807 1585 3879 quod
1609 3815 1719 3863 est:
1750 3804 1887 3860 Nolo
1988 3797 2227 3855 Proinde
2259 3801 2513 3861 inimicus
2541 3803 2792 3862 diabolus
2820 3824 2943 3864 cum
2979 3820 3096 3867 toto
3126 3827 3363 3884 corpore
3386 3816 3589 3871 satelli-

258 3918 319 3965 ut
347 3919 572 3974 taceas,
609 3905 688 3962 ait
714 3906 877 3971 Deus,
917 3904 1056 3959 sicut
1105 3900 1225 3973 ipse
1251 3901 1517 3971 disponis,
1567 3898 1662 3954 sed
1709 3898 1889 3968 potius
1995 3901 2105 3946 tum
2134 3907 2358 3949 suorum
2388 3894 2494 3953 hoc
2526 3891 2647 3955 loco
2676 3914 2705 3954 a
2736 3900 2851 3958 Deo
2881 3903 3228 3960 describitur.
3262 3905 3434 3976 Quem
3464 3925 3593 3980 pro-

256 4001 516 4075 loquere,
540 4009 610 4056 et
626 3997 773 4069 quod
799 3997 1079 4067 interrogo
1101 4006 1181 4059 te,
1201 3992 1478 4065 responde
1500 3991 1655 4046 mihi.
1679 3990 1887 4056 Quem-
1995 3993 2116 4056 pter
2137 3987 2501 4057 pluralitatem
2518 3993 2754 4047 nominis
2780 3995 2967 4066 ipsius,
2994 3997 3199 4070 antiqui
3219 4000 3293 4055 ita
3322 4001 3591 4074 interpre-

255 4096 576 4152 admodutn
628 4100 814 4148 autem
867 4090 1014 4146 Deus
1066 4087 1379 4144 hominibus
1443 4086 1720 4156 loquatur,
1766 4097 1889 4138 cum
1994 4078 2091 4134 tati
2124 4090 2294 4139 sunt:
2326 4081 2437 4138 Sed
2476 4101 2591 4139 ecce
2636 4084 2811 4143 bestiis
2835 4105 2966 4161 quas
3014 4090 3117 4163 feci
3142 4093 3284 4165 apud
3313 4102 3381 4161 te,
3417 4095 3592 4166 fenum

258 4191 332 4245 sit
366 4191 492 4261 ipse
522 4185 784 4259 spiritus,
816 4184 1006 4241 multis
1033 4181 1525 4254 significationibus
1555 4178 1762 4234 divinte
1790 4191 1891 4231 no-
1995 4172 2130 4227 sicut
2157 4172 2248 4229 bos
2267 4174 2446 4241 edunt,
2481 4176 2532 4230 id
2563 4185 2668 4243 est,
2694 4187 2751 4233 et
2783 4178 2889 4236 hoc
2921 4182 3159 4251 potentia
3196 4183 3437 4241 dexterae
3458 4201 3596 4243 meae

256 4282 343 4340 bis
376 4283 651 4340 indicant
688 4281 908 4345 litteras,
951 4291 1007 4334 ut
1036 4278 1199 4334 Pater
1225 4278 1295 4333 de
1323 4276 1467 4331 nube
1496 4273 1561 4329 ad
1587 4272 1786 4328 Filium
1818 4272 1894 4326 lo—
1996 4264 2200 4322 factum
2224 4276 2332 4336 est,
2368 4278 2423 4323 ut
2446 4269 2803 4326 substantiam
2858 4282 3002 4330 tuam
3049 4288 3104 4331 et
3132 4274 3442 4351 facultates,
3473 4296 3596 4351 quae

257 4377 482 4449 quin",
529 4385 599 4432 ει
628 4375 799 4447 Moysi
858 4374 910 4427 in
958 4373 1178 4429 ﬂamma
1229 4372 1392 4442 ignis,
1423 4380 1475 4425 et
1507 4366 1762 4425 Ezechiel
1812 4380 1899 4422 se-
1999 4359 2069 4414 οι)
2097 4361 2347 4430 pretiosa:
2391 4361 2588 4418 mentis
2619 4373 2724 4419 tua:
2754 4365 2971 4422 divitias
3001 4366 3126 4424 feno
3176 4380 3597 4441 comparantur,

253 4472 413 4530 demi
445 4486 596 4529 cum
626 4467 937 4526 senioribus
984 4466 1148 4523 [smel
1173 4506 1188 4529 ν
1246 4465 1308 4520 m
1353 4477 1539 4520 senm,
1571 4460 1807 4530 Domini,
1846 4468 1902 4516 οι
2002 4454 2056 4508 in
2096 4464 2421 4525 potestatem
2461 4457 2777 4527 acciperent
2815 4459 3176 4518 devorandas.
3216 4463 3285 4519 Et
3325 4464 3447 4522 ideo
3471 4467 3599 4523 vilia

254 4564 417 4621 ,σιω
447 4560 727 4618 audiebat
753 4574 875 4630 qtne
896 4558 1214 4615 dicebantur
1242 4572 1272 4612 a
1307 4557 1552 4612 Domino.
1930 4623 1968 4630 ᾳ
2003 4563 2233 4620 qumque
2260 4559 2317 4605 et
2339 4553 2659 4622 temporalia
2688 4553 2782 4611 tibi
2805 4555 3048 4627 abstulit,
3084 4573 3206 4629 quae
3232 4556 3345 4616 feni
3378 4561 3598 4618 nomine

328 4655 642 4729 Numquid
695 4623 898 4708 irritum
925 4655 1084 4725 [acies
1125 4652 1387 4726 judicium
1429 4668 1601 4707 nteum
1622 4698 1636 4724 ,
1682 4662 1730 4707 et
1776 4668 1897 4706 con-
1926 4623 1981 4685 Ῑ)
2005 4641 2303 4712 significata
2328 4655 2457 4701 sunt
2490 4661 2633 4703 :non
2665 4662 2785 4716 quae
2816 4664 3003 4721 magna
3026 4623 3081 4707 et
3102 4623 3350 4724 grandia,
3398 4654 3450 4709 id
3492 4664 3593 4723 est,

253 4748 559 4805 demnabis
586 4763 694 4815 me,
739 4753 795 4800 ut
836 4744 1145 4816 Justiﬁceris
1165 4748 1188 4799 ?
1208 4744 1329 4814 Quo
1352 4758 1515 4802 sensu
1544 4753 1767 4801 sanctus
1796 4742 1898 4799 Job
2005 4736 2200 4792 animus
2222 4733 2566 4807 ornamenta,
2599 4741 2794 4813 quibus
2847 4753 2897 4800 te
2927 4745 3217 4815 spoliatum
3246 4747 3602 4820 blasphemia:

247 4842 478 4900 diu,“
532 4855 612 4898 ea
656 4852 782 4910 qua,
804 4852 969 4908 supra
1010 4838 1317 4908 ροηδει-ίριε
1349 4845 1499 4905 sum,
1540 4837 1593 4892 in
1637 4838 1740 4892 hoc
1780 4838 1900 4893 loco
2008 4831 2161 4884 ruina
2186 4832 2593 4902 comprimeret,
2618 4835 2763 4906 quali
2795 4845 3018 4906 peccato
3068 4847 3215 4896 totus
3241 4842 3403 4897 homo
3434 4840 3600 4897 adia-

248 4932 553 4991 Dominus
584 4927 925 4986 manifestat.
954 4928 1086 4984 Nam
1114 4943 1237 4984 cum
1261 4929 1655 5001 increpatione,
1681 4938 1840 5000 propt

2009 4922 2133 4978 bolo
2159 4923 2467 4980 devoratur.
2502 4927 2576 4983 Ita
2600 4942 2731 4997 ergo
2755 4927 2823 4984 de
2853 4947 2918 4984 eo
2948 4930 3079 4987 dicit
3110 4931 3271 4988 Deus.

247 5029 363 5086 hoc
406 5030 622 5099 ipsum
668 5024 739 5080 ab
766 5034 852 5079 'eo
903 5024 1167 5094 arguitur,
1194 5022 1320 5095 quia
1358 5024 1411 5078 in
1432 5021 1551 5094 ejus
1577 5023 1826 5094 injuriam
1849 5031 1906 5078 et
2085 5014 2360 5072 Fortitudo
2388 5021 2499 5092 ejus
2519 5020 2570 5073 iu
2605 5020 2787 5075 lumbis
2803 5025 2937 5096 ejus,
2960 5033 3009 5077 et
3056 5025 3217 5079 virtus
3243 5025 3387 5080 illius
3408 5026 3462 5080 in
3485 5043 3599 5081 um-

247 5120 738 5195 msginalionem
771 5134 830 5175 se
856 5117 1162 5188 junmcare
1186 5117 1441 5185 νοιυθτίι,
1490 5117 1620 5172 dum
1668 5132 1792 5174 eum
1840 5131 1906 5173 ex
2017 5109 2170 5165 bilico
2224 5111 2413 5166 ventris
2460 5113 2595 5184 ejus.
2648 5110 2706 5167 In
2758 5114 2955 5170 lumbis
2985 5124 3042 5171 et
3070 5117 3364 5182 umbilicis,
3398 5120 3604 5175 ventris

242 5214 395 5288 ipsis
417 5210 790 5273 cruciatibus
805 5211 935 5277 suis,
961 5224 1098 5281 quos
1116 5209 1222 5266 sibi
1243 5210 1425 5282 inique
1443 5209 1678 5266 inﬂictos
1694 5209 1910 5274 asserit,
2016 5205 2289 5275 voluptas,
2321 5207 2407 5261 vel
2437 5206 2620 5261 carnis
2647 5206 2856 5261 luxuria
2900 5207 3247 5278 intelligitur,
3273 5225 3395 5280 quas
3439 5227 3608 5268 mem-

241 5309 561 5383 justitiam
596 5301 921 5376 iniustitiam
945 5310 1129 5359 vocat.
2019 5299 2130 5355 bris
2152 5298 2477 5372 genitalibus
2504 5311 2626 5372 post
2658 5299 2812 5371 primi
2872 5302 3107 5358 hominis
3153 5302 3358 5373 lapsum
3408 5307 3613 5364 inserta

326 5407 409 5463 Et
432 5408 490 5462 si
523 5402 701 5458 habes
721 5399 989 5456 brachium
1009 5401 1139 5456 sicut
1158 5399 1323 5471 Deus,
1352 5410 1401 5455 et
1427 5399 1722 5456 uocesimili
1742 5408 1911 5466 tonas,
2021 5404 2125 5461 est,
2157 5401 2216 5449 nt
2237 5407 2399 5464 supra
2432 5394 2650 5449 modum
2679 5394 2815 5465 legis
2873 5395 3136 5452 naturalis
3194 5396 3281 5452 illa
3334 5400 3576 5455 membra
3598 5444 3613 5471 ,

240 5498 568 5557 circumda
621 5496 711 5552 tibi
736 5496 991 5562 decorem,
1020 5503 1070 5548 et
1115 5495 1170 5549 in
1202 5494 1419 5549 sublime
1457 5494 1670 5565 erigere,
1715 5503 1764 5548 et
1809 5502 1915 5548 esto
2022 5487 2313 5559 etquando
2345 5505 2452 5543 nou
2485 5489 2600 5544 vult
2629 5489 2812 5552 homo,
2864 5489 3151 5546 incentivis
3192 5491 3435 5548 libidinis
3486 5493 3617 5549 titil-

246 5595 589 5668 οιοτίοευε,
618 5599 666 5643 et
694 5588 947 5660 speciosis
972 5586 1191 5642 induere
1235 5586 1477 5642 uestibus.
1520 5583 1774 5658 Disperge
1831 5600 1919 5639 su-
2020 5578 2247 5637 lentur:
2280 5590 2335 5636 et
2394 5580 2463 5635 ita
2514 5581 2851 5652 voluptatum
2876 5592 3199 5653 sectatores,
3253 5583 3470 5641 diabolo
3510 5587 3619 5641 lore

250 5687 466 5761 pes-bos
499 5686 572 5741 in
608 5686 921 5753 fureret»,
969 5691 1020 5736 et
1077 5681 1340 5752 confunde
1387 5696 1497 5749 eos,
1545 5689 1597 5736 et
1642 5678 1921 5749 respiciens
2022 5673 2308 5729 titudinem
2332 5675 2575 5745 prOpriis
2604 5676 2749 5732 vitiis
2773 5676 3163 5741 ministrantes,
3209 5676 3278 5734 de
3305 5686 3457 5748 parte
3481 5678 3626 5733 illius

244 5794 499 5836 οιιηεικ
528 5784 880 5846 arrogantem
902 5772 1141 5828 humilia.
1169 5771 1385 5844 Respice
1404 5781 1615 5827 cunctos
1654 5770 1918 5842 superbos.
2023 5776 2078 5823 et
2101 5776 2385 5823 consortes
2406 5767 2736 5835 efficiuntur,
2765 5779 2819 5821 nt
2840 5770 2947 5823 sint
2964 5769 3207 5825 membra
3228 5769 3364 5840 ejus,
3390 5787 3619 5842 quorum

250 5882 308 5930 et
338 5866 660 5940 coniuncte
680 5883 789 5935 eos,
814 5872 861 5922 et
886 5875 1093 5920 contere
1108 5866 1293 5937 impios
1308 5866 1362 5921 in
1385 5865 1500 5921 loco
1512 5882 1629 5921 suo.
1654 5862 1922 5920 Absconde
2024 5870 2298 5933 tamquam
2322 5863 2571 5933 corporis
2593 5862 2677 5918 sui
2710 5864 2823 5935 ipse
2852 5872 2934 5920 est
2961 5877 3142 5935 caput.
