3944 6334
403 317 511 376 783

1204 310 1553 372 APPENDIX
1595 311 1688 370 AD
1726 309 1966 369 TUMUM
2006 305 2358 368 SEPTIMUM
2399 307 2456 367 S.
2500 301 2902 366 llIERONYMl.

3599 304 3696 362 78|

475 429 796 505 constringit
816 432 1034 486 caudam
1072 446 1218 484 suam
1249 430 1394 501 quasi
1445 429 1650 484 cedrus.
1709 427 1824 482 lloc
1871 424 2004 481 mihi
2032 426 2080 487 A
2111 425 2252 481 viam
2277 424 2654 480 mandatorum
2679 423 2843 493 patris
2865 419 3016 492 quasi
3037 432 3201 490 opera
3222 417 3342 489 ejus
3360 415 3694 488 graderctur,

402 524 588 580 dicere
620 522 860 589 videtur,
894 523 1037 593 quod
1062 537 1162 578 nec
1194 521 1245 576 in
1281 521 1592 576 novissimis
1619 519 1753 585 suis,
1786 533 1905 589 qua:
1951 517 2004 572 in

403 617 575 673 cauda
603 615 1005 688 signiﬁcantur,
1037 616 1108 671 sit
1138 613 1206 670 ad
1245 614 1416 671 Deum
1468 628 1812 680 reversurus,
1861 610 2002 682 quod

410 719 514 775 est,
551 723 842 780 numquam
873 723 968 779 pro
1002 706 1286 780 tyrannide
1316 722 1410 763 sua
1442 707 1710 778 superbus
1732 714 1786 761 et
1810 706 2004 775 impius

407 803 726 875 pmnitebit;
753 801 847 858 sed
869 801 1138 858 exaltatus
1160 810 1222 856 ut
1246 801 1458 867 cedrus,
1483 815 1618 856 voce
1630 797 2002 866 DominijuSte

403 895 699 965 judicantis
755 902 842 951 est
883 891 1350 964 confringendus,
1407 901 1462 949 et
1519 888 1998 947 comminuendas.

401 987 806 1057 Constringitur
828 987 971 1042 enim
997 987 1140 1058 ligno
1167 984 1460 1042 durissimo
1490 995 1874 1054 comparatus:
1902 981 2002 1036 du-

395 1078 525 1136 ritia
567 1077 774 1136 scilicet
821 1079 1120 1135 cordiszne
1170 1077 1455 1148 intelligat,
1489 1075 1685 1132 stultus
1732 1074 1996 1140 efﬁcitur;

399 1183 452 1231 ct
489 1181 814 1242 excaecatus,
845 1190 912 1232 ne
939 1174 1121 1231 videat
1167 1187 1337 1244 usque
1377 1172 1433 1226 in
1486 1171 1669 1228 ﬁnem.
1704 1170 1830 1226 Sive
1876 1185 1999 1224 con-

393 1270 603 1342 stringit
638 1269 862 1326 caudam
907 1285 1058 1324 suam
1106 1267 1178 1324 ita
1211 1267 1442 1324 sentitur
1471 1284 1483 1320 :
1516 1264 1791 1336 Propheta
1842 1260 2000 1317 falla-

393 1366 533 1422 citer
581 1363 866 1434 loquitur:
901 1361 1248 1419 mendacium
1315 1359 1488 1416 cauda
1545 1368 1629 1414 est
1693 1355 1997 1414 secundum

391 1468 708 1513 sanctorum
748 1457 1139 1529 prophetarum
1205 1453 1611 1511 auctoritatem.
1671 1451 1782 1507 llos
1835 1450 2000 1522 igitur

395 1551 662 1610 Behcmot
730 1560 1002 1622 tamquam
1055 1548 1345 1617 inimico‘s,
1406 1557 1677 1618 tamquam
1724 1543 1904 1600 socios
1944 1548 2000 1598 et

392 1645 674 1701 ministros
703 1658 833 1699 suos
860 1643 912 1698 in
942 1642 1191 1714 copulam
1223 1640 1432 1696 unitate
1482 1639 1590 1695 sibi
1635 1635 2000 1708 c0115piratio-

392 1738 478 1795 nis
502 1737 774 1808 astringit,
799 1735 867 1792 de
908 1736 1104 1807 quibus
1139 1733 1348 1806 antiqui
1371 1731 1627 1788 dixerunt
1649 1733 1993 1800 interpretes,

2108 519 2252 591 quod
2295 519 2348 574 in
2391 517 2655 590 principio
2706 513 3112 586 praedicationis
3152 510 3435 581 Evangelii
3478 510 3696 566 demou-

2106 617 2319 670 stravit.
2373 613 2532 683 Quod
2561 624 2742 668 autem
2801 611 3062 666 Dominus
3089 608 3197 662 ait:
3233 605 3332 673 Qui
3390 606 3508 676 fecit
3561 621 3692 672 etun,

2105 707 2389 781 applicabit
2417 707 2651 779 gladium
2681 709 2813 779 ejus,
2848 703 2899 760 id
2928 713 3034 769 est,
3064 703 3156 774 qui
3214 700 3342 757 fecit
3371 698 3693 766 Behemoth,

2105 801 2398 872 applicabit
2419 801 2468 856 ei
2503 799 2740 871 gladium
2770 798 2964 868 ipsius,
2985 796 3036 850 id
3089 802 3191 861 est,
3235 793 3378 850 malo
3407 809 3514 864 quo
3563 792 3699 846 alios

2103 895 2380 950 interemit
2410 895 2527 964 ipse
2551 893 2824 964 punietur,
2859 891 2999 946 sicut
3040 899 3096 944 et
3142 888 3211 944 de
3255 887 3374 958 ejus
3432 885 3698 942 similibus

2105 989 2342 1060 Spiritus
2369 988 2660 1044 sanctusiu
2688 987 2901 1058 psalmo
2931 987 3146 1041 locutus
3175 993 3258 1040 est
3278 981 3554 1038 :Gladium
3585 998 3700 1037 eua-

2100 1083 2400 1154 giuaverunt
2444 1089 2761 1151 peccatores,
2811 1087 2866 1136 et
2906 1096 2920 1138 :
2960 1077 3182 1134 Gladius
3240 1092 3423 1133 eorttm
3450 1077 3598 1131 intret
3653 1077 3702 1131 in

2101 1191 2188 1230 cor
2208 1190 2403 1230 eorum.
2436 1172 2686 1229 Notanda
2725 1183 2903 1229 tamen
2930 1181 3017 1228 est
3071 1172 3126 1226 in
3159 1171 3263 1226 hoc
3290 1171 3414 1226 loco
3462 1184 3704 1225 commu-

2102 1270 2235 1325 tatio
2289 1283 2671 1340 personarum.
2727 1268 2863 1324 Nam
2896 1275 2951 1323 et
2993 1267 3243 1338 superius
3289 1266 3549 1322 Dominus
3584 1266 3698 1334 ait,

2101 1361 2243 1434 quod
2302 1361 2596 1418 Behemoth
2628 1360 2856 1418 bestiam
2887 1362 3002 1432 ipse
3023 1360 3246 1426 fecerit,
3298 1369 3355 1417 et
3383 1375 3523 1416 nunc
3574 1359 3706 1416 dicit

2100 1453 2244 1526 quod
2275 1455 2412 1510 alius
2437 1471 2561 1512 eum
2591 1454 2883 1519 creaverit,
2916 1456 2989 1510 ita
3017 1453 3278 1510 dicendo:
3303 1453 3424 1526 Ipse
3451 1463 3534 1510 est
3553 1455 3704 1526 prin-

2100 1548 2304 1619 cipium
2332 1548 2541 1604 viarum
2572 1548 2692 1615 Dei,
2722 1549 2810 1619 qui
2847 1548 2974 1603 fecit
2994 1547 3370 1619 omniazquod
3404 1547 3480 1603 ita
3501 1546 3704 1618 esponi

2099 1651 2300 1713 potest,
2329 1643 2458 1714 quia
2477 1643 2638 1698 Pater
2661 1643 2715 1697 in
2741 1641 2882 1697 Filio
2901 1641 3083 1696 omnia
3106 1640 3254 1703 fecit,
3279 1639 3420 1696 sicut
3436 1639 3705 1708 Propheta

2100 1737 2177 1792 ait
2201 1737 2268 1792 ad
2321 1736 2732 1793 Deum20mnia
2778 1737 2832 1790 in
2878 1737 3137 1808 sapientia
3177 1736 3367 1806 fecisti.
3411 1734 3514 1790 Alii
3549 1735 3708 1791 disc-

395 1833 558 1888 erexit
584 1828 802 1884 caudam
826 1845 976 1884 suam
995 1837 1382 1900 utcypressum,
1405 1824 1497 1880 ubi
1514 1824 1810 1880 elationem
1836 1837 1990 1877 men-
2023 1834 2074 1896 Β
2099 1841 2225 1888 mm
2260 1849 2274 1887 ε
2299 1829 2424 1904 Ipse
2447 1844 2520 1887 εει
2550 1833 2755 1887 iunium
2783 1831 3015 1905 ﬁgmem.’
3045 1829 3258 1886 υοηιῑηε
3287 1845 3308 1885 ε
3331 1829 3473 1900 quod
3507 1829 3704 1884 illuda-

396 1924 465 1980 tis
495 1938 683 1982 eorum
702 1924 753 1978 in
777 1921 1060 1979 excelsum
1088 1918 1554 1992 signiﬁeaverunt,
1579 1915 1721 1971 hanc
1742 1914 1994 1971 arborem

396 2016 754 2086 nominando,
809 2032 932 2088 qua:
977 2015 1079 2072 sub
1136 2029 1248 2071 uno
1277 2013 1486 2085 stipite,
1517 2025 1752 2084 procero
1783 2007 1997 2080 fastigio

394 2114 451 2170 in
481 2112 650 2168 altum
681 2109 998 2183 porrigitur.

469 2205 631 2264 Nervi
655 2205 1006 2262 testiculorum
1061 2206 1172 2273 eius
1212 2201 1443 2276 perplexi
1488 2208 1628 2255 sunt.
1659 2198 1716 2254 In
1771 2197 1951 2254 nervis
1977 2235 1992 2265 ,

397 2303 616 2360 vincula
645 2301 892 2373 quaedam
948 2299 1246 2356 fortissima
1278 2313 1342 2355 ac
1385 2296 1704 2353 illecebrosa
1754 2293 1998 2364 volupta-

395 2407 509 2454 tum
537 2395 733 2469 quibus
755 2392 1009 2449 homines
1036 2391 1290 2449 carnales
1320 2390 1585 2460 implicat,
1617 2387 1804 2444 dicere
1849 2384 1998 2440 vide-

397 2501 488 2546 tur
515 2487 670 2556 mihi,
703 2486 773 2543 de
794 2485 988 2558 quibus
1019 2485 1164 2540 vitiis
1189 2493 1246 2541 et
1271 2482 1539 2555 propheta
1567 2481 1794 2552 culpans
1820 2477 1997 2534 homi-

393 2597 494 2640 nes
549 2581 690 2638 inter
716 2589 912 2636 ctetera
941 2579 1040 2646 ait,
1071 2577 1145 2634 ita
1193 2577 1419 2634 dicens:
1444 2575 1777 2630 Declinautes
1826 2580 1998 2628 autem

396 2678 466 2733 ad
490 2675 827 2750 obligationes
844 2692 860 2729 :
877 2675 968 2730 ubi
998 2674 1318 2746 simpliciter
1344 2687 1480 2744 pene
1503 2668 1996 2742 inexstinguibilem

391 2773 728 2842 voluptatem
759 2770 815 2826 in
845 2769 1105 2827 membris
1147 2767 1398 2824 humanis
1423 2781 1452 2821 a
1484 2765 1752 2837 propheta
1795 2761 1998 2832 signifi-

348 2937 353 2942 ι
395 2868 510 2925 cari
539 2878 691 2938 puto,
723 2867 808 2922 cui
839 2863 1104 2937 voluptati
1132 2879 1261 2921 caro
1290 2871 1476 2918 nostra
1504 2859 1715 2931 captiva
1743 2872 1997 2913 succum-

394 2961 574 3031 heret,
607 2963 708 3018 nisi
731 2961 886 3031 juxta
915 2959 1238 3030 Apostolum
1269 2957 1363 3014 Dei
1397 2954 1572 3027 gratia
1596 2952 1942 3008 subveniret.

474 3055 607 3112 Ossa
634 3058 747 3128 ejus
774 3053 908 3110 velut
931 3051 1120 3124 ﬁstula:
1138 3051 1280 3117 turis,
1309 3047 1563 3121 cartilago
1584 3046 1727 3101 illius
1748 3045 1897 3117 quasi
1925 3045 2000 3098 la-

399 3152 556 3207 mina:
577 3151 772 3222 ferrem.
811 3148 902 3204 llis
932 3147 1303 3204 membrorum
1363 3141 1674 3200 nominibus
1708 3139 1996 3204 indicatur,

2102 1932 2191 1980 tur
2246 1925 2313 1979 ab
2355 1924 2562 1996 angelis
2611 1923 2762 1994 ejus,
2813 1923 2864 1978 id
2894 1931 3002 1989 est,
3043 1921 3272 1978 sanctis.
3318 1921 3402 1978 Ab
3457 1920 3541 1976 his
3574 1935 3707 1992 ergo

2100 2019 2367 2086 illuditur,
2417 2019 2637 2091 quando
2691 2033 2793 2090 per
2829 2017 3059 2090 gratiam
3117 2019 3293 2073 sancti
3341 2015 3603 2086 Spiritus,
3657 2025 3710 2072 et

2101 2113 2354 2170 meritum
2385 2113 2692 2169 sanctitatis
2719 2113 2799 2167 eis
2821 2110 3098 2177 subditur,
3130 2119 3185 2166 et
3238 2110 3589 2166 invocatione
3616 2124 3710 2164 no-

2101 2207 2264 2264 minis
2288 2205 2491 2263 Christi
2512 2206 2581 2262 ab
2631 2205 2875 2261 obsessis
2921 2203 3244 2276 corporibus
3292 2201 3585 2274 eﬁ’ugatur.
3631 2202 3711 2260 Ah

2101 2303 2182 2360 eis
2205 2301 2392 2372 utique
2418 2300 2508 2372 qui
2532 2299 2870 2370 deponentes
2891 2312 3110 2354 omnem
3130 2297 3392 2353 malitiam
3413 2305 3468 2352 et
3488 2311 3712 2352 onmem

2101 2393 2389 2459 dolum,et
2438 2393 2872 2457 simulationem,
2923 2390 3223 2448 secundum
3275 2389 3491 2455 Isaiam,
3543 2389 3712 2462 geniti

2101 2487 2338 2544 infantes
2367 2487 2422 2543 in
2451 2485 2670 2542 Christo
2703 2495 2855 2553 sunt,
2889 2485 2959 2542 de
2978 2486 3177 2558 quibus
3206 2484 3553 2556 prophetavit
3591 2497 3714 2540 cum

2101 2583 2302 2639 virtute
2354 2581 2544 2653 gratia:
2589 2577 2794 2636 Christi
2847 2589 3039 2636 contra
3088 2577 3466 2635 adversarium
3519 2592 3714 2633 eorum

2102 2676 2372 2731 diabolum
2399 2675 2454 2728 in
2486 2673 2679 2745 spiritu
2703 2673 3083 2745 providentiae,
3126 2671 3315 2727 dicens
3341 2689 3353 2724 :
3380 2670 3445 2726 Et
3475 2669 3716 2726 delecta-

2101 2771 2246 2829 bitur
2265 2771 2442 2826 infans
2471 2769 2539 2826 ab
2569 2770 2765 2836 ubere,
2793 2783 2959 2838 super
2998 2766 3260 2822 foramina
3292 2763 3530 2836 aspidis,
3564 2775 3623 2820 et
3663 2767 3714 2820 in

2103 2881 2388 2923 Cavernam
2420 2864 2616 2936 reguli,
2640 2864 2732 2934 qui
2763 2864 3067 2920 ablactatus
3089 2861 3273 2929 fuerit,
3305 2877 3527 2917 manum
3556 2876 3716 2917 suam

2104 2962 2300 3018 mittet.
2333 2959 2700 3024 EtDominus,
2723 2973 2843 3013 cum
2872 2957 2941 3014 de
2969 2957 3089 3028 ejus
3107 2965 3224 3012 toto
3250 2971 3486 3028 corpore
3516 2955 3713 3026 loque«

2104 3065 2274 3124 retur,
2301 3055 2375 3111 ait
2397 3055 2464 3111 ad
2489 3069 2607 3122 eos,
2633 3068 2764 3125 quos
2787 3053 3108 3108 innocentes
3126 3059 3180 3107 et
3210 3051 3466 3122 parvulos
3487 3049 3716 3115 fecerat,

2107 3151 2298 3206 dicens
2331 3167 2342 3200 :
2377 3146 2512 3204 Ecce
2540 3147 2681 3202 dedit
2736 3147 2876 3202 cobis
2917 3153 3220 3216 potestatem
3275 3142 3518 3198 calcandi
3558 3157 3722 3213 super

400 3245 548 3317 qunti
575 3244 826 3301 diabolus
849 3259 973 3300 cum
997 3243 1111 3298 suis
1139 3242 1309 3297 durus
1335 3240 1428 3308 sil,
1480 3238 1708 3309 rigidus,
1756 3235 2000 3306 ρετιὶηεικ
2030 3238 2076 3303 C
2107 3251 2367 3309 serpentes
2396 3249 2442 3295 et
2471 3240 2787 3310 scorpiones,
2820 3249 2866 3294 ct
2892 3236 3028 3293 nihil
3056 3237 3198 3292 vobis
3229 3235 3508 3291 nocebunt.

402 3353 459 3395 et
506 3337 841 3395 inflexibilis.
899 3337 959 3393 lu
1011 3334 1226 3393 ossibus
1278 3347 1512 3403 namque
1563 3338 1619 3385 et
1661 3328 2002 3399 cartilagine,

400 3434 550 3488 intus
583 3442 636 3486 et
667 3430 822 3494 foris,
855 3430 909 3485 in
937 3428 1268 3501 cogitatione
1296 3424 1556 3481 videlicet
1583 3431 1637 3480 et
1664 3437 1852 3492 opere,
1882 3436 2006 3492 per-

402 3526 546 3582 fecta
574 3523 693 3594 ejus
715 3522 1123 3578 demonstratur
1149 3520 1377 3576 malitia.
1407 3516 1560 3586 Quod
1591 3525 1769 3572 autem
1799 3513 2004 3570 dictum

403 3627 508 3684 est,
535 3617 798 3688 cartilago
827 3615 946 3688 ejus
969 3617 1126 3689 quasi
1145 3616 1358 3671 lamina:
1385 3616 1596 3680 ferrem,
1617 3613 1709 3668 alii
1726 3613 2002 3677 dixerunt,

407 3713 588 3783 Spina:
631 3714 746 3783 ejus
784 3709 984 3780 ferrum
1035 3718 1107 3763 est
1141 3708 1294 3780 fusile
1326 3715 1428 3763 :ut
1475 3705 1826 3776 intelligatur,
1876 3701 2004 3774 quia

401 3817 700 3874 numquam
727 3816 788 3858 se
839 3799 1092 3858 diabolus
1139 3816 1236 3872 per
1288 3799 1659 3872 paenitentiam
1688 3797 1801 3853 Deo
1830 3796 2007 3852 humi-

404 3894 639 3952 liaverit.

478 3986 603 4060 Ipse
630 3993 705 4043 est
745 3985 1063 4058 principium
1117 3985 1320 4041 ciarum
1370 3982 1488 4040 Dei.
1543 3983 1641 4052 Qui
1699 3983 1819 4054 fecit
1845 3999 2003 4050 cum,

405 4083 688 4156 applicabit
717 4081 954 4157 gladium
985 4083 1117 4152 ejus.
1166 4081 1280 4136 Hoc
1311 4080 1363 4136 in
1394 4079 1517 4136 loco
1569 4080 1657 4135 hic
1704 4093 1829 4135 esse
1875 4077 2007 4133 mihi

407 4179 622 4234 videtur
675 4191 892 4241 sensus,
941 4175 1085 4246 quod
1141 4174 1210 4230 ad
1243 4173 1358 4230 vias
1399 4173 1493 4230 llei
1541 4172 1916 4241 ambulandas,
1951 4181 2008 4228 ct

406 4287 510 4345 per
565 4269 931 4327 obedientiam
987 4276 1262 4340 prmcepta
1310 4267 1592 4325 Dominica
1641 4267 2005 4334 observanda,

411 4366 500 4422 hic
528 4365 672 4421 inter
699 4373 925 4420 033lch
955 4370 1237 4421 creaturas
1266 4363 1477 4434 primus
1507 4379 1537 4420 a
1589 4363 1700 4420 Deo
1755 4365 1827 4419 sit
1876 4377 2007 4420 con-

413 4458 584 4526 ditus,
606 4467 662 4515 et
688 4456 814 4514 inde
840 4457 1042 4514 dictum
1077 4459 1172 4524 sit,
1199 4457 1317 4529 ipse
1340 4458 1663 4530 principium
1693 4464 1778 4512 est
1796 4455 2004 4511 viarum

408 4550 650 4607 Domini.
675 4549 806 4606 Nam
830 4550 884 4605 in
918 4550 1208 4607 Ezechiele
1254 4551 1522 4624 pr0plteta
1551 4550 1603 4606 in
1650 4550 1828 4620 capite
1873 4549 2008 4620 lapi-

2180 3333 2322 3388 Huic
2350 3343 2544 3388 montes
2596 3331 2781 3387 herbas
2811 3336 3006 3404 ferunt.
3055 3329 3245 3384 Omnes
3287 3329 3460 3384 bestia:
3491 3329 3609 3400 agri
3635 3330 3718 3384 lu.

2107 3427 2225 3482 dent
2254 3429 2345 3482 ibi.
2395 3424 2461 3480 lli
2493 3436 2706 3482 montes
2745 3428 2800 3480 in
2845 3424 3064 3480 climate
3093 3423 3365 3494 aquilonis
3426 3422 3719 3478 constituti

2106 3534 2254 3590 sunt,
2279 3523 2367 3578 ubi
2391 3521 2660 3594 superbus
2683 3519 2934 3577 diabolus
2946 3519 3138 3576 sedere
3161 3517 3386 3584 sedicit,
3412 3517 3711 3588 inquiens:

2108 3617 2409 3674 Ascendam
2435 3630 2601 3685 super
2621 3612 2968 3670 altitudinem
2999 3611 3240 3677 nubium,
3271 3625 3372 3666 ero
3397 3610 3601 3666 similis
3627 3609 3720 3664 Al-

2109 3712 2344 3768 tissimo.
2385 3711 2537 3780 Quos
2560 3719 2796 3775 montes,
2825 3708 3092 3780 superbos
3123 3721 3372 3778 quosque
3403 3716 3455 3761 et
3479 3705 3715 3762 nimium

2111 3805 2281 3862 elatos
2306 3805 2583 3871 homines,
2625 3819 2689 3859 ac
2719 3812 2989 3858 tumorem
3017 3801 3200 3858 cordis
3230 3799 3376 3856 illius
3407 3799 3718 3868 imitantes,

2112 3915 2223 3957 non
2245 3899 2486 3956 absurde
2511 3900 2801 3955 sentimus.
2853 3897 2910 3954 ln
2945 3899 3031 3955 bis
3057 3897 3222 3968 igitur
3251 3895 3530 3962 habitans,
3579 3905 3725 3953 tem-

2107 3995 2382 4066 porariam
2409 3995 2832 4066 jucunditatem,
2865 4009 2985 4067 qua:
3008 3992 3302 4051 herbarum
3329 3991 3608 4048 vocabulo
3622 4008 3725 4062 ap-

2108 4088 2306 4158 pellata
2331 4097 2444 4152 est,
2496 4088 2550 4143 in
2580 4087 2660 4145 eis
2686 4088 3022 4159 depascitur,
3054 4095 3110 4142 et
3139 4086 3195 4140 in
3219 4085 3364 4140 malo
3394 4085 3631 4140 virentis
3660 4098 3726 4139 ac

2108 4181 2344 4253 vigentis
2383 4181 2437 4236 in
2470 4183 2552 4238 eis
2596 4182 2898 4253 voluptatis
2930 4182 3112 4239 noxia:
3141 4180 3466 4246 delectatur,
3514 4180 3569 4236 in
3601 4180 3728 4253 qui-

2107 4271 2211 4330 bus
2237 4271 2399 4329 etiam
2438 4272 2720 4329 montibus
2765 4289 2954 4330 omnes
2983 4273 3171 4330 bestia:
3207 4272 3324 4345 agri
3350 4272 3568 4330 ludunt.
3622 4271 3729 4329 Be-

2108 4371 2232 4425 stiae
2271 4368 2392 4425 istae
2420 4369 2556 4425 socii
2607 4377 2738 4425 sunt
2775 4377 2832 4425 et
2861 4368 3097 4426 ministri
3121 4367 3370 4423 diaboli:
3412 4367 3483 4424 de
3523 4366 3729 4438 quibus

2109 4463 2186 4518 ait
2225 4463 2509 4534 propheta,
2544 4477 2708 4520 orans
2749 4462 2817 4519 ad
2851 4462 3048 4518 Deum:
3089 4460 3170 4517 Ne
3197 4461 3376 4517 tradas
3404 4462 3583 4516 bestiis
3607 4461 3731 4516 ani-

2120 4572 2253 4610 mam
2277 4556 2606 4626 conﬁtentem
2630 4555 2746 4611 tibi.
2779 4554 2927 4626 Ager
2955 4569 3086 4612 vero
3108 4555 3200 4610 hic
3231 4555 3466 4610 mundus
3497 4564 3610 4622 est,
3636 4568 3729 4610 sc-

408 4648 538 4703 dutn
565 4647 854 4717 ignitorum
886 4645 1144 4728 refertur,
1169 4645 1314 4717 quod
1345 4647 1550 4716 primus
1576 4645 1737 4702 fuerit
1763 4645 2003 4702 omnium
2036 4637 2085 4699 D
2112 4647 2347 4704 cundum
2381 4649 2767 4706 auctoritatem
2799 4648 3036 4714 Domini,
3072 4662 3176 4718 qua
3226 4647 3360 4702 dicit
3393 4648 3444 4702 in
3471 4646 3732 4719 Evange-

408 4741 1050 4812 angelorum,et.corona
1084 4740 1137 4795 in
1170 4754 1333 4795 manu
1360 4739 1598 4795 Domini.
1631 4739 1757 4796 Sive
1801 4739 1872 4796 ita
1900 4737 2008 4795 dici

403 4839 608 4904 potest,
626 4840 684 4887 ut
711 4830 765 4886 in
789 4829 878 4886 illa
907 4831 1210 4887 aeternitate
1232 4847 1328 4887 sua
1350 4829 1494 4888 Deus
1526 4847 1742 4902 semper
1756 4847 2004 4899 manens,

406 4926 562 4996 quasi
589 4938 844 4996 egressus
875 4923 930 4979 in
959 4924 1217 4980 facturam
1273 4933 1645 4981 creaturarum
1675 4925 1922 4991 videtur,
1950 4935 2006 4982 et

405 5018 492 5075 lue
522 5017 630 5073 sint
664 5017 764 5072 via:
801 5017 955 5088 ejus,
989 5025 1049 5072 ut
1080 5017 1370 5074 invisibilia
1399 5034 1466 5074 ex
1493 5017 1800 5076 visibilihus
1834 5032 2005 5088 appa-

406 5118 611 5168 rerent.
639 5109 766 5167 Sive
795 5124 1137 5181 uuaqumque
1165 5119 1413 5166 creatura
1445 5111 1529 5166 via
1590 5109 1686 5166 Dei
1747 5118 1851 5180 est,
1905 5125 2004 5182 per

408 5219 568 5276 quam
597 5203 664 5258 ad
695 5203 788 5259 Dei
821 5203 933 5258 itur
957 5203 1346 5274 cognitionem,
1375 5201 1502 5258 dum
1559 5203 1775 5274 cognita
1819 5204 1885 5261 ab
1935 5219 2002 5261 eo

405 5301 771 5374 cognoscitur.
807 5300 936 5358 Sive
959 5303 1062 5358 vim.
1092 5301 1188 5358 Dei
1221 5302 1328 5357 illae
1355 5309 1503 5369 sunt,
1537 5304 1755 5373 quando
1783 5301 2006 5358 cuilibet

395 5405 664 5452 creatura:
692 5393 1028 5458 rationabili,
1057 5393 1202 5450 Deus
1229 5395 1383 5466 quasi
1427 5393 1494 5450 ad
1517 5411 1635 5452 eam
1659 5397 1884 5453 veniens
1912 5397 1996 5451 in-

397 5487 658 5544 notescit.
688 5486 928 5544 Proinde
958 5487 1046 5544 hic
1073 5487 1375 5544 Behemoth
1432 5488 1754 5561 principium
1785 5491 1994 5548 viarum

394 5581 495 5639 Dei
533 5581 754 5651 dicitur,
783 5597 848 5639 eo
869 5580 1015 5654 quod
1049 5581 1257 5652 primus
1305 5583 1501 5649 factus,
1532 5582 1628 5638 Del
1674 5585 1756 5640 sui
1810 5586 2000 5658 cogni-

396 5677 652 5732 tionema
682 5689 790 5746 quo
817 5675 1070 5731 conditus
1101 5682 1187 5730 est
1213 5674 1446 5746 accepit.
1503 5673 1766 5732 Dominus
1813 5690 1996 5734 autem

397 5769 655 5826 Christus
687 5771 740 5825 in
770 5769 1038 5841 principio
1067 5770 1275 5826 viarum
1319 5771 1418 5828 Dei
1466 5780 1682 5828 creatus
1727 5772 1960 5830 refertur
1983 5815 1998 5842 ,

403 5871 522 5924 uta
569 5863 973 5923 reconciliando
1017 5864 1273 5925 mundum
1325 5881 1424 5939 per
1465 5867 1780 5940 sanguinem
1813 5883 2007 5941 suum,

2114 4742 2222 4798 lio:
2257 4742 2392 4813 Ager
2438 4749 2612 4797 autem
2664 4751 2739 4798 est
2778 4742 2887 4813 hic;
2909 4742 3155 4796 mundus.
3188 4740 3248 4798 lu
3292 4741 3492 4797 talibus
3549 4743 3726 4813 igitur

2115 4837 2414 4903 montibus,
2450 4838 2541 4906 qui
2566 4836 2766 4895 herbas
2807 4839 3058 4906 luxuriae,
3091 4854 3202 4894 non
3240 4838 3470 4893 arbores
3523 4837 3728 4893 fructi-

2111 4928 2257 4985 feras
2288 4927 2492 4995 ferunt,
2522 4931 2605 4985 ha:
2647 4931 2836 4986 bestia:
2861 4972 2876 4997 ,
2927 4930 3262 4987 adversaria:
3305 4929 3567 4985 videlicet
3627 4945 3734 4999 po-

2117 5029 2364 5088 testates,
2383 5038 2486 5077 nou
2511 5022 2774 5078 habentes
2795 5023 3032 5093 rigorem
3061 5021 3343 5089 virtutum,
3362 5020 3557 5076 ludunt
3573 5020 3733 5078 fluxu

2115 5113 2439 5186 lasciviaque
2459 5115 2714 5172 vitiorum
2732 5161 2746 5184 ,
2771 5127 2826 5171 et
2848 5116 2899 5171 in
2921 5117 3174 5184 omnibus
3198 5130 3384 5172 eorum
3411 5115 3727 5183 montibus,

2118 5207 2171 5262 in
2208 5207 2504 5264 sceleribus
2533 5223 2596 5264 ac
2633 5207 2888 5264 nefandis
2932 5209 3253 5266 criminibus
3302 5207 3563 5264 videlicet
3616 5208 3735 5280 glo-

2117 5303 2346 5358 riantur.
2391 5302 2497 5358 Alii
2539 5302 2608 5358 de
2650 5305 2752 5359 hoc
2783 5303 2905 5360 loco
2927 5303 3186 5360 dixerunt
3212 5322 3223 5358 :
3253 5302 3617 5359 Ascenderunt
3676 5305 3732 5357 iu

2119 5406 2338 5452 montem
2365 5406 2728 5469 prteruptum:
2775 5399 2894 5470 fecit
2925 5399 3179 5471 gaudium
3202 5397 3634 5469 quadrupedibus
3675 5397 3736 5452 in

2121 5498 2337 5544 tartara.
2389 5490 2628 5546 Montem
2661 5501 2999 5562 prteruptum
3024 5491 3198 5563 ipsius
3223 5489 3498 5562 superbiae
3528 5489 3737 5545 diabo—

2115 5585 2236 5642 licae
2266 5586 2528 5642 verticem
2554 5586 2923 5658 signiﬁcatum
2956 5595 3107 5658 puto,
3131 5587 3186 5642 in
3207 5601 3368 5657 quem
3394 5583 3633 5642 nimium
3667 5600 3734 5642 se

2122 5679 2399 5750 extulerit,
2435 5681 2510 5736 ita
2539 5689 2598 5736 ut
2626 5681 2696 5736 de
2716 5696 2785 5738 eo
2813 5698 2988 5754 usque
3010 5681 3066 5738 in
3095 5682 3202 5739 ima
3222 5682 3483 5738 caderent
3506 5680 3735 5738 infero.

2118 5791 2261 5834 rum.
2307 5776 2616 5849 Fecitergo
2637 5776 2916 5849 gaudium,
2952 5777 3006 5833 id
3036 5787 3141 5844 est,
3190 5777 3340 5834 dedit
3379 5776 3734 5833 consolatio-

2119 5887 2263 5942 nem,
2286 5871 2369 5930 vel
2394 5869 2860 5944 hisquisuperbiae
2873 5870 2992 5944 ejus
3012 5872 3443 5941 consentientes,
3468 5869 3537 5928 de
3549 5870 3730 5929 caelis
