3944 6334
241 310 325 368 783

1133 301 1616 361 COMMENTARII
1655 302 1722 360 ΙΝ
1761 300 2019 361 LIBRUM
2056 303 2197 361 JOB.
2238 303 2393 362 CAP.
2436 305 2550 362 XL.

3390 310 3496 372 786

238 424 370 497 ejecti
395 427 512 478 sunt
531 420 752 475 tariaris
780 418 1076 491 deputandi
1103 461 1118 486 ,
1164 419 1248 476 vel
1270 420 1356 476 his
1387 420 1788 490 peccatoribus,
1818 422 1868 482 A
1895 420 2086 494 ipsum.
2118 420 2254 477 lluic
2293 436 2426 493 ergo
2457 421 2657 492 ﬂuvio,
2686 421 2924 481 humano
2947 423 3201 484 videlicet
3223 429 3409 500 generi
3441 432 3498 488 in

241 519 317 590 qui
344 531 430 588 per
454 528 571 569 eum
606 513 661 568 in
686 512 951 583 profunda
980 512 1136 568 inferi
1168 524 1514 581 corruerunt,
1547 515 1794 584 subque-

236 627 334 670 rntn
367 621 582 680 persona
611 606 677 662 ad
712 608 888 677 ipsum
913 607 1216 662 daemonum
1243 605 1542 678 principem
1573 608 1644 661 ita
1679 620 1796 662 ser-

236 719 310 762 mo
337 700 675 776 propheticus
701 700 973 768 lnqnitnr:
1006 699 1076 756 Et
1099 710 1153 755 tu
1183 702 1484 756 uulneratus
1513 718 1564 756 es
1591 703 1723 755 sicut
1749 710 1796 754 et

235 815 330 865 nos,
352 797 632 865 nostrisque
661 793 845 852 similis
873 800 1042 869 factus
1065 814 1137 852 es.
1174 797 1421 854 Detracta
1453 808 1536 854 est
1561 797 1626 852 ad
1655 797 1790 854 inlc-

235 911 312 955 ros
337 893 576 966 superbia
604 902 717 961 tua,
748 894 989 950 concidit
1017 895 1249 950 cadaver
1273 905 1422 949 tuum
1455 914 1466 949 :
1501 893 1631 950 fecit
1659 909 1795 966 gan-

233 990 358 1046 dium
386 985 845 1059 quadrupedibus,
877 997 934 1042 nt
959 987 1162 1043 dictum
1185 998 1293 1053 est,
1323 987 1374 1043 id
1404 995 1505 1054 est,
1543 995 1796 1058 peccato-

232 1084 377 1148 ribus,
409 1081 498 1152 qui
529 1081 584 1136 in
612 1091 810 1138 terram
845 1083 999 1152 proni
1032 1097 1127 1138 seu
1156 1091 1442 1155 vergentes
1474 1083 1528 1138 in
1565 1089 1793 1151 tartara,

231 1178 402 1235 coelum
433 1176 716 1246 suspicere
747 1191 851 1231 non
883 1187 1137 1248 possunt.

287 1271 381 1328 Sub
406 1270 585 1326 umbra
612 1270 867 1326 dormitin
888 1281 1080 1328 secreto
1093 1271 1305 1342 calami,
1336 1274 1392 1327 in
1421 1273 1548 1328 locis
1573 1273 1794 1327 Immen-

225 1366 361 1422 tibus.
413 1363 568 1434 Quod
603 1365 812 1420 umbra:
838 1379 1134 1436 corporum
1163 1366 1297 1433 sint,
1347 1380 1508 1421 nemo
1537 1365 1750 1420 dubitat
1777 1380 1793 1426 ;

225 1458 305 1516 sed
331 1459 513 1513 umbra
560 1457 614 1513 in
643 1457 944 1529 Scripturis
979 1459 1174 1514 divinis
1204 1460 1498 1530 aliquando
1549 1460 1793 1530 requies,

224 1562 269 1615 et
289 1550 624 1622 refrigerium
651 1550 978 1624 intelligitur
1002 1594 1018 1621 ,
1075 1553 1373 1625 aliquando
1406 1568 1604 1625 pennae.
1639 1552 1798 1610 Unde

224 1647 394 1704 dicitur
415 1687 429 1713 ,
463 1645 653 1699 umbra
675 1645 874 1701 mortis.
931 1646 1239 1718 Aliquando
1273 1647 1479 1703 umbrte
1503 1690 1516 1713 ,
1572 1655 1796 1717 peccata

223 1755 324 1796 csse
346 1737 676 1804 referuntur,
707 1754 828 1809 qua:
872 1747 1142 1809 tamquam
1170 1742 1361 1796 umbra
1416 1739 1672 1810 corpori,
1726 1740 1797 1794 ita

1897 513 2000 568 ima
2035 523 2200 585 atque
2231 513 2515 578 inferiora.
2547 530 2702 572 more
2725 515 2965 574 ﬂuminis
2999 518 3312 591 deﬂuentis,
3355 522 3500 578 desi-

1897 607 2048 663 deria
2079 607 2882 680 cupiditatum,delectationis,
2918 616 3317 687 praesentisque
3345 631 3503 673 anto-

1897 715 2012 755 rem
2043 700 2340 769 mundi,ita
2365 702 2704 767 insinuat.ut
2733 719 2858 761 eum
2890 707 3189 766 absorbere
3220 711 3412 781 possit,
3443 721 3500 770 et

1897 795 2046 850 velut
2072 796 2275 851 inferus
2316 797 2583 869 deglutire
2614 816 2628 866 ;
2662 799 2742 856 sic
2787 816 3024 872 namque
3071 802 3373 860 humanum
3406 821 3500 878 ge-

1899 904 2001 944 nus
2031 905 2272 961 praeceps
2298 892 2350 946 in
2381 879 2693 963 supradicta
2730 895 2860 950 vitia
2888 895 3114 967 deﬂuet,
3141 907 3201 954 ut
3226 899 3399 970 possit
3427 903 3498 956 ab

1897 981 2117 1038 inimico
2148 982 2307 1040 facile
2355 985 2630 1040 devorari.
2659 986 2814 1056 Quod
2869 1000 3051 1045 autem
3083 989 3158 1046 ait
3189 1009 3203 1046 :
3232 990 3405 1048 Habet
3427 993 3497 1063 ﬁ-

1899 1077 2113 1131 duciam
2144 1079 2283 1149 quod
2331 1080 2519 1150 inﬂuat
2571 1080 2824 1137 Jordanis
2873 1083 2927 1138 in
2957 1099 3012 1138 os
3063 1084 3501 1154 ejus:Jordanis

1899 1169 2095 1226 ﬂuvius
2126 1213 2142 1239 ,
2192 1169 2448 1239 baptismi
2506 1174 2752 1229 continet
2795 1185 3198 1232 sacramentum
3241 1176 3410 1243 ;dum
3442 1178 3496 1234 in

1898 1265 2020 1335 ipso
2063 1264 2315 1320 Christus
2371 1265 2635 1322 Dominus
2685 1268 2989 1338 baptizatur
3038 1310 3054 1334 ,
3101 1281 3348 1327 nostrum
3406 1272 3500 1328 ba-

1899 1359 2098 1430 ptisma
2129 1365 2508 1414 consecratum
2539 1369 2644 1415 est.
2691 1359 2864 1431 Cujus
2904 1361 3206 1419 secundum
3237 1364 3498 1436 mysticos

1900 1453 2232 1523 intellectus,
2261 1463 2475 1510 montes
2521 1462 2576 1510 et
2605 1454 2802 1524 colles,
2831 1457 3054 1524 arietes,
3083 1468 3138 1515 et
3161 1459 3284 1530 agni
3316 1459 3498 1516 ovium

1899 1549 2179 1604 exsultant
2209 1564 2237 1603 a
2263 1548 2401 1605 facie
2464 1549 2557 1604 Dei
2596 1548 2794 1616 Jacob,
2834 1551 2924 1621 qui
2949 1551 3136 1621 junior
3166 1553 3334 1611 frater
3380 1569 3501 1611 cre-

1901 1644 2102 1712 dendo,
2130 1643 2405 1701 seniorem
2431 1643 2654 1701 fratrem
2705 1645 3047 1703 incredulum
3100 1648 3499 1719 supplantavit.

1905 1739 1980 1795 De
2001 1739 2154 1809 cujus
2174 1737 2431 1794 Jordanis
2453 1747 2619 1806 terra,
2647 1736 2701 1793 id
2731 1748 2817 1794 est
2842 1737 3116 1808 Ecclesia,
3138 1741 3403 1811 propheta
3431 1757 3499 1797 ex

223 1833 362 1890 morti
387 1831 566 1886 vicina
594 1831 721 1886 sint.
771 1831 828 1886 In
862 1832 1100 1902 peccatis
1129 1848 1260 1904 ergo
1284 1831 1533 1888 diabolus
1563 1830 1794 1898 habitat,
1828 1818 1876 1878 B
1905 1848 2135 1904 persona
2187 1831 2462 1888 credentis
2508 1846 2567 1887 se
2609 1831 2742 1887 dicit
2787 1831 3077 1888 Dominum
3122 1831 3422 1890 recordari.
3452 1833 3498 1888 A

221 1937 266 1983 et
311 1924 608 1995 requiescit
659 1925 711 1979 in
744 1933 958 1981 secreto
997 1925 1392 1997 cogitationum
1422 1967 1435 1990 ,
1479 1925 1595 1980 sive
1632 1923 1796 1980 etiam

221 2019 508 2077 lumborum
539 2039 554 2075 :
587 2017 731 2076 unde
756 2018 1244 2075 etlocalmmentia
1276 2018 1640 2092 appellantur.
1671 2016 1800 2074 Sive

225 2115 268 2170 in
293 2112 538 2177 secretis,
566 2112 619 2167 id
642 2119 747 2182 est,
780 2112 833 2166 in
861 2110 1199 2168 absconditis
1233 2110 1350 2178 Dei,
1385 2125 1505 2180 qua:
1527 2109 1670 2164 Deus
1695 2108 1802 2164 nti-

220 2222 308 2279 que
331 2221 432 2263 non
448 2206 709 2277 requirit,
738 2217 794 2263 et
817 2207 965 2262 velut
989 2221 1048 2262 se
1077 2205 1297 2278 indigna
1329 2220 1439 2261 non
1473 2205 1694 2260 visitat:
1726 2202 1796 2261 de

221 2303 396 2373 quibus
421 2301 764 2358 absconditis
791 2301 1059 2372 pr0plteta
1075 2303 1148 2357 ait
1171 2301 1239 2357 ad
1265 2302 1463 2358 Deum:
1484 2299 1563 2356 De
1587 2299 1802 2356 abscon-

222 2396 326 2452 ditis
351 2399 448 2451 tuis
471 2395 794 2469 ndimpletus
825 2406 897 2451 est
942 2405 1115 2451 center
1168 2413 1365 2452 eorum.
1409 2396 1639 2452 Peccata
1671 2409 1803 2467 ergo

221 2497 471 2562 tamquam
506 2490 749 2546 tenebrae
792 2489 1201 2547 abscondantur
1239 2506 1266 2544 a
1297 2490 1502 2546 lumine
1534 2489 1800 2546 veritatis.

220 2582 349 2652 Sive,
402 2596 457 2640 ut
483 2585 603 2654 jam
633 2585 900 2658 diximus,
935 2586 1056 2642 loco
1090 2595 1300 2642 remoto
1334 2585 1522 2641 cordis
1552 2585 1805 2640 diabolus

220 2676 422 2745 habitat,
455 2679 606 2751 quod
638 2693 734 2735 cor
752 2693 976 2735 vacuum
1018 2681 1213 2735 timore
1253 2680 1347 2736 Dei
1389 2687 1535 2750 patet
1579 2677 1805 2734 vanitati

218 2772 438 2839 ctluxni,
463 2782 634 2844 atque
655 2773 894 2831 omnium
918 2773 1188 2830 illecebris
1210 2773 1483 2828 vitiorum.
1505 2771 1630 2826 llzec
1657 2771 1803 2826 enim

219 2867 388 2923 umbra
425 2867 607 2924 solem
654 2868 938 2940 nesciens,
1010 2877 1064 2924 et
1106 2869 1294 2925 calami
1340 2876 1546 2925 secreta
1603 2865 1807 2938 signiti-

219 2971 346 3018 cant.
377 2964 482 3020 Alii
515 2962 810 3020 dixet‘nnt:
846 2963 956 3021 Sub
985 2963 1290 3018 omnimodis
1321 2962 1589 3018 arboribus
1616 2960 1808 3016 dormit

217 3070 346 3110 secus
361 3059 623 3129 juncum,
675 3066 721 3112 et
742 3058 998 3111 calamum
1021 3098 1035 3122 ,
1080 3064 1128 3110 et
1157 3057 1395 3110 caricem.
1453 3052 1805 3111 Omnimodas

217 3150 421 3208 arbores
449 3152 613 3220 dicit,
647 3167 766 3224 quae
789 3159 971 3207 tamen
1018 3165 1212 3207 omnes
1245 3149 1594 3205 infructuosa:
1641 3157 1802 3215 sunt,

1901 1929 2121 1987 Christo
2177 1929 2365 1998 utique
2413 1936 2597 1982 monte
2643 1925 2860 1983 modico
2905 1927 3204 1999 incipiens,
3249 1929 3345 2000 qui
3377 1943 3500 1999 pro-

1902 2033 2023 2096 pter
2045 2023 2352 2094 passionem
2372 2019 2632 2082 ,modicns
2656 2019 2833 2076 factus
2855 2028 2960 2087 est,
2985 2022 3291 2076 minoratus
3318 2029 3402 2076 est
3429 2021 3498 2077 ab

1903 2118 2134 2191 angelis,
2163 2116 2470 2174 obediendo
2495 2115 2634 2187 patri
2666 2130 2838 2186 usque
2866 2115 2933 2168 ad
2965 2123 3218 2171 mortem.
3249 2114 3348 2171 Hic
3369 2130 3500 2187 ergo

1903 2212 2207 2272 Behemoth
2259 2212 2427 2268 nimia
2458 2211 2634 2267 elatus
2663 2208 2998 2278 temeritate,
3049 2208 3302 2265 ﬁduciam
3334 2209 3500 2281 gerit,

1906 2316 1964 2364 ut
2013 2306 2334 2380 przedictnm
2374 2303 2698 2374 Iordanem,
2730 2312 3070 2360 sacramenta
3101 2302 3362 2360 videlicet
3395 2303 3500 2359 Ec-

1906 2405 2092 2461 clesiae
2121 2404 2465 2476 figurantem,
2494 2417 2591 2458 ore
2618 2415 2718 2456 suo
2747 2398 2981 2465 hauriat,
3013 2407 3069 2454 et
3097 2397 3331 2454 vorandi
3351 2399 3506 2469 cupi-

1907 2500 2031 2563 dus,
2081 2513 2180 2554 suo
2223 2513 2348 2554 eum
2374 2505 2565 2553 ventre
2613 2492 2928 2550 concludat.
2955 2491 3012 2549 ld
3039 2502 3147 2559 est,
3196 2493 3361 2546 etiam
3407 2505 3505 2546 eos

1905 2611 2044 2670 quos
2093 2594 2314 2667 sanguis
2355 2593 2558 2650 ChriSIi
2619 2605 2718 2662 per
2786 2605 2981 2661 aquam
3039 2587 3501 2659 regenerationis,

1906 2704 2068 2762 quam
2111 2688 2366 2744 Jordanis
2388 2687 2569 2761 typice
2598 2684 2896 2757 portendit,
2937 2692 2993 2740 et
3022 2681 3302 2739 ablutione
3329 2678 3505 2751 Spiri-

1909 2791 1998 2838 tus
2029 2783 2201 2839 sancti
2233 2781 2487 2848 redemit,
2513 2781 2582 2838 de
2608 2779 2761 2836 illius
2808 2785 3082 2848 potestate
3110 2790 3175 2833 ac
3203 2773 3502 2831 durissimo

1907 2875 2186 2932 dominatu
2216 2877 2434 2947 quaerit,
2467 2883 2525 2932 ut
2553 2889 2745 2933 rursus
2775 2887 2905 2930 suos
2936 2872 3123 2942 iaciat,
3157 2884 3254 2928 seu
3287 2867 3501 2926 occulta

1908 2969 2186 3040 suasione,
2213 2985 2308 3026 seu
2353 2970 2762 3042 oppugnatione
2790 2966 3101 3024 manifesta.
3560 3037 3564 3041 ~

1982 3064 2048 3118 In
2081 3065 2244 3119 oculis
2276 3067 2389 3135 ejus
2431 3063 2581 3136 quasi
2626 3063 2781 3117 hamo
2811 3061 2980 3133 capiet
3009 3075 3145 3114 eum.
3183 3056 3359 3113 Verba
3387 3056 3506 3111 lucc

1911 3156 2085 3213 Patris
2109 3156 2177 3214 de
2220 3157 2360 3214 Filio
2413 3165 2542 3212 sunt
2571 3154 2869 3212 secundum
2911 3153 3060 3209 illam
3089 3149 3502 3213 allocutionem,

218 3257 313 3299 non
337 3245 604 3304 habentes
637 3245 925 3304 medullam
952 3245 1230 3302 charitatis
1261 3245 1381 3312 Dei,
1415 3259 1516 3303 nec
1542 3243 1806 3301 honorum
1837 3225 1882 3291 C
1912 3253 1982 3311 de
2013 3269 2116 3326 qua
2164 3254 2417 3323 superius
2451 3253 2705 3319 diximus,
2733 3251 2825 3310 ubi
2855 3252 2934 3306 an
2964 3249 3126 3305 pater
3153 3247 3224 3304 de
3263 3259 3354 3312 eo,
3380 3259 3506 3299 cum

219 3349 427 3408 cpernm
456 3340 689 3398 fructus.

284 3434 577 3510 Protegunt
595 3436 790 3491 umbra
816 3435 1050 3490 umbram
1078 3435 1211 3506 ejus.
1239 3433 1470 3489 Peccata
1503 3431 1620 3504 ejus
1645 3446 1811 3502 super

223 3532 455 3587 omnium
488 3531 788 3602 impiorum
833 3536 1079 3601 peccata,
1109 3536 1163 3583 et
1191 3527 1496 3598 impietates
1545 3527 1807 3590 eminent,

224 3639 348 3696 quas
381 3623 735 3696 protec1ione
778 3621 1008 3693 quadam
1051 3619 1272 3676 malitia:
1304 3633 1419 3675 sum
1466 3617 1728 3685 defendit,
1759 3627 1815 3674 et

221 3719 474 3790 contegit.
499 3717 610 3773 Alii
645 3718 719 3772 ita
750 3716 1004 3772 dixerunt
1035 3733 1048 3770 :
1081 3713 1442 3769 inumbrantur
1481 3714 1532 3766 in
1566 3729 1624 3767 eo
1661 3713 1814 3766 arbo-

222 3830 295 3869 res
340 3829 595 3886 magum:
641 3813 739 3869 ubi
781 3811 886 3868 hoc
936 3811 1069 3866 mihi
1117 3809 1330 3866 videtur
1383 3808 1622 3875 dixisse,
1668 3806 1811 3878 quod

221 3911 461 3979 quamvis
490 3909 716 3980 maligni
746 3908 998 3979 spiritus,
1023 3905 1108 3962 vel
1142 3905 1394 3961 homines
1440 3902 1673 3959 ministri
1697 3903 1812 3956 dia-

222 4001 348 4071 boli,
379 4004 644 4076 superbia
687 4002 798 4058 sint
827 4001 1054 4068 excelsi,
1080 4010 1260 4056 tamen
1317 4006 1537 4071 superet
1580 4012 1674 4053 eos
1703 4011 1817 4051 ma-

223 4099 503 4167 gnitudine
533 4096 859 4153 delictorum
888 4095 1160 4160 diabolus,
1194 4096 1318 4165 quia
1350 4089 1680 4148 scclestioris
1710 4089 1816 4144 cri-

225 4193 384 4249 minis
415 4195 675 4250 inventor
704 4201 806 4261 est,
829 4208 992 4264 quam
1018 4192 1254 4247 imitator
1279 4189 1507 4262 peceati.

291 4286 712 4342 Circumdabunt
740 4303 853 4341 eum
881 4287 1065 4340 salices
1096 4284 1361 4339 torrentis.
1404 4282 1531 4339 Sive
1553 4281 1736 4352 stirpes
1768 4288 1818 4334 et

224 4383 537 4452 virgultum,
585 4390 645 4435 ut
691 4379 784 4434 alii
826 4378 1101 4434 dixerunt.
1137 4375 1375 4432 Mundus
1416 4374 1519 4430 iste
1575 4371 1820 4428 mortalis

223 4485 444 4547 propter
496 4475 739 4529 velocem
768 4471 1168 4527 volubilitatem
1225 4484 1402 4536 suam,
1435 4464 1695 4522 torrentis
1718 4479 1818 4520 no-

224 4571 367 4625 mine
394 4566 708 4638 appellatur
743 4582 756 4619 :
791 4565 929 4620 sicut
957 4572 1013 4620 et
1043 4562 1307 4634 propheta
1333 4560 1570 4626 ait,cnm
1601 4557 1668 4612 de
1695 4569 1819 4625 pas-

222 4662 373 4718 sione
419 4659 638 4716 Domini
672 4659 1018 4730 prOphetaret
1046 4675 1059 4710 :
1090 4654 1167 4710 De
1196 4662 1425 4709 torrente
1453 4652 1506 4706 in
1538 4651 1621 4705 via
1664 4648 1821 4704 bibet.

225 4752 652 4825 Dispensatione
683 4764 909 4821 namque
937 4747 1030 4803 illa
1061 4762 1165 4818 qua
1189 4745 1258 4801 ad
1288 4760 1388 4801 nos
1422 4743 1607 4800 venire
1629 4741 1824 4825 digna-

223 4823 447 4911 tus—est,
480 4845 535 4900 in
585 4860 745 4900 cruce
775 4843 970 4898 mortis
1011 4841 1236 4898 calicem
1271 4838 1429 4904 bibit,
1462 4836 1530 4893 de
1561 4823 1829 4903 cuto-dixit

224 4939 290 4994 ad
314 4941 540 4995 Patrem
567 4958 578 4994 :
611 4938 676 4995 Si
719 4939 834 5010 fieri
860 4945 1047 5010 potest,
1077 4941 1305 4990 transeat
1332 4951 1363 4987 a
1393 4949 1472 4988 me
1521 4930 1661 4986 calix
1711 4932 1826 4984 iste.

223 5032 401 5103 Hujus
455 5048 587 5103 ergo
638 5030 824 5086 mundi
878 5029 1210 5094 hominibus,
1245 5027 1336 5098 qui
1392 5033 1521 5081 sunt
1577 5023 1830 5079 sensibus

225 5135 583 5198 peccatorum
615 5135 669 5180 et
707 5123 926 5196 pcrﬂdia
961 5121 1294 5178 inﬁdelitatis
1332 5119 1660 5176 amarissimi
1691 5128 1826 5173 tam-

224 5238 388 5293 quam
455 5221 619 5289 folia,
669 5220 881 5276 fructus
943 5219 1209 5274 bonorum
1267 5230 1490 5287 operum
1565 5211 1836 5269 mentien-

226 5325 332 5380 tes,
349 5313 608 5370 diabolus
632 5311 1024 5379 circumdatur,
1050 5309 1143 5381 qui
1170 5308 1335 5364 etiam
1363 5307 1416 5363 in
1445 5305 1685 5379 collegas
1705 5319 1838 5361 con-

228 5409 583 5478 sortiumque
610 5408 931 5476 junguntur.

304 5502 451 5556 Ecce
482 5499 772 5554 absorbcbit
807 5498 1044 5570 ﬂuvium,
1074 5505 1124 5550 et
1150 5512 1257 5550 non
1282 5494 1581 5560 mirabitur,
1605 5500 1653 5548 et
1684 5491 1839 5547 habet

227 5596 495 5666 ﬁduciam
541 5597 678 5665 quod
709 5595 892 5666 inﬂuat
917 5591 1172 5647 Iordanis
1199 5592 1252 5645 in
1285 5607 1342 5645 os
1403 5593 1538 5662 ejus.
1571 5588 1754 5644 Multis
1784 5586 1839 5644 in

227 5691 375 5746 locis
424 5688 863 5762 Scripturarum,
895 5687 1140 5744 ﬂuminis
1169 5685 1390 5741 nomine
1431 5699 1604 5758 genus
1645 5683 1840 5739 huma-

230 5799 368 5839 num
423 5783 720 5855 significari
752 5782 1086 5846 noverimus,
1116 5778 1186 5836 de
1216 5795 1322 5851 quo
1350 5788 1404 5836 et
1426 5779 1543 5850 ipsa
1592 5785 1840 5851 potestas

230 5879 556 5937 adversaria
589 5879 666 5937 ait
701 5894 714 5933 :
756 5877 902 5935 Meus
932 5883 1007 5933 est
1055 5875 1266 5946 ﬂuvius,
1292 5884 1342 5930 et
1370 5891 1465 5946 ego
1504 5874 1603 5946 Ieci
1629 5881 1844 5928 memet.

1911 3352 1959 3409 ei
2006 3351 2074 3408 de
2099 3350 2315 3407 diabolo
2341 3364 2524 3407 sermo
2552 3356 2733 3406 esset:
2762 3345 2887 3420 Ipse
2913 3356 2986 3402 est
3015 3343 3336 3419 principium
3386 3343 3506 3398 via-

1911 3467 2027 3505 rum
2058 3448 2177 3504 Dei.
2210 3445 2368 3503 litmc
2409 3445 2572 3517 igitur
2619 3441 2951 3509 Bebemoth,
2981 3439 3146 3495 homo
3203 3436 3380 3494 divini
3413 3452 3515 3491 nu-

1915 3542 2078 3599 minis
2113 3554 2277 3598 carne
2327 3537 2568 3595 hominis
2615 3535 2881 3606 assnmpti
2932 3532 3189 3598 vestitus,
3227 3529 3282 3585 in
3338 3528 3514 3586 oculis

1915 3636 2036 3708 ejus
2064 3635 2249 3707 capiet
2269 3648 2419 3700 eum,
2453 3631 2631 3702 inquit
2660 3630 2826 3686 Pater
2854 3627 2924 3684 de
2950 3627 3115 3692 Filio,
3149 3623 3294 3698 quod
3322 3624 3516 3683 diabo-

1917 3729 2030 3785 lum
2063 3735 2212 3785 esset
2243 3736 2522 3798 capturns.
2549 3723 2606 3780 In
2634 3721 2830 3791 oculis,
2863 3720 2960 3788 ait,
2990 3720 3042 3776 id
3071 3727 3154 3776 est
3200 3720 3253 3774 in
3283 3720 3402 3790 ipso
3433 3718 3518 3772 in-

1920 3820 2236 3890 telligentiae
2267 3819 2498 3882 lumine,
2533 3816 2623 3872 ubi
2645 3823 2729 3872 est
2771 3814 2923 3870 visus
2964 3811 3274 3882 sapientiae,
3305 3819 3516 3865 natura:

1919 3918 2284 3976 rationabilis.
2318 3916 2430 3983 lbi,
2463 3916 2704 3984 inquam,
2762 3909 2946 3966 divina
2977 3896 3248 3978 sapientia
3297 3914 3516 3975 captus,

1919 4012 2046 4068 dum
2073 4027 2171 4082 per
2202 4009 2560 4066 calliditatem
2593 4021 2749 4063 suam
2794 4012 2956 4074 atque
2983 4000 3276 4057 versutiam
3303 4014 3412 4053 non
3436 3997 3519 4052 vi-

1919 4105 2015 4160 det
2067 4103 2224 4173 cnjns
2279 4115 2498 4156 carnem
2566 4111 2714 4155 mors
2781 4091 3151 4151 devorandam
3203 4087 3518 4162 apprehen-

1921 4196 2020 4253 dit.
2051 4192 2364 4253 Secnndum
2415 4190 2581 4263 igitur
2627 4188 2769 4244 hunc
2800 4183 3020 4243 modum
3064 4190 3257 4256 captus
3285 4187 3371 4238 est
3397 4178 3519 4236 dia-

1923 4289 2106 4348 belus.

1999 4381 2066 4436 Et
2089 4381 2145 4436 in
2176 4378 2390 4435 sudibus
2419 4376 2711 4451 perforabit
2757 4389 2907 4428 nares
2937 4374 3071 4446 ejus.
3116 4368 3169 4425 Id
3202 4375 3306 4434 est,
3337 4366 3525 4424 furen-

1927 4483 2037 4531 tem
2068 4472 2334 4530 sazvitiam
2367 4480 2532 4538 atque
2574 4469 2629 4524 in
2672 4474 2990 4523 sanctorum
3043 4462 3325 4520 interitum
3352 4460 3528 4518 anheo

1928 4565 2130 4621 lantcm
2161 4562 2408 4620 Christus
2436 4560 2700 4617 Dominus
2727 4567 2912 4614 noster
2944 4563 3195 4613 conteret
3217 4562 3274 4610 et
3303 4563 3529 4626 protur-

1855 4624 1902 4687 θ
1932 4659 2120 4717 babit:
2156 4667 2374 4714 sanctos
2409 4670 2542 4711 vero
2586 4660 2806 4725 propter
2839 4650 3042 4721 lignum
3072 4648 3252 4706 crucis
3295 4624 3404 4703 non
3433 4645 3534 4702 ab-

1935 4751 2100 4808 surde
2141 4751 2229 4806 hic
2260 4746 2647 4819 intelligendos
2690 4752 2818 4816 puto
2844 4761 2859 4809 ;
2885 4742 2963 4798 sic
2991 4742 3174 4812 itaque
3202 4739 3453 4797 humiliat
3478 4747 3536 4795 et

1935 4843 2226 4914 confringit
2255 4841 2524 4898 Dominus
2576 4838 2878 4904 inimicum,
2905 4847 3237 4905 omnemque
3273 4832 3536 4901 impetum

1939 4936 2158 4993 invidia:
2202 4933 2502 4999 saevientis,
2534 4931 2665 4987 dum
2689 4945 2812 4987 eum
2843 4942 2940 5000 per
2959 4925 3184 4985 eosdem
3225 4933 3449 4982 sanctos
3473 4922 3540 4980 li-

1940 5043 2046 5102 gno
2073 5041 2186 5082 suae
2212 5025 2390 5082 crucis
2411 5023 2672 5080 retundit.

2013 5123 2093 5176 An
2116 5119 2384 5177 extrahere
2405 5119 2600 5193 poteris
2634 5115 2926 5172 Leviathan
2963 5114 3118 5169 hamo
3133 5114 3156 5167 ?
3174 5108 3544 5168 Commutavit

1946 5217 2168 5288 ﬁguram
2211 5214 2554 5286 aenigmatis,
2610 5220 2669 5268 ut
2717 5209 2998 5266 diabolum
3054 5222 3219 5278 quem
3289 5205 3544 5276 superius

1945 5310 2246 5369 Behemoth
2275 5310 2541 5366 translato
2586 5307 2808 5364 nomine
2852 5306 3088 5372 dixerat,
3118 5300 3370 5359 eumdem
3400 5316 3546 5360 nunc

1946 5404 2239 5462 Leviathan
2270 5402 2506 5476 appellet
2533 5418 2548 5465 ;
2581 5401 2679 5458 sed
2708 5401 2821 5457 illic
2847 5414 2972 5456 eum
3010 5398 3164 5469 quasi
3191 5395 3425 5454 bestiam
3456 5393 3547 5452 di-

1950 5500 2045 5564 cit,
2069 5514 2190 5571 qme
2228 5507 2404 5554 terras
2447 5496 2744 5563 inhabitet;
2793 5494 2881 5551 hic
2909 5506 3042 5550 vero
3071 5493 3142 5549 ita
3176 5492 3326 5550 illum
3372 5487 3552 5546 nomi-

1954 5601 2067 5661 nat,
2096 5591 2187 5664 qui
2216 5591 2364 5647 velut
2393 5589 2446 5645 in
2477 5590 2634 5661 aquis
2664 5587 2836 5644 maris
2871 5586 3156 5644 consistat.
3190 5583 3344 5644 Unde
3373 5590 3430 5640 et
3457 5581 3554 5638 alii

1954 5700 2054 5760 pro
2083 5683 2384 5742 Leviathan
2409 5682 2686 5737 draconem
2732 5679 3010 5737 dixerunt.
3043 5677 3200 5737 Unde
3250 5674 3427 5733 videri
3456 5687 3556 5745 po-

1958 5789 2086 5852 test,
2131 5777 2273 5851 quod
2303 5775 2633 5832 horrendum
2663 5773 2853 5830 nescio
2879 5771 3007 5844 quid
3037 5785 3213 5844 genus
3251 5769 3554 5826 draconum

1960 5873 2032 5931 sit
2052 5871 2197 5944 quod
2225 5867 2529 5932 Leviathan
2553 5867 2785 5939 dicatur,
2813 5865 2969 5939 cujus
2997 5859 3220 5924 malitiae
3269 5870 3432 5936 atque
3456 5855 3554 5933 pd‘
