3944 6334
409 247 510 302 7δῖ
1214 245 1561 302 APPENDIX
1603 246 1696 303 AD
1734 245 1977 304 TOMUH
2013 243 2366 309 SEPTIMUM
2406 254 2466 310 S.
2512 250 2912 309 lllERONYlll.
3580 260 3674 318 788

410 368 588 421 lentim.
612 379 853 435 congrue
890 361 1135 417 diabolus
1164 369 1470 430 conpletur.
1501 362 1798 418 Beltcmollt
1832 369 2010 417 autem
2035 359 2092 422 Δ
2118 364 2352 421 Proinde
2370 366 2666 421 secundum
2685 367 2823 422 hanc
2841 368 3238 436 expositionem
3264 369 3401 425 idem
3429 385 3605 429 sensus
3625 375 3677 432 in

410 477 477 516 eo
506 458 648 533 quod
692 455 844 513 multi
898 472 1020 511 cum
1074 472 1139 508 eo
1165 455 1274 510 sint
1295 455 1615 526 appellatur.
1653 454 1783 509 Nam
1831 453 2003 510 Behe-
2110 458 3680 532 hamoetsagenadignoscitur.CumergodisissetDominus

413 556 561 611 moth
597 554 809 618 Latine,
839 551 988 624 quasi
1014 551 1188 624 plures
1216 564 1415 607 sonare
1444 550 1664 606 dicitur.
1703 549 1859 607 Unde
1888 550 2004 619 ipse

415 648 638 717 intelligi
668 654 843 715 potest
867 659 989 700 eum
1019 643 1186 698 sociis
1217 656 1269 699 et
1298 643 1651 707 ministris,et
1673 642 2008 712 recte,quasi

415 742 645 805 dicatur,
673 738 763 809 qui
790 753 816 790 a
853 738 960 791 Deo
991 752 1095 790 non
1128 744 1274 790 sunt.
1310 734 1611 791 Levialhan
1643 736 2011 790 veroaddita-

414 840 641 886 utentum
665 829 880 900 quidam
904 831 1058 885 aiunt
1081 829 1452 900 interpretari.
1475 827 1609 897 Quia
1632 844 1764 899 ergo
1792 830 1844 884 in
1870 830 2013 885 veri-

414 935 525 979 tate
549 939 655 978 non
683 924 856 990 stetit,
900 930 957 977 et
987 921 1260 977 excedens
1317 920 1756 993 praesumptionis
1789 922 2010 978 modum

418 1018 565 1073 addat
592 1016 695 1072 sibi
736 1016 1070 1086 superbiam,
1098 1014 1250 1085 quasi
1290 1031 1454 1084 supra
1489 1025 1696 1070 naturae
1722 1016 1924 1073 bonum
1959 1018 2012 1072 in

419 1126 686 1169 tumorem
719 1124 774 1168 et
802 1114 1049 1169 morbum
1091 1113 1342 1168 elationis
1390 1114 1623 1168 excedit.
1656 1113 1888 1169 Pro’nde
1920 1114 2016 1167 ad-

418 1209 777 1262 ditamentum
805 1205 983 1262 dietus
1012 1214 1097 1261 est
1123 1224 1133 1258 :
1161 1206 1489 1260 νυστιιιηιῐιιῐη
1517 1207 1663 1261 enim
1720 1204 1918 1260 factum
1947 1206 2018 1262 de

419 1304 670 1364 crimine,
716 1302 934 1371 operuit
977 1300 1347 1355 conditionem
1396 1310 1605 1354 natura:
1649 1298 1823 1363 home,
1854 1313 2017 1370 quam

424 1400 565 1453 Deus
596 1398 768 1451 bonus
805 1403 1111 1451 creaverat.
1147 1393 1212 1448 Et
1256 1393 1422 1448 Isaias
1447 1393 1709 1466 propheta
1735 1393 1803 1449 de
1833 1408 1899 1449 eo
1928 1408 2021 1449 va-

422 1490 679 1544 ticinatur
725 1487 952 1543 dicens:
988 1485 1051 1540 ln
1082 1487 1166 1539 die
1194 1484 1313 1552 illo,
1359 1488 1473 1541 sive
1501 1485 1774 1556 passionis
1813 1484 2021 1541 Christi

426 1597 690 1654 tempore,
724 1582 838 1637 sive
895 1581 946 1636 in
979 1580 1211 1636 adventu
1237 1580 1430 1650 judicii
1475 1580 1599 1650 Ejus
1632 1578 1735 1635 ειη
1768 1580 1854 1634 die
1892 1594 2023 1650 ergo

419 1677 514 1731 illo
548 1677 773 1731 visitubit
797 1673 1055 1731 Dominus
1078 1677 1131 1729 in
1160 1676 1336 1744 gladio
1366 1692 1461 1729 suo
1486 1676 1618 1728 duro
1649 1686 1695 1727 et
1732 1662 1943 1746 grandi,
1974 1683 2023 1729 et

2110 551 2174 606 ad
2201 551 2324 617 .lob,
2346 552 2633 608 extrahere
2654 556 2855 624 poteris
2884 553 3180 610 Leviathan
3199 554 3379 612 hamo?
3408 558 3537 613 aitei
3566 577 3577 612 :

2187 645 2250 699 Et
2298 645 2423 714 {une
2450 646 2636 718 ligabis
2668 648 2901 721 linguam
2945 651 3060 722 ejus
3083 650 3113 704 ?
3135 649 3589 718 Quemadmodum
3614 669 3680 711 ex

2118 738 2365 806 pluribus
2411 741 2696 809 particulis
2741 743 3108 812 subtegminis
3153 744 3298 799 l'unis
3342 746 3685 813 intesitur,ut

2116 830 2212 885 ﬁat
2265 833 2545 889 vinculum
2599 848 2711 906 quo
2757 834 2967 904 possint
3008 836 3189 909 aliqua
3229 838 3512 910 colligari;
3543 842 3687 901 itaet

2115 912 2367 981 diabolus
2403 924 2468 979 de
2502 926 2842 984 multitudine
2872 938 3219 997 peccatorum
3262 944 3511 1001 suorum,
3543 932 3684 1002 quasi

2116 1016 2185 1071 de
2215 1018 2596 1073 resticulorum
2630 1020 2938 1090 particulis,
2991 1021 3207 1078 vincula
3255 1022 3359 1078 sibi
3407 1024 3687 1096 sacrilego.

2117 1126 2234 1165 rum
2271 1111 2417 1166 velut
2471 1110 2596 1166 fune
2645 1111 3026 1182 blasphemiis,
3059 1123 3115 1170 et
3166 1115 3347 1187 lingua
3400 1115 3538 1171 illius
3581 1120 3690 1175 col-

2121 1204 2304 1274 ligat,
2347 1214 2405 1259 ut
2458 1204 2529 1260 sit
2572 1219 2635 1260 os
2686 1208 3020 1263 obstructum
3069 1215 3232 1279 atque
3290 1207 3576 1279 oppilatum
3624 1210 3693 1265 lo-

2121 1296 2338 1368 quentis
2387 1298 2741 1371 iniquitatem.
2776 1298 2846 1355 Et
2866 1300 2917 1357 in
2946 1299 3260 1357 Proverbiis
3285 1300 3605 1369 Salomonis,
3631 1303 3693 1365 de

2121 1392 2387 1448 similibus
2442 1393 2559 1464 ejus
2603 1394 2863 1464 scriptum
2914 1404 3042 1451 est:
3082 1394 3320 1453 Vinculis
3391 1408 3692 1467 peccatorum

2123 1502 2334 1541 suorum
2375 1488 2726 1560 unusquisque
2771 1490 3166 1564 constringitur.
3204 1492 3270 1548 Et
3301 1492 3426 1548 inde
3457 1502 3537 1549 est
3563 1493 3691 1564 quod

2125 1588 2180 1635 et
2204 1579 2462 1635 Dominus
2484 1580 2536 1635 iu
2565 1581 2860 1653 Evangelia
2885 1583 3097 1655 pigrum
3120 1594 3174 1638 et
3201 1585 3446 1642 inutilem
3468 1600 3694 1655 servum,

2128 1672 2309 1742 ligatis
2340 1673 2591 1729 manibus
2622 1682 2681 1730 et
2726 1675 2982 1746 pedibus,
3025 1677 3344 1732 mittendum
3392 1678 3526 1734 dicit
3553 1678 3601 1734 in
3630 1687 3698 1736 te-

424 1771 569 1838 {oi-ti,
597 1786 750 1838 super
779 1766 1061 1824 Levialltan
1087 1778 1379 1836 serpentem
1416 1777 1631 1834 vectem,
1665 1778 1712 1821 et
1739 1784 1895 1836 super
1922 1767 2020 1822 Le-
2057 1752 2104 1813 Β
2134 1765 2332 1821 nebras
2359 1770 2684 1836 exteriores,
2719 1767 2773 1824 id
2803 1778 2907 1837 est,
2936 1771 3165 1825 vinculis
3207 1780 3552 1841 peccatorum
3578 1786 3694 1828 suo-

424 1864 634 1917 ciathan
686 1872 972 1933 serpentem
1027 1870 1344 1928 tortuosum,
1373 1870 1423 1916 et
1467 1861 1661 1915 occidet
1705 1870 1873 1915 cetum
1903 1861 2029 1933 ,qui

426 1960 479 2011 in
519 1959 652 2011 mari
682 1966 755 2011 est
783 1973 800 2010 :
828 1955 1123 2011 secundum
1156 1955 1259 2011 hoc
1307 1954 1484 2026 ipsum
1529 1965 1632 2020 est,
1690 1956 1834 2028 quod
1891 1957 2030 2013 alius

428 2050 688 2118 propheta
738 2048 987 2103 similiter
1026 2048 1098 2101 ait
1128 2048 1194 2102 ad
1240 2048 1451 2103 Deum:
1485 2046 1563 2102 Tu
1619 2049 1919 2120 confregisti
1976 2049 2030 2105 in

426 2143 610 2197 rirtzttc
664 2151 751 2195 tua
807 2158 967 2196 mare.
1019 2140 1098 2195 Tu
1176 2141 1475 2213 confregisti
1531 2151 1687 2210 caput
1741 2140 2028 2196 draconum

426 2251 578 2306 super
648 2252 828 2306 aquas.
893 2234 986 2289 llic
1038 2236 1150 2305 ipse
1219 2233 1465 2289 diabolus
1520 2242 1792 2305 tamquam
1870 2243 2033 2304 caput

428 2343 551 2382 cum
583 2329 696 2382 suis
749 2326 1007 2385 membris
1037 2327 1364 2383 describitur
1395 2368 1411 2395 ,
1457 2338 1511 2383 et
1559 2344 1757 2400 corpus
1806 2328 1944 2398 ejus,
1976 2337 2033 2384 et

420 2435 672 2488 squama:
719 2419 1079 2475 indissolubili
1130 2421 1321 2490 copula
1374 2418 1679 2493 conjunctae
1720 2429 2028 2476 narrantur.

429 2515 581 2571 Hunc
608 2531 738 2586 ergo
770 2514 1072 2570 Leviathan
1104 2514 1398 2571 draconem
1433 2517 1693 2588 typicum,
1744 2516 1820 2571 ait
1853 2516 2033 2573 Domi-

431 2625 530 2665 nus
555 2610 620 2664 ad
648 2610 773 2679 Joh,
809 2627 876 2667 ne
916 2610 969 2664 in
998 2612 1151 2681 aquis
1183 2611 1423 2681 gentium
1455 2609 1788 2676 dominetur,
1825 2619 1879 2665 tu
1925 2612 2027 2666 lor-

429 2706 568 2759 sitan
599 2705 689 2775 de;
721 2707 853 2761 mari
913 2707 1229 2778 p0pulorum
1278 2702 1570 2763 extrahere
1622 2715 1817 2777 potes,
1870 2720 2032 2777 quem

430 2804 590 2859 hamo
611 2805 827 2860 virtutis
884 2820 1043 2870 metu,
1075 2813 1133 2858 ut
1180 2820 1340 2874 supra
1383 2803 1584 2858 dictum
1615 2813 1722 2868 est,
1744 2818 1838 2872 per
1871 2800 2033 2856 ﬁdem

427 2895 768 2952 credentium
796 2897 1107 2964 extrahere,
1131 2905 1186 2952 et
1210 2897 1491 2953 exsiccare
1512 2895 1783 2967 disposui.
1826 2895 2033 2950 Secun-

431 2992 556 3046 dum
610 2993 755 3047 hunc
784 3006 1008 3046 sensum
1051 2999 1133 3046 est
1161 2990 1292 3045 illud
1319 2989 1461 3061 quod
1492 3002 1544 3045 et
1582 2989 1844 3045 Dominus
1875 2987 1949 3043 ait
1979 2989 2031 3043 iu

432 3086 729 3158 Evangelia
760 3084 926 3140 :Cum
956 3085 1104 3155 [ortis
1132 3094 1362 3138 armatus
1384 3084 1607 3138 custodit
1634 3086 1825 3138 atrium
1851 3099 2023 3152 suum,

428 3181 482 3234 in
521 3195 645 3252 pace
676 3188 794 3233 sunt
821 3194 882 3232 ea
907 3192 1021 3248 qua:
1048 3176 1295 3248 possidet,
1316 3185 1370 3229 et
1396 3184 1613 3229 caetera.
1639 3174 1695 3230 In
1730 3176 1905 3245 primo
1926 3190 2025 3229 au-

431 3285 539 3331 tem
563 3273 799 3329 adventu
828 3271 1031 3329 Christi
1065 3271 1262 3325 factum
1314 3280 1399 3326 est
1430 3286 1526 3341 per
1552 3270 1783 3339 gratiam
1808 3270 2025 3326 redem-

434 3368 634 3438 ptionis
655 3366 795 3437 ejus,
827 3376 882 3419 ut
918 3364 986 3419 de
1016 3366 1280 3420 societate
1316 3362 1518 3419 diaboli
1568 3373 1623 3419 et
1652 3363 2027 3419 dominatione

435 3462 619 3532 populi
669 3469 1011 3515 eruerentur.
1061 3457 1115 3512 In
1164 3457 1403 3512 secundo
1436 3472 1564 3511 vero
1603 3456 1837 3511 adventu
1882 3457 2026 3526 ejus,

432 3556 610 3610 omnis
636 3552 834 3607 diaboli
865 3558 1107 3622 potestas
1139 3559 1224 3605 est
1250 3548 1564 3614 auferenda,
1589 3548 2025 3620 quandoquidem

437 3661 608 3713 mare,
635 3647 737 3701 hoc
764 3654 850 3700 est
879 3646 1161 3710 sat-culum,
1210 3657 1313 3698 non
1372 3642 1496 3712 erit,
1544 3657 1821 3713 genusque
1849 3641 2031 3697 socio-

436 3757 555 3796 rum
600 3739 746 3793 illius
777 3736 846 3792 de
886 3750 1030 3791 terra
1082 3735 1353 3807 peribunt.
1382 3733 1609 3802 Quando
1634 3734 1796 3789 etiam
1819 3749 2030 3806 quiore-

438 3847 525 3890 tur
550 3834 807 3889 delictum
840 3831 1009 3899 illius,
1060 3843 1112 3886 et
1148 3847 1254 3886 non
1304 3830 1631 3897 invenietur,
1684 3828 1908 3882 Domino
1940 3843 2028 3884 re-

437 3940 640 4002 gnante
672 3929 724 3982 in
757 3936 1043 3992 attentum,
1076 3933 1129 3979 et
1154 3924 1206 3978 in
1254 3922 1512 3977 sarculum
1537 3921 1741 3986 saeculi,
1774 3920 2028 3989 absorpta

432 4035 611 4079 morte
654 4020 959 4091 mortisque
997 4016 1371 4073 inventoribus
1404 4017 1454 4069 in
1506 4015 1926 4069 resurrectionis
1951 4015 2028 4069 vi-

432 4117 626 4174 ctoria.
657 4113 813 4182 Quod
844 4124 1027 4167 autem
1059 4111 1113 4165 in
1140 4110 1243 4164 hoc
1264 4109 1402 4164 libro
1423 4110 1498 4161 ait
1520 4107 1685 4174 Deus,
1718 4107 1839 4178 quia
1868 4105 2029 4162 hamo

434 4206 695 4264 extrahet
734 4203 1056 4267 Leviatban,
1103 4217 1201 4272 per
1258 4199 1421 4253 alium
1454 4198 1770 4269 prophetam
1805 4196 1929 4251 illud
1958 4197 2031 4252 lo—

432 4302 619 4371 quitur
651 4341 667 4367 ,
718 4299 906 4355 dicens
950 4312 964 4349 :
996 4293 1313 4366 Expandam
1356 4308 1512 4360 super
1543 4300 1590 4345 te
1633 4301 1739 4347 rete
1776 4307 1949 4345 meum
1976 4291 2030 4346 in

434 4390 768 4447 multitudine
789 4388 1119 4463 pepulerunt,
1149 4394 1197 4441 et
1223 4385 1491 4440 extraham
1514 4393 1562 4437 te
1589 4382 1644 4437 in
1668 4398 1862 4455 sagena
1892 4398 2025 4438 mea.

437 4485 594 4543 Hami
622 4500 752 4542 vero
773 4493 828 4540 et
848 4498 1060 4556 sagena:
1081 4479 1445 4537 diti‘erentiam
1462 4478 1603 4533 hanc
1630 4491 1754 4532 esse
1777 4477 2029 4532 existimo

432 4588 494 4634 ut
523 4580 740 4632 hamum
771 4576 946 4648 ipsum
974 4575 1313 4631 Salvatorem
1345 4572 1541 4628 Filium
1584 4570 1700 4638 Dei,
1746 4585 1911 4626 carne
1939 4586 2031 4627 ve-

435 4674 623 4729 stitum
655 4669 1021 4740 intelligamus
1055 4688 1066 4722 :
1099 4683 1296 4739 sagena
1319 4678 1501 4721 autem
1520 4665 1626 4721 dici
1661 4673 1839 4735 potest
1866 4666 2029 4719 missa

437 4764 751 4836 praedicatio
782 4762 1082 4835 Evangelii,
1117 4778 1238 4835 qua:
1266 4779 1296 4816 a
1328 4760 1465 4816 solis
1497 4771 1619 4816 ortu
1647 4775 1821 4830 usque
1846 4757 1912 4815 ad
1941 4774 2032 4815 oc-

438 4874 624 4917 casum
679 4857 950 4914 latissimo
979 4856 1156 4927 spatio
1205 4855 1277 4911 sit
1326 4869 1587 4926 expansa,
1632 4853 1773 4909 sicut
1816 4862 1875 4909 et
1906 4868 2031 4923 pro-

427 4954 592 5025 pheta
622 4952 698 5007 ait
725 4969 739 5006 :
773 4949 997 5024 Magnus
1034 4948 1311 5016 Dominus,
1342 4942 1398 5003 et
1425 4958 1641 5003 caztera.
1673 4948 1735 5002 Et
1768 4948 2030 5027 deinceps

432 5051 527 5116 ait,
561 5049 792 5105 dilatans
830 5046 1234 5101 exsultationem
1277 5042 1530 5099 universa:
1561 5050 1732 5098 terrae.
1780 5043 1915 5112 Quae
1944 5057 2030 5098 sa-

432 5156 571 5211 gena
599 5139 1003 5211 prtedicationis
1045 5135 1283 5204 Christi,
1332 5137 1538 5193 veteris
1583 5135 1919 5191 Testamenti
1967 5134 2030 5191 li-

429 5232 607 5305 guris,
631 5242 686 5288 et
718 5230 1179 5304 signiﬁcationum
1211 5228 1534 5300 imaginibus
1563 5226 1854 5299 multisque
1878 5226 2027 5298 ejus-

429 5326 579 5382 modi
603 5324 900 5395 Scripturae
927 5322 1280 5388 tesdmoniis,
1310 5320 1477 5377 veluti
1508 5321 1665 5377 nodis
1694 5320 1917 5391 illigatis
1944 5328 2029 5375 est

427 5420 601 5477 solide
631 5419 911 5489 roborata,
940 5434 1105 5491 quam
1128 5417 1232 5473 ceti
1255 5415 1435 5483 multi,
1468 5426 1522 5472 et
1549 5414 1818 5471 dracones
1838 5416 2021 5471 saevis-

427 5514 552 5569 simi
586 5512 768 5568 mttndi
801 5513 959 5568 istius
987 5511 1139 5583 impii
1164 5520 1217 5567 et
1249 5518 1503 5580 potentes
1527 5507 1778 5566 scindere
1795 5519 1850 5565 et
1875 5524 2023 5563 rum-

427 5623 561 5679 pere
590 5615 956 5672 tcntaveront,
988 5605 1163 5677 idque
1182 5620 1287 5661 non
1316 5613 1613 5678 potuerunt
1634 5602 1877 5669 efﬁcere,
1899 5601 2024 5675 quia

430 5702 648 5754 tit-mum
683 5698 1093 5755 fundamentum
1143 5697 1242 5755 Dei
1271 5697 1420 5767 fecit,
1444 5707 1501 5753 et
1536 5695 1767 5752 convelli
1820 5709 2025 5767 nequa-

424 5807 585 5863 quam
610 5800 808 5864 potest.
830 5789 961 5860 Quia
978 5794 1023 5847 si
1041 5791 1179 5847 Deus
1213 5805 1313 5863 pro
1340 5790 1519 5861 nobis,
1536 5788 1655 5862 quis
1682 5797 1872 5845 contra
1895 5789 2028 5846 nos?

2133 1873 2279 1925 rum,
2307 1873 2428 1929 quas
2457 1869 2712 1929 Operatus
2741 1863 3167 1931 est,secundmn
3192 1863 3437 1918 divinum
3456 1864 3695 1934 judicium

2135 1951 2330 2024 ligatus
2361 1953 2593 2010 mittitur
2617 1953 2669 2008 in
2699 1969 2886 2025 poenas
2913 1972 2928 2022 ;
2967 1958 3111 2027 quod
3143 1966 3198 2012 et
3228 1957 3343 2026 ipse
3367 1957 3622 2014 Dominus
3650 1959 3697 2016 in

2133 2046 2366 2117 quodam
2406 2047 2525 2104 loco
2556 2048 3001 2106 manifestissime
3048 2049 3467 2115 demonstravit,
3495 2053 3692 2124 quando

2135 2139 2411 2210 ﬂagellum
2466 2141 2535 2197 de
2596 2141 2907 2199 Judseorum
2962 2143 3238 2201 resticulis
3295 2146 3418 2201 iecit
3451 2188 3465 2213 ,
3517 2160 3696 2216 eosque

2134 2235 2259 2291 inde
2288 2234 2569 2307 ﬂagellaus
2603 2236 2670 2292 de
2699 2237 2903 2309 templo
2926 2240 3110 2308 ejecit.

2206 2324 2483 2398 Numquid
2515 2344 2675 2399 pones
2697 2327 2947 2384 circulum
2973 2331 3029 2384 in
3056 2330 3267 2389 naribus
3317 2333 3454 2402 ejus,
3482 2342 3567 2387 aut
3613 2349 3693 2387 ων.

2136 2420 2281 2474 milla
2310 2420 2601 2491 perforabis
2641 2422 2911 2478 maxillam
2934 2426 3048 2497 ejus
3075 2423 3243 2480 ?Sive
3273 2428 3627 2496 captapulam,
3654 2434 3705 2485 ut

2135 2515 2223 2569 alii
2248 2516 2558 2570 'dixerunt.
2596 2515 2661 2570 Et
2717 2515 2933 2573 armilla
2990 2517 3343 2587 perforabis:
3377 2522 3516 2587 sive,
3548 2530 3596 2573 ut
3624 2519 3703 2581 alii

2135 2606 2417 2671 dixerunt,
2451 2608 2649 2680 forcipe
2676 2608 2957 2682 pertundes
2997 2608 3204 2665 labrum
3230 2614 3368 2684 ejus.
3404 2611 3599 2668 Circuli
3624 2625 3704 2667 ca-

2138 2703 2610 2775 ptapuli,l'orcipis
2632 2714 2688 2760 et
2727 2704 2959 2759 armilla:
2993 2705 3330 2772 nominibus,
3353 2705 3708 2778 intelliguntur

2136 2808 2421 2851 sermones
2474 2795 2674 2851 divina:
2728 2797 3011 2868 potentiae,
3072 2800 3269 2870 quibus
3324 2799 3586 2870 superbus
3633 2807 3705 2855 at-

2137 2903 2242 2959 que
2272 2888 2624 2960 blaSphemus
2654 2891 2969 2949 lmmiliatus
2997 2902 3081 2948 est
3109 2909 3137 2947 a
3171 2893 3279 2949 Deo
3308 2905 3361 2949 et
3382 2893 3610 2949 attritus.

2212 2982 2481 3056 Numquid
2530 2984 2892 3060 multiplicobit
2932 2987 3000 3042 ad
3027 2997 3074 3042 te
3120 3005 3322 3061 preces,
3373 3000 3463 3044 aut
3493 2990 3706 3063 loquetur

2138 3076 2226 3132 tibi
2255 3075 2619 3135 mollia?Stve
2652 3091 2705 3133 ut
2736 3080 2824 3135 alii
2869 3080 3127 3136 dixerunt
3162 3097 3176 3136 :
3226 3084 3324 3136 Aut
3376 3083 3610 3155 loquetur
3631 3080 3710 3139 tibi

2135 3170 2358 3227 blande?
2374 3171 2488 3229 Soli
2515 3174 2644 3241 Deo,
2667 3174 2824 3245 cujus
2859 3184 3167 3232 creaturam
3190 3191 3251 3235 se
3278 3191 3397 3232 esse
3423 3175 3706 3244 cognoscit,

2131 3275 2215 3322 est
2239 3264 2508 3332 subditus,
2538 3274 2698 3336 atque
2722 3266 2777 3323 fei
2813 3276 3015 3323 tantum
3047 3285 3210 3339 quem
3256 3269 3370 3342 ipsa
3400 3270 3707 3327 conscienti:

2132 3372 2314 3433 pavet,
2337 3361 2549 3416 animus
2572 3362 2691 3432 ejus
2711 3363 2978 3435 superbus
3004 3363 3295 3421 addicitur.

2207 3455 2476 3527 Numquid
2503 3457 2651 3527 feriet
2680 3466 2841 3512 tecum
2868 3468 3106 3531 pactum,
3138 3469 3187 3514 et
3217 3461 3442 3532 accipies
3470 3477 3579 3516 eum
3616 3476 3710 3514 srr-

2130 3565 2247 3606 oum
2269 3549 2638 3622 sempiternum
2667 3550 2691 3605 ?
2717 3549 2870 3606 Licet
2898 3552 2969 3607 sit
3013 3552 3235 3609 rebellis
3275 3563 3333 3610 et
3385 3554 3603 3615 nimium
3633 3561 3704 3606 tu-

2130 3643 2330 3711 midus,
2357 3642 2568 3713 cogitur
2601 3652 2781 3699 tamen
2810 3655 2973 3713 atque
3011 3646 3356 3717 compellitur
3416 3647 3580 3719 ipsius
3623 3660 3706 3702 ns-

2132 3746 2268 3793 turte
2301 3739 2464 3804 bono,
2493 3737 2636 3810 quod
2666 3740 2714 3792 ei
2756 3737 2808 3793 in
2842 3740 3206 3795 testimonium
3231 3742 3393 3811 justas
3417 3741 3709 3803 damnatio.

2131 3831 2215 3887 nis
2236 3830 2354 3902 ejus
2382 3845 2447 3886 ex
2475 3842 2627 3903 parte
2673 3848 2781 3887 non
2814 3834 2971 3902 perit,
3007 3845 3064 3890 ut
3102 3835 3392 3893 Dominum
3423 3824 3704 3893 creatorem

2132 3940 2314 3992 suum,
2347 3925 2544 3980 saltem
2567 3936 2622 3979 ut
2649 3940 2841 3980 servus
2868 3927 3042 3982 malus
3064 3942 3186 3984 esse
3214 3927 3465 3987 fateatur.
3499 3928 3606 3984 Hoc
3632 3934 3706 3982 est

2136 4028 2348 4088 pactum
2405 4017 2521 4073 sive
2561 4025 2964 4085 testamentum,
3013 4019 3155 4090 quod
3211 4020 3258 4074 ei
3286 4035 3407 4076 cum
3438 4021 3545 4077 Deo
3584 4019 3702 4074 inire

2135 4122 2582 4187 praeeeptnmest.
2600 4113 2755 4172 Unde
2778 4126 2832 4171 et
2861 4115 2974 4187 ipse
2991 4115 3246 4171 Dominus
3263 4117 3336 4173 ait
3368 4118 3464 4173 :Et
3490 4117 3705 4187 accipies

2134 4223 2259 4264 eum
2279 4223 2402 4263 serv
2416 4223 2503 4263 um
2531 4209 2940 4278 sempiternum.
2965 4207 3076 4262 Hoc
3094 4208 3236 4262 enim
3269 4207 3413 4263 trulla
3445 4210 3702 4262 voluntate

2136 4301 2299 4356 animi
2329 4300 2478 4370 facit,
2511 4300 2606 4357 sed
2630 4300 2828 4355 divina:
2869 4300 3149 4370 pote5tatis
3193 4300 3438 4371 imperio,
3465 4311 3518 4356 et
3542 4299 3653 4356 ideo
3674 4313 3701 4352 a

2138 4393 2249 4448 Deo
2302 4406 2493 4448 servus
2543 4392 2741 4447 dicitur
2781 4392 3166 4463 sempiternus,
3200 4394 3324 4463 quia
3376 4391 3697 4463 adomionem

2140 4485 2374 4541 ﬁliorum
2410 4486 2526 4552 Dei,
2556 4486 2669 4541 sive
2696 4487 2985 4558 primatum
3022 4486 3172 4542 illurn
3212 4486 3469 4557 angelica:
3495 4485 3705 4558 dignita-

2139 4578 2227 4645 tis,
2260 4593 2554 4648 numquam
2584 4580 3011 4653 sitrccepturus.

2211 4669 2481 4743 Numquid
2508 4671 2694 4727 iliades
2715 4673 2761 4727 ei
2808 4673 2958 4745 quasi
2995 4673 3101 4739 avi,
3133 4682 3223 4727 aut
3272 4672 3457 4746 ligabis
3484 4688 3593 4728 eum
3621 4686 3702 4724 an-

2135 4763 2271 4817 cillis
2324 4763 2462 4819 tuis?
2503 4764 2559 4818 In
2614 4772 2845 4833 tantum,
2875 4767 2951 4819 ait
2991 4765 3254 4823 Dominus
3280 4809 3295 4834 ,
3354 4766 3704 4822 httmiliabilur

2136 4857 2393 4914 draconis
2424 4859 2579 4913 istius
2606 4857 2888 4927 fortitudo,
2921 4869 2976 4915 et
3014 4859 3239 4919 omnino
3267 4876 3364 4932 pro
3394 4860 3556 4916 nihilo
3574 4859 3701 4923 erit;

2136 4959 2199 5007 ut
2227 4949 2541 5006 illudendus
2559 4949 2847 5015 habeatur,
2878 4960 2935 5007 et
2964 4951 3277 5009 illudendus
3299 4954 3498 5008 sanctis
3519 4948 3704 5022 angelis

2136 5043 2451 5115 deputetur,
2483 5043 2625 5099 sicut
2657 5055 2712 5098 et
2751 5059 2914 5116 supra
2941 5044 3053 5115 jam
3083 5043 3289 5102 dictum
3323 5054 3426 5102 est.
3449 5042 3589 5115 Quod
3620 5057 3703 5095 au-

2138 5147 2244 5193 tem
2277 5137 2428 5207 quasi
2456 5138 2573 5191 avis
2607 5136 2757 5192 illudi
2806 5136 3142 5208 perhibetur,
3182 5139 3335 5209 quasi
3363 5153 3453 5193 res
3482 5149 3630 5208 parva
3654 5139 3704 5187 et

2135 5231 2357 5287 minima
2380 5230 2446 5286 ad
2475 5231 2779 5302 potentiam
2806 5230 2902 5287 Dei
2930 5230 3218 5300 habeatur,
3245 5234 3360 5288 avis
3390 5234 3593 5288 nomine
3615 5242 3701 5282 vo-

2133 5324 2238 5380 luit
2268 5324 2678 5389 demonstrare;
2712 5325 2964 5395 quodque
2993 5325 3302 5395 alligandos
3345 5326 3549 5383 ancillis
3582 5320 3700 5377 dici-

2132 5425 2241 5480 tur,
2284 5415 2416 5470 illud
2476 5423 2561 5470 est
2589 5415 2734 5486 quod
2784 5418 2899 5488 ipse
2928 5417 3193 5472 Dominus
3224 5418 3276 5473 in
3308 5418 3588 5489 Evangelia
3631 5413 3700 5466 ait

2132 5508 2197 5562 ad
2231 5507 2525 5579 discipulos
2575 5523 2708 5563 suos
2737 5524 2752 5562 :
2790 5507 2920 5564 Ecce
2948 5509 3070 5563 dedi
3105 5510 3251 5565 vobis
3280 5518 3577 5582 potestatem
3601 5503 3698 5559 cal-

2132 5601 2290 5656 (αηάὶ
2334 5617 2489 5672 super
2532 5610 2798 5670 serpentes
2828 5611 2874 5657 et
2907 5602 3229 5672 scorpiones,
3258 5614 3306 5658 et
3334 5619 3488 5675 super
3516 5613 3695 5657 omnem

2129 5696 2370 5749 uirtutem
2398 5694 2616 5763 inimici,
2645 5705 2694 5751 et
2720 5696 2852 5750 nihil
2873 5697 3014 5751 vobis
3064 5695 3284 5752 nocebit.
3315 5696 3409 5754 Sic
3435 5697 3599 5765 itaque
3624 5690 3694 5743 κιο

2130 5787 2327 5859 ligatur
2354 5797 2516 5859 atque
2542 5787 2787 5845 illuditur
2822 5803 2853 5845 a
2878 5788 3083 5846 sanctis
3134 5789 3418 5847 animabus
3447 5787 3560 5856 Dei,
3582 5796 3691 5859 qua:
