3944 6334
274 220 283 230 ⁸
318 219 410 275 739
1224 206 1701 267 COMMENTABII
1741 206 1807 264 IN

2030 203 2106 263 ,ΙΙ
2141 204 2279 262 JOB.
2312 204 2468 263 CAP.
2518 207 2649 264 λιι.
3482 204 3587 262 τθο

311 344 425 392 sunt
452 332 662 389 ancilla:
679 329 925 397 Christi;
959 328 1087 385 dum
1135 327 1206 384 ab
1227 327 1309 383 eis
1351 323 1457 397 ipsi
1498 332 1554 379 et
1577 323 1698 392 ejus
1718 321 1883 377 sociis
1910 324 1964 384 Λ
1987 318 2060 373 cti
2096 326 2250 383 sunt,
2283 329 2337 376 et
2365 321 2608 390 separari
2639 320 2709 377 ab
2737 336 2804 379 eo
2830 336 3125 395 numquam
3146 362 3162 389 ,
3197 331 3288 377 aut
3316 327 3465 374 certe
3493 317 3586 374 vix

311 433 608 498 imperatur,
632 433 691 482 et
733 424 803 480 de
849 422 1174 493 corporibus
1226 421 1296 477 ab
1334 435 1401 476 eo
1452 417 1693 475 obsessis
1730 414 1887 475 abire
1992 424 2241 485 possunt.
2305 413 2380 470 De
2428 414 2511 471 his
2549 430 2681 486 ergo
2720 416 2859 473 dicit
2900 416 3168 472 Dominus
3210 426 3438 487 sagenas
3489 411 3590 469 im-

306 519 677 592 compellitur:
704 516 904 589 cuique
934 532 1030 589 per
1059 517 1371 571 universum
1404 510 1664 568 mundum
1698 508 1883 582 quoti—
1987 503 2214 575 plendas
2238 519 2384 561 esse.

306 615 385 672 die
419 615 627 684 captiva
654 610 900 667 aufertur
944 611 1252 682 captivitas,
1279 606 1553 679 quomodo
1585 614 1638 662 et
1683 618 1881 661 secun-
2054 596 2229 655 Panes
2251 614 2403 671 super
2430 615 2548 656 eum
2576 617 2786 657 manum
2817 610 2982 656 luant.
3015 601 3278 658 Memento
3300 598 3464 670 belli;
3486 614 3581 654 nec

303 711 421 767 dum
450 707 833 781 Apoealypsim
862 721 962 778 per
986 705 1136 762 mille
1175 718 1352 761 annos
1377 701 1637 773 alligatus
1656 697 1879 767 dicitur,
1984 692 2121 748 ultra
2148 691 2315 749 addas
2340 692 2602 767 loqui.Sic
2629 696 2757 751 mihi
2781 695 2998 753 videtur
3027 696 3235 754 dixisse
3265 713 3280 751 :
3310 693 3467 751 Victo
3488 706 3588 766 per

301 801 433 874 quod
479 816 509 856 a
552 811 708 871 parte
734 799 804 855 ad
847 807 1017 854 totum
1044 796 1394 868 intelligitur,
1424 792 1725 850 secundum
1751 805 1884 861 apo-
1984 799 2072 843 me
2100 784 2417 843 adversario
2443 794 2559 857 tuo,
2609 803 2777 859 pones
2798 802 2966 861 super
2997 804 3122 847 eum
3152 803 3374 845 manum
3408 796 3583 853 tuam.

299 894 489 952 stolum
521 894 612 964 qui
637 895 715 947 ait
747 911 759 947 :
789 890 1301 955 Filioli,novissima
1322 888 1455 943 liora
1494 895 1567 943 est
1592 904 1612 954 ;
1637 902 1703 943 ex
1736 893 1878 940 tcm-
1984 887 2042 934 ut
2067 879 2245 952 possis
2292 881 2344 937 ei
2390 892 2443 937 et
2489 891 2546 937 tu
2598 882 2857 940 illudere.
2911 882 3011 941 Vel
3051 897 3224 955 pones
3253 896 3422 954 super
3453 893 3579 937 eum

298 1002 419 1060 pore
442 986 710 1043 adventus
731 984 948 1041 Domini
976 985 1030 1040 in
1079 999 1247 1041 carne
1298 993 1505 1039 nostra.
1538 980 1724 1051 Itaque
1762 978 1879 1035 alli-
1982 988 2202 1031 manum
2236 983 2405 1043 tuam,
2435 976 2590 1045 quasi
2621 975 2843 1047 dixerit,
2875 978 2920 1034 si
2950 977 3071 1050 ejus
3099 976 3362 1050 petentia:
3392 984 3449 1033 et
3468 975 3579 1031 vir-

294 1089 438 1153 gatus
465 1089 588 1136 est:
622 1097 692 1136 ne
718 1080 948 1136 seducst
977 1077 1183 1135 Christi
1212 1074 1387 1148 gratia
1413 1085 1471 1131 et
1502 1072 1878 1143 redemptione
1983 1066 2117 1122 tutis
2170 1077 2223 1123 te
2266 1080 2391 1124 esse
2436 1067 2757 1137 arbitraris,
2806 1085 2977 1142 pones
3013 1085 3178 1142 super
3202 1084 3327 1127 eum
3357 1083 3578 1124 manum

291 1172 591 1229 salvandos.
616 1173 724 1229 Alii
749 1174 1006 1227 dixerunt
1035 1188 1050 1225 :
1082 1168 1340 1242 Alligabis
1386 1183 1504 1222 eum
1529 1166 1664 1221 sicut
1694 1180 1875 1237 passe-
1981 1169 2152 1228 tuam,
2182 1160 2328 1233 quod
2351 1169 2458 1231 est,
2492 1163 2539 1217 si
2566 1173 2722 1235 potes
2746 1162 2904 1222 efﬁce
2931 1165 3135 1220 virtute
3161 1162 3421 1234 potentia:
3444 1170 3576 1229 tute,

291 1283 387 1321 rem
409 1265 703 1337 infontulo,
731 1264 876 1333 quod
902 1274 1010 1329 est,
1056 1263 1125 1318 ab
1150 1259 1425 1317 infantqu
1453 1267 1700 1315 teneatur
1732 1272 1873 1329 prte-
1979 1258 2040 1307 ut
2089 1260 2143 1308 te
2186 1252 2582 1310 contremiscat
2633 1265 2689 1311 et
2721 1264 2919 1327 paveat
2970 1256 3117 1313 sicut
3143 1263 3202 1312 et
3229 1270 3317 1312 me
3349 1253 3439 1311 cui
3471 1253 3579 1311 soli

289 1369 436 1432 cepto
489 1360 706 1430 imperii
751 1359 881 1425 mei,
936 1368 993 1413 et
1020 1356 1166 1413 velut
1204 1356 1402 1427 ligatus
1450 1353 1507 1410 in
1547 1360 1872 1422 potestatem
1980 1343 2084 1400 hoc
2110 1344 2312 1401 debet:
2352 1344 2450 1403 sed
2480 1345 2603 1417 quia
2634 1345 2690 1403 id
2714 1362 3052 1420 nequaquam
3080 1346 3268 1404 facere
3294 1356 3482 1419 potes,
3514 1353 3576 1401 ut

288 1453 537 1508 tradetur.
568 1452 668 1507 llic
688 1462 773 1508 est
802 1451 900 1507 ille
927 1448 1125 1516 infans,
1141 1449 1206 1504 de
1218 1463 1326 1519 quo
1354 1447 1520 1503 Isaias
1546 1448 1623 1502 ait
1647 1462 1659 1501 :
1680 1442 1875 1515 Infans
1976 1435 2073 1492 tibi
2096 1435 2270 1501 draco
2304 1436 2391 1495 hic
2412 1453 2665 1511 magnus,
2696 1448 2753 1497 et
2776 1442 2828 1497 in
2852 1440 3056 1497 malitia
3079 1449 3271 1513 potens
3294 1440 3573 1511 subjectus

285 1544 342 1598 ab
370 1544 518 1600 ubere
545 1546 605 1599 in
636 1545 893 1617 foramine
914 1543 1161 1615 aspidum
1183 1556 1395 1596 manum
1429 1540 1632 1596 mittet:
1660 1539 1749 1611 qui
1781 1538 1869 1595 in-
1972 1529 2085 1597 ὃἰεί
2135 1540 2416 1589 ωειηθιιιο
2442 1532 2497 1588 in
2531 1534 2633 1589 hac
2660 1533 3013 1591 tribulatione
3046 1549 3326 1605 [uenarum
3356 1542 3570 1590 tuarum

281 1637 390 1694 fans
438 1638 730 1709 propheta,
760 1639 1009 1709 quamvis
1046 1635 1120 1690 sit
1143 1643 1363 1691 centum
1404 1647 1671 1690 anulorum
1710 1646 1864 1703 puer,
1970 1632 2162 1680 contra
2190 1641 2351 1697 quam
2378 1624 2554 1683 ferum
2579 1635 2634 1684 et
2659 1637 2868 1684 trucem
2893 1628 3109 1686 hostem
3136 1628 3338 1685 bellum
3365 1627 3570 1686 habue-

281 1747 367 1803 per
385 1730 594 1788 Christi
618 1731 853 1803 gratiam
897 1730 1182 1797 morietur,
1221 1728 1273 1784 id
1318 1736 1424 1797 est,
1454 1732 1676 1781 sanctus
1702 1735 1757 1781 et
1785 1724 1867 1781 in-
1900 1714 1945 1775 B
1970 1717 2087 1773 ris:
2130 1716 2368 1774 sufficiat
2416 1719 2513 1775 tibi
2555 1719 2848 1777 adversum
2887 1737 2975 1777 me
3004 1721 3169 1779 verba
3194 1735 3386 1791 aSpera
3414 1720 3571 1777 Iocu-

277 1841 469 1883 nocens
515 1824 591 1882 ad
621 1824 795 1882 Deum
841 1824 911 1879 de
964 1822 1069 1878 hoc
1121 1820 1328 1877 sasculo
1365 1817 1675 1890 emigrabit.
1705 1815 1863 1875 Hunc
1970 1820 2108 1882 tum,
2135 1812 2227 1869 ubi
2254 1826 2419 1871 nosse
2446 1821 2501 1870 te
2528 1814 2717 1885 volui,
2750 1816 3006 1887 quoniam
3032 1813 3179 1873 hunc
3206 1813 3566 1871 fortissimum

275 1932 393 1988 ergo
416 1915 683 1973 infantem
710 1918 965 1987 accipere
985 1914 1251 1973 debemus
1276 1926 1716 1983 unumquemque
1736 1925 1864 1966 san-
1965 1905 2246 1963 inimicum
2301 1916 2451 1965 tuum
2506 1922 2771 1981 superare
2826 1925 2889 1965 ac
2938 1909 3159 1966 vincere
3203 1908 3563 1982 nequivisses,

275 2022 493 2079 ctorum,
517 2014 616 2084 qui
642 2011 712 2068 de
742 2012 914 2080 fonte,
947 2010 998 2066 id
1042 2018 1130 2065 est
1154 2008 1224 2065 de
1271 2015 1427 2064 utero
1458 2006 1649 2063 matris
1672 2005 1859 2062 Eccle-
1963 1996 2071 2055 ιιἱεί
2094 1996 2160 2054 ei
2183 2008 2459 2071 priscepto
2480 1998 2696 2073 imperii
2717 2002 2821 2057 mei
2846 2012 3069 2073 accepta
3091 2001 3147 2057 in
3175 2010 3273 2073 tua,
3287 2008 3562 2073 potestate

271 2104 395 2173 sia},
434 2113 715 2176 tamquam
764 2103 942 2159 infans
1003 2103 1111 2158 Deo
1158 2113 1381 2159 renatus
1437 2108 1524 2156 est
1563 2141 1580 2168 ,
1624 2110 1678 2155 et
1724 2113 1863 2168 pras-
1956 2090 2142 2162 jussus
2172 2088 2403 2159 fuisset,
2445 2104 2502 2150 et
2543 2102 2690 2148 tuam
2722 2092 3079 2149 nihilominus
3106 2093 3346 2150 animam
3374 2103 3559 2150 (πυθιο-

273 2204 415 2266 cepta
441 2195 689 2266 Domini,
737 2194 890 2253 velut
937 2195 1143 2251 lacteos
1167 2193 1320 2253 cibos
1348 2193 1416 2250 de
1454 2192 1573 2263 ejus
1602 2190 1859 2249 uberibus
1960 2184 2064 2241 diri
2094 2200 2125 2241 a
2154 2201 2261 2243 tne.
2312 2185 2481 2258 Igitur
2521 2186 2575 2242 in
2604 2186 2869 2246 ditionem
2906 2187 3051 2244 illius
3076 2189 3152 2245 ita
3172 2187 3345 2244 'datus
3369 2202 3430 2244 es
3453 2228 3470 2257 ,
3501 2196 3560 2243 ut

271 2291 420 2360 ευείι,
1959 2295 2066 2334 non
2089 2280 2324 2351 amplius
2345 2290 2397 2336 te
2417 2278 2704 2353 afﬂigeret,
2728 2297 2889 2354 quam
2914 2267 3061 2339 νίτθὲ
3083 2293 3191 2339 tua:
3214 2293 3553 2355 paterentur.

329 2383 611 2441 Concident
652 2401 769 2440 eum
808 2385 962 2440 amici
990 2426 1005 2452 ,
1035 2384 1267 2441 dividant
1296 2384 1450 2439 illum
1481 2384 1852 2455 negotiatores.
2029 2372 2165 2431 Ecce
2192 2392 2307 2445 Spes
2330 2379 2445 2449 ejus
2472 2376 2813 2448 frustrnbilur
2837 2394 2955 2435 eum
2978 2420 2993 2443 ,
3037 2388 3086 2434 et
3106 2379 3396 2436 ridentibus
3423 2396 3553 2435 cun-

247 2477 427 2558 .Amici
471 2488 528 2535 et
575 2480 948 2550 negotiatores
975 2478 1096 2544 isti,
1132 2477 1307 2534 sancti
1341 2475 1677 2548 intelligendi
1703 2484 1850 2541 sunt,
1956 2469 2049 2524 clis
2097 2469 2529 2543 prtecipitabitur.
2597 2468 2731 2527 Cum
2783 2472 2837 2528 in
2898 2484 3193 2543 conspectu
3234 2473 3554 2544 angelorum

265 2585 442 2627 omnes
485 2572 656 2627 etiam
701 2572 951 2629 veritatis
988 2572 1408 2643 praedicatores:
1458 2571 1660 2643 quibus
1697 2568 1854 2625 Chri-
1957 2570 2301 2628 sanctorum,
2334 2571 2392 2618 et
2424 2561 2841 2620 innumerabilis
2872 2564 3235 2622 multitudinis
3261 2564 3551 2622 beatorum

262 2671 366 2718 stus
390 2662 567 2719 Filius
594 2662 691 2719 Dei
720 2664 792 2718 ait
818 2680 831 2716 :
892 2662 998 2719 Vos
1027 2663 1183 2718 amici
1209 2663 1309 2717 mei
1331 2662 1471 2718 estis.
1517 2661 1765 2733 Itemque
1784 2660 1817 2717 d

1990 2655 2237 2710 ominum
2257 2656 2630 2727 praecipitatus
2649 2655 2812 2714 fuerit
2828 2658 2881 2712 in
2903 2656 3236 2727 gehennam,
3260 2659 3547 2731 ignemque

262 2753 439 2812 iisdem
465 2771 569 2825 per
593 2756 907 2826 parabolam
936 2756 1101 2811 dicit:
1137 2753 1323 2811 Simile
1345 2764 1421 2810 est
1450 2770 1667 2826 regnum
1692 2751 1849 2811 ctelo-
1952 2758 2217 2805 aeternum
2236 2793 2249 2819 ,
2281 2765 2435 2820 spem
2466 2751 2588 2820 ejus
2607 2791 2622 2817 ,
2658 2766 2761 2823 qua
2790 2765 2850 2807 se
2881 2751 3079 2808 fortem
3110 2761 3262 2825 putat
3288 2752 3545 2822 evadere,

261 2866 364 2904 rum
389 2848 595 2907 homini
621 2850 953 2920 negotiatori,
984 2848 1239 2921 quaerenti
1268 2848 1456 2902 bonam
1485 2846 1847 2919 margaritam,
1952 2843 2284 2901 horrendum
2308 2853 2363 2900 et
2385 2843 2595 2917 justum
2619 2844 2887 2916 judicium
2918 2861 3044 2902 eum
3076 2846 3461 2913 l'rustrabitur,
3492 2857 3547 2901 et

260 2953 308 2995 et
327 2954 543 2997 caetera.
592 2940 696 3010 Qui
745 2956 975 3012 regnum
1020 2940 1159 3010 Dei,
1211 2948 1266 2996 et
1295 2949 1518 2995 ueterum
1549 2939 1676 2996 vita:
1703 2952 1846 3010 prre-
1950 2950 2103 2993 cassa
2137 2945 2301 3007 atque
2330 2935 2515 2993 inania
2546 2937 2795 3009 cogitans
2822 2937 2875 2992 in
2898 2935 3114 2995 irritum
3136 2936 3456 2996 deducetur.

259 3034 409 3089 mium
435 3033 592 3093 velut
621 3034 1073 3105 pretiosissimam
1103 3034 1454 3104 margaritam
1482 3032 1536 3089 in
1563 3032 1846 3090 venalibus

260 3090 658 3198 Proposuerth
697 3128 938 3198 mundo,
990 3137 1051 3184 ut
1097 3090 1464 3200 unusquisque
1509 3126 1843 3185 creditorum
1871 3109 1916 3172 Β
2539 3090 2769 3149 CAPUT
2812 3090 2951 3150 XLI-

257 3223 438 3279 vendat
466 3238 835 3295 quascumque
862 3222 1149 3289 habuerit,
1180 3222 1603 3280 delectationem
1631 3222 1844 3279 scilicet
2025 3226 2146 3284 Non
2185 3229 2336 3300 quasi
2373 3228 2597 3286 crudelis
2624 3231 2884 3287 suscitabo
2909 3242 3048 3288 eum.
3094 3231 3225 3299 Quis
3250 3233 3389 3293 enim
3412 3236 3544 3291 resi-

255 3315 368 3371 vita:
405 3317 730 3387 praesentis,
778 3316 863 3373 his
893 3316 1270 3373 mercimoniis
1298 3326 1594 3373 commutet
1614 3326 1667 3372 et
1696 3324 1844 3375 emat
1945 3332 2080 3377 stere
2106 3330 2273 3395 potest
2300 3322 2467 3378 vultui
2495 3339 2634 3390 meo,
2662 3333 2710 3378 et
2734 3325 2850 3396 quis
2876 3334 2996 3381 ante
3026 3326 3169 3383 dedit
3186 3325 3313 3383 mihi
3342 3337 3397 3384 ut
3419 3328 3541 3384 red-

254 3424 382 3465 eam.
430 3409 608 3481 Igitur
638 3425 670 3465 a
698 3410 1028 3481 supradictis
1062 3411 1281 3476 amicis,
1323 3419 1376 3466 et
1403 3408 1842 3481 negotiatoribus
1945 3412 2068 3467 dam
2092 3413 2143 3468 ei
2160 3413 2188 3468 l’
2226 3411 2417 3469 Omnia
2440 3430 2556 3486 qua:
2585 3413 2680 3470 sub
2706 3416 2834 3471 coelo
2858 3426 2981 3472 sunt
3007 3459 3022 3484 ,
3054 3434 3167 3474 mea
3193 3429 3333 3475 sunt.
3384 3418 3539 3476 Hunc

252 3517 436 3575 corpus
456 3504 629 3576 hujus
645 3505 897 3561 draconis
913 3505 1217 3561 conciditur
1234 3517 1399 3578 atque
1412 3504 1694 3576 dividitur,
1710 3505 1838 3562 dum
1944 3508 2113 3578 igitur
2132 3508 2407 3565 inimicum
2421 3524 2527 3565 non
2547 3521 2600 3565 ut
2622 3510 2859 3568 crudelis
2874 3511 3095 3568 suscitat
3115 3511 3281 3580 Deus,
3299 3515 3388 3585 qui
3411 3529 3539 3571 eum

251 3612 339 3669 per
365 3600 597 3656 eosdem
626 3600 693 3657 ad
731 3599 891 3659 fidem
918 3599 1151 3668 Chi-isti,
1186 3601 1522 3673 perditorum
1548 3601 1668 3674 ejus
1695 3601 1837 3658 mulo
1942 3602 2094 3674 quasi
2122 3602 2315 3672 punire
2339 3601 2651 3659 desiderat:
2694 3604 2779 3661 vel
2818 3619 3193 3677 quoscumque
3221 3615 3538 3667 sanctorqu

253 3691 412 3746 titudo
452 3708 625 3764 quam
656 3692 889 3763 plurima
920 3702 1229 3766 separatur.
1287 3692 1423 3757 Nam
1454 3694 1610 3750 multi
1642 3694 1711 3751 de
1737 3708 1840 3767 po-
1948 3693 2314 3751 collocatione
2357 3695 2478 3765 ejus
2521 3694 2767 3752 elidere:
2817 3696 2972 3769 cujus
3007 3707 3215 3754 natura:
3252 3698 3543 3758 luculenta:

248 3786 476 3842 tentihus
517 3785 665 3859 ejus,
705 3797 762 3844 et
788 3789 840 3844 in
874 3788 1075 3844 malitia
1106 3786 1337 3845 fortibus
1359 3789 1432 3845 ab
1460 3788 1577 3860 ejus
1605 3803 1836 3847 consor-
1941 3787 2125 3858 potius
2152 3796 2355 3843 teterua
2382 3785 2602 3843 bonitas
2623 3788 2919 3859 competit:
2960 3789 3057 3846 sed
3100 3792 3364 3847 suscitare
3394 3791 3539 3850 Deus

248 3878 332 3943 tio,
362 3881 530 3937 veluti
562 3880 811 3947 membra
839 3881 984 3947 illius
1014 3890 1405 3952 secernuntur,
1434 3881 1575 3939 sicut
1600 3890 1655 3936 et
1682 3880 1830 3938 Aba-
1939 3894 2085 3934 nunc
2128 3877 2432 3935 Let‘iathan
2485 3879 2587 3935 hoc
2617 3880 2779 3936 modo
2809 3880 3033 3949 dicitur,
3077 3891 3138 3938 ut
3162 3897 3287 3938 eum
3319 3886 3535 3940 caeteris

244 3988 334 4030 ene
363 3975 636 4046 propheta
668 3978 745 4031 ait
769 3977 838 4031 ad
869 3977 1199 4044 Dominum;
1232 3975 1529 4033 Praecidisli
1550 3976 1602 4031 in
1623 3986 1833 4047 stupore
1936 3971 2116 4043 qualis
2138 3972 2207 4026 sit
2233 3971 2549 4029 manifestet
2572 4012 2589 4040 ,
2634 3988 2795 4045 quem
2826 3973 2974 4029 velut
3002 3972 3341 4031 Pharaonem
3372 3976 3532 4047 longa

242 4069 413 4123 mentis
437 4069 615 4142 capita
636 4069 922 4141 potentium
945 4081 965 4120 :
1004 4078 1061 4126 et
1089 4070 1158 4127 de
1188 4070 1387 4141 quibus
1414 4084 1634 4125 rursum
1660 4072 1735 4124 ait
1762 4068 1832 4125 ad
1938 4065 2258 4137 impunitate
2283 4107 2299 4131 ,
2350 4065 2561 4123 diutius
2593 4066 2857 4122 insultare
2889 4066 3179 4139 permittit.
3239 4067 3355 4126 lloc
3383 4070 3529 4128 enim

243 4157 565 4218 Dominum:
612 4161 807 4235 Misisti
857 4164 913 4218 in
960 4164 1135 4236 capita
1188 4164 1519 4219 inimicorum
1570 4172 1831 4220 mortem:
1929 4161 2239 4232 iustissimo
2263 4160 2477 4234 judicio
2501 4176 2601 4218 suo
2624 4161 2769 4219 Deus
2798 4159 2917 4219 ﬁeri
2947 4162 3114 4221 sinit:
3144 4170 3240 4220 aut
3274 4164 3343 4220 ad
3371 4180 3531 4222 exer-

241 4266 465 4312 mortem
518 4256 707 4326 utique
755 4255 1012 4315 vitiorum
1037 4300 1053 4325 ,
1108 4265 1166 4312 ut
1201 4256 1314 4327 jam
1346 4273 1454 4313 non
1484 4256 1588 4313 sibi
1618 4259 1828 4329 vivant,
1935 4256 2249 4314 citationem
2291 4256 2778 4329 probationemque
2821 4267 3135 4315 sanctorum
3159 4300 3175 4329 ,
3206 4268 3304 4314 aut
3331 4257 3397 4314 ad
3431 4259 3532 4314 itii-

238 4348 326 4405 sed
352 4351 400 4406 ei
427 4350 526 4420 qui
554 4364 654 4421 pro
687 4351 822 4422 ipsis
846 4361 1090 4406 mortuus
1116 4360 1222 4419 est,
1250 4360 1306 4407 et
1331 4350 1660 4407 resurrexit.
1703 4348 1830 4407 Haec
1935 4366 2165 4425 quorum
2204 4367 2443 4422 plenam.
2503 4351 2635 4421 Quis
2661 4352 2807 4408 enim
2851 4350 3116 4410 resistere
3157 4361 3336 4425 pateat
3357 4352 3529 4411 vultui

237 4443 408 4513 capita
440 4442 793 4501 inimicorum
814 4443 938 4511 Dei,
966 4443 1017 4499 id
1040 4453 1144 4514 est,
1179 4444 1501 4514 populorum
1534 4444 1826 4515 impiorum
1867 4513 1896 4518 __
1937 4447 2092 4502 meo?
2121 4445 2223 4504 Ubi
2242 4445 2345 4502 hoc
2366 4445 2576 4503 videtur
2596 4444 2828 4515 dixisse,
2857 4444 3004 4517 quod
3026 4445 3144 4502 solo
3158 4445 3403 4518 aspectui
3421 4460 3531 4502 ma-

237 4535 533 4608 principes,
567 4536 669 4607 ipsi
699 4546 826 4593 sunt
855 4537 1012 4607 hujus
1052 4538 1353 4609 spiritualis
1384 4513 1640 4610 draconis
1671 4551 1831 4609 reges
1859 4513 1910 4575 υ
1932 4539 2152 4610 jestatis
2182 4538 2318 4609 Dei,
2359 4538 2540 4597 omnis
2571 4513 2822 4597 creatura
2850 4513 3012 4595 cedat
3040 4547 3097 4595 et
3124 4513 3343 4598 tremat.
3396 4540 3530 4611 Quis

235 4637 285 4682 et
312 4628 525 4685 nobiles
548 4669 565 4696 ,
612 4629 703 4701 qui
730 4628 1032 4686 secundum
1079 4629 1485 4687 translationem
1519 4630 1825 4701 nominum,
1931 4643 2061 4688 ante
2086 4630 2237 4688 dedit
2264 4632 2393 4687 mihi
2425 4640 2483 4687 ut
2511 4630 2732 4687 reddam
2763 4631 2856 4687 ei?
2886 4631 3075 4687 omnia
3108 4645 3230 4702 quae
3257 4632 3360 4688 sub
3384 4631 3526 4688 coelo

234 4730 287 4776 et
305 4722 538 4793 figuram
569 4724 716 4793 tropi
747 4723 998 4791 alterius,
1040 4723 1298 4794 alligandi
1329 4739 1358 4777 a
1388 4723 1665 4796 prtedictis
1691 4725 1825 4781 ami-
1929 4735 2078 4795 sunt,
2104 4742 2220 4784 mea
2244 4733 2390 4784 sunt.
2416 4724 2530 4782 Non
2550 4726 2721 4795 enim,
2740 4725 2837 4793 ait,
2858 4740 2887 4780 a
2910 4740 3179 4797 quoquam
3199 4734 3521 4797 potestatem

233 4816 306 4872 cis
346 4827 403 4872 et
452 4817 893 4888 negotiatoribus
943 4832 1065 4874 esse
1112 4816 1405 4873 dicuntur:
1455 4816 1602 4874 sicut
1650 4816 1826 4873 David
1929 4821 2150 4889 accepi,
2189 4833 2349 4892 quam
2381 4818 2682 4891 aliquando
2714 4818 2941 4875 forsitan
2972 4835 3077 4874 non
3112 4818 3431 4876 habuerim:
3465 4829 3525 4875 ut

232 4910 495 4982 propheta
524 4912 633 4969 ait:
688 4909 759 4967 Ut
786 4910 1001 4984 alligent
1029 4926 1172 4982 reges
1199 4926 1378 4966 eorum
1411 4911 1465 4965 in
1496 4910 1746 4979 manicis,
1777 4919 1824 4965 et
1928 4910 1978 4966 ei
2009 4910 2162 4980 quasi
2195 4926 2293 4980 pro
2323 4910 2426 4965 hoc
2456 4910 2721 4967 beneficio
2750 4911 2955 4980 gratias
2983 4926 3163 4982 agam,
3195 4922 3291 4967 aut
3316 4911 3520 4982 aliquid

230 5003 420 5059 nobiles
467 5020 657 5060 eorum
696 5005 753 5059 in
781 5004 1003 5059 uinculis
1031 5004 1236 5074 ferreis.
1289 5002 1355 5059 lli
1395 5016 1528 5073 ergo
1574 5016 1728 5072 reges
1771 5011 1828 5058 et
1930 5004 1979 5061 ei
2006 5002 2743 5073 retributionisimpendam.
2784 5004 3096 5061 Secundum
3132 5006 3274 5060 hunc
3296 5018 3518 5060 sensum

230 5095 461 5173 nobiles,
498 5097 604 5167 ipsi
633 5105 761 5152 sunt
785 5105 843 5152 et
868 5094 1156 5165 dracones,
1187 5104 1241 5151 et
1267 5094 1516 5151 membra
1539 5093 1683 5149 illius
1701 5093 1828 5150 dra—
1927 5108 1981 5154 et
2013 5096 2308 5168 Apostolus
2337 5097 2606 5169 loquitur:
2635 5098 2737 5152 Aut
2766 5098 2905 5168 quis,
2933 5096 3133 5168 inquit,
3161 5095 3303 5153 dedit
3329 5096 3432 5166 illi,
3472 5108 3522 5153 et

229 5188 400 5257 conis,
434 5187 507 5243 de
533 5188 732 5260 quibus
761 5188 1093 5244 draconibus
1115 5187 1189 5242 ait
1222 5186 1483 5260 propheta
1514 5187 1582 5243 ad
1608 5188 1778 5243 Deum
1806 5203 1822 5245 :
1925 5178 2239 5245 retribuetur
2262 5192 2309 5247 ei
2330 5192 2356 5246 ?
2397 5187 2504 5248 Ubi
2545 5189 2597 5245 in
2621 5188 2707 5246 bis
2738 5189 2921 5246 verbis
2944 5189 3090 5245 Deus
3119 5188 3340 5247 all‘uisse
3367 5203 3514 5244 sem-

230 5276 304 5334 Tu
332 5282 638 5355 confregisti
665 5282 838 5350 capita
867 5280 1151 5336 draconum
1173 5297 1329 5354 super
1360 5296 1544 5353 aquas.
1732 5284 1743 5296 ‘
1925 5299 2021 5354 per
2050 5294 2408 5341 monstratur.

300 5373 585 5448 Numquid
606 5374 844 5448 implcbis
866 5391 1086 5447 sagenus
1102 5376 1236 5449 pelle
1252 5372 1385 5449 ejus,
1413 5384 1458 5429 et
1487 5376 1819 5448 gurgustium
2005 5376 2128 5433 Non
2163 5396 2373 5450 parcant
2414 5379 2458 5434 ei
2507 5377 2670 5435 verbis
2710 5377 3001 5451 potentibus
3029 5385 3078 5431 et
3116 5377 3185 5431 ad
3232 5376 3522 5450 deprecan-

230 5467 448 5537 piscium
476 5468 650 5538 capite
674 5466 857 5522 illius?
896 5466 1097 5524 Omnes
1129 5468 1217 5538 qui
1264 5467 1630 5525 consensione
1661 5468 1818 5526 mali-
1926 5472 2051 5526 dum
2090 5471 2408 5545 compositis.
2472 5469 2587 5527 lloc
2614 5469 2867 5525 fortassis
2903 5468 2973 5525 de
3012 5467 3228 5525 diabolo
3257 5511 3272 5536 ,
3323 5467 3392 5524 de
3428 5485 3524 5525 cu-

229 5561 316 5616 tia:
363 5570 420 5616 et
469 5559 772 5616 imitatione
819 5559 1102 5618 adhrcreut
1152 5560 1406 5629 diabolo,
1454 5569 1604 5618 recte
1651 5562 1822 5634 pelles
1922 5564 2011 5636 jus
2059 5564 2242 5620 verbis
2310 5562 2397 5621 hic
2454 5564 2697 5637 loquitur
2729 5606 2745 5634 ,
2817 5563 3126 5635 intelligere
3188 5577 3520 5635 possumus:

229 5652 342 5723 ejus
362 5668 491 5711 esse
510 5652 790 5713 dicuntur.
834 5653 982 5725 Quos
1004 5654 1130 5711 ideo
1157 5655 1315 5728 pellis
1343 5656 1561 5712 nomine
1584 5656 1825 5714 arbitror
1926 5659 2027 5716 etsi
2053 5659 2122 5713 sit
2150 5657 2367 5716 rebellis
2395 5659 2448 5714 in
2497 5659 2699 5726 Deum,
2750 5667 2804 5715 et
2849 5667 3185 5726 contumax,
3238 5672 3394 5713 suum
3437 5668 3519 5712 ta-

230 5746 425 5821 dictos,
461 5764 530 5808 co
559 5749 704 5823 quod
733 5750 1127 5809 indissociabili
1154 5752 1494 5809 connexione
1523 5750 1572 5809 ei
1595 5753 1822 5825 conjun-
1928 5763 2342 5816 monotremens
2380 5753 2580 5815 sentiat
2607 5763 2941 5827 creatorem,
2971 5762 3023 5812 et
3052 5742 3299 5827 quamvis
3327 5749 3520 5811 inimc-
