3944 6334
415 287 514 348 791

1220 278 1567 340 APPENDIX
1605 280 1698 337 AD
1738 279 1984 338 TOMUM
2023 276 2374 340 SEPTIMUM
2411 276 2470 336 S.
2516 274 2922 335 lllEBONYMI.

3597 281 3691 337 75-9.

419 426 542 470 mor
571 409 900 470 conditionis
949 423 1062 465 sua:
1084 449 1100 476 ,
1152 417 1334 462 tamen
1375 415 1651 476 tamquam
1697 419 1888 461 servus
1918 419 2016 459 ne-
2045 401 2099 466 Α
2121 399 2189 457 de
2225 400 2494 455 malorum
2525 397 2771 453 omnium
2798 396 3014 469 capite,
3049 412 3260 456 venena
3292 409 3390 456 sua
3412 411 3695 459 commovet

420 520 608 576 quam,
639 505 836 561 saltem
865 511 1088 560 coactus
1121 499 1411 556 Dominum
1441 513 1602 555 suum
1629 497 1921 555 obsecrare
1943 496 2018 552 si-

423 599 619 657 mulat.

499 695 630 763 Quis
673 692 910 748 rerelabit
959 691 1146 762 faciem
1201 688 1486 744 indumenti
1530 688 1662 757 ejus.
1727 685 1825 741 llic
1859 683 2018 740 indu-

424 796 608 842 mento
635 785 869 842 velatam
888 781 1084 839 faciem
1104 781 1309 837 diaboli
1330 781 1435 836 Job
1456 780 1604 847 dicit,
1627 780 1750 851 quia
1767 793 1826 834 se
1845 787 2020 833 trans-

427 879 629 949 figurat
669 878 724 933 in
769 877 1022 946 angelum
1054 874 1210 930 lucis.
1268 872 1562 930 Revelatur
1583 879 1761 926 autem
1793 869 1962 926 iacies
1988 884 2019 925 a

425 971 676 1040 Domino,
711 985 838 1025 cum
867 980 1014 1024 artes
1045 967 1413 1038 nequitiarum
1450 966 1589 1020 illius
1620 964 1965 1035 deteguntur.

496 1065 565 1119 Et
603 1066 654 1119 in
688 1064 916 1117 medium
944 1062 1050 1116 oris
1079 1064 1192 1134 ejus
1221 1059 1336 1132 quis
1361 1059 1620 1114 intrabit?
1662 1058 1761 1112 llic
1801 1071 1864 1112 os
1899 1057 2018 1121 diae

419 1160 534 1216 boli
563 1201 577 1226 ,
627 1158 946 1214 indesinens
992 1153 1331 1226 blasphemia
1377 1152 1497 1222 ejus
1543 1160 1717 1220 potest
1764 1148 2016 1220 intelligi,

423 1253 568 1323 quod
592 1251 980 1309 obstruendum
1001 1265 1030 1304 a
1056 1249 1169 1305 Deo
1198 1255 1282 1304 est
1307 1255 1468 1316 atque
1488 1243 1861 1316 oppilandum,
1895 1257 2021 1298 cum

425 1349 595 1404 verbo
645 1346 855 1402 Domini
901 1344 1064 1402 fuerit
1105 1350 1469 1414 penetratum.
1524 1339 1651 1396 Sive
1697 1338 2020 1394 inmedium

427 1443 540 1498 oris
565 1441 682 1513 ejus
712 1441 837 1512 quis
875 1439 1145 1495 intrabit?
1177 1443 1358 1508 potest
1396 1436 1470 1490 ita
1507 1433 1697 1490 sentiri
1729 1441 1788 1489 ut
1816 1448 1878 1489 os
1907 1431 2026 1488 dia-

424 1536 558 1605 boli,
584 1533 831 1590 infernus
853 1532 1218 1601 intelligatur:
1252 1529 1316 1585 ad
1339 1543 1498 1599 quem
1521 1527 1776 1584 Salvator
1797 1525 2026 1582 descen-

427 1629 529 1695 dit,
555 1636 610 1682 ut
630 1625 920 1682 devoratos
943 1641 972 1680 a
997 1623 1216 1678 diabolo
1237 1622 1485 1677 homines
1512 1621 1790 1676 liberaret.
1819 1619 1885 1673 Et
1902 1618 2024 1674 ideo

428 1718 573 1792 quod
606 1719 846 1776 futurum
875 1725 994 1773 erat
1034 1714 1316 1787 temporis,
1347 1713 1483 1770 dixit
1510 1731 1520 1767 :
1571 1712 1630 1768 ln
1653 1711 1890 1768 medium
1913 1711 2025 1767 oris

429 1815 547 1887 ejus
576 1815 696 1886 quis
724 1811 991 1869 intrabit?

503 1909 694 1965 Portas
723 1908 894 1964 vultus
923 1910 1034 1980 ejus
1063 1907 1178 1976 quis
1208 1907 1404 1976 aperiet
1430 1906 1454 1960 7
1485 1903 1739 1960 Abditam
1775 1911 1830 1958 ct.
1855 1903 2026 1958 multo

430 2015 646 2064 secreto
685 2003 1065 2061 absconditam
1109 2000 1478 2057 fortitudinem
1510 1999 1869 2072 bypocriscos
1906 1997 2024 2053 dia-

433 2100 562 2166 boli,
595 2098 725 2156 dicit
755 2096 1018 2154 Dominus
1055 2111 1116 2152 se
1142 2094 1571 2166 patefacturum:
1619 2107 1778 2163 quam
1821 2093 1874 2146 in
1906 2106 2028 2162 pas-

430 2193 587 2250 sione
609 2202 662 2248 et
698 2207 862 2248 cruce
886 2205 982 2247 sua
1008 2197 1194 2260 aperte
1219 2186 1618 2252 manifestavit,
1653 2183 1872 2255 quando
1901 2199 2024 2238 cum

430 2283 771 2355 principibus
815 2283 930 2339 suis
978 2291 1032 2338 et
1071 2279 1437 2352 potestatibus
1473 2277 1756 2336 traductus
1811 2292 1841 2332 a
1891 2275 2028 2332 Filio

432 2376 533 2434 Dei
558 2393 745 2448 parum
777 2375 1104 2432 liducialiter
1135 2374 1452 2445 triumphat.

508 2469 615 2525 Per
666 2486 848 2543 gyrum
901 2469 1136 2524 dentiant
1185 2469 1297 2540 ejus
1327 2467 1574 2538 farmido.
1620 2465 1942 2520 Voratorem
1973 2472 2031 2520 et

429 2563 795 2619 insatiabilem
828 2562 971 2618 hunc
1003 2561 1281 2616 inimicum
1307 2559 1468 2626 dicit,
1503 2559 1594 2630 qui
1619 2557 1766 2614 velut
1787 2557 2032 2626 rapacis-

431 2657 570 2713 sima
603 2657 776 2714 bestia
809 2702 822 2727 ,
855 2655 1114 2712 dentibus
1155 2653 1337 2710 omnia
1370 2661 1695 2719 consumat,
1740 2661 1794 2707 et
1825 2649 2028 2706 idcirco

431 2749 668 2806 formido
697 2757 753 2807 et
783 2750 944 2807 timor
975 2751 1031 2805 in
1060 2763 1194 2822 gyro
1218 2747 1467 2806 dentium
1492 2745 1639 2819 ejus,
1673 2745 1799 2818 quia
1830 2744 1898 2800 ad
1933 2743 2031 2801 dc-

430 2844 734 2900 vorandum
762 2845 932 2912 parati
961 2853 1108 2900 sunt.

507 2937 706 3011 Corpus
727 2937 873 2993 illius
894 2939 1044 3009 quasi
1067 2947 1213 2993 scuta
1233 2937 1438 3010 fus-ilia,
1463 2945 1508 2991 et
1529 2945 1855 3007 compactum
1879 2951 2032 3006 squa-

434 3032 532 3086 mis
559 3048 614 3086 se
633 3032 998 3105 prementibus.
1035 3031 1154 3087 Una
1185 3034 1274 3087 uni
1303 3032 1657 3102 conjungitur,
1693 3040 1739 3085 et
1771 3046 1834 3084 ne
1856 3031 2019 3102 spira-

434 3124 610 3180 culum
637 3126 844 3197 quidem
872 3125 1062 3181 incedit
1099 3143 1189 3197 per
1213 3143 1321 3182 eas.
1369 3125 1521 3181 Unde
1548 3125 1699 3181 alteri
1725 3124 2028 3190 adluerebit,

2124 507 2188 548 ac
2217 490 2486 564 producit.
2541 489 2698 546 Oculi
2729 501 2912 546 autem
2945 489 3149 547 diaboli
3179 491 3300 546 falsi
3329 491 3596 564 prophetzc
3622 495 3694 549 iu-

2125 583 2404 657 telligeudi
2430 591 2590 651 sunt,
2618 583 2686 640 de
2718 583 2969 655 qualibus
2997 593 3221 640 sanctus
3245 582 3411 639 Isaias
3433 583 3538 651 ait,
3585 601 3696 643 cum

2123 679 2189 736 ad
2212 689 2555 752 peccatorem
2588 678 2846 749 populum
2879 677 3216 750 loqueretur,
3247 678 3438 734 dicens
3468 677 3536 734 de
3562 679 3694 736 Dco:

2125 771 2345 828 Claudet
2373 769 2552 826 oculos
2587 782 2817 827 vestros:
2858 771 2945 842 qui
2981 771 3331 842 iustigatione
3361 772 3429 828 ab
3454 785 3520 828 eo
3549 773 3701 844 iuspi~

2124 869 2225 925 rati
2257 870 2567 941 loquuntur,
2597 883 2718 939 qua:
2743 868 2925 922 vicina
2949 867 3203 924 videntur
3229 867 3418 922 lumini
3447 869 3697 925 veritatis.

2124 961 2273 1018 Sicut
2325 962 2606 1033 palpebrae
2644 971 2770 1016 sunt
2795 960 3023 1016 diluculi
3045 1003 3060 1028 ,
3104 975 3228 1017 cum
3257 970 3434 1017 tamen
3463 962 3594 1017 nihil
3625 963 3702 1019 lu-

2125 1058 2291 1115 minis
2333 1058 2430 1113 Dei
2477 1056 2814 1130 possideant.
2871 1056 3007 1112 Nam
3045 1055 3583 1135 etiamsivideantur
3612 1058 3706 1113 iui-

2127 1152 2259 1207 tium
2293 1151 2428 1208 lucis
2451 1151 2505 1206 in
2535 1164 2595 1206 se
2621 1148 2942 1211 ostendere,
2991 1163 3111 1220 qua:
3138 1149 3218 1204 eis
3243 1149 3592 1220 liypocriseos
3612 1149 3710 1206 fer-

2128 1254 2313 1300 mento
2335 1247 2603 1310 exoritur,
2628 1241 3034 1299 mendaciorum
3063 1251 3244 1299 tamen
3270 1241 3524 1300 tenebras
3543 1244 3708 1314 Specie

2125 1336 2378 1393 veritatis
2407 1335 2712 1393 obducunt.

2203 1433 2284 1489 De
2332 1452 2420 1490 ore
2467 1436 2578 1507 ejus
2621 1436 2883 1510 lampades
2923 1436 3212 1511 procedunt
3250 1435 3388 1490 sicut
3413 1435 3562 1490 (cedre
3588 1435 3705 1507 ignis

2129 1547 2380 1586 accensw.
2419 1531 2887 1597 Quemadmodum
2912 1547 2973 1587 os
2999 1533 3210 1588 Domini
3240 1531 3481 1587 locutum
3513 1541 3613 1590 est.
3644 1529 3709 1586 ita

2130 1631 2393 1680 etomnes
2425 1624 2572 1694 impii
2603 1633 2658 1680 et
2685 1625 2954 1696 sacrilegi,
3001 1635 3055 1681 et
3080 1623 3406 1694 blaSphemi,
3437 1639 3502 1678 os
3525 1621 3709 1679 diaboli

2131 1727 2280 1773 recte
2308 1717 2586 1784 dicuntur,
2619 1733 2684 1773 ex
2713 1733 2820 1790 quo
2857 1718 3011 1774 tzcda:
3038 1717 3178 1790 ignis
3209 1731 3476 1783 accensae,
3501 1717 3634 1784 sive,
3660 1723 3714 1772 ut

2055 1808 2102 1870 Β
2130 1808 2222 1864 alii
2243 1808 2523 1879 dixerunt,
2549 1810 2740 1866 facula:
2761 1810 3020 1866 ardentes
3041 1811 3363 1881 procedunt,
3388 1809 3441 1865 id
3464 1816 3569 1876 est,
3591 1809 3715 1880 ignis

2131 1911 2188 1957 et
2219 1916 2392 1972 preme
2417 1916 2582 1958 causa
2605 1905 2954 1974 suggeritur:
2987 1906 3109 1958 ctin
3135 1903 3484 1975 Apocalypsi,
3520 1902 3604 1958 ubi
3625 1901 3717 1958 sub

2133 2009 2401 2066 equorum
2440 1996 2803 2053 similitudine
2835 1995 2889 2052 lii
2915 1989 3151 2054 ministri
3182 1997 3384 2052 diaboli
3412 1995 3719 2053 describun-

2133 2098 2222 2144 tur
2251 2132 2264 2156 ,
2311 2091 2385 2145 ita
2418 2090 2487 2146 de
2526 2092 2608 2147 eis
2639 2091 2869 2148 dicitur:
2918 2091 2997 2148 De
3030 2109 3117 2148 ore
3151 2109 3329 2147 eorum
3364 2092 3494 2147 exiit
3522 2093 3652 2165 ignis
3678 2099 3719 2145 et

2131 2187 2328 2259 fumus,
2364 2197 2412 2242 et
2432 2186 2655 2258 sulphur
2680 2204 2698 2243 :
2730 2204 2839 2244 non
2866 2188 3150 2260 perSpicue
3171 2188 3388 2260 quidem
3417 2187 3493 2243 ita
3525 2194 3720 2243 exeunt

2132 2277 2201 2336 de
2229 2294 2327 2335 ore
2349 2294 2561 2348 eorum,
2595 2281 2692 2338 sed
2721 2282 2885 2338 verba
2908 2282 3215 2353 blasphemi
3237 2291 3366 2337 sunt
3393 2281 3537 2352 ignis
3563 2291 3617 2338 et
3646 2280 3720 2336 lu-

2133 2387 2276 2443 mus,
2308 2382 2362 2430 et
2386 2373 2638 2445 sulphur,
2669 2375 2808 2432 sicut
2837 2377 2902 2432 ad
2931 2392 3052 2433 eum
3079 2377 3342 2433 Dominus
3376 2392 3472 2447 per
3499 2377 3722 2447 pr0plte-

2132 2474 2240 2522 tam
2265 2467 2369 2522 ait:
2396 2465 2692 2523 Producam
2721 2470 2889 2542 ignem
2919 2471 2983 2525 de
3004 2471 3171 2526 medio
3192 2471 3268 2526 tui
3287 2471 3378 2543 qui
3403 2471 3637 2526 comedat
3659 2480 3720 2527 te.

2205 2560 2286 2615 De
2314 2561 2523 2616 naribus
2563 2565 2679 2634 ejus
2709 2564 2938 2631 procedit
2969 2567 3161 2636 fumus.
3200 2565 3257 2620 Id
3288 2575 3372 2623 est
3393 2612 3407 2635 ,
3442 2566 3716 2637 superbia.

2207 2654 2357 2710 Sicut
2410 2656 2529 2711 olla:
2572 2673 2831 2714 succensa:
2877 2669 3032 2730 atque
3079 2660 3339 2730 ferventis.
3388 2660 3529 2728 Quia
3564 2676 3723 2732 vapor

2133 2759 2225 2805 aut
2265 2751 2380 2822 ipse
2410 2766 2471 2808 se
2501 2761 2596 2808 aut
2623 2753 3070 2824 obtemperantes
3108 2762 3337 2826 generet
3361 2770 3567 2811 causas
3595 2756 3723 2826 ignis

2135 2845 2345 2899 :rterni.
2397 2843 2678 2914 Superbia:
2721 2846 2944 2918 spiritus
2988 2846 3042 2902 in
3088 2846 3337 2903 anhelitu
3389 2849 3608 2904 narium
3637 2849 3725 2904 ἀει

2134 2945 2474 2992 monstratur
2499 2979 2514 3004 ,
2562 2937 2758 3007 quibus
2787 2939 2957 2993 animi
2988 2938 3071 2996 sui
3105 2950 3372 2997 tumorem
3400 2941 3725 2997 exanltelare

2136 3041 2194 3083 se
2215 3028 2432 3099 gaudet,
2463 3029 2555 3085 sed
2591 3029 2864 3086 humiliari
2897 3047 2959 3086 ac
2996 3033 3223 3102 reprimi
3249 3048 3277 3087 a
3305 3033 3544 3090 Domino
3574 3049 3727 3105 supe-

2135 3122 2247 3177 rius
2276 3123 2346 3178 ita
2373 3123 2572 3180 dicitur
2599 3142 2612 3179 :
2663 3122 2938 3196 Numquid
2963 3143 3120 3200 pones
3144 3128 3396 3182 circulum
3416 3129 3472 3182 in
3499 3129 3724 3196 naribus,

432 3228 480 3272 et
503 3228 731 3275 tenentes
761 3237 813 3276 se
836 3237 1157 3292 nequaquam
1186 3220 1586 3293 separabantur.
1610 3220 1747 3276 Tres
1767 3219 1820 3274 hi
1838 3233 2028 3274 versus
2055 3219 2101 3281 C
2133 3230 2181 3274 et
2208 3220 2418 3275 armilla
2444 3221 2736 3294 perforabis
2764 3221 3035 3277 titaaillant
3056 3225 3168 3293 ejus
3188 3225 3214 3279 ?

430 3311 695 3380 continui,
710 3313 810 3368 sub
822 3313 1158 3369 diversorum
1175 3330 1486 3370 sermonum
1501 3314 1846 3381 repetitione,
1861 3328 2026 3368 unum

435 3405 692 3478 idemque
718 3409 1031 3479 loquuntur.
1057 3409 1265 3480 Corpus
1283 3425 1412 3481 ergo
1431 3409 1656 3479 diaboli,
1682 3422 1873 3464 omnes
1898 3423 2030 3463 cou-

435 3511 612 3556 sortes
626 3499 766 3570 ejus,
782 3511 837 3556 et
854 3503 1076 3572 spiritus
1095 3502 1357 3559 immundi
1375 3501 1711 3575 intelligendi
1730 3512 1875 3567 sunt,
1893 3516 2029 3570 quos

434 3605 581 3651 tanta
611 3599 974 3654 consensione
1003 3606 1164 3669 atque
1195 3597 1604 3668 conspiratione
1632 3597 1773 3651 Deus
1795 3596 1924 3652 dicit
1954 3596 2026 3651 illi

432 3691 740 3763 adiunctos,
759 3705 817 3748 ut
842 3693 1228 3748 indissociabili
1245 3693 1586 3750 connexione
1601 3693 1708 3747 sint
1730 3692 1907 3748 eidem
1930 3705 2026 3748 co-

431 3785 634 3856 pulati,
664 3801 802 3858 quos
834 3787 996 3843 etiam
1029 3787 1129 3843 sub
1157 3787 1443 3858 allegorica
1466 3787 1730 3852 dictione,
1777 3801 2028 3856 squama-

430 3893 549 3934 rum
583 3880 806 3935 nomine
845 3880 1175 3951 appellavit,
1222 3895 1343 3950 qua:
1389 3881 1461 3934 ita
1499 3880 1744 3935 densatm
1783 3879 1928 3945 sint,
1975 3886 2031 3933 et

432 3972 621 4026 stricte
650 3971 758 4027 sibi
791 3971 1022 4028 invicem
1053 3972 1394 4028 colimreutes
1425 4012 1440 4038 ,
1488 3980 1547 4027 ut
1575 3971 1785 4026 nullum
1829 3971 1934 4026 illis
1957 3972 2027 4026 sit

431 4064 763 4134 spiraculum
791 4065 1096 4135 respirandi
1120 4064 1187 4120 ad
1217 4065 1391 4122 Deum
1415 4107 1431 4133 ,
1461 4081 1527 4122 eo
1549 4066 1692 4137 quod
1723 4065 1793 4120 ab
1822 4066 1908 4120 illa
1940 4067 2026 4121 sui

430 4158 771 4214 connexionc
799 4199 814 4225 ,
868 4173 1209 4229 nequaquam
1258 4157 1324 4213 ad
1361 4159 1652 4213 sanitatem
1688 4159 2026 4228 pamitentiae

429 4249 761 4306 relaxentur.
796 4251 949 4318 Quod
973 4261 1153 4306 autem
1178 4251 1455 4307 daemones
1481 4251 1633 4322 impii
1656 4251 1892 4307 ministri
1913 4251 2028 4306 dia-

430 4344 538 4400 boli
571 4387 586 4412 ,
636 4346 804 4401 scutis
851 4345 1107 4402 fasilibus
1154 4356 1578 4416 comparantur,
1644 4347 1749 4402 hoc
1801 4348 2025 4402 nomine

426 4453 617 4493 eorum
647 4438 917 4508 significat
951 4440 1231 4505 Dominus,
1262 4441 1404 4512 quod
1433 4441 1661 4496 nimitttn
1697 4441 1942 4510 pertinax
1972 4452 2026 4496 et

428 4530 701 4586 obstinate
722 4531 1018 4600 rebellans,
1047 4543 1101 4588 et
1131 4532 1346 4588 fortiter
1374 4533 1544 4588 solida
1577 4548 1641 4588 ac
1670 4532 1925 4603 perennis
1955 4533 2024 4588 sit

2207 3312 2417 3368 Halitus
2453 3317 2566 3385 ejus
2597 3331 2792 3385 prunas
2831 3318 3016 3371 ardere
3063 3317 3212 3387 facit.
3272 3317 3370 3374 llic
3417 3328 3508 3374 est
3558 3319 3728 3376 fumus

2134 3406 2250 3478 ejus
2280 3421 2311 3462 e
2360 3407 2580 3463 naribus
2630 3419 2682 3463 et
2735 3424 2799 3465 ex
2841 3409 3083 3466 anhelitu
3123 3412 3263 3482 ejus,
3309 3422 3368 3469 ut
3396 3415 3725 3472 carbonibus

2133 3499 2246 3555 suis
2268 3499 2445 3570 ignem
2468 3500 2569 3558 sibi
2593 3508 2884 3568 reternum,
2911 3510 2967 3558 et
2991 3503 3302 3560 lumandum
3326 3506 3723 3564 subministret.

2131 3593 2212 3648 Ita
2241 3593 2384 3649 enim
2413 3603 2466 3650 et
2493 3593 2768 3651 similibus
2795 3595 2916 3666 ejus
2940 3597 3204 3654 Dominus
3231 3598 3340 3654 ait:
3371 3600 3650 3656 Ambulate
3680 3603 3728 3655 in

2132 3685 2324 3740 lumine
2341 3687 2470 3756 ignis
2493 3687 2666 3754 vestri,
2683 3697 2728 3741 et
2749 3689 2801 3742 in
2813 3692 3039 3760 ﬂammis
3061 3708 3186 3761 quas
3209 3693 3552 3749 succendistis
3573 3694 3724 3749 robis.

2204 3777 2275 3833 Et
2303 3781 2516 3850 flamma
2544 3780 2610 3834 de
2641 3797 2730 3836 ore
2768 3785 2881 3856 ejus
2911 3785 3225 3856 egredietur.
3277 3784 3405 3842 Sive
3436 3799 3498 3842 ut
3531 3788 3619 3843 alii
3647 3788 3726 3842 di-

2132 3883 2366 3930 xerunt:
2413 3872 2654 3928 Flamma
2676 3890 2794 3929 vero
2821 3875 2884 3928 de
2911 3891 3000 3929 ore
3023 3879 3136 3949 ejus
3159 3877 3400 3947 globatur
3423 3895 3442 3933 :
3486 3879 3564 3934 ibi
3595 3879 3730 3934 idem

2131 3983 2348 4034 sensus,
2377 3967 2518 4038 quod
2546 3978 2651 4034 est,
2696 3983 2868 4038 poena:
2898 3969 3360 4042 blasphemiarum
3392 3972 3462 4029 de
3494 3988 3594 4030 ore
3619 3973 3729 4028 dia-

2131 4062 2243 4118 boli
2273 4060 2504 4132 glob‘hta:
2532 4063 2908 4133 egrediuntur.

2203 4154 2269 4212 In
2317 4157 2452 4212 collo
2503 4159 2615 4229 ejus
2657 4157 2945 4212 morabitur
2993 4160 3284 4229 fortitudo,
3328 4169 3374 4216 et
3400 4161 3594 4232 faciem
3619 4163 3726 4234 ejus

2130 4249 2373 4322 praecedit
2402 4260 2614 4322 egestas.
2660 4249 2800 4306 Colli
2835 4251 3083 4315 nomine,
3127 4252 3178 4307 id
3214 4262 3297 4308 est
3324 4255 3563 4310 cervicis
3588 4299 3602 4323 ,
3639 4266 3722 4311 tu-

2131 4357 2338 4398 morem
2365 4343 2691 4413 arrogantia:
2719 4343 2922 4399 diaboli
2954 4343 3105 4400 dicit.
3158 4343 3372 4416 Cuique
3398 4346 3609 4403 dicitur
3638 4365 3727 4417 per

2131 4437 2452 4506 prophetam
2481 4454 2493 4491 :
2544 4437 2750 4491 Nervus
2780 4437 2979 4506 ferreus
3004 4439 3174 4493 cervix
3204 4448 3292 4494 tua
3317 4457 3334 4493 :
3367 4441 3418 4495 in
3451 4457 3560 4512 qua
3587 4443 3728 4512 prin-

2129 4527 2322 4597 cipalis
2350 4529 2556 4598 peccati
2587 4530 2789 4585 malum
2822 4527 3049 4586 habitat.
3113 4531 3224 4586 liae
3265 4531 3426 4604 igitur
3453 4534 3728 4604 superbia:

427 4638 618 4680 eorum
640 4626 962 4696 repugnatio
981 4636 1171 4682 contra
1196 4626 1387 4682 Deum.
1418 4625 1702 4683 Diabolum
1726 4635 1886 4682 vetus
1911 4625 2025 4680 edi-
2050 4625 2106 4687 D
2131 4621 2447 4677 fortitudine
2466 4662 2483 4689 ,
2532 4630 2588 4678 et
2631 4621 2896 4693 propheta
2925 4623 3107 4678 verbis
3139 4624 3288 4680 illius
3330 4625 3578 4696 loquitur
3597 4669 3614 4695 ,
3651 4626 3730 4682 di-

425 4720 504 4775 tio
546 4718 809 4790 smaragdi
855 4720 1025 4790 lapidi
1071 4720 1427 4787 assimilavit,
1472 4722 1564 4790 qui
1619 4728 1812 4774 natura
1855 4733 2021 4789 asper

423 4820 546 4878 est,
584 4811 692 4866 alia
714 4812 901 4866 attritu
932 4811 1230 4868 lmvillcans
1258 4854 1272 4878 ,
1301 4813 1397 4869 sed
1437 4813 1547 4883 ipse
1573 4827 1738 4883 aSper
1764 4826 1883 4867 esse
1910 4826 2016 4866 nun

422 4905 702 4974 desinens,
724 4913 918 4960 cuncta
934 4905 1275 4976 comminuit,
1300 4905 1714 4962 diminutionem
1733 4913 1913 4962 autem
1935 4905 2016 4961 sui

422 5013 530 5054 non
557 4997 820 5053 sentiens.

494 5092 819 5153 Sternutatio
847 5101 962 5171 ejus
993 5110 1050 5155 ut
1083 5100 1328 5172 splendor
1357 5102 1524 5174 ignis,
1576 5113 1622 5159 et
1653 5104 1790 5158 oculi
1817 5106 1929 5175 ejus
1961 5112 2015 5159 ut

419 5192 680 5262 palpebra:
704 5194 948 5249 diluculi.
985 5194 1112 5252 Sive
1139 5206 1196 5251 ut
1215 5197 1306 5252 alii
1333 5195 1627 5254 dixerunt:
1661 5198 1730 5252 In
1754 5209 2016 5254 sternuta-

417 5297 589 5343 mento
619 5293 732 5362 ejus
760 5291 1017 5347 illucescit
1045 5292 1125 5347 sol
1141 5336 1154 5359 ,
1185 5301 1232 5348 et
1259 5293 1398 5347 oculi
1428 5297 1541 5365 ejus
1567 5303 1623 5348 ut
1645 5295 1834 5366 species
1857 5294 2014 5350 Luci-

414 5382 534 5452 feri.
585 5382 920 5439 Sternutatio
970 5385 1164 5440 sordes
1211 5386 1420 5442 cerebri
1446 5385 1652 5456 egerit,
1693 5397 1750 5442 et
1783 5388 1910 5442 vitia
1943 5405 2010 5445 ex

411 5473 632 5530 interno
655 5487 918 5546 concepta
946 5477 1232 5550 depurgat.
1279 5478 1535 5534 Diabolus
1562 5493 1714 5550 ergo,
1739 5480 1832 5552 qui
1863 5489 2009 5538 totus

411 5566 782 5640 sordidus}_et
831 5569 1028 5627 fetidus
1072 5581 1189 5640 est,
1242 5574 1294 5628 in
1322 5571 1426 5629 hoc
1472 5573 1678 5631 lumine
1699 5590 1759 5632 se
1789 5576 2008 5634 videtur

412 5661 708 5719 ostendere
739 5710 752 5733 ,
804 5679 927 5720 cum
974 5667 1363 5740 transfigurans
1405 5685 1467 5727 se
1497 5668 1550 5725 in
1581 5671 1839 5744 angelum
1869 5672 2008 5730 lucis

412 5753 638 5810 malitia:
668 5771 780 5812 sua:
815 5758 1008 5814 sordes
1035 5760 1090 5814 in
1122 5761 1422 5831 perniciem
1451 5761 1734 5818 hominum
1763 5778 1884 5818 cum
1908 5763 2004 5820 de-

409 5843 702 5905 lectatione
729 5859 984 5920 operatur
1011 5861 1063 5908 et
1091 5849 1352 5924 clliuulit,
1389 5857 1438 5910 rt
1467 5853 1533 5914 de
1564 5854 1789 5928 invidit,
1815 5855 1868 5914 id
1891 5858 1994 5926 est,

2129 4732 2283 4784 cens,
2314 4717 2674 4788 fortitudinem
2703 4718 2914 4788 faciam,
2940 4734 3099 4790 quem
3131 4720 3202 4774 ob
3226 4721 3330 4775 hoc
3358 4721 3628 4777 Dominus
3651 4723 3725 4778 in-

2127 4819 2310 4878 crepat
2341 4816 2397 4864 et
2421 4809 2551 4864 dicit
2589 4808 2638 4865 ei
2664 4827 2676 4863 :
2728 4808 2794 4863 In
2821 4811 3082 4879 sapientia
3109 4820 3198 4865 tua
3244 4813 3415 4883 fecisti
3446 4813 3542 4868 tibi
3580 4816 3730 4884 forti—

2128 4901 2379 4956 tudinem.
2433 4901 2504 4956 Et
2547 4903 2742 4958 iterum
2784 4902 2858 4957 ait
2900 4903 2982 4958 ei:
3034 4903 3102 4957 In
3142 4905 3582 4976 negotiationibus
3624 4909 3722 4962 tuis

2127 4995 2485 5068 multiplicasti
2535 4995 2624 5050 tibi
2675 4996 3057 5068 fortitudinem.
3107 4996 3392 5070 Itemque:
3448 4999 3724 5057 Eleratum

2126 5099 2199 5146 est
2244 5106 2332 5145 cor
2361 5099 2508 5144 tuum
2547 5091 2599 5145 in
2628 5091 2937 5163 fortitudine
2965 5103 3074 5148 tua.
3117 5093 3270 5162 Quod
3309 5109 3436 5150 vero
3465 5098 3586 5152 ait:
3621 5097 3722 5152 Fa-

2122 5185 2261 5240 ciem
2287 5184 2428 5240 illius
2451 5185 2720 5256 praecedet
2739 5195 2974 5257 egestas,
3004 5186 3107 5242 hoc
3130 5199 3214 5244 cst
3234 5189 3377 5259 quod
3403 5190 3497 5246 ubi
3519 5206 3726 5263 appro-

2121 5277 2463 5346 pinquaverit
2513 5277 2760 5332 diabolus
2789 5320 2804 5346 ,
2852 5277 2998 5334 illico
3041 5294 3236 5336 omnes
3262 5281 3370 5337 sibi
3400 5282 3534 5338 vita:
3557 5299 3724 5356 atque

2120 5373 2313 5426 animm
2340 5372 2484 5427 vires
2505 5372 2888 5439 exhauriatur,
2922 5387 2986 5428 ac
3014 5374 3314 5430 substantia
3340 5387 3723 5435 consumatur.

2191 5463 2244 5518 Μ
2253 5465 2426 5520 cmbra
2443 5467 2678 5520 carnium
2702 5467 2815 5539 ejus
2836 5465 3151 5522 cohmrentia
3175 5467 3292 5524 sibi.
3326 5469 3578 5527 Membra
3608 5472 3722 5527 dia-

2101 5558 2220 5616 'buli
2254 5567 2416 5627 sunt,
2469 5574 2605 5630 quos
2635 5573 2797 5629 supra
2832 5558 2888 5613 in
2919 5574 3143 5630 squama
3175 5570 3229 5616 et
3258 5561 3430 5618 scutis
3457 5561 3721 5620 fusilibus

2112 5650 2434 5708 nominavit.
2499 5651 2753 5706 Carnium
2803 5661 2986 5708 autem
3043 5652 3159 5722 ejus
3205 5653 3454 5711 membra
3505 5655 3714 5714 idcirco

2109 5754 2237 5801 sunt
2263 5746 2417 5813 dirti,
2450 5746 2702 5817 quoniam
2731 5746 3041 5803 carnalibus
3069 5761 3134 5804 ac
3165 5747 3454 5820 flagitiosis
3486 5752 3710 5809 actibus

2105 5839 2305 5912 dedita,
2337 5844 2384 5898 ei
2419 5840 2565 5898 velut
2592 5842 2799 5899 auctori
2827 5843 3094 5899 malorum
3121 5843 3453 5902 cohtcreant.
