3944 6334
226 287 310 349 ’ἵθὸ
1113 280 1592 345 COMMENTARII
1635 280 1700 338 IN
1741 280 2003 341 LIBRUM
2048 281 2189 341 JOB.
2231 283 2384 343 CAP.
2429 283 2521 342 Xl.

3373 291 3480 349 τθι

282 405 430 464 llittet
472 410 649 458 contra
689 419 803 459 eum
832 404 1079 476 fututina,
1123 417 1170 462 et
1195 409 1263 464 ad
1284 409 1454 466 locum
1477 409 1641 464 atimu
1674 421 1779 464 non
1804 406 1858 468 A
1883 407 2191 464 securitatis
2223 422 2337 464 suae
2367 407 2664 483 gloriaque
2697 415 2973 483 perpetuae
3019 407 3086 466 ad
3133 407 3348 470 laudem
3397 413 3482 470 sui

225 505 438 576 ferentur.
484 495 631 552 Ordo
659 495 893 554 dicentis
927 498 1020 556 Dei
1051 500 1154 557 hoc
1181 501 1306 559 loco
1335 503 1659 559 obscuratus
1685 503 1769 557 vi-

222 597 387 656 detur.
417 590 498 646 ubi
539 605 663 648 cum
701 589 769 646 de
797 591 1016 647 diabolo
1041 593 1223 661 dicat,
1270 595 1449 652 subito
1477 610 1770 668 personam

222 693 474 745 commutet
503 684 724 740 dicens:
756 684 930 740 Mittet
953 696 1143 742 contra
1171 703 1294 743 ettm
1325 688 1574 757 fulmina,
1620 699 1672 744 et
1702 689 1770 744 ad

221 783 368 839 locum
410 776 573 833 alium
608 795 713 834 nun
752 778 1022 836 ferentur.
1077 780 1420 839 Credendnm
1444 792 1572 854 est,
1625 781 1770 852 quod

219 875 316 932 haec
353 873 570 930 fulmina
598 873 768 928 a'Deo
799 874 1086 929 mittantur
1121 885 1311 931 contra
1351 875 1654 944 diabolum,
1685 892 1774 932 sc-

219 968 420 1024 cundum
463 965 615 1021 illum
645 980 890 1032 sensum,
943 966 1036 1022 ubi
1061 966 1298 1022 dicitur:
1347 966 1489 1023 Pluit
1519 967 1772 1024 Dominus

216 1079 243 1116 α
274 1060 490 1116 Domino.
535 1057 690 1128 Quod
741 1059 811 1113 ita
843 1057 930 1115 hic
969 1058 1173 1115 dictum
1215 1060 1586 1117 arbitramur:
1642 1060 1772 1118 fecit

216 1157 360 1222 Deus,
397 1153 541 1224 quod
589 1154 804 1210 locutus
831 1164 918 1210 est
945 1154 1110 1211 Deus.
1154 1154 1498 1212 Fulminatur
1527 1165 1710 1213 autem
1740 1172 1770 1212 a

217 1251 308 1307 Deo
333 1248 492 1304 draco
538 1246 820 1313 diabolus,
865 1247 1083 1319 quando
1113 1249 1287 1320 igneis
1317 1248 1414 1305 Dei
1441 1249 1676 1322 eloquiis
1703 1250 1771 1307 de

212 1341 381 1398 sanctis
421 1339 657 1396 nubibus
701 1340 1037 1411 increpatur,
1069 1356 1188 1412 quin
1213 1342 1402 1412 utique
1433 1342 1676 1410 fulmina,
1713 1343 1766 1400 in

212 1438 358 1495 locum
387 1435 552 1491 missa
598 1445 760 1506 atque
797 1434 1041 1503 directa,
1101 1452 1211 1492 non
1256 1435 1767 1508 frustrajaeientur,

208 1539 250 1589 et
273 1529 328 1584 ad
351 1529 522 1585 locum
547 1543 654 1584 non
684 1528 949 1598 ferentur,
983 1544 1083 1587 nec
1103 1544 1162 1586 se
1185 1529 1255 1588 ab
1277 1531 1357 1589 eis
1383 1531 1633 1589 diabolus
1653 1533 1768 1606 glo-

210 1623 404 1680 riabitur
433 1623 784 1694 impunitum.

263 1718 352 1775 Cor
383 1720 497 1790 ejus
538 1719 869 1774 iudurabitur
895 1729 1156 1792 tamquam
1187 1721 1344 1792 lapis,
1393 1731 1442 1778 et
1490 1723 1770 1798 stringetur

1875 501 2082 558 referat
2116 503 2434 560 conditoris.

1945 595 2075 652 Cum
2100 598 2494 672 apprehendat-it
2513 616 2627 654 eum
2658 600 2890 672 gladius,
2916 600 3190 657 subsistere
3210 618 3310 657 non
3329 610 3477 676 pote-

1873 691 1962 758 rit,
1982 708 2140 762 neque
2167 691 2340 759 hasta,
2383 709 2544 763 neque
2581 693 2791 751 thorax.
2822 694 2931 750 Alii
2959 711 3089 751 vero
3121 695 3477 754 manifestius

1874 785 2276 840 transtulerunt
2306 785 2548 842 dicentes
2572 804 2585 842 :
2613 786 3003 843 Sioccurrerint
3031 789 3078 844 ei
3106 789 3322 858 lanceis,
3343 789 3477 846 nihil

1875 878 2066 948 facient
2095 878 2141 931 ei
2169 877 2261 933 :id
2290 888 2400 946 est,
2429 879 2589 934 nullis
2619 880 2856 936 metallis
2890 891 3159 937 terrorum
3187 899 3252 938 ac
3283 883 3463 940 incre-

1875 971 2188 1042 pationibus
2217 976 2421 1044 poterit
2449 975 2750 1032 emendari.
2789 975 2846 1031 In
2877 975 3032 1032 hasta
3067 987 3255 1033 autem
3280 987 3333 1035 et
3359 979 3480 1033 the-

1873 1079 2000 1126 race
2047 1074 2277 1134 possunt
2330 1066 2584 1139 intelligi,
2636 1068 2729 1141 qui
2778 1068 3014 1139 justitize
3065 1069 3233 1126 lorica
3265 1069 3462 1140 induti,

1873 1158 2097 1216 dextera
2125 1161 2380 1232 Operibus
2402 1162 2608 1218 sanctis
2650 1163 2848 1219 armati
2875 1173 3145 1220 conantur
3189 1165 3468 1221 resis1ere.

1873 1253 2051 1324 Ipsum
2077 1270 2207 1311 vero
2248 1256 2442 1326 punire
2496 1257 2620 1314 sive
2662 1272 2979 1330 expugnare
3029 1274 3136 1315 non
3191 1259 3472 1326 valebunt,

1873 1349 1997 1421 quia
2031 1359 2136 1404 tam
2163 1349 2318 1406 fortis
2346 1360 2402 1406 et
2429 1351 2601 1406 malus
2623 1360 2730 1419 est,
2763 1362 2822 1408 ut
2846 1353 3193 1410 adversantia
3227 1363 3474 1409 contem-

1873 1451 1988 1508 nat,
2015 1451 2069 1498 et
2097 1445 2346 1499 converti
2375 1444 2600 1500 minime
2640 1445 2790 1502 velit.
2822 1445 3063 1526 Proinde
3095 1447 3353 1518 quidquid
3389 1456 3473 1503 est

1870 1533 2208 1594 fortitudinis
2239 1537 2548 1593 animorum
2579 1537 2634 1594 in
2674 1539 2900 1603 sanatis,
2926 1537 3057 1596 ferri
3082 1540 3354 1596 vocabulo
3374 1556 3470 1608 ap-

1871 1628 2127 1700 pellatur.
2155 1629 2432 1702 Quidquid
2459 1630 2622 1686 etiam
2677 1631 2941 1687 virtutum
2974 1639 3079 1700 est,
3112 1632 3238 1689 atris
3286 1632 3472 1706 splen-

1872 1722 2032 1789 dore,
2052 1724 2136 1780 vel
2170 1724 2512 1794 perennitate
2540 1731 2818 1782 censetur.

207 1813 328 1883 quasi
351 1812 671 1868 malleatoris
694 1813 1028 1880 incus.Sive,
1069 1823 1131 1870 ut
1154 1815 1250 1870 alii
1278 1814 1560 1886 dixerunt,
1588 1827 1636 1872 et
1661 1829 1764 1874 stat
1795 1815 1843 1876 B
1945 1815 2218 1890 Reputabit
2238 1818 2370 1872 enim
2386 1819 2536 1888 quasi
2561 1818 2738 1889 paleas
2760 1823 2980 1891 ferrum,
3005 1830 3052 1876 ει
3082 1817 3231 1891 quasi
3267 1819 3467 1893 lignum

205 1908 312 1962 sicut
338 1907 477 1962 incus
495 1907 868 1979 infatigabilis.
893 1908 1002 1964 Cor
1021 1908 1224 1966 diaboli
1252 1909 1446 1966 durum
1474 1921 1530 1968 et
1559 1912 1771 1968 inﬂexi-

204 2001 291 2057 bile
313 2011 408 2068 est,
437 2001 773 2058 hebetudine
825 2017 1042 2074 quoque
1074 2003 1270 2074 lapidis
1302 2012 1356 2060 et
1383 2006 1585 2077 rigore.
1621 2005 1768 2063 Con-

202 2095 454 2168 stringitur
481 2104 692 2163 autem,
717 2096 838 2152 sive
861 2106 967 2151 Stat
992 2096 1135 2153 sicut
1166 2097 1340 2167 incus,
1365 2113 1484 2169 qua:
1509 2115 1617 2154 non
1647 2115 1772 2168 pro-

200 2191 406 2248 ducitur.
437 2191 604 2249 lncus
629 2207 862 2263 namque
887 2191 1134 2259 caeditur,
1167 2192 1262 2248 sed
1294 2208 1402 2248 non
1426 2193 1768 2265 producitur,

199 2288 477 2356 superjecta
503 2285 747 2356 edomat,
782 2286 1074 2344 immobilis
1104 2296 1283 2344 autem
1328 2288 1442 2359 ipsa
1474 2289 1725 2345 consistit
1755 2307 1769 2347 :

201 2379 302 2436 talis
326 2380 578 2437 diabolus
623 2390 728 2438 est.
780 2380 1050 2437 Fidelium
1095 2382 1243 2438 enim
1294 2382 1770 2454 increpationibus

200 2475 434 2546 tunditur,
460 2478 856 2548 prophetarum
878 2475 1044 2533 dictis
1073 2477 1328 2546 caeditur,
1372 2490 1672 2552 martyrum
1700 2480 1770 2535 vi-

198 2571 340 2624 ctoria
369 2569 617 2638 eliditur,
648 2569 744 2626 sed
777 2585 1002 2626 manens
1031 2571 1261 2643 rigidus,
1295 2571 1484 2642 durus,
1535 2573 1770 2630 indomi-

197 2669 287 2729 tus,
313 2662 530 2719 aeternis
576 2662 826 2720 addictus
847 2675 933 2722 est
957 2664 1156 2737 poenis.

254 2751 369 2808 Cum
394 2754 635 2812 sublatus
655 2757 840 2828 fuerit,
874 2758 1122 2813 timebunt
1150 2757 1342 2830 angeli,
1372 2768 1422 2814 et
1457 2760 1624 2815 territi
1645 2776 1772 2832 pur-

195 2848 447 2920 gabuntur.
476 2851 599 2908 Hoc
630 2852 701 2909 de
744 2853 907 2924 primi
951 2853 1137 2909 saeculi
1179 2855 1520 2926 temporibus
1563 2855 1768 2911 dictum

193 2943 342 3014 accipi
396 2953 602 3016 potest.
663 2944 937 3014 Quantum
965 2946 1032 3002 sit
1068 2947 1270 3003 malum
1324 2948 1615 3019 superbiae,
1655 2947 1767 3020 jam

192 3042 302 3094 tunc
325 3041 503 3109 angeli
530 3040 705 3096 sancti
738 3041 880 3098 scire
907 3052 1232 3114 potuerunt,
1265 3044 1483 3115 quando
1506 3060 1770 3114 prrcsum-

191 3137 294 3199 pter
315 3132 624 3205 tyrannidis
654 3135 778 3191 coeli
800 3150 927 3192 arce
950 3135 1197 3208 dejectus
1223 3148 1336 3194 est:
1359 3138 1576 3209 quando
1603 3139 1766 3195 etiam

1873 1912 2159 1985 pun-idum,
2187 1929 2280 1968 res.
2307 1912 2480 1967 Tanta
2506 1913 2651 1969 enim
2676 1929 2736 1970 se
2761 1914 2964 1970 virtute
2989 1913 3472 1986 superbimiuduit,

1876 2016 1932 2061 ut
1955 2005 2072 2061 hmo
2095 2006 2284 2060 omnia
2313 2021 2463 2060 arma
2486 2005 2776 2062 adversum
2802 2020 2863 2063 se
2883 2015 3142 2078 suscepta
3191 2021 3292 2078 pro
3338 2006 3474 2062 nihil

1873 2098 2095 2170 pendat,
2155 2109 2212 2154 et
2259 2099 2376 2168 ipse
2426 2099 2606 2170 potius
2658 2108 2920 2170 operetur
2968 2113 3154 2171 opera,
3189 2099 3468 2170 palearum

1873 2190 2082 2246 acervis
2110 2189 2306 2245 similia
2340 2199 2394 2244 et
2420 2189 2581 2261 lignis
2609 2189 2993 2260 infructuosis,
3023 2198 3080 2248 et
3106 2192 3345 2246 vetustis
3375 2204 3472 2246 ea-

1874 2284 2478 2357 tiequefatiscentibus,
2523 2300 2642 2356 qua:
2694 2289 2819 2359 igne
2871 2284 3308 2358 inesstinguibili
3347 2292 3474 2342 sunt

1875 2381 2103 2438 urenda.

1947 2479 2070 2533 Non
2094 2478 2294 2551 fugabit
2321 2495 2439 2534 eum
2457 2479 2536 2532 vir
2557 2477 2882 2552 sagittarius.
2903 2473 3141 2532 Cuilibet
3156 2483 3471 2531 sanctorum

1873 2573 2126 2644 quamvis
2152 2571 2462 2644 pharetram
2497 2571 2678 2628 cordis
2728 2570 2836 2636 sui,
2867 2569 3300 2641 increpationnm
3348 2583 3471 2623 ser-

1875 2665 2133 2721 monibus
2185 2673 2456 2737 tamquam
2513 2665 2637 2720 telis
2688 2662 3196 2736 compungentibus
3255 2661 3471 2733 plenam

1874 2758 2096 2824 habeat,
2127 2760 2196 2815 ab
2215 2761 2296 2816 eis
2326 2769 2505 2816 tamen
2531 2760 2621 2816 hic
2651 2758 2845 2826 durus,
2897 2767 2950 2815 et
2988 2757 3213 2814 nimium
3260 2756 3474 2813 ferreus

1872 2853 2148 2924 penetrari
2178 2869 2286 2909 non
2319 2853 2545 2925 poterit.
2583 2853 2650 2909 Et
2684 2853 2811 2909 ideo
2836 2867 2946 2908 non
2975 2851 3223 2908 sentiens
3247 2850 3471 2906 vulnera

1873 2947 2388 3016 compunctionum,
2422 2947 2492 3002 ab
2517 2947 2618 3002 hoc
2653 2946 2748 3002 tali
2780 2945 3064 3016 sagittario
3095 2959 3202 3000 non
3235 2943 3470 3016 fugatur.

1875 3040 1982 3097 Alii
2005 3055 2138 3097 vero
2167 3041 2238 3096 ita
2263 3041 2526 3097 dixerunt
2544 3059 2556 3096 :
2577 3040 2698 3097 Non
2711 3041 3087 3098 vulnerateum
3110 3041 3299 3113 sagitta
3315 3056 3471 3096 arrea.

1876 3133 2115 3190 Verbum
2150 3134 2245 3192 Dei
2277 3135 2722 3205 incorruptibile,
2777 3143 2832 3189 et
2882 3149 3214 3206 permanens
3257 3133 3473 3204 sagittas

188 3236 276 3294 pro
299 3239 362 3280 eo
390 3226 595 3282 merito
615 3242 724 3297 quo
753 3227 806 3283 in
835 3227 1091 3296 veritate,
1126 3229 1178 3284 in
1211 3244 1317 3299 qua
1343 3229 1435 3284 ille
1467 3244 1572 3285 non
1597 3239 1766 3285 stete-
1794 3222 1840 3288 C
1873 3242 2040 3283 macte
2061 3236 2436 3299 comparatur,
2460 3243 2568 3300 quo
2592 3242 2888 3298 numquam
2916 3227 3095 3298 potuit
3117 3225 3370 3282 diabolus
3404 3222 3471 3280 ad

186 3326 274 3384 rat,
318 3320 792 3377 steterunt:etin
821 3321 923 3377 hoc
973 3321 1118 3377 beati
1165 3321 1288 3377 tacti
1339 3336 1462 3378 esse
1505 3322 1768 3378 credendi

185 3420 314 3480 sunt,
343 3422 401 3469 ut
427 3415 731 3471 certissimi
762 3416 959 3472 tierent
1012 3417 1211 3472 nullius
1261 3431 1512 3489 umquam
1559 3419 1765 3487 peccati

181 3502 368 3575 lapsum
399 3507 508 3563 sibi
541 3521 666 3564 esse
692 3508 1065 3565 metuendum.
1097 3507 1422 3582 lgiturquod
1441 3509 1652 3566 dictum
1678 3518 1765 3568 est

182 3599 290 3666 quia
320 3600 543 3656 sublato
569 3601 811 3669 diabolo,
844 3603 1110 3660 timebunt
1139 3603 1412 3676 angeli,et
1435 3605 1607 3660 territi
1639 3620 1765 3676 pur-

179 3691 453 3762 gabuntur,
488 3707 601 3750 non
625 3694 706 3750 sic
729 3695 1144 3765 intelligendum
1167 3696 1436 3768 cst,quod
1464 3698 1531 3752 ad
1563 3713 1765 3754 cavcno

179 3783 287 3840 dum
319 3799 609 3858 peccatum
641 3789 944 3860 superbiae,
980 3789 1385 3847 emendatiures
1435 3791 1603 3847 futuri
1633 3791 1760 3860 sint,

176 3881 334 3936 territi
365 3892 536 3938 tanta:
561 3883 935 3938 damnationis
975 3884 1250 3956 exemplo,
1280 3898 1402 3940 cum
1426 3885 1614 3956 utique
1645 3900 1765 3954 per-

173 3977 403 4044 spicuum
439 3979 514 4034 sit
549 3978 771 4033 minime
813 3993 913 4034 eos
960 3979 1150 4038 beatos
1179 3977 1315 4046 fore,
1350 3979 1396 4035 si
1424 3978 1758 4035 studendum

171 4066 243 4124 eis
267 4071 336 4126 sit
359 4086 498 4127 cura
530 4071 866 4143 impensiore
895 4087 962 4127 ne
985 4081 1228 4143 peccent.
1285 4072 1575 4128 Peccatum
1614 4073 1760 4128 enim

170 4172 371 4226 cavere,
393 4164 484 4219 vel
522 4171 747 4233 peccato
770 4163 1048 4229 resistere,
1069 4162 1136 4218 ad
1159 4163 1577 4235 pmtnalesltujus
1604 4180 1762 4221 mun-

167 4248 212 4305 di
241 4252 495 4311 miserias
517 4255 785 4326 pertinet,
820 4271 927 4310 non
952 4255 1019 4310 ad
1041 4255 1208 4311 futuri
1267 4258 1452 4314 saeculi
1503 4257 1756 4329 gloriam.

167 4343 266 4400 llos
287 4360 474 4405 autem
525 4349 768 4406 arbitror
807 4351 1220 4422 intelligendum
1249 4351 1523 4420 homines,
1559 4354 1652 4425 qui
1685 4353 1752 4409 ad

162 4442 495 4499 consortium
561 4446 914 4514 pervenerint
965 4445 1310 4517 angelorum,
1356 4456 1550 4517 utpote
1597 4447 1754 4519 quasi

164 4537 276 4591 novi
298 4540 515 4611 angeli,
546 4539 802 4595 damnato
827 4539 1070 4607 diabolo,
1113 4541 1287 4597 territi
1333 4542 1750 4614 purgabuntnr:

1874 3321 2250 3392 pmnitentiam
2312 3321 2624 3378 vulnerari:
2655 3320 2958 3377 secundum
2999 3321 3257 3376 duritiam
3291 3318 3474 3375 cordis

1872 3416 1956 3470 sui
1987 3414 2319 3472 thesaurizat
2339 3416 2446 3471 sibi
2477 3416 2612 3472 iram
2643 3415 2696 3470 in
2721 3413 2812 3471 die
2849 3415 2970 3484 irm,
3025 3423 3083 3470 et
3122 3412 3475 3471 revelatiouis

1865 3509 1997 3580 justi
2019 3510 2211 3580 jttdicii
2234 3510 2356 3567 Dei.

1944 3603 2011 3660 In
2043 3607 2294 3677 stipulam
2323 3607 2454 3662 versi
2475 3613 2596 3661 sunt
2627 3605 2671 3661 ei
2700 3605 2899 3675 lapides
2931 3605 3128 3676 furum.
3162 3601 3346 3659 Funda
3371 3617 3474 3674 pn-

1871 3698 2224 3770 testintelligi
2254 3700 2582 3770 quicumque
2611 3707 2952 3764 sanctorum,
2983 3698 3069 3767 qui
3096 3711 3258 3751 mauu
3286 3694 3473 3752 Domi.
3521 3753 3528 3756 _

1869 3792 1922 3846 ni
1945 3794 2320 3848 continentur.
2345 3791 2449 3847 Per
2475 3791 2574 3846 bos
2631 3807 2764 3862 ergo
2809 3799 3031 3846 sanctus
3088 3803 3242 3855 suos,
3302 3785 3470 3844 duros

1867 3898 2172 3952 sermones,
2203 3883 2372 3940 fortes
2399 3894 2454 3939 et
2476 3897 2712 3955 asperos
2739 3881 2890 3938 velut
2916 3880 3144 3952 lapides,
3177 3882 3324 3933 hunc
3363 3882 3467 3933 im-

1867 3976 2012 4047 pium
2046 3976 2224 4032 valide
2261 3977 2555 4046 jaculatur,
2591 3985 2652 4032 ut
2680 3975 2888 4032 eisdem
2940 3987 3234 4045 percussus
3256 3973 3344 4028 det
3371 3972 3469 4026 ho-

1867 4083 2056 4125 norem
2088 4069 2232 4135 Deo;
2261 4069 2358 4125 sed
2390 4069 2481 4125 ille
2503 4085 2626 4125 cum
2657 4068 2947 4139 singularis
2975 4066 3200 4122 malitia:
3222 4067 3315 4135 sit,
3338 4080 3466 4121 eos-

1864 4163 1986 4220 dem
2017 4178 2304 4220 sermones
2323 4165 2425 4218 sibi
2448 4163 2722 4219 convertit
2751 4164 2806 4216 in
2835 4161 3117 4231 stipulam,
3136 4172 3196 4216 ut
3217 4160 3347 4216 dum
3369 4175 3465 4215 eos

1867 4272 1963 4327 pro
1986 4257 2122 4312 nihil
2151 4255 2319 4321 ducit,
2357 4258 2487 4312 llant
2513 4259 2560 4311 ei
2596 4255 2744 4311 velut
2779 4255 2977 4325 stipula
3008 4268 3133 4325 quae
3163 4262 3220 4309 et
3248 4253 3462 4308 fumano

1866 4350 1968 4406 dos
1987 4350 2185 4420 globos
2216 4350 2436 4405 tartarei
2461 4349 2602 4420 ignis
2623 4349 2904 4404 accendat.
2961 4345 3115 4414 Quod
3147 4346 3239 4402 alii
3269 4345 3461 4402 eodem

1863 4458 2029 4500 sensu
2059 4443 2314 4501 dixerunt
2347 4442 2615 4500 :zEstima
2637 4444 2842 4515 lapides
2861 4441 3272 4518 [undajactatos
3306 4449 3361 4496 ut
3385 4442 3462 4513 [c-

1861 4554 2007 4594 num.

160 4629 400 4689 videntes
444 4633 666 4705 qualem
717 4642 1088 4706 quantumque
1140 4634 1377 4702 hostem,
1410 4645 1465 4691 et
1495 4634 1755 4707 hujusce-
1783 4628 1837 4690 D
1935 4633 2101 4700 Quasi
2125 4632 2371 4705 stipulam
2397 4631 2668 4689 testimabit
2688 4631 2954 4688 malleum.
2979 4631 3220 4688 Verbum
3249 4630 3452 4688 nihilo-

160 4724 290 4780 modi
315 4741 516 4796 pennas
547 4726 837 4783 horrenda:
861 4727 1235 4784 damnationis
1265 4740 1584 4786 evaserunt.
1615 4731 1757 4787 Pur-

157 4815 433 4885 gabuutur
463 4828 671 4889 autem,
732 4820 784 4875 id
814 4829 919 4887 est,
975 4821 1223 4891 puriores
1278 4821 1388 4877 Deo
1430 4823 1750 4894 reddentur,

158 4916 296 4966 tanta
325 4911 506 4968 divini
522 4912 773 4968 beneficii
825 4914 972 4969 circa
1009 4925 1070 4968 se
1097 4913 1477 4972 consolatione
1531 4931 1757 4988 perspe-

153 5018 249 5066 cta.
278 5011 335 5068 ld
367 5015 541 5071 etiam
571 5013 717 5085 quod
740 5014 945 5072 dictum
969 5024 1071 5083 est,
1097 5018 1294 5085 territi,
1328 5019 1415 5075 vel
1446 5021 1588 5091 quod
1618 5022 1756 5076 scri-

151 5108 296 5180 ptum
328 5127 445 5182 est,
483 5116 775 5187 timebunt,
801 5118 1201 5176 non'abhorret
1222 5135 1250 5174 a
1275 5135 1466 5192 sensu,
1501 5132 1560 5178 ut
1589 5125 1756 5180 ratio-

151 5218 346 5275 nabilis
393 5219 656 5276 videlicet
707 5230 960 5277 creatura
1005 5235 1168 5278 omne
1208 5223 1530 5281 beneficium
1589 5237 1754 5298 atque

151 5335 309 5378 omne
333 5323 609 5394 judicium
651 5323 932 5381 Creatoris
956 5327 1062 5394 sui,
1084 5342 1193 5383 non
1225 5344 1349 5384 cum
1375 5330 1601 5402 poenali,
1656 5332 1752 5388 sed

146 5444 264 5485 cum
297 5428 615 5486 honorifico
647 5438 858 5486 terrore
908 5431 1156 5487 miretur.
1192 5433 1258 5487 Et
1289 5448 1476 5490 revera
1500 5451 1618 5507 quas
1640 5453 1757 5492 ma-

143 5535 228 5608 jor
242 5535 580 5608 puriﬁcatio,
607 5536 725 5592 sive
748 5536 1020 5608 purgatio,
1039 5539 1242 5608 poterit
1263 5553 1384 5596 esse
1405 5548 1534 5596 ante
1559 5540 1752 5610 Deum,

148 5642 290 5699 sicut
323 5641 565 5714 angelici
599 5641 858 5708 hominis,
892 5656 1053 5713 quam
1080 5651 1142 5698 ut
1167 5658 1386 5717 semper
1414 5660 1540 5702 eum
1569 5647 1753 5704 exsul-

148 5750 362 5806 latione
385 5749 549 5823 (quia
573 5747 662 5806 cui
693 5747 940 5804 defertur
972 5748 1092 5820 pius
1120 5762 1205 5808 est
1234 5752 1254 5825 )
1277 5763 1332 5810 et
1359 5768 1484 5810 cum
1503 5761 1750 5812 tremore

145 5854 297 5927 (quia
319 5853 420 5914 cui
442 5852 688 5913 defertur
707 5852 852 5911 Deus
874 5864 954 5912 est
975 5851 1181 5927 )omne
1212 5856 1414 5916 bonum
1438 5860 1757 5920 certissima:

1862 4727 2042 4783 minus
2063 4727 2329 4796 divinum,
2359 4742 2523 4812 grave
2551 4727 2785 4794 scilicet,
2823 4737 2879 4783 et
2918 4725 3066 4784 forte
3110 4727 3458 4784 coittundeus

1861 4837 2009 4886 eum,
2037 4831 2094 4876 et
2119 4829 2365 4877 atterens
2387 4830 2599 4876 vastam
2631 4820 2890 4877 duritiam
2914 4819 3213 4890 impietatis
3239 4821 3376 4891 ejus,
3408 4829 3466 4876 ut

1863 4931 1894 4972 a
1923 4927 2236 4974 sanctorum
2293 4916 2661 4974 insectatione
2714 4926 2995 4986 tenuetur,
3029 4932 3128 4988 pro
3157 4917 3359 4987 stipula
3388 4931 3462 4971 ae-

1863 5011 2149 5067 stimabit:
2180 5011 2384 5066 malitia
2420 5027 2657 5083 namque
2705 5012 2932 5067 obrutus
2962 5027 3069 5067 non
3101 5011 3301 5067 sentiet
3329 5024 3462 5080 pon-

1865 5103 1965 5159 dus
1995 5103 2273 5159 tundentis
2303 5103 2566 5175 desuper,
2597 5105 2856 5175 quoniam
2883 5118 2982 5160 cor
3010 5104 3129 5174 ejus
3160 5103 3362 5159 factum
3377 5112 3460 5158 est

1860 5197 2001 5253 sicut
2037 5198 2200 5269 lapis,
2229 5205 2285 5254 et
2310 5198 2451 5254 sicut
2505 5197 2660 5254 incus
2714 5197 3105 5254 indomabilis:
3137 5212 3261 5267 qua:
3309 5212 3460 5252 nunt-

1861 5307 2045 5364 quam,
2078 5293 2202 5349 licet
2227 5309 2392 5366 supra
2432 5293 2650 5349 modum
2684 5303 2827 5361 tttsa,
2861 5292 3203 5364 producitur.

1933 5387 2001 5443 Et
2023 5388 2277 5445 deridebit
2307 5392 2588 5445 vibrantem
2627 5389 2851 5444 hastam.
2889 5388 3039 5456 Sive,
3085 5397 3143 5444 ut
3182 5388 3273 5445 alii
3305 5388 3461 5446 dixe-

1859 5492 2010 5551 runt,
2043 5492 2338 5538 trementem
2358 5499 2664 5538 sermonem.
2692 5482 2943 5540 Validam
2965 5481 3255 5552 cujuslibet
3279 5481 3454 5539 sancti

1861 5576 1928 5632 ad
1961 5591 2021 5633 se
2048 5577 2236 5648 vigore
2268 5575 2438 5631 animi
2465 5590 2531 5631 ac
2554 5575 2754 5631 virtute
2801 5575 3094 5641 emissum,
3119 5589 3227 5630 non
3263 5573 3443 5630 solum

1862 5683 1970 5727 non
1994 5670 2292 5735 verebitur,
2321 5684 2509 5725 verum
2533 5670 2695 5724 etiam
2719 5668 3013 5746 tleridebit,
3067 5669 3154 5724 vel
3200 5668 3455 5725 eumdem

1864 5782 2195 5830 sermonem,
2228 5765 2315 5822 vel
2338 5766 2502 5822 etiam
2522 5765 2879 5836 jaculantcm.
2899 5766 3017 5823 Hoc
3046 5774 3222 5822 totum
3251 5765 3320 5822 de
3344 5764 3462 5822 diae

1878 5861 2004 5920 bolo
2029 5862 2169 5921 Deus
2198 5860 2428 5919 diversis
2449 5861 2625 5920 modis
2655 5877 2718 5921 ac
2748 5862 3200 5922 similitudinibus
3231 5862 3354 5922 ideo
3381 5863 3468 5924 dl‘-
