3944 6334
481 283 584 339 795

1258 278 1598 341 APPENDIX
1646 284 1734 340 AD
1774 281 2018 341 TOMUM
2056 281 2407 342 SEPTIMUM
2448 286 2506 344 S.
2554 284 2958 343 lllERObYMl.

3672 291 3764 349 796

477 397 573 464 cit,
604 408 660 452 ut
694 394 1040 453 demonstret
1086 396 1422 467 hominibus,
1451 410 1713 469 quantum
1746 397 1874 453 mali
1896 397 1989 465 sit,
2018 404 2072 453 et
2101 396 2149 456 Δ
2175 411 2552 468 possessurus,
2594 397 2844 453 nesciens
2874 413 2904 452 a
2940 397 3170 454 Domino
3221 400 3330 454 Deo
3383 402 3499 473 regi
3533 402 3589 458 in
3620 409 3765 459 arter-

479 505 639 561 quam
676 496 891 561 potens,
924 498 981 546 et
1009 504 1168 561 quam
1200 492 1274 545 sit
1311 492 1536 547 omnino
1564 490 1961 548 irrevocabilis.

553 584 789 657 Snbipso
811 586 1113 641 eruntradii
1134 584 1285 649 solis,
1316 594 1365 639 et
1393 592 1581 639 sternet
1608 584 2074 654 sibiaurumquasi

479 677 663 733 lutuin.
696 676 1033 746 Soljustitiae
1058 677 1306 731 Christus
1336 676 1479 731 Deus
1508 685 1611 741 est,
1640 676 1693 732 in
1741 678 1899 747 cujus
1942 691 2074 747 pen-

480 770 565 827 nis
594 777 678 825 est
702 768 929 827 sanitas.
958 770 1018 825 lli
1046 770 1211 841 igitur
1242 769 1406 839 radii,
1428 769 1479 825 id
1508 781 1613 838 est,
1644 769 1924 842 sanctiqtti
1949 777 2074 826 sunt

484 863 585 920 tilii
614 865 754 921 lucis
780 864 1007 934 ejus’,ab
1034 863 1136 920 hoc
1167 864 1415 935 principe
1448 864 1823 931 tenebrarum,
1847 864 1899 920 in
1935 878 2076 935 prm-

480 958 813 1014 varieatioue
843 956 1038 1025 Adam,
1075 965 1297 1028 peccato
1327 956 1471 1012 illius
1491 956 1809 1012 detinentur
1830 956 2071 1024 obnoxii,

481 1050 607 1106 dum
634 1052 743 1121 jam
774 1051 1085 1125 redemptos
1122 1068 1218 1121 per
1242 1046 1522 1107 Christum
1541 1051 1863 1121 capitalibus
1892 1051 2077 1108 crimi~

481 1144 662 1213 nibus,
687 1160 817 1201 suos
856 1145 983 1201 facit
1039 1145 1252 1216 sibique
1299 1146 1448 1201 velut
1492 1146 1742 1216 captivos
1790 1155 1846 1200 et
1884 1159 2075 1202 servos

482 1240 688 1308 subdit,
709 1248 764 1296 et
784 1240 1055 1311 subjugat.
1074 1240 1306 1296 Possunt
1326 1247 1380 1294 et
1403 1239 1475 1295 illi
1505 1238 1706 1309 angeli,
1728 1253 1866 1308 quos
1887 1252 2072 1295 secum

486 1334 741 1390 diabolus
774 1334 943 1389 traxit
975 1350 987 1386 :
1016 1333 1085 1388 de
1129 1331 1327 1404 quibus
1361 1333 1414 1388 in
1442 1332 1769 1404 Apocalypsi
1822 1332 2023 1388 dicitur
2053 1349 2069 1387 :

484 1427 550 1483 Et
581 1429 740 1483 traxit
761 1444 938 1484 secum
961 1428 1166 1482 tertiam
1203 1437 1399 1498 partem
1448 1424 1717 1481 stellarum
1745 1414 1797 1480 in
1840 1437 2032 1481 terram
2058 1441 2084 1483 ες

484 1524 535 1579 hi
560 1525 694 1579 radii
725 1525 857 1580 solis
885 1501 1134 1593 intelligi,-
1166 1523 1256 1593 qui
1282 1521 1603 1578 recedentes
1626 1534 1658 1575 a
1684 1521 1816 1586 Deo,
1847 1520 2080 1576 verolu-

484 1619 654 1682 mine,
688 1616 843 1674 facta:
862 1627 991 1673 sunt
1019 1616 1282 1682 tenebrat,
1315 1622 1370 1670 et
1396 1614 1668 1685 principes
1697 1613 2073 1677 tenebrarum,

483 1711 547 1767 lli
578 1726 709 1782 ergo
737 1710 838 1766 sub
870 1710 985 1780 ipso
1014 1718 1161 1777 sunt,
1182 1709 1376 1780 quibus
1403 1706 1655 1762 diabolus
1680 1716 1763 1762 est
1785 1722 1878 1762 res
1911 1715 1966 1762 et
1984 1706 2079 1761 do-

2178 507 2329 560 num,
2349 500 2405 548 et
2426 491 2479 547 in
2502 492 2761 548 saeculum
2787 494 2975 548 saeculi
3010 510 3023 545 :
3055 492 3283 565 perditis
3311 494 3495 565 impiis
3520 497 3764 567 gentibus

2176 584 2244 641 de
2277 595 2417 641 terra
2448 587 2592 656 ejus,
2616 585 2889 657 judicatus
2916 586 3149 657 pupillos
3175 596 3231 643 et
3258 587 3493 645 humiles
3521 588 3769 649 defensos

2176 686 2237 734 ut
2263 693 2372 734 non
2397 688 2635 749 apponat
2660 677 2800 734 ultra
2833 679 3017 749 homo,
3052 678 3106 735 id
3137 690 3242 749 est,
3270 680 3390 752 ipse
3409 681 3688 751 diabolus,
3720 693 3767 740 ut

2177 790 2237 833 se
2261 774 2570 848 magnitleet
2610 790 2776 847 super
2805 784 3030 832 terram.

2249 866 2379 924 Post
2429 885 2548 924 eum
2591 869 2779 923 lucebit
2824 870 3029 924 semita.
3082 868 3207 925 Jam
3258 877 3391 927 tunc
3446 868 3769 940 resipiscens

2176 970 2384 1034 qureret
2402 964 2605 1020 reverti
2640 963 2705 1019 ad
2736 964 2927 1026 Deum,
2961 964 3186 1035 quando
3207 965 3254 1020 ei
3277 973 3494 1037 tempus
3513 966 3773 1035 pumilea-

2180 1057 2266 1113 tise
2297 1072 2401 1113 non
2434 1058 2560 1113 erit.
2594 1056 2662 1112 Et
2694 1057 2837 1113 hanc
2872 1066 3003 1129 puto
3036 1059 3425 1115 conversionis
3451 1059 3572 1130 ejus
3614 1059 3772 1116 semi-

2180 1159 2285 1205 tam
2317 1149 2536 1216 dixerit,
2587 1165 2709 1221 qua:
2758 1150 3035 1205 obdurato
3063 1150 3230 1207 corde
3258 1159 3313 1206 et
3342 1165 3488 1207 careo
3515 1165 3636 1206 sera
3668 1165 3772 1222 pm-

2179 1242 2401 1298 uitentia
2425 1242 2707 1298 illucescat
2734 1259 2748 1298 :
2772 1242 2990 1315 quando
3022 1253 3149 1314 post
3170 1251 3452 1314 acceptam
3479 1244 3529 1299 ei
3556 1243 3771 1300 minimo

2181 1336 2447 1408 proderit.

2250 1427 2325 1483 1E
2329 1428 2556 1484 stimabit
2574 1429 2821 1501 abyssum
2842 1430 2996 1501 quasi
3031 1439 3402 1485 senescentem.
3427 1428 3576 1496 Sive,
3609 1437 3670 1485 ut
3690 1429 3770 1490 alii

2179 1522 2460 1589 dixerunt,
2488 1524 2637 1593 quasi
2663 1522 3106 1579 deambulacrum.
3142 1523 3411 1596 Abyssum
3433 1525 3674 1581 diximus
3703 1536 3775 1580 su‘

2181 1613 2365 1683 peritis
2408 1614 2571 1669 istum
2622 1613 2906 1681 mundum,
2938 1629 3100 1686 quem
3134 1622 3511 1671 seriesreutetti
3535 1624 3591 1670 et
3625 1616 3768 1670 inve-

2182 1712 2433 1772 teratum,
2466 1706 2521 1762 in
2544 1706 2780 1778 peccatis
2829 1708 3017 1778 utique
3043 1714 3459 1778 permanentem
3518 1707 3765 1764 diabolus

480 1805 678 1861 minus.
713 1805 917 1860 Aurum
944 1818 1076 1859 vero
1123 1802 1424 1859 secundum
1465 1804 1609 1856 hunc
1650 1815 1868 1856 sensum
1918 1815 2079 1872 quem
2115 1800 2156 1859 Β
2185 1800 2503 1867 arbitratur,
2537 1801 2791 1857 nesciens
2838 1800 3075 1859 adventu
3118 1800 3333 1857 Domini
3366 1817 3396 1856 a
3427 1797 3671 1872 peccatis
3698 1818 3772 1858 ve-

474 1896 742 1966 dixituus,
776 1896 878 1967 ipsi
908 1903 1038 1951 sunt
1066 1894 1205 1950 radii
1228 1893 1385 1962 solis,
1412 1892 1537 1965 quia
1562 1894 1664 1949 sub
1679 1893 1901 1951 nomine
1932 1892 2074 1967 auri,

481 1992 705 2062 pretiosi
728 1992 933 2063 quique
964 1999 1018 2047 ct
1069 1991 1196 2045 ntali
1226 1989 1606 2061 intelliguntur
1637 2006 1651 2039 τ
1686 1989 1785 2043 hos
1812 1987 1917 2044 sibi
1941 1995 2083 2043 ster-

483 2088 564 2143 nit
595 2087 751 2159 quasi
782 2088 974 2153 lutum,
1005 2101 1125 2142 cum
1152 2099 1248 2141 eos
1268 2084 1370 2139 sibi
1390 2083 1642 2139 subditos
1661 2083 1922 2154 peccatis,
1957 2096 2079 2138 sor-

479 2184 636 2241 didos
658 2193 713 2241 et
737 2184 874 2240 viles
902 2182 1097 2241 efficit.
1124 2183 1388 2238 Dicuntur
1417 2193 1598 2237 autem
1628 2181 1894 2239 dracones
1916 2181 1970 2237 in
2002 2180 2083 2237 eis

480 2277 614 2333 locis
645 2276 901 2343 secretis,
926 2288 982 2331 et
1010 2285 1280 2331 terrarum
1311 2273 1508 2330 abditis
1540 2274 1771 2342 sinibus,
1796 2274 1879 2330 vel
1914 2272 2086 2328 maxi-

482 2386 569 2428 me
597 2371 954 2439 commorari,
983 2369 1073 2426 ubi
1106 2369 1386 2425 metallum
1414 2368 1530 2424 auri
1563 2369 1654 2424 sit.
1687 2367 1751 2422 Et
1781 2366 1852 2423 ob
1868 2365 2083 2422 hocsub

480 2463 752 2535 spirituali
785 2462 1168 2535 intelligentia,
1202 2472 1333 2534 puto
1380 2462 1520 2517 hanc
1547 2459 1916 2532 metaphoram
1943 2474 2079 2515 con-

478 2569 774 2623 servatam,
805 2570 873 2609 eo
897 2555 1039 2625 quod
1075 2554 1163 2610 hic
1216 2555 1384 2609 draco
1416 2537 1595 2620 rufus,
1630 2553 1700 2608 de
1727 2566 1863 2608 auro
1911 2551 2085 2607 bunu-

476 2664 598 2705 rum
647 2663 784 2721 quos
837 2648 1133 2719 deiecerat,
1184 2647 1287 2703 sibi
1337 2647 1519 2702 cubile
1556 2655 1788 2714 sternat,
1823 2644 1966 2716 quod
1998 2651 2084 2701 est

478 2757 670 2797 omnes
723 2740 1038 2819 spirituales
1068 2738 1256 2796 mundi
1286 2740 1447 2809 hujus
1485 2739 1732 2806 divitias,
1762 2737 1814 2794 id
1845 2748 1951 2801 est,
1987 2737 2083 2793 bo-

480 2851 673 2891 norum
701 2835 977 2890 hominum
1019 2835 1388 2901 sanctitatem,
1432 2833 1704 2905 justitiam
1748 2843 2082 2903 craterasque

482 2931 731 2997 virtutes,
758 2932 910 2986 velut
926 2946 1118 2986 aurum
1143 2930 1246 2986 sub
1268 2945 1329 2985 se
1354 2928 1595 2996 habebit,
1612 2943 1738 2984 eum
1752 2942 1854 2984 eos
1880 2925 2083 2985 obdur-

485 3025 717 3079 mientes
748 3022 799 3079 in
828 3021 935 3078 fide
963 3021 1018 3077 iu
1054 3021 1226 3076 lutum
1271 3020 1596 3076 immensum
1650 3016 1923 3089 redegerit
1953 3031 2082 3087 pec-

479 3124 746 3172 catorum.
1404 3118 1415 3125 '

2189 1896 2396 1952 teribus
2442 1894 2811 1952 liberandum.

2259 1986 2380 2043 Non
2407 1995 2482 2043 est
2505 2003 2660 2058 super
2693 1996 2885 2043 terram
2916 1996 3140 2058 potestas
3191 2004 3308 2059 qua:
3358 1997 3694 2058 comparetur
3715 1989 3770 2044 ri.

2183 2079 2338 2137 Nulla
2384 2092 2635 2137 creatura
2683 2091 2770 2137 est
2827 2089 2988 2136 tautae
3019 2080 3303 2152 potentias,
3337 2081 3453 2137 sive
3512 2082 3770 2152 peccatrix

2183 2182 2434 2230 creatura
2468 2182 2634 2229 tanta:
2664 2173 2908 2240 malitiae,
2933 2181 2988 2228 et
3017 2172 3141 2228 ideo
3171 2171 3225 2229 iu
3255 2180 3487 2243 utraque
3519 2188 3581 2228 re
3612 2171 3772 2228 nullus

2183 2269 2232 2325 ei
2257 2268 2455 2339 poterit
2482 2268 2814 2337 comparari.

2256 2364 2362 2432 Qui
2388 2365 2564 2436 factus
2590 2374 2688 2429 est,
2716 2373 2772 2421 ut
2802 2362 3004 2418 nullum
3034 2362 3257 2418 timeret.
3314 2360 3540 2432 Propria
3597 2360 3770 2416 volun-

2185 2466 2292 2513 tate
2319 2456 2472 2513 liheri
2503 2455 2836 2518 arbitriisui,
2861 2454 2915 2510 iu
2941 2454 3253 2523 superbiam
3277 2454 3454 2510 elatus
3481 2453 3767 2521 factusest,

2184 2551 2235 2607 id
2265 2560 2370 2617 est,
2400 2551 2472 2606 ita
2495 2549 2580 2606 sui
2608 2549 2809 2606 malitia
2832 2547 3167 2619 depravatus
3180 2555 3286 2611 est,
3312 2558 3370 2601 ut
3393 2546 3602 2603 nullum
3623 2546 3770 2602 time-

2184 2651 2407 2709 ret,nec
2429 2640 2606 2710 ipsmn
2640 2638 2925 2694 Dominum
2954 2638 3125 2694 Deum
3147 2644 3454 2693 creatorem
3488 2653 3666 2691 suum.
3689 2635 3770 2692 Ti-

2184 2744 2296 2791 met
2349 2735 2564 2807 qnidem
2593 2744 2653 2790 ut
2683 2734 2856 2791 malus
2891 2748 3104 2796 servus,
3152 2743 3208 2788 et
3240 2731 3656 2801 prtevaricator;
3683 2730 3769 2786 sed

2184 2845 2294 2886 non
2319 2828 2479 2884 habet
2500 2827 2551 2884 in
2583 2843 2643 2883 se
2669 2826 2981 2882 dilectionis
3014 2825 3106 2880 Dei
3152 2825 3426 2880 timorem.

2256 2920 2420 2976 Omne
2449 2919 2667 2976 sublime
2686 2918 2843 2975 videt.
2875 2917 2934 2974 lu
2961 2918 3219 2986 sublime,
3269 2917 3466 2989 inquit,
3522 2920 3680 2988 atque
3722 2916 3771 2971 in

2181 3015 2456 3072 excelsum
2478 3014 2725 3086 erigitur,
2763 3012 2814 3068 id
2837 3022 2944 3079 est,
2975 3028 3148 3084 usque
3176 3009 3242 3066 ad
3275 3010 3448 3082 ipsius
3492 3011 3770 3066 intestima-
3812 3040 3821 3043 ~

2183 3107 2303 3162 bilis
2334 3104 2606 3177 superbiae
2634 3120 2747 3161 suta
2791 3105 2998 3177 apicem
3043 3104 3308 3170 elevatur,
3347 3112 3405 3158 ut
3431 3103 3766 3174 blasphemus

555 3207 867 3265 Fervescere
884 3208 1034 3279 faciet
1048 3206 1312 3277 quasiotla
1326 3204 1837 3279 profundummaris,
1856 3211 1906 3259 et
1917 3213 2075 3276 ponet
2103 3189 2148 3253 C
2183 3208 2348 3270 ponat
2375 3200 2426 3255 in
2460 3199 2602 3256 caelo
2630 3214 2692 3254 os
2714 3213 2898 3267 suum,
2922 3197 3149 3253 dicens:
3180 3195 3383 3252 Ponant
3405 3197 3460 3252 in
3484 3196 3609 3252 caelo
3635 3196 3766 3251 thro-

484 3302 633 3373 quasi
665 3317 781 3357 cum
807 3309 1070 3374 unguenta
1093 3300 1333 3356 bulliunt.
1364 3300 1507 3357 Mare
1535 3300 1639 3356 hoc
1666 3298 1949 3367 srecttlum,
1981 3312 2074 3354 se-

484 3394 719 3453 cundum
746 3394 1066 3463 allegoricos
1093 3393 1422 3460 intellectus,
1447 3406 1569 3447 esse
1589 3392 1902 3460 didicimus,
1930 3390 2076 3461 quod

483 3497 572 3544 est
592 3484 927 3544 obscuritate
953 3502 1072 3555 sua,
1099 3494 1155 3543 et
1176 3486 1343 3542 nimia
1376 3486 1618 3543 stultitim
1646 3486 1896 3543 caecitate
1929 3494 2080 3542 tene-

485 3581 729 3647 hrosum,
756 3581 897 3651 quod
927 3582 1000 3637 ita
1032 3581 1283 3637 diabolus
1311 3580 1515 3637 carnali
1546 3581 1797 3637 accendit
1821 3579 2081 3650 concupi-

482 3674 713 3741 scentia,
748 3681 805 3728 ut
830 3672 1037 3728 ferveat
1062 3672 1129 3729 ad
1154 3674 1381 3729 amanda
1431 3683 1668 3729 terrena.
1700 3674 1757 3730 Si
1808 3681 1993 3730 autem
2025 3673 2077 3735 in

484 3769 683 3826 bonam
712 3781 921 3842 partem
965 3779 1238 3841 unguenta
1295 3768 1745 3837 intellexerimus,
1787 3778 1847 3825 ut
1875 3769 2079 3840 gratias

483 3871 799 3919 sanctorum
850 3866 1122 3919 ferventes
1152 3864 1254 3919 hoc
1288 3863 1406 3918 loco
1427 3863 1869 3934 interpretemur,
1896 3879 1925 3919 a
1949 3878 2080 3919 cono

485 3958 656 4013 trario
680 3956 928 4012 diabolus
950 3956 1115 4012 maris
1137 3956 1295 4012 istius
1324 3955 1593 4012 habitator
1616 3956 1666 4012 id
1694 3955 1829 4027 agit,
1859 3964 1917 4012 ut
1946 3971 2081 4025 quo-

484 4052 652 4109 modo
693 4052 1058 4123 spiritualium
1093 4053 1391 4123 gratiarum
1418 4065 1608 4107 amore
1645 4051 1697 4106 in
1717 4048 1923 4121 Spiritu
1950 4066 2045 4106 san

491 4158 580 4203 cto
607 4147 943 4217 fervescunt,
975 4148 1046 4201 ita
1066 4145 1134 4202 ad
1160 4162 1399 4202 amorem
1437 4146 1625 4203 mundi
1644 4147 1802 4202 istius
1832 4146 2080 4203 homines

487 4240 774 4309 praesentis
796 4239 922 4296 vitae
948 4238 1247 4307 desiderio,
1280 4239 1433 4309 quasi
1479 4238 1809 4312 quibusdam
1856 4253 2081 4294 succen-

486 4332 728 4388 sionibus
754 4331 1022 4388 ﬂammeis
1048 4332 1357 4388 ardescaut.
1396 4331 1497 4389 Alii
1527 4332 1802 4398 dixerunt,
1835 4335 2080 4403 [acesce-

485 4442 541 4480 re
567 4425 696 4497 facit
720 4424 984 4496 abyssum,
1005 4433 1059 4479 ut
1085 4440 1176 4479 uas
1196 4440 1393 4480 teneam
1414 4424 1635 4479 aestimat
1655 4426 1788 4479 sicut
1806 4423 2077 4489 delictum,

488 4525 537 4571 et
563 4525 813 4571 tartarum
835 4518 1011 4589 abyssi
1036 4518 1167 4572 sicut
1189 4518 1470 4586 captiuum.
1495 4516 1608 4572 lloc
1638 4517 1688 4569 in
1706 4516 2079 4573 locuarbilror

2182 3310 2302 3349 num
2332 3310 2521 3359 meum,
2549 3302 2597 3347 et
2626 3310 2715 3347 ero
2737 3292 2925 3347 similis
2948 3289 3261 3346 Altissimm

2254 3383 2375 3459 Ipse
2406 3396 2481 3442 est
2509 3402 2602 3443 rea:
2626 3402 2778 3457 super
2802 3388 3067 3439 universos
3095 3384 3237 3454 ﬁlios
3266 3382 3547 3456 superbiae.
3577 3381 3626 3437 Id
3670 3392 3763 3450 est,

2182 3486 2349 3549 caput
2372 3490 2426 3534 et
2459 3478 2713 3550 princeps
2744 3477 2988 3533 omnium
3019 3475 3407 3548 superborum,
3454 3490 3607 3546 quem
3652 3474 3766 3528 imi-

2186 3578 2363 3627 tantes
2391 3570 2589 3642 angeli,
2620 3570 2870 3625 homines
2921 3568 3096 3641 impii,
3125 3577 3179 3625 et
3205 3569 3665 3639 prmvaricatorcs,
3692 3563 3763 3615 [ι-

2183 3666 2255 3721 cti
2285 3663 2518 3721 sutttﬁlii
2542 3664 2818 3735 superbia)
2851 3663 2994 3735 eius.

2791 3822 3018 3879 CAPUT
3051 3821 3210 3878 XLII.

2256 3961 2594 4034 Respondens
2633 3968 2804 4017 autem
2855 3957 2956 4014 Job
2997 3957 3246 4026 Domino,
3295 3959 3429 4013 dixit
3454 3974 3473 4013 :
3497 3956 3615 4015 Scio
3650 3957 3763 4026 quia

2184 4060 2356 4112 omnia
2375 4066 2536 4130 potes.
2568 4053 2620 4110 ld
2644 4066 2751 4122 est,
2782 4055 2873 4126 qui
2903 4054 3177 4112 diabolum
3201 4054 3482 4122 humilias,
3508 4049 3762 4123 quomodo

2183 4152 2286 4219 vis,
2317 4160 2370 4206 et
2397 4150 2616 4221 quando
2644 4148 2747 4205 vis.
3296 4161 3301 4165 ‘

2256 4242 2325 4298 Et
2346 4242 2493 4299 nulla
2507 4251 2555 4299 te
2574 4241 2698 4298 latet
2720 4242 2982 4316 cogitatio.
3017 4239 3397 4299 Scrutatoretn
3420 4239 3595 4297 cordis
3617 4247 3666 4293 et
3678 4251 3760 4292 re-

2187 4339 2333 4395 nium
2359 4339 2529 4395 latere
2558 4338 2681 4409 quis
2706 4334 2907 4407 poterit
2927 4335 2951 4389 ‘i
2974 4333 3129 4392 Unde
3157 4343 3387 4405 apparet
3414 4342 3641 4388 sanetum
3661 4329 3759 4387 Job

2184 4449 2251 4490 ex
2272 4433 2358 4489 his
2388 4431 2757 4500 sermonibus,
2812 4445 2954 4502 quos
2984 4429 3097 4485 Deo
3129 4428 3407 4499 paenitens
3464 4426 3753 4486 confitetur,

2185 4540 2443 4583 accusare
2490 4522 2853 4596 cogitationes
2904 4536 3054 4588 snas,
3095 4520 3292 4592 quibus
3342 4536 3404 4576 se
3441 4517 3668 4577 meminit
3689 4515 3757 4569 de

487 4611 630 4682 quod
659 4612 732 4668 ita
760 4612 829 4667 de
849 4612 1470 4669 diaboloDeusdixerit:
1503 4614 1626 4682 quia
1651 4610 1719 4667 de
1747 4609 1850 4667 hoc
1875 4609 2080 4665 mu-ndo
2108 4596 2157 4661 D
2179 4617 2410 4689 justitim
2439 4631 2550 4673 sum
2581 4614 2791 4672 meritis
2827 4614 2928 4669 sibi
2964 4614 3251 4683 plurimum
3284 4613 3556 4675 uibuime,
3580 4619 3631 4664 et
3655 4611 3755 4664 Deo

487 4705 642 4777 quasi
664 4705 848 4778 abyssi
884 4705 1106 4763 nomine
1132 4706 1311 4763 dictus
1333 4715 1415 4762 est
1445 4706 1516 4763 ita
1547 4706 1829 4765 diabolus:
1859 4705 1998 4777 apud
2020 4721 2081 4762 se

489 4799 761 4857 definiens
790 4800 1084 4856 arbitratus
1108 4800 1201 4870 sit,
1228 4800 1372 4871 quod
1407 4803 1458 4856 in
1492 4798 1926 4856 recordationem
1966 4815 2082 4857 om-

486 4894 621 4950 nino
639 4908 744 4949 non
769 4891 971 4960 veniat,
998 4892 1139 4964 quod
1161 4892 1230 4948 de
1258 4894 1523 4949 memoria
1553 4892 1736 4947 divina
1759 4892 1973 4953 deletus
1986 4896 2078 4949 sit.

489 4988 657 5061 Cujus
686 4987 1071 5059 impiissimum
1094 5002 1313 5043 sensum
1346 4986 1398 5042 in
1423 5001 1567 5043 nono
1598 4986 1868 5057 propheta
1893 4987 2083 5044 recolit

489 5084 714 5141 dicens:
751 5083 893 5141 Dixit
918 5082 1055 5138 enim
1072 5083 1126 5138 in
1160 5081 1315 5137 corde
1345 5096 1462 5147 suo,
1496 5079 1617 5137 Non
1642 5081 1883 5152 requiret.
1916 5080 2078 5139 Item-

486 5196 593 5253 que
622 5197 636 5235 :
671 5180 815 5237 Dixit
841 5180 975 5235 enim
1002 5180 1057 5233 in
1087 5178 1242 5232 corde
1267 5193 1383 5243 suo,
1412 5175 1615 5232 Oblitus
1643 5183 1715 5233 est
1747 5174 1912 5244 Deus,
1939 5190 2085 5231 aver-

486 5276 547 5330 tit
575 5275 761 5347 [aciem
787 5290 955 5339 suam,
978 5284 1043 5327 ne
1071 5273 1241 5328 videat
1270 5273 1321 5327 iu
1350 5272 1527 5342 ﬁnem.
1562 5270 1848 5327 Tartarum
1871 5284 2086 5341 quoque

490 5369 696 5443 abyssi,
720 5368 770 5425 id
794 5379 900 5436 est,
928 5366 1226 5430 infernum,
1255 5365 1308 5422 in
1336 5380 1444 5437 quo
1483 5362 1664 5421 mundi
1709 5362 1863 5419 istius
1890 5376 2087 5433 pecca-

489 5472 638 5519 tores
660 5463 988 5519 tenehuntur
1019 5459 1210 5517 inclusi
1235 5476 1250 5514 :
1284 5458 1374 5515 ille
1397 5457 1824 5527 velutcaptivnm
1852 5455 1954 5511 sub
1981 5454 2083 5512 du-

490 5557 703 5613 rissima
745 5554 1000 5615 videlicet
1025 5553 1399 5613 dominatione
1432 5551 1718 5609 detrusum
1748 5547 2084 5609 vinculisin-

485 5649 786 5706 fernalibus
807 5645 1624 5718 detinebat.Essultansigitur,
1654 5652 1707 5699 et
1741 5642 2085 5701 laetabundus

491 5745 738 5803 diabolus
767 5745 1090 5813 mstimabat,
1111 5743 1255 5816 quod
1287 5750 1590 5801 creaturam
1618 5739 1714 5795 Dei
1746 5738 1831 5797 sui
1865 5751 2083 5799 omnem

493 5840 678 5912 utique
697 5838 980 5908 mundum,
1000 5839 1144 5897 velut
1170 5852 1266 5899 res
1290 5847 1344 5896 et
1364 5836 1624 5897 Dominus
1644 5842 1790 5893 esset
1816 5839 2084 5907 perpetuo

2183 4711 2336 4782 quasi
2362 4712 2586 4779 rustico,
2619 4717 2799 4765 notam
2830 4705 3132 4779 iniquitatis
3161 4706 3404 4776 objicere
3441 4714 3680 4762 tentasse.

2261 4803 2390 4872 Quis
2418 4812 2490 4861 est
2519 4805 2613 4859 iste
2640 4803 2731 4876 qui
2759 4800 2894 4859 celat
2917 4801 3194 4857 consilium
3221 4802 3409 4873 absque
3432 4798 3671 4856 scientia?
3691 4793 3748 4849 Id

2185 4907 2290 4962 est,
2321 4912 2478 4953 nemo
2511 4904 2690 4967 potest
2707 4894 3050 4951 abscondere
3073 4894 3359 4951 consilium
3390 4910 3418 4947 a
3447 4887 3753 4950 causcietuia

2189 5002 2303 5048 tua.
2339 4990 2457 5049 Jam
2492 4992 2544 5047 in
2573 4988 3036 5060 consequentibus
3066 4987 3510 5047 manifestissime
3536 4996 3749 5042 errorem

2183 5099 2341 5141 suum
2379 5084 2757 5149 demonstrat,
2800 5093 2856 5137 et
2909 5080 3277 5152 insipientiam
3329 5080 3628 5143 conﬁtetur,
3659 5089 3750 5148 per

2185 5195 2345 5252 quam
2372 5178 2630 5249 ignorans
2650 5176 2715 5231 ad
2740 5176 2909 5235 Deum
2932 5173 3183 5247 loquendi
3213 5173 3435 5231 modum
3460 5168 3745 5235 excesserit,

2186 5272 2261 5328 ita
2290 5270 2481 5327 dicens
2509 5286 2522 5323 :

2258 5364 2386 5419 Ideo
2416 5362 2716 5433 insipienter
2753 5361 2955 5418 locutus
2989 5379 3104 5416 sum
3145 5372 3192 5417 et
3231 5379 3347 5432 qua:
3387 5363 3522 5417 ultra
3562 5358 3742 5414 modum

2192 5458 2440 5514 excedunt
2463 5457 2729 5512 scientiam
2755 5471 2946 5511 meam.
2977 5455 3137 5523 Audi,
3168 5465 3223 5519 et
3244 5472 3337 5526 ego
3366 5454 3578 5526 loquar:
3608 5452 3746 5505 inter-

2187 5551 2380 5624 rogabo
2407 5561 2475 5617 te,
2507 5560 2551 5604 et
2585 5549 2840 5623 responde
2869 5547 3017 5603 mihi.
3052 5546 3172 5603 Jatn
3204 5560 3348 5603 nunc
3379 5546 3608 5618 deposita
3636 5528 3746 5596 ittsi~

2188 5646 2393 5718 pientia
2413 5688 2427 5712 ,
2468 5653 2629 5717 atque
2653 5644 2863 5715 abjecta
2895 5640 3140 5709 stultitiae
3185 5643 3627 5714 presumptione,
3652 5646 3743 5705 per

2189 5737 2436 5796 notitiam
2464 5736 2853 5808 increpationis
2878 5735 3077 5791 divina:
3101 5734 3169 5791 ad
3191 5734 3613 5792 emendationem
3631 5740 3737 5784 cor-

2188 5820 2391 5904 rectus,
2417 5841 2473 5892 et
2495 5832 2778 5907 praiscntis
2812 5818 3188 5905 castigationis
3212 5837 3469 5905 purgatus
3493 5821 3734 5887 examine.
