3944 6334
223 352 306 405 7ὓῖ
988 368 996 375 ο
1064 341 1547 401 COMMENTARJI
1589 340 1654 397 IN
1696 340 1958 399 ιιιιηιτΜ
2000 343 2142 402 JOB.
2185 345 2336 401 CAP.
2381 342 2543 399 XLII.

3359 334 3463 390 798

220 466 361 521 Deum
390 458 735 516 nihilominus
757 457 919 515 audet
944 458 1285 531 interrogare
1307 457 1537 514 dicendo
1562 476 1573 511 :
1603 455 1764 513 Audi.
1795 459 1847 520 Α
1875 458 2048 515 titudo
2066 459 2131 516 ad
2160 460 2309 517 illum
2333 458 2680 516 convenerit:
2706 455 2796 527 qui
2825 469 2950 511 cum
2976 469 3005 509 a
3024 451 3253 524 singulis
3280 465 3468 522 parum

216 552 537 612 Clementiam
580 550 776 607 divina:
827 550 1217 622 indignationis
1262 549 1538 605 ostendit:
1581 557 1632 603 et
1665 546 1769 604 hoc

217 647 339 719 loqui
364 645 590 710 videtur,
621 643 763 715 quod
806 644 950 701 illam
1000 644 1209 715 plagam
1259 643 1419 715 longe
1468 641 1576 698 alio
1606 642 1768 697 modo

213 740 334 798 circa
375 753 489 795 eum
536 736 681 792 Deus
723 746 981 806 operatus
1015 737 1208 807 fuerit,
1256 752 1417 808 quam
1447 734 1565 802 ipse
1605 743 1767 791 antea

209 832 470 906 judicaret,
497 838 552 886 et
575 829 704 886 hinc
733 838 818 885 est
843 872 858 895 .
890 829 1034 901 quod
1068 845 1128 884 sc
1157 845 1184 883 a
1217 829 1325 885 Deo
1356 827 1537 884 doceri
1578 827 1766 896 cupit:

211 925 392 995 sibique
418 921 521 977 hoc
572 920 748 992 ipsum
797 922 1044 992 deposcit
1093 921 1325 978 ostendi.
1359 920 1598 992 Accepto
1637 934 1768 991 ergo

209 1017 310 1083 Job,
331 1016 460 1071 sicut
488 1029 555 1069 ex
589 1014 941 1070 sermonibus
966 1015 1084 1087 r-jns
1112 1013 1445 1070 credendum
1477 1021 1560 1070 est
1582 1054 1597 1080 ,
1630 1013 1768 1068 divi-

210 1123 280 1165 nte
303 1105 626 1163 visitationis
655 1107 897 1171 oraculo,
931 1109 1006 1162 ait
1033 1107 1101 1162 ad
1131 1108 1293 1163 Deum
1321 1125 1334 1160 :

263 1201 436 1257 Audita
468 1202 611 1257 auris
638 1202 818 1257 audiri
846 1209 914 1268 te,
949 1219 1084 1257 nunc
1112 1212 1289 1257 autem
1316 1202 1496 1257 oculus
1522 1219 1665 1257 meus
1694 1202 1768 1256 vi-

208 1296 276 1350 det
295 1304 353 1350 te.
387 1293 511 1349 Post
543 1294 856 1349 teutationis
891 1294 1290 1364 probationem,
1321 1295 1623 1365 proximior
1654 1294 1765 1350 fac-

207 1398 277 1444 tus
301 1387 486 1443 divinae
525 1386 846 1457 cognitioni.
891 1387 1019 1443 dicit
1059 1403 1118 1443 se
1158 1388 1270 1458 jam
1324 1388 1490 1443 Deum
1541 1388 1762 1455 videre,

203 1495 337 1553 quem
357 1487 499 1544 ante,
525 1479 652 1535 dttm
684 1480 1110 1548 examinaretur,
1136 1480 1355 1535 audisse
1376 1496 1436 1537 se
1465 1480 1621 1535 dixit.
1654 1482 1764 1559 Au:-

201 1573 302 1629 dire
323 1583 496 1629 autem
526 1573 694 1629 Deum
716 1619 729 1641 ,
765 1574 851 1628 vel
877 1568 1100 1641 videre,
1130 1574 1218 1645 qui
1266 1583 1349 1627 est
1379 1572 1685 1639 invisibilis,
1710 1582 1766 1627 et

202 1665 777 1738 incomprehensibilis,
811 1680 918 1722 non
962 1666 1188 1723 istorum
1217 1676 1297 1723 est
1330 1667 1611 1723 oculorum
1635 1709 1649 1734 ,
1679 1667 1764 1723 vel

200 1758 393 1814 istarum
415 1758 651 1822 aurium,
676 1758 770 1813 sed
793 1757 977 1829 potius
1002 1759 1202 1814 mentis
1234 1767 1287 1813 et
1316 1758 1520 1814 cordis.
1539 1759 1764 1828 Pr0pter

1872 554 2167 625 acceperit,
2200 553 2380 609 subito
2411 560 2683 609 tantarum
2709 548 3021 605 divitiarum
3057 544 3233 601 factus
3272 544 3345 601 sit
3372 542 3472 600 do-

1871 647 2069 704 minus.
2099 646 2278 703 Potuit
2309 646 2412 702 hoc
2440 642 2674 714 scriptor
2705 642 2829 698 libri
2857 639 3036 709 bujus,
3065 649 3118 694 et
3149 652 3248 709 per
3274 635 3469 693 antici-

1872 741 2144 810 pationem
2199 741 2442 805 dixisse,
2493 748 2547 794 ut
2602 744 2723 809 post
2770 735 3127 792 tentationem
3176 731 3323 789 illam
3368 744 3467 802 per

1869 842 2087 889 centum
2137 832 2491 905 quadraginta
2532 845 2703 887 annos
2735 830 2862 885 vita:
2909 843 3061 891 suae,
3094 824 3463 881 benedicente

1870 927 2126 995 Domino,
2177 926 2480 983 cumulatas
2512 926 2566 980 in
2598 923 2821 991 duplum
2854 920 3071 977 divitias
3118 917 3463 990 possideret:

1870 1024 2105 1079 ﬁliorum
2151 1038 2283 1080 vero
2326 1023 2445 1093 ejus
2492 1020 2824 1089 duplicatum
2858 1031 3143 1073 numerum
3187 1028 3296 1071 non
3327 1012 3469 1084 legi-n

1868 1115 2183 1174 mus.Unde
2209 1115 2443 1172 arbitror
2464 1113 2607 1184 quod
2632 1128 2755 1169 cum
2786 1126 2849 1168 ea
2878 1126 2998 1182 qua:
3028 1109 3253 1165 omnino
3277 1106 3459 1178 perio-

1867 1219 2009 1277 rant,
2045 1208 2133 1266 illa
2162 1209 2211 1266 ei
2243 1209 2297 1264 in
2326 1208 2550 1279 duplum
2579 1205 2778 1261 fuerint
2805 1203 3078 1270 restituta,
3103 1200 3264 1258 etiam
3289 1198 3381 1255 lilii
3412 1198 3464 1257 oi

1866 1304 2059 1376 viginti
2098 1319 2198 1376 pro
2235 1303 2423 1360 decem
2463 1300 2657 1358 redditi
2702 1300 2832 1355 sint.
2862 1299 2925 1355 Hi
2957 1297 3101 1354 enim
3133 1295 3234 1367 ipsi
3267 1293 3462 1351 decem

1866 1399 2030 1472 primi
2056 1412 2193 1469 quos
2220 1397 2374 1452 ruina
2406 1396 2600 1451 domus
2638 1393 2873 1449 labentis
2898 1395 3288 1461 oppresserat,
3319 1386 3463 1458 apud

1872 1493 2036 1547 ticum
2072 1506 2179 1546 non
2205 1497 2461 1561 putantur
2485 1487 2762 1544 exstincti.
2796 1485 3023 1555 Propter
3052 1480 3465 1539 :rdilicationem

1868 1589 2050 1658 itaque
2091 1587 2212 1642 ﬁdei
2243 1594 2448 1641 nostra!
2472 1629 2486 1653 ,
2519 1591 2700 1640 tantos
2730 1581 2780 1638 ei
2829 1580 2969 1636 filios
3001 1595 3029 1633 a
3063 1579 3175 1634 Deo
3198 1575 3465 1647 redditos,

1868 1688 2104 1750 quantos
2130 1680 2408 1744 amiserat,
2438 1674 2786 1734 sentiendum
2813 1683 2916 1740 est,
2936 1682 2993 1728 ut
3020 1671 3164 1727 omni
3197 1670 3466 1737 bonorum

1868 1788 2088 1830 suorum
2118 1771 2417 1828 substantia
2444 1770 2497 1827 in
2524 1767 2747 1839 duplum
2780 1765 2884 1821 sibi
2914 1782 2942 1819 a
2972 1763 3203 1819 Domino
3232 1762 3465 1838 reddita,

199 1851 318 1923 quod
364 1850 505 1909 beati
539 1861 665 1909 sunt
717 1852 921 1910 mundo
965 1852 1129 1909 corde
1182 1853 1447 1915 homines,
1482 1868 1587 1924 quo
1616 1852 1761 1908 Deus

1872 1866 2033 1922 etiam
2083 1863 2224 1921 ﬁlios
2262 1864 2313 1919 in
2345 1862 2568 1933 duplum
2602 1860 2804 1917 habere
2834 1873 2893 1914 se
2920 1856 3206 1915 crederet:
3239 1856 3354 1927 qui,
3382 1865 3471 1911 ut-

197 1947 402 2003 videtur.

255 2039 446 2095 Idcirco
490 2041 605 2111 ipse
634 2057 715 2096 me
748 2040 1070 2116 reprehendo
1088 2084 1103 2108 ,
1132 2052 1178 2095 et
1207 2058 1306 2114 ago
1335 2042 1688 2115 paenitentiam
1714 2044 1768 2099 in

197 2134 353 2205 {aran
378 2145 422 2190 et
451 2136 649 2193 cinere.
681 2134 971 2210 Postquam
1002 2147 1172 2194 autem
1197 2140 1399 2192 locutus
1419 2147 1491 2193 est
1518 2136 1769 2211 Dominus

198 2227 325 2282 serba
343 2227 450 2284 lucc
477 2228 550 2283 ad
571 2227 697 2294 Job,
727 2229 859 2286 dixit
885 2230 954 2285 ad
988 2228 1210 2303 Eliphaz
1229 2229 1623 2286 Themanitem:
1650 2229 1768 2285 Ira-

199 2330 266 2375 tus
294 2329 363 2375 est
385 2324 538 2394 furor
568 2338 711 2377 meus
732 2322 786 2377 iu
816 2333 883 2388 te,
920 2332 967 2377 et
997 2323 1049 2378 in
1079 2326 1206 2377 duos
1236 2324 1427 2378 amicos
1457 2334 1571 2379 tuos
1594 2340 1613 2379 :
1641 2340 1769 2396 quo-

199 2417 315 2470 niam
331 2434 426 2471 non
449 2419 575 2473 estis
603 2417 762 2474 locuti
780 2436 953 2473 coram
967 2436 1046 2475 me
1064 2428 1278 2484 rectum,
1293 2422 1424 2474 sicut
1436 2438 1611 2475 seruus
1624 2437 1767 2475 meus

195 2510 296 2567 Job.
313 2512 516 2571 Sumite
533 2514 813 2587 ergozuobis
841 2529 1030 2589 septem
1049 2524 1224 2570 tauros
1251 2525 1296 2571 et
1326 2516 1531 2581 arietes,
1554 2526 1599 2570 et
1616 2516 1684 2570 ite
1699 2515 1768 2571 ad

192 2619 366 2659 servum
390 2621 565 2660 meum
592 2603 691 2661 Job
713 2648 726 2670 ,
758 2616 809 2662 et
856 2606 1036 2675 o/I'erte
1075 2607 1436 2662 holocaustum
1462 2624 1553 2678 pro
1601 2608 1763 2663 vobis.

190 2693 273 2751 Job
308 2708 483 2755 autem
520 2715 695 2755 seruus
726 2716 871 2755 meus
903 2701 1068 2755 orabit
1107 2716 1200 2773 pro
1228 2700 1388 2756 vobis.
1416 2697 1630 2755 Faciem
1652 2704 1770 2774 ejus

190 2792 445 2862 suscipiam
466 2807 488 2848 :
510 2802 565 2846 ut
592 2810 693 2848 non
716 2794 852 2847 t-obis
869 2793 1150 2865 imputetur
1172 2793 1416 2848 stultitia.
1438 2793 1618 2867 Neque
1635 2794 1770 2849 enim

191 2882 330 2939 loculi
362 2886 482 2940 estis
513 2902 691 2943 coram
721 2903 801 2940 me
834 2896 1028 2943 rectum
1057 2903 1076 2942 .'
1102 2887 1233 2942 sicut
1264 2904 1438 2941 servus
1466 2904 1606 2943 meus
1645 2887 1768 2944 Job.

190 2976 412 3031 Abierant
460 2994 588 3050 ergo
622 2976 846 3053 Eliphaz
874 2977 1232 3047 Themanites,
1266 2991 1312 3036 et
1339 2980 1546 3036 Baldad
1571 2981 1770 3051 Suites,

188 3076 229 3121 rt
249 3069 449 3141 Sophar
473 3070 864 3141 Naamathites,
888 3082 931 3128 et
954 3074 1182 3144 fecerunt
1214 3076 1345 3129 sicut
1368 3076 1569 3130 locutus
1601 3077 1770 3150 fuerat

189 3160 425 3221 Dominus
466 3166 539 3220 ad
584 3184 688 3223 eos.
723 3168 892 3237 Quem
941 3168 1119 3224 locum
1168 3170 1256 3224 alii
1288 3169 1594 3230 dixerunt:
1640 3170 1769 3226 Ideo

1873 1966 1997 2029 pote
2044 1956 2398 2014 ﬁdelissimus
2429 1954 2524 2011 Dei
2569 1968 2761 2010 servus
2782 1997 2797 2022 ,
2829 1951 3052 2007 minime
3081 1947 3334 2006 dubitare
3373 1947 3472 2005 de-

1874 2051 2028 2107 beret
2053 2065 2150 2105 eos
2174 2092 2189 2118 ,
2231 2064 2366 2121 quos
2396 2046 2462 2103 ad
2494 2047 2662 2103 Deum
2697 2044 3056 2117 praemiserat,
3092 2057 3199 2097 non
3230 2042 3467 2110 perisse.

1874 2148 1967 2205 Sic
1990 2146 2079 2203 ubi
2107 2161 2205 2217 per
2235 2152 2402 2200 totum
2428 2144 2569 2199 hunc
2602 2143 2804 2198 librum
2828 2148 3076 2195 sanctum
3100 2136 3226 2203 Job,
3244 2135 3470 2208 figuram

1879 2240 2134 2296 habuisse
2188 2237 2490 2295 Salvatoris
2539 2232 2956 2307 perspeximus,
3008 2231 3245 2288 donante
3295 2227 3469 2300 gratia

1873 2333 2013 2402 ejus,
2041 2340 2099 2388 ut
2122 2331 2279 2388 nobis
2307 2329 2488 2401 largiri
2514 2328 2766 2398 dignatus
2794 2335 2899 2393 est,
2929 2324 3304 2395 exposuimus,
3334 2332 3383 2378 et
3409 2320 3468 2387 in

1872 2427 2196 2499 quibusdam
2250 2425 2382 2483 locis
2409 2466 2424 2492 ,
2471 2423 2675 2483 amicos
2704 2421 2823 2490 ejus
2851 2418 3146 2491 signiﬁcari
3178 2416 3468 2473 btercticos

1875 2518 2269 2586 intelleximus,
2302 2518 2441 2574 sicut
2486 2516 2648 2571 etiam
2680 2524 2734 2570 et
2764 2513 2911 2570 illum
2942 2510 3102 2567 lieliu
3141 2507 3466 2580 gentilitatis

1874 2614 2131 2672 habuisse
2195 2610 2481 2683 imaginem
2519 2651 2536 2678 ,
2606 2605 2983 2663 disseruimus.
3035 2601 3143 2659 Sed
3193 2601 3318 2674 quia
3369 2614 3467 2671 per

1871 2710 2147 2767 Christum
2194 2705 2486 2778 impiorum
2545 2711 2710 2775 atque
2754 2698 3051 2757 errantium
3081 2693 3468 2752 reconciliatio

1873 2814 1959 2861 est
1979 2822 1990 2856 :
2025 2801 2149 2858 Non
2171 2810 2245 2856 est
2264 2800 2397 2855 enim
2418 2798 2566 2853 aliud
2588 2813 2769 2853 nomen
2788 2794 2880 2851 sub
2902 2792 3049 2862 uelo,
3066 2793 3118 2846 in
3143 2807 3242 2861 quo
3265 2796 3467 2861 Oportet

1873 2898 2039 2954 salz'os
2082 2896 2241 2969 ﬁeri:
2286 2896 2408 2951 ideo
2458 2893 2721 2950 exstincta
2769 2903 2915 2946 nunc
2958 2886 3261 2957 gentilitate
3301 2895 3465 2956 atque

1872 2995 2094 3064 abolita,
2116 2991 2356 3048 literetici
2386 2988 2739 3045 adtlbristum
2772 3002 2799 3039 a
2826 2985 2941 3041 Deo
2962 2983 3122 3039 Patre
3150 2981 3460 3047 mittuntur,

1875 3099 1933 3144 ut
1958 3103 2055 3159 per
2083 3100 2243 3157 quem
2275 3084 2424 3155 prius
2455 3081 2644 3137 salvati
2679 3078 2912 3144 fuerant,
2944 3091 3162 3132 rursum
3196 3072 3332 3146 lapsi
3364 3088 3464 3144 per

1875 3178 2123 3235 eumdem
2167 3176 2519 3233 mediatorem
2574 3174 2683 3229 Deo
2734 3171 3174 3229 reconcilientur.
3205 3165 3260 3223 In
3311 3164 3468 3220 bolo-

186 3257 373 3328 despexi
394 3263 777 3335 memetipsum,
800 3272 848 3318 et
866 3263 1114 3330 distabui,
1138 3273 1182 3318 et
1205 3265 1452 3319 aestimavi
1474 3282 1553 3319 me
1578 3274 1768 3321 terram
1797 3251 1839 3312 (ἶ
1874 3286 2063 3328 causm
2087 3286 2215 3328 vero
2241 3279 2448 3339 septem
2478 3278 2755 3325 taurorum
2785 3273 2840 3321 et
2869 3263 3126 3329 arietum,
3157 3260 3462 3317 orationum

184 3358 224 3403 et
266 3352 505 3410 cinerem.
561 3354 714 3424 Quod
768 3364 948 3411 autem
1003 3356 1058 3411 in
1112 3355 1364 3427 injuriam
1420 3357 1592 3412 sancti
1620 3349 1763 3421 Job,

182 3442 322 3499 amici
358 3447 480 3518 ejus
512 3464 619 3501 non
646 3458 795 3503 recte
830 3449 990 3503 locuti
1024 3447 1255 3517 fuerint,
1301 3450 1384 3505 hic
1413 3459 1627 3522 aperte.
1660 3451 1766 3507 Do-

182 3535 313 3591 mino
344 3539 422 3594 eis
469 3541 774 3609 imputante
797 3584 811 3608 ,
865 3552 1236 3598 monstratur:
1271 3544 1415 3599 unde
1450 3547 1566 3614 ipse
1594 3545 1669 3599 ait
1696 3544 1763 3600 ad

180 3640 279 3696 eos,
311 3630 455 3700 quod
499 3641 781 3697 peccatum
813 3632 943 3691 illud
975 3634 1411 3705 exprobrationis
1441 3638 1519 3691 cis
1548 3636 1749 3693 remitti

179 3733 271 3775 non
293 3721 505 3791 possit,
537 3723 637 3778 nisi
669 3723 862 3780 beatus
893 3725 995 3781 Job
1028 3743 1124 3796 pro
1158 3726 1263 3782 illis
1294 3727 1549 3797 oraverit,
1582 3737 1638 3786 et
1669 3731 1765 3785 bo-

176 3812 470 3872 locaustum
521 3818 930 3891 pr0pitiationis
960 3820 1238 3877 obtulerit.
1284 3821 1385 3879 Ubi
1432 3823 1762 3881 advertimus

172 3906 300 3973 quod
357 3910 675 3968 sacerdotis
716 3910 899 3967 ofﬁcio
940 3912 1131 3970 beatus
1168 3914 1271 3970 Job
1315 3915 1531 3972 iunctus
1573 3916 1762 3977 fuerit.

174 3993 504 4073 intelligatur
533 4001 639 4060 hoc
668 4003 786 4059 loco
809 4003 955 4076 quod
988 4006 1117 4062 nulli
1150 4007 1405 4078 expediat
1427 4023 1546 4062 cum
1580 4010 1763 4064 exsul-

171 4091 358 4149 talione
385 4135 402 4163 ,
438 4103 499 4151 et
530 4097 781 4152 convicio
823 4112 1124 4168 coarguere
1168 4100 1219 4154 in
1255 4100 1347 4155 Dei
1380 4101 1757 4171 cast‘gatione,

169 4199 225 4239 ac
242 4187 663 4255 tribulationum
690 4190 972 4247 laboribus
994 4195 1370 4248 constitutum.
1394 4195 1480 4249 Ait
1504 4210 1756 4266 namque,

163 4279 296 4352 quod
322 4281 430 4340 Job
457 4292 589 4339 ante
615 4299 714 4355 pro
742 4284 824 4340 eis
845 4284 1169 4342 sacrificium
1200 4285 1543 4354 otfcrentem,
1568 4286 1756 4344 faciem

165 4374 273 4444 ejus
310 4378 378 4433 ad
426 4378 834 4435 exaudiendum
870 4379 1109 4437 libenter
1133 4384 1454 4452 susceperit.
1490 4383 1559 4438 Et
1610 4382 1760 4441 addit

163 4464 418 4525 Dominus
451 4469 717 4542 duplicia.
759 4471 815 4527 In
868 4474 1219 4544 sequentibus
1269 4475 1530 4545 quaeritur
1560 4490 1756 4533 sensus

162 4560 289 4630 ejus,
322 4564 419 4635 qui
459 4563 920 4635 quemadmodum
948 4566 1107 4622 fuerit
1141 4567 1465 4637 duplicatus,
1501 4568 1626 4624 libri
1658 4570 1749 4624 bu-

1871 3374 2033 3438 atque
2073 3366 2542 3434 eleemosynarum
2572 3356 2873 3414 satisfaCtio
2899 3399 2913 3422 ,
2962 3352 3234 3427 superbiae
3279 3358 3334 3405 et
3371 3351 3467 3405 ira:

1871 3457 2190 3517 cntundatio
2250 3457 2491 3528 plenaria
2520 3496 2535 3522 ,
2588 3463 2749 3526 atque
2798 3449 3042 3529 perfecta
3084 3465 3180 3520 per
3222 3446 3464 3502 laborem

1871 3562 2035 3623 atque
2069 3550 2439 3607 innocentiam
2492 3545 2811 3620 poenitentia
2856 3543 3280 3599 demonstratur.
3310 3536 3470 3607 Quod

1869 3654 2050 3699 autem
2083 3642 2191 3697 ait:
2251 3661 2261 3672 ·

1940 3735 2009 3790 Et
2035 3735 2264 3806 suscepit
2294 3734 2547 3790 Dominus
2589 3733 2773 3806 faciem
2803 3728 2907 3785 Job
2927 3772 2940 3796 ,
2976 3726 3236 3785 Dominus
3264 3741 3465 3796 quoque

1867 3843 2142 3882 conversus
2186 3836 2259 3882 est
2289 3827 2358 3880 ad
2383 3825 2734 3899 paenitentiam
2769 3820 2893 3891 Jc-b,
2927 3836 3043 3874 cum
3070 3826 3238 3874 oraret
3260 3818 3348 3873 ille
3369 3834 3463 3886 pro

1866 3920 2046 3974 amicis
2084 3920 2222 3985 suis;
2260 3918 2391 3973 illud
2427 3925 2512 3974 est
2553 3914 2698 3988 quod
2732 3916 2805 3970 ait
2853 3911 3182 3984 Apostolus:
3228 3908 3467 3965 Christus

1864 4009 2017 4068 Jesus
2057 4012 2144 4084 qui
2184 4020 2255 4066 est
2304 4011 2358 4065 in
2389 4010 2600 4064 dextera
2632 4006 2769 4063 Dei:
2819 4007 2910 4079 qui
2940 4004 3106 4060 etiam
3153 4002 3467 4073 interpellat

1867 4118 1964 4176 pro
1993 4103 2173 4170 nobis,
2196 4101 2493 4159 secundum
2521 4102 2786 4157 Joannem
2819 4098 3144 4170 apostolum,
3165 4094 3460 4150 advocatus

1864 4205 2049 4252 noster
2076 4205 2159 4252 est
2185 4242 2200 4267 ,
2233 4208 2281 4251 et
2318 4194 2635 4269 propitiatio
2669 4193 2811 4266 apud
2856 4192 3095 4248 Patrem.
3141 4177 3232 4247 Sic
3278 4189 3461 4261 itaque

1861 4289 2032 4346 facies
2083 4289 2384 4349 Salvatoris
2425 4303 2455 4344 a
2494 4288 2656 4347 Patre
2702 4286 3029 4357 suscipitur,
3075 4283 3203 4339 dum
3247 4291 3303 4338 et
3345 4282 3461 4354 ipse

1862 4383 2105 4453 exaudit,
2130 4392 2185 4441 et
2211 4382 2520 4440 exauditur.

1936 4477 2003 4535 Et
2031 4476 2235 4531 addidit
2269 4475 2519 4533 Dominus
2544 4474 2717 4531 omnia
2746 4481 3078 4543 quotcumque
3104 4471 3307 4543 fuerant
3329 4466 3454 4537 Job,

1818 4554 1821 4559 ’
1862 4568 2116 4639 duplicia.
2149 4569 2239 4624 Illa
2283 4570 2443 4641 igitur
2493 4566 2673 4624 addita
2709 4575 2834 4621 sunt
2862 4563 3082 4620 Christo
3127 4560 3358 4617 Domino
3405 4569 3460 4617 et

155 4648 238 4719 jus
280 4653 543 4725 Scriptor
573 4655 864 4728 diligenter
895 4668 1135 4715 enarrat.
1168 4657 1387 4716 Fratres
1419 4677 1549 4717 vero
1583 4671 1636 4718 et
1666 4677 1755 4719 so-
1782 4648 1831 4713 Ι)
1861 4664 1975 4721 Deo
2030 4671 2220 4720 nostro
2253 4703 2267 4728 ,
2322 4677 2446 4719 cum
2503 4661 2704 4733 populo
2755 4658 2921 4714 Israel
2985 4671 3083 4728 per
3136 4655 3298 4711 tidem
3353 4652 3453 4711 ad-

158 4757 327 4817 rores,
359 4750 456 4821 qui
487 4750 554 4805 ad
586 4750 804 4806 beatum
836 4750 938 4808 Job
989 4761 1113 4824 post
1140 4753 1349 4824 plagam
1380 4756 1754 4828 castigationis

156 4839 266 4908 ejus
315 4853 739 4912 convenerant,
782 4860 975 4903 omnes
1004 4847 1367 4917 cogitationes
1392 4891 1406 4917 ,
1440 4860 1492 4904 et
1539 4849 1758 4907 familia:

153 4936 367 5002 generis
397 4936 526 5006 ejus
555 4936 925 5009 intelligenda:
956 4951 1105 4997 sunt.
1140 4940 1390 4999 Universi
1441 4942 1605 4999 etiam
1640 4944 1754 5001 noti

152 5036 202 5081 et
227 5028 392 5084 amici
438 5027 561 5099 ejus
584 5074 599 5099 ,
633 5030 724 5101 qui
756 5030 994 5101 regalem
1026 5032 1321 5102 potentiam
1355 5035 1473 5105 ejus
1504 5034 1753 5107 singula-

152 5133 376 5192 remque
418 5121 746 5193 sapientiam
795 5124 946 5195 prius
997 5133 1301 5192 noverant,
1348 5127 1628 5182 venientes
1682 5127 1749 5183 ad

150 5228 266 5271 eum
309 5216 683 5273 comederunt
711 5231 832 5272 cum
877 5233 943 5273 eo
975 5219 1028 5273 in
1060 5219 1311 5275 convivio
1342 5220 1564 5276 honoris
1593 5221 1709 5292 ejus
1737 5239 1748 5275 :

148 5306 199 5361 in
221 5325 334 5380 quo
347 5309 694 5381 significatus
717 5319 801 5367 est
824 5310 970 5367 abeo
992 5312 1235 5367 omnium
1265 5312 1508 5369 sordium
1533 5313 1754 5385 squalor

147 5401 461 5459 abstersus.
492 5403 550 5459 In
603 5414 751 5458 motu
796 5419 928 5461 vero
953 5406 1146 5477 capitis
1174 5448 1188 5474 ,
1235 5406 1523 5463 indicatam
1556 5424 1753 5463 convc-

149 5495 430 5551 nientium
456 5496 523 5553 ad
570 5512 693 5553 eum
723 5494 966 5552 laetitiam
1006 5498 1319 5553 noverimus
1352 5517 1363 5553 :
1399 5499 1596 5571 quique
1628 5515 1749 5555 mu-

142 5589 291 5644 neris
338 5588 529 5661 gratia
556 5629 572 5654 ,
604 5588 756 5644 velut
791 5587 980 5658 inopi,
1013 5598 1067 5645 et
1116 5590 1329 5661 penitus
1360 5590 1495 5646 nihil
1529 5590 1747 5647 babenti

142 5679 425 5737 dederunt
462 5695 594 5737 oves
618 5680 859 5752 singulas
879 5724 893 5748 ,
925 5691 979 5736 et
1011 5683 1228 5738 inaures
1256 5697 1454 5739 aureas
1483 5684 1746 5755 singulas.

140 5773 196 5831 in
221 5776 328 5834 hac
351 5776 761 5844 consolatione,
792 5775 896 5833 etsi
926 5791 1092 5849 parva
1118 5787 1172 5834 et
1220 5779 1459 5849 priorum
1490 5778 1751 5835 bonorum

139 5871 550 5945 duplicatione,
586 5870 940 5929 animadverti
965 5879 1165 5944 potest,
1187 5871 1329 5944 quod
1358 5872 1579 5944 grandis
1607 5872 1748 5929 mul-

1861 4757 1967 4814 dita
1999 4765 2083 4813 est
2108 4756 2348 4828 gentium
2378 4753 2691 4822 multitudo,
2713 4763 2768 4811 et
2798 4752 3033 4809 addetur
3060 4751 3113 4807 in
3144 4766 3339 4823 regno.

1937 4849 2197 4906 Venerunt
2232 4861 2406 4906 autem
2426 4849 2495 4905 ad
2513 4865 2628 4903 eum
2650 4864 2822 4903 omnes
2845 4847 3029 4920 fratres
3051 4845 3134 4900 sui
3141 4886 3156 4912 ,
3186 4852 3232 4899 et
3254 4842 3464 4898 univer-

1858 4959 1930 5000 sa:
1967 4959 2171 4998 sorores
2207 4958 2346 5010 suae,
2376 4950 2427 4997 et
2453 4942 2623 4997 cuncti
2651 4939 2743 5012 qui
2781 4948 3026 4994 noueram
3055 4952 3168 4992 eum
3200 4934 3345 5010 prius
3364 4978 3379 5004 ,
3410 4940 3459 4986 et

1859 5035 2187 5092 comederunt
2215 5051 2332 5089 cum
2361 5051 2420 5089 eo
2447 5050 2632 5107 panem
2658 5034 2711 5089 in
2742 5033 2895 5088 domo
2923 5033 3055 5105 ejus.
3088 5028 3153 5084 Et
3185 5034 3457 5082 moverunt

1863 5144 2019 5198 super
2066 5144 2178 5183 eum
2220 5136 2392 5199 caput.
2434 5125 2590 5195 Quod
2640 5126 2745 5191 ait,
2782 5134 3073 5189 venerunt,
3118 5121 3221 5177 hoc
3247 5128 3333 5176 est
3360 5130 3458 5191 per

1863 5222 2021 5278 fidem
2053 5223 2103 5278 ei
2134 5222 2462 5293 incorporati
2493 5230 2619 5277 sunt
2644 5262 2658 5286 ,
2694 5229 2751 5276 ut
2777 5220 2916 5275 intra
2941 5217 3234 5273 Ecclesiam
3264 5213 3319 5270 in
3350 5227 3460 5269 uno

1858 5314 2054 5386 spiritu
2081 5314 2389 5386 congregati
2432 5321 2615 5369 essent
2662 5311 2907 5368 membra
2938 5310 3055 5380 ejus
3109 5323 3300 5363 omnes
3331 5323 3454 5364 cre-

1855 5407 2051 5464 dentes
2096 5411 2148 5463 in
2177 5423 2323 5464 eum.
2376 5406 2594 5463 Fratres
2619 5418 2797 5461 autem
2841 5412 2896 5460 et
2933 5416 3153 5460 sorores
3182 5400 3458 5466 dicuntur,

1858 5503 2038 5559 omnis
2081 5501 2173 5557 illa
2224 5500 2476 5573 cognatio
2508 5500 2823 5558 Judteorum
2854 5496 3075 5568 populi:
3109 5494 3178 5550 de
3222 5508 3452 5566 quorum

1862 5595 2062 5649 familia
2115 5603 2273 5650 natus
2323 5603 2408 5651 est
2452 5592 2724 5649 Christus.
2755 5590 2881 5648 Sive
2930 5588 3126 5645 fratres
3156 5596 3210 5644 et
3239 5600 3458 5643 sorores

1860 5686 2197 5760 generaliter
2233 5686 2479 5742 omnium
2524 5686 2804 5741 nationum
2838 5678 3217 5738 multitudines
3256 5678 3462 5734 intelli-

1860 5796 1991 5852 gere
2028 5795 2318 5853 possumus
2352 5798 2365 5835 :
2400 5795 2466 5835 eo
2494 5776 2635 5850 quod
2677 5777 2746 5834 de
2789 5789 2964 5833 massa
2995 5773 3212 5828 humani
3241 5769 3461 5844 generis

1864 5889 2082 5933 carnem
2105 5872 2420 5947 assumpsit,
2455 5886 2553 5944 per
2576 5885 2737 5944 quam
2765 5869 2869 5929 sibi
2889 5877 3121 5929 ceteros
3145 5865 3343 5925 fratres
3369 5860 3459 5920 di-
