3944 6334
485 338 589 400 799

1271 337 1619 398 APPENDIX
1660 337 1752 397 AD
1791 338 2034 398 TOMUM
2075 337 2431 398 SEPTIMUM
2469 339 2529 398 S.
2571 339 2976 398 illERONYMl.
3638 348 3725 406 δυο

483 468 684 533 gnatus
704 471 787 519 est
816 464 1027 519 facere:
1055 460 1126 518 de
1155 460 1350 533 quibus
1371 461 1447 516 ait
1469 460 1536 516 ad
1564 461 1807 517 Patrem:
1835 459 2080 515 Narrabo
2106 457 2159 520 Α
2183 477 2396 515 auream
2439 479 2613 516 unam.
2640 461 3018 534 Unusquisque
3053 475 3151 532 per
3180 460 3339 520 ﬁdem
3387 462 3450 520 ad
3486 461 3722 526 Christum

483 571 667 612 nomen
700 565 846 611 tuum
871 556 1122 628 fratribus
1151 555 1300 624 meis,
1329 563 1375 609 et
1403 555 1456 608 in
1482 553 1650 608 medio
1684 551 1932 608 Ecclesia?
1969 553 2083 607 lau-

487 649 622 704 dabo
654 657 720 705 te.
753 649 820 705 Et
847 650 898 704 in
932 648 1222 720 Evangelio
1253 647 1361 703 ait:
1403 646 1504 718 Qui
1534 649 1669 702 enim
1701 647 1875 718 fecerit
1901 648 2084 701 rotun-

486 749 644 797 tatem
671 739 792 808 Dei,
825 740 911 796 hic
950 741 1078 795 mihi
1117 751 1162 796 et
1197 740 1379 812 frater,
1429 749 1476 796 et
1517 757 1684 809 soror,
1715 750 1762 795 et
1790 746 1953 793 mater
1983 747 2079 793 est.

487 833 554 892 Et
581 833 765 891 cuncti
786 835 876 905 qui
900 851 1021 892 eum
1053 836 1204 906 prius
1227 844 1518 903 noverunt,
1545 842 1806 891 venerant
1831 834 1898 889 ad
1922 849 2080 890 eum:

487 925 558 982 ita
605 935 660 983 et
703 926 773 983 de
817 926 896 982 eis
940 927 1286 984 sentiendum
1341 937 1464 994 est,
1495 929 1621 1001 quia
1659 938 1928 985 noverunt
1957 944 2081 985 eum

486 1020 638 1091 prius
664 1035 856 1077 omnes
885 1021 1058 1077 sancti
1086 1032 1140 1077 et
1171 1021 1482 1094 prophetae,
1517 1022 1607 1094 qui
1638 1037 1762 1078 eum
1793 1022 1979 1096 utique
2007 1022 2086 1077 vi-

487 1115 690 1171 debant
728 1116 783 1172 in
813 1117 1050 1188 Spiritu:
1102 1133 1266 1188 quem
1307 1119 1470 1173 etiam
1503 1117 1555 1172 in
1605 1133 1768 1174 carne
1796 1125 2082 1173 venturum

487 1209 916 1273 annuntiabant.
955 1210 1097 1266 sicut
1127 1209 1246 1280 ipse
1289 1209 1549 1266 Dominus
1577 1209 1744 1266 dicit:
1777 1209 1935 1265 Multi
1963 1226 2084 1282 pro-

487 1303 654 1375 pheta:
679 1313 726 1358 et
755 1304 882 1374 iusti
906 1304 1179 1376 cupierunt
1205 1303 1378 1358 uidere
1399 1321 1514 1376 qua:
1541 1320 1626 1358 vos
1657 1303 1878 1371 vidistis,
1910 1312 1955 1358 et
1982 1319 2084 1357 non

486 1395 756 1452 viderunt:
785 1406 831 1452 et
856 1395 1041 1452 audire
1070 1413 1185 1465 qua
1213 1413 1298 1452 vos
1321 1397 1564 1464 audistis,
1585 1406 1633 1452 et
1651 1414 1753 1452 non
1779 1397 2081 1453 audierunt.

489 1489 660 1560 Quem
687 1491 1140 1547 videbantautem
1171 1491 1224 1546 in
1251 1492 1473 1562 spiritu,
1509 1491 1850 1562 prmsentiam
1881 1490 2085 1547 adven-

489 1594 579 1643 tus
609 1587 729 1658 ejns
761 1587 816 1643 in
842 1602 1006 1654 carne
1044 1586 1230 1644 videre
1263 1587 1674 1652 desiderabant,
1709 1592 1851 1642 sicut
1877 1597 1929 1643 et
1958 1602 2086 1644 san-

491 1693 611 1739 ctus
635 1681 928 1750 Abraham,
953 1683 1021 1740 de
1043 1699 1149 1754 quo
1173 1683 1249 1738 ait
1271 1683 1528 1740 Dominus
1556 1702 1567 1738 :
1600 1683 1864 1737 Abraham
1889 1698 2081 1737 concu-

489 1779 614 1852 pivit
636 1779 802 1834 videre
831 1778 967 1834 diem
989 1796 1194 1835 meum:
1218 1791 1264 1836 et
1289 1781 1439 1847 vidit,
1472 1789 1519 1834 et
1543 1781 1748 1854 gavisus
1776 1789 1868 1835 est.
1894 1779 2080 1850 Itaque

490 1873 734 1944 prmdicti
760 1873 935 1929 sancti
961 1885 1248 1942 venerunt,
1264 1875 1516 1946 quoniam
1540 1873 1810 1930 habentes
1833 1873 2081 1929 eumdem
2115 1856 2159 1916 Β

490 1967 738 2039 spiritum
769 1966 890 2024 fidei
910 2009 924 2033 ,
959 1968 1426 2040 pr0phetaverunt
1455 1967 1752 2038 velutjusti
1781 1984 1845 2023 ex
1876 1967 1981 2024 ﬁde
2007 1968 2085 2023 vi-

492 2068 714 2128 ventes,
763 2070 819 2116 et
862 2071 1267 2118 sacramentum
1295 2063 1681 2118 incarnationis
1709 2061 1910 2118 Christi
1941 2061 2085 2117 futu-

491 2168 611 2210 rum
665 2155 1024 2224 prrevidentes
1068 2155 1121 2211 in
1150 2156 1377 2226 spiritu,
1406 2155 1458 2211 in
1490 2157 1660 2226 ipsam
1693 2155 1850 2211 fidem
1882 2155 2084 2211 Christi

494 2263 590 2318 per
612 2248 855 2305 eamdem
880 2249 1256 2320 pmnitentiam
1279 2258 1568 2318 venerunt,
1592 2250 1642 2305 id
1671 2258 1773 2316 est,
1805 2265 1874 2307 ex
1899 2250 2002 2305 ﬁde
2030 2250 2084 2306 in

493 2340 679 2412 ﬁdem,
710 2352 766 2398 ut
795 2354 981 2400 essent
1010 2345 1111 2400 sub
1137 2345 1361 2402 Christo
1390 2346 1568 2417 capite
1597 2361 1784 2409 unum,
1818 2354 1874 2400 et
1899 2345 2000 2416 ipsi
2032 2345 2084 2400 in

493 2448 723 2504 corpore
755 2436 1016 2494 Ecclesiae
1058 2437 1341 2495 constituti
1366 2456 1379 2493 :
1409 2439 1519 2503 tibi,
1541 2438 1652 2510 jam
1684 2441 2086 2496 resurrectione

492 2528 795 2599 gloritieato
812 2528 1049 2601 Christo,
1085 2542 1139 2588 et
1167 2547 1231 2588 ex
1258 2532 1525 2602 passionis
1546 2532 1876 2588 contumelia
1905 2532 1956 2586 in
1989 2531 2088 2587 lto-

495 2639 684 2682 norem
709 2626 991 2696 pristinum
1012 2628 1286 2696 restituto,
1312 2645 1454 2686 nunc
1475 2629 1713 2686 in'domo
1735 2629 1873 2700 ejus,
1905 2629 2088 2686 Eccle-

493 2721 594 2788 sia,
623 2736 818 2791 panem
841 2733 1301 2780 sacramentorum
1324 2725 1441 2796 ejus
1464 2725 1756 2782 comedunt
1777 2741 1970 2782 omnes
1991 2741 2089 2796 per

497 2815 660 2872 ﬁdem
691 2819 972 2876 venientes
1011 2818 1086 2876 ad
1121 2837 1266 2876 eum.
1298 2821 1431 2877 Cum
1489 2822 1606 2893 ipso
1659 2831 1842 2878 autem
1894 2836 2087 2892 panem

495 2909 618 2967 ideo
663 2913 950 2970 comedere
991 2913 1268 2985 dicuntur,
1314 2915 1440 2986 quia
1469 2915 1586 2985 ipse
1617 2915 1792 2972 dixit:
1831 2917 1962 2971 Ecce
1995 2933 2087 2988 ego

495 3002 757 3060 vobiscum
784 3023 894 3061 sum
926 3007 1161 3062 omnibus
1200 3007 1376 3062 diebus
1403 3025 1564 3081 usque
1599 3009 1668 3063 ad
1697 3011 2092 3064 consummatio-

496 3115 614 3154 nem
641 3103 838 3158 satculi.
868 3101 994 3161 Sive
1030 3107 1153 3177 quia
1197 3106 1312 3178 ipse
1342 3107 1658 3165 earumdem
1701 3111 2088 3182 mysteriorum

494 3205 578 3251 est
601 3209 974 3265 consecrator,
1000 3199 1053 3255 in
1085 3201 1281 3272 quibus
1311 3211 1366 3259 et
1397 3205 1570 3272 Ipsum
1597 3203 2010 3261 benedicentem
2035 3212 2088 3259 et

497 3299 908 3348 consecrantem
954 3294 1287 3364 accipimus:
1319 3298 1442 3367 quia
1475 3296 1592 3368 ipse
1618 3297 1798 3354 dixit:
1830 3297 1944 3371 Ego
1973 3315 2090 3354 sum

498 3385 650 3455 panis
699 3387 839 3442 vivus
877 3388 966 3456 qui
1002 3389 1068 3444 de
1105 3391 1231 3446 caelo
1261 3391 1541 3449 descendit.
1579 3393 1646 3449 Et
1677 3393 1899 3450 verbum
1939 3393 2088 3449 Scri-

499 3490 778 3548 pturarum
811 3485 968 3553 panis
991 3495 1077 3541 est
1105 3485 1340 3552 Christi,
1374 3503 1481 3558 quo
1508 3487 1560 3543 in
1600 3488 1764 3544 domo
1791 3489 2092 3546 Salvatoris

503 3573 770 3644 Ecclesia,
798 3589 1116 3649 pascuntur,
1141 3590 1196 3638 et
1217 3581 1594 3640 exhortatione
1616 3598 1806 3640 eorum
1837 3585 2094 3640 reﬁciun-

501 3677 588 3725 tur
628 3671 900 3741 quondam
947 3671 1054 3729 ﬁde
1103 3675 1290 3746 inopes
1319 3717 1333 3740 ,
1375 3676 1466 3746 qui
1506 3676 1560 3732 in
1592 3677 1694 3733 hoc
1723 3677 1925 3733 saeculo
1967 3693 2092 3732 cum

500 3775 686 3820 essent
709 3767 871 3822 alieni
895 3782 922 3820 a
948 3768 1079 3839 Deo,
1111 3767 1308 3825 famem
1331 3773 1599 3827 sermonis
1627 3772 1795 3828 divini
1817 3773 2094 3843 patieban-

505 3866 611 3926 tur,
644 3868 698 3915 et
729 3861 906 3918 (uncti
931 3863 1020 3933 qui
1055 3878 1180 3919 eum
1223 3863 1378 3934 prius
1410 3875 1698 3932 noverant,
1726 3877 1994 3923 venerunt
2026 3868 2094 3923 ad

503 3969 660 4022 eum,
688 3955 739 4010 id
767 3965 884 4021 est,
915 3959 1006 4028 qui
1053 3974 1176 4015 eum
1205 3971 1470 4016 noverant
1519 3961 1571 4017 in
1605 3971 1771 4026 terra,
1809 3963 1997 4019 venire
2028 3963 2094 4019 ad

503 4061 626 4104 cum
653 4061 970 4107 meruerunt
995 4053 1046 4106 in
1070 4053 1290 4108 emtum.
1324 4054 1391 4108 Et
1413 4067 1718 4122 moverunt,
1745 4055 1922 4128 inquit
1951 4057 2097 4114 Scri-

503 4149 660 4212 ptura
684 4184 698 4208 ,
729 4157 892 4213 super
916 4159 982 4199 eo
1012 4156 1175 4214 caput
1202 4165 1212 4199 :
1260 4147 1600 4204 exsultantes
1631 4148 1916 4214 videlicet,
1949 4150 2095 4221 quod

503 4235 874 4310 spiritualibus
901 4245 955 4293 et
984 4240 1158 4296 sacris
1187 4239 1672 4299 Chrisdconviviis
1703 4243 1879 4299 eﬁ’ecti
1908 4253 2098 4300 essrnt

505 4327 838 4400 participes:
879 4331 1018 4387 sicut
1059 4332 1321 4390 Dominus
1347 4336 1423 4390 ait
1461 4335 1514 4392 in
1546 4336 1788 4408 psalmo:
1824 4337 1958 4393 Vota
1987 4355 2099 4394 mea

505 4417 725 4477 reddam
751 4437 924 4479 coram
961 4424 1105 4480 vultu
1139 4426 1429 4482 timentium
1458 4445 1608 4484 eum:
1635 4429 1787 4486 edent
1827 4448 2102 4501 pauperes,

507 4523 556 4570 et
581 4519 971 4587 saturabuntur,
1005 4531 1051 4577 et
1079 4520 1365 4578 laudabunt
1396 4522 1696 4590 Datninum,
1719 4526 1808 4595 qui
1839 4525 2104 4597 requirunt

508 4625 647 4665 eum.

586 4703 651 4759 Et
677 4707 925 4764 consolati
954 4719 1072 4766 sunt
1101 4728 1216 4767 eum
1242 4728 1398 4783 super
1427 4714 1566 4767 omni
1595 4714 1733 4770 malo
1753 4715 1892 4785 quod
1921 4715 2107 4770 intule-

509 4809 591 4855 rat
621 4798 876 4859 Dominus
914 4823 1069 4877 super
1107 4823 1245 4862 eum.
1301 4808 1647 4866 Salvatorem
1701 4821 1946 4867 nostrum
1996 4827 2104 4868 non

515 4894 863 4954 mediocriter
906 4903 1240 4969 consolatur,
1273 4903 1364 4975 qui
1396 4905 1703 4974 passionem
1736 4906 1861 4977 ejus
1883 4950 1898 4975 ,
1943 4922 2106 4978 quam

519 5005 616 5060 pro
636 4992 1007 5064 redemptione
1034 4997 1218 5052 mundi
1243 4999 1501 5070 suscepit,
1533 5015 1654 5056 cum
1682 5001 1881 5071 gaudio
1907 5000 2105 5067 credit,

515 5096 568 5143 et
588 5087 822 5144 ﬁdeliter
843 5089 1017 5146 oculis
1039 5089 1160 5147 ﬁdei
1184 5102 1503 5157 contuetur;
1537 5093 1652 5161 ipse
1683 5094 1826 5149 enim
1856 5093 1949 5148 tali
1977 5109 2111 5150 coa-

514 5181 789 5238 solatione
822 5185 1061 5254 repletus
1088 5196 1192 5250 est,
1223 5186 1313 5256 qui
1339 5202 1461 5240 cum
1491 5185 1715 5241 vidisset
1747 5186 1960 5241 turbam
1990 5202 2109 5243 cre-

515 5274 782 5346 dentium,
816 5277 1110 5333 exsultavit
1143 5279 1194 5332 in
1237 5279 1451 5348 spiritu.
1483 5276 1626 5333 sicut
1653 5287 1840 5334 sancto
1876 5294 2111 5350 evange-

517 5371 641 5428 lista
678 5373 952 5430 scribente
993 5371 1304 5430 didicimus.
1337 5373 1591 5430 lntulisse
1631 5383 1814 5430 autem
1848 5373 1986 5430 Filio
2013 5389 2112 5430 suo

520 5465 686 5522 Deum
710 5467 926 5524 Patrem
952 5468 1153 5525 malum
1179 5468 1445 5538 passionis
1467 5475 1523 5524 et
1549 5470 1760 5534 mortis,
1785 5468 1857 5522 ita
1879 5467 2113 5524 dicimus

521 5561 823 5619 secundum
878 5564 1204 5634 Apostolum
1228 5582 1245 5620 :
1279 5563 1382 5632 Qui
1438 5564 1652 5636 proprio
1691 5562 1837 5618 Filio
1874 5579 1970 5618 suo
2006 5579 2110 5618 non

513 5657 775 5729 pepercit,
822 5658 915 5714 sed
956 5675 1052 5730 pro
1083 5659 1228 5715 nobis
1256 5658 1495 5714 omnibus
1521 5657 1737 5712 tradidit
1767 5673 1906 5711 eum.
1935 5656 2112 5728 Super

514 5739 660 5823 quod
690 5767 942 5824 magnam
991 5753 1256 5810 sumimus
1300 5752 1761 5820 consolationem,
1791 5750 1934 5823 quod
1961 5749 2113 5807 dabit

516 5845 674 5900 nobis
703 5845 843 5920 bona
874 5859 991 5912 sua,
1017 5850 1107 5917 qui
1139 5847 1284 5902 mala
1317 5855 1502 5904 nostra
1531 5846 1790 5916 suscepit.

576 5934 642 5989 Et
672 5935 922 5991 dederunt
953 5937 1000 5991 (ἱ
1028 5940 1375 6008 tmttsquisque
1401 5954 1541 5994 ovem
1573 5951 1753 6007 unam,
1787 5949 1834 5993 c‘t
1871 5937 2108 5993 inaurem

2186 554 2540 622 venientium,
2574 555 2734 610 oﬁ‘ert
2763 555 2812 610 ei
2845 555 3211 611 innocentiam
3244 572 3396 612 suam
3421 598 3435 624 ,
3467 561 3726 632 mentisque

2185 647 2571 705 obedientiam.
2637 649 2772 718 Quia
2828 659 2883 706 et
2933 651 3223 720 Apostolus
3277 667 3343 706 ex
3403 654 3727 721 peccatoribus

2185 757 2404 801 sanetos
2452 744 2699 814 cchctos,
2735 744 2807 800 ita
2853 746 3041 801 vivere
3085 744 3262 812 docet,
3293 746 3506 800 dicens:
3539 747 3728 805 Obsecro

2185 853 2269 890 vos
2289 881 2302 905 ,
2339 839 2521 908 fratres
2548 878 2562 904 ,
2594 845 2648 891 ut
2689 836 2968 892 eahibeatis
3003 855 3224 910 corpora
3254 847 3420 893 uestra
3448 838 3647 894 hostiam
3668 845 3732 897 vi-

2186 946 2332 996 vam,
2361 939 2626 998 sanctam,
2672 931 2781 985 Deo
2812 930 3119 1001 placentem.
3162 933 3252 987 Sic
3285 932 3463 1003 itaque
3491 935 3733 992 venientes

2187 1023 2250 1077 ad
2280 1023 2593 1090 Christum,
2630 1022 2940 1079 elﬁciuntur
2974 1039 3102 1080 oves
3142 1023 3462 1090 dominicas,
3490 1039 3605 1080 oves
3631 1041 3735 1083 san-

2185 1127 2310 1185 etzn,
2339 1133 2470 1174 oves
2499 1117 2606 1172 illa:
2635 1118 3020 1185 rationabiles,
3047 1117 3407 1174 ascendentes
3440 1117 3502 1173 de
3530 1118 3731 1186 lavacro,

2185 1212 2430 1284 geminos
2459 1212 2597 1270 fctus
2629 1213 2914 1277 habentes,
2948 1229 3068 1270 cum
3102 1229 3196 1285 per
3228 1213 3581 1269 obedientiam
3607 1229 3733 1269 man-

2184 1307 2436 1363 datorum
2463 1309 2581 1379 Dei,
2613 1319 2812 1364 renatm
2846 1310 2899 1364 in
2923 1307 3142 1364 Christo
3162 1350 3178 1375 ,
3221 1309 3536 1365 innocentes
3561 1319 3609 1366 ct
3629 1310 3735 1365 sim-

2187 1399 2355 1471 plices
2384 1400 2618 1471 operarii
2649 1399 2852 1457 fuerint
2883 1411 2938 1455 et
2968 1401 3175 1457 ﬁdeles.

2258 1494 2508 1550 Dominus
2533 1506 2704 1552 autem
2722 1495 2984 1552 benedixit
3005 1496 3294 1551 novissimis
3312 1493 3413 1550 Job
3435 1496 3589 1568 magis
3609 1512 3737 1568 quam

2186 1589 2443 1662 principio
2476 1592 2606 1661 ejus.
2638 1587 2706 1644 Et
2743 1592 2882 1662 facta
2930 1600 3047 1645 sunt
3093 1591 3140 1645 ei
3183 1591 3565 1661 quatuordecim
3603 1589 3740 1644 millia

2186 1689 2354 1741 ovium
2375 1730 2388 1754 ,
2418 1695 2466 1740 et
2497 1701 2590 1740 sex
2617 1685 2784 1740 millia
2812 1686 3157 1754 camelorum,
3187 1695 3234 1740 et
3273 1687 3418 1740 mille
3438 1689 3564 1759 juga
3591 1687 3738 1754 bourn,

2185 1788 2233 1834 et
2260 1777 2403 1834 mille
2423 1779 2605 1833 asinee.
2643 1777 2918 1848 Principia
2950 1776 3149 1833 Christi
3186 1778 3308 1842 Dei,
3352 1788 3408 1832 et
3438 1779 3631 1832 Domini
3658 1794 3740 1833 no-

2188 1874 2305 1940 stri,
2322 1872 2482 1944 Legis
2503 1872 2670 1945 Moysi
2693 1872 2915 1928 exordia
2938 1887 3058 1928 esse
3074 1871 3742 1942 signiticanturﬁovissima

2187 1983 2320 2024 vero
2348 1967 2465 2038 ejus
2512 1966 2863 2038 Evangelium
2894 1981 3014 2022 esse
3037 1975 3386 2021 monstratur.
3413 1964 3560 2021 Unde
3586 1964 3747 2020 Ecclco

2186 2061 2380 2116 siasles
2423 2059 2536 2115 ait:
2565 2057 2788 2114 Meliora
2834 2069 2953 2114 sunt
2995 2060 3271 2115 novissima
3303 2062 3582 2125 sermonis,
3615 2073 3743 2129 quam

2186 2151 2390 2208 initium
2425 2153 2558 2222 ejus.
2597 2152 2834 2208 Proinde
2875 2153 3099 2210 meliora
3131 2164 3259 2210 sunt
3308 2153 3560 2226 mysteria
3597 2152 3746 2208 Evan-

2186 2247 2314 2318 gelii
2361 2247 2595 2304 revelata
2634 2247 2688 2304 in
2738 2246 2980 2318 Christo,
3015 2248 3170 2319 Legis
3211 2248 3678 2321 signiﬁcationibus
3703 2257 3747 2304 et

2189 2343 2422 2415 ﬁguris:
2473 2344 2705 2400 meliora
2757 2347 3023 2402 sacriﬁcia
3075 2346 3320 2402 cor-dium
3373 2345 3746 2412 contritorum,

2188 2452 2348 2508 quam
2381 2436 2850 2496 holocaustomata
2880 2441 3172 2514 pecudum.
3198 2441 3388 2498 Melior
3413 2441 3748 2496 manilestatio

2189 2532 2437 2588 veritatis
2494 2533 2544 2588 in
2593 2534 2932 2605 Evangelio,
2977 2552 3136 2605 quam
3211 2535 3591 2606 allegoriarum
3649 2548 3751 2587 um-

2190 2624 2289 2681 bra
2341 2627 2393 2681 in
2451 2629 2626 2684 veteri
2668 2629 3044 2686 Testamento.
3112 2630 3205 2687 Sic
3272 2631 3458 2702 itaque
3511 2627 3752 2686 benedixit

2193 2718 2456 2776 Dominus
2521 2721 2830 2777 novissimis
2876 2723 2981 2780 Job
3047 2724 3217 2796 magis
3271 2739 3437 2796 quam
3519 2722 3754 2795 principio

2191 2811 2349 2882 ejus,
2397 2823 2456 2869 ut
2495 2814 2547 2870 in
2603 2826 2834 2887 utroque
2880 2817 3124 2889 populo,
3178 2818 3494 2875 Judmorum
3541 2828 3592 2874 et
3639 2833 3752 2888 gen-

2194 2907 2361 2976 tium,
2421 2910 2594 2980 gratia
2645 2910 3152 2983 abundaret:un
3204 2912 3440 2984 populos
3491 2910 3755 2967 secundum

2194 3019 2404 3059 morum
2432 3007 2737 3075 qualitates,
2763 3007 2919 3080 quasi
2958 3009 3058 3064 sub
3095 3009 3441 3066 diversorum
3469 3008 3754 3063 animalium

2195 3099 2505 3155 nominibus
2556 3101 2672 3156 haec
2703 3101 2990 3172 Scriptura
3038 3103 3210 3159 voluit
3261 3103 3560 3174 appellare.
3613 3102 3760 3171 Quam

2198 3208 2326 3248 vero
2357 3194 2809 3264 signiﬁcationem
2841 3197 3030 3253 eadem
3081 3197 3396 3253 animalium
3450 3200 3502 3254 in
3547 3213 3603 3252 se
3627 3211 3761 3251 voca-

2197 3288 2320 3344 bula
2369 3290 2706 3359 contineant,
2763 3291 2814 3346 in
2847 3291 3118 3364 principio
3166 3293 3349 3363 operis
3407 3292 3559 3348 istius
3586 3291 3763 3347 dixisse

2196 3397 2283 3438 me
2305 3383 2556 3440 memini.
2601 3385 2944 3456 Duplicatum
2977 3401 3105 3442 vero
3130 3385 3325 3442 horum
3357 3386 3663 3442 animalium
3684 3400 3765 3439 uu-

2195 3493 2426 3544 merum,
2456 3491 2675 3550 propter
2696 3490 2986 3553 utrumque
3017 3483 3272 3552 pepulum
3327 3490 3487 3551 puto,
3514 3481 3624 3536 sive
3655 3494 3763 3551 pro-

2196 3583 2316 3644 pter
2353 3575 2804 3632 abundantiorem
2834 3577 3063 3648 gratiam
3095 3577 3408 3649 Evangelii,
3448 3577 3627 3646 utjam
3649 3575 3766 3629 dixi-

2197 3681 2339 3732 mus,
2369 3667 2437 3722 dc
2461 3683 2564 3739 qua
2585 3670 2874 3740 Apostolus
2896 3671 2972 3726 ait
2998 3689 3012 3726 :
3039 3670 3365 3742 Sufﬁcienfia
3391 3680 3568 3726 nostra
3595 3685 3655 3724 ea:
3680 3667 3768 3721 Deo

2199 3770 2272 3814 est
2302 3777 2318 3814 :
2350 3763 2438 3832 qui
2467 3773 2514 3816 et
2534 3763 2750 3818 idoneos
2778 3781 2870 3820 nos
2895 3767 3036 3838 fecit,
3071 3777 3115 3821 et
3161 3765 3436 3820 ministros
3467 3765 3582 3819 novi
3611 3762 3768 3816 Testa.

2201 3855 2376 3921 menti,
2409 3873 2511 3910 non
2559 3857 2754 3922 littera,
2789 3859 2878 3913 sed
2906 3859 3336 3931 spiritu:littera
3386 3859 3530 3914 enim
3577 3857 3773 3913 occidit:

2201 3949 2420 4020 spiritus
2449 3959 2621 4004 autem
2649 3951 2892 4018 riviﬁcat.

2275 4043 2343 4097 Et
2373 4044 2583 4116 fuerunt
2604 4046 2652 4099 ci
2673 4057 2866 4118 septem
2896 4048 2996 4119 ﬁlii
3019 4057 3064 4104 et
3095 4057 3197 4103 tres
3229 4049 3379 4118 ﬁlice.
3412 4046 3567 4118 Quod
3593 4055 3778 4116 septem

2206 4140 2346 4196 ﬁlios
2361 4150 2411 4196 et
2426 4153 2537 4198 tres
2554 4143 2690 4199 ﬁlias
2705 4142 2934 4200 refertur
2950 4142 3532 4212 habnisse,gratiarum
3552 4147 3779 4208 septena-

2206 4237 2316 4294 rius
2340 4254 2596 4294 numerus
2611 4235 3147 4307 indicatur,Legis,et
3164 4234 3557 4307 Prophetim,et
3576 4231 3776 4295 Grati-.r,

2208 4341 2264 4388 ut
2295 4332 2347 4386 in
2371 4332 2634 4402 principio
2657 4332 2816 4400 hujus
2839 4329 2970 4384 dixi.
2995 4330 3139 4396 Quas
3167 4340 3321 4400 pater
3343 4343 3542 4383 earum
3571 4324 3781 4381 moriens

2208 4426 2663 4483 fecitcobaeredes
2685 4425 2908 4481 fratrum
2938 4439 3183 4493 suorum,
3216 4423 3269 4479 id
3298 4434 3406 4490 est,
3433 4423 3642 4479 animas
3669 4433 3784 4491 quas

2212 4537 2307 4592 per
2327 4523 2574 4593 spiritum
2590 4521 2880 4593 gratiarum
2907 4522 2958 4576 in
2977 4527 3304 4577 testamento
3327 4519 3633 4574 divinarum
3655 4513 3783 4572 Scri-

2215 4625 2492 4686 pturarum
2520 4616 2853 4684 incorporat,
2883 4630 2976 4670 eas
3005 4617 3189 4684 utique
3235 4614 3662 4685 promissionum
3681 4622 3785 4664 sua-

2215 4727 2333 4767 rum
2367 4711 2490 4768 facit
2511 4725 2631 4767 esse
2661 4711 3188 4782 participes.'Earum
3209 4726 3429 4782 quoque
3462 4709 3689 4764 ﬁliarum
3711 4702 3777 4758 si-

2215 4805 2532 4876 gniﬁcanter
2581 4805 2797 4862 uoniina
2836 4805 3012 4878 posita
3053 4821 3309 4876 magnum
3337 4807 3391 4862 in
3421 4821 3485 4863 se
3523 4801 3782 4862 continent

2217 4909 2640 4956 sacramentum.

2289 4994 2356 5048 Et
2377 4996 2568 5048 vocavit
2590 5011 2774 5049 nomen
2797 4995 2950 5049 unius
2974 4995 3145 5061 Diem,
3167 5003 3216 5050 et
3238 5011 3428 5050 nomen
3453 4991 3688 5049 secunda:
3707 4987 3788 5044 Car

2217 5089 2318 5154 sia,
2351 5097 2400 5142 et
2430 5104 2614 5142 nomen
2645 5088 2809 5142 territt:
2838 5087 3012 5143 Cornu
3034 5088 3192 5142 stibii.
3229 5087 3355 5143 Non
3391 5097 3518 5142 sunt
3542 5095 3704 5140 autem
3725 5081 3794 5134 in-

2217 5190 2379 5237 ventae
2424 5181 2667 5235 mulieres
2695 5181 2960 5253 speciosae,
2995 5181 3128 5235 sicut
3177 5182 3305 5251 ﬁlim
3349 5179 3458 5234 Job
3495 5181 3550 5234 in
3583 5180 3794 5233 universa

2216 5282 2372 5327 terra.
2419 5271 2674 5344 Deditque
2703 5273 2775 5325 eis
2802 5281 2949 5343 pater
2975 5289 3098 5327 suus
3139 5272 3498 5326 htereditatem
3549 5272 3681 5324 inter
3705 5267 3797 5336 fra-

2219 5374 2319 5420 tres
2339 5381 2538 5419 earum.
2582 5362 2722 5417 Vixit
2747 5373 2922 5418 autem
2950 5363 3050 5418 Job
3095 5373 3210 5436 post
3237 5362 3458 5435 ﬂagella
3487 5362 3597 5417 haec
3618 5370 3795 5416 centum

2217 5461 2569 5532 quadraginta
2595 5460 2768 5526 annis,
2795 5469 2841 5514 et
2871 5459 2995 5514 vidit
3027 5460 3165 5528 ﬁlios
3187 5475 3330 5524 suos,
3347 5467 3398 5512 et
3422 5458 3567 5528 ﬁlios
3593 5455 3796 5526 ﬁliorum

2219 5571 2452 5623 suorum,
2487 5571 2648 5626 usque
2673 5555 2741 5608 ad
2761 5565 3003 5626 quartam
3022 5554 3410 5626 generationem
3441 5569 3461 5608 :
3493 5560 3543 5608 et
3586 5559 3797 5605 mortuus

2220 5658 2293 5706 est
2323 5666 2495 5712 senex,
2521 5658 2569 5704 et
2605 5651 2786 5721 plenus
2822 5649 3046 5703 dierum.
3099 5648 3226 5704 Dies
3274 5662 3408 5718 ergo
3470 5647 3561 5703 lex
3591 5645 3681 5701 Dei
3707 5649 3796 5703 est.

2219 5759 2338 5814 quae
2366 5741 2435 5798 ad
2461 5741 2824 5813 cognitionem
2873 5741 3138 5806 veritatis,
3190 5740 3449 5796 humanae
3500 5734 3800 5812 ignoranti:

2223 5847 2435 5892 noctem
2464 5836 2751 5890 illuminat.
2776 5834 2933 5890 Casia
2957 5844 3160 5889 sanctae
3180 5834 3460 5890 unctionis
3481 5842 3570 5889 est
3598 5831 3796 5888 donum.

2220 5930 2399 5989 Cornu
2445 5926 2634 5998 stibii.
2689 5925 3194 6002 (Otnpetentissime
3245 5919 3591 5997 Evangelicis
3647 5919 3797 5993 capiil
