3944 6334
223 288 298 349 801
844 282 1222 344 ΑῡΜΟΝΠΊΟ
1261 283 1328 344 IN
1371 233 1777 359 SHBSEQUEN

1907 285 2293 349 REVIARIUM
2334 285 2402 349 IN
2441 288 2775 350 PSALMOS.
3352 291 3458 351 8t)!

221 397 532 468 Ecclesimque
560 395 767 453 divitiis
793 408 1100 470 coaptatur,
1137 417 1254 472 qum
1280 403 1644 472 Spiritualium
1673 418 1760 458 re-
1791 407 1838 465 A
1869 404 2119 461 tendebat
2143 405 2401 464 futuram.
2459 406 2514 460 ln
2546 421 2656 477 quo
2677 404 2946 478 requievit
2976 403 3201 474 spiritus
3242 404 3459 476 sapien—

222 511 313 550 rutn
351 493 622 546 thesaurus
648 499 750 546 est.
787 491 969 547 Cornu
997 510 1128 550 vero
1157 496 1222 550 ad
1263 495 1475 565 insigne
1524 497 1771 567 regium,-
1865 498 1953 553 tite
1980 506 2033 554 ct
2064 498 2373 554 intellectus
2405 515 2418 552 :
2449 498 2673 568 spiritus
2693 497 2907 554 consilii
2939 506 2994 552 et
3023 496 3238 552 virtutis
3265 514 3278 550 :
3301 496 3463 566 spiri-

217 584 561 654 etdignitatem
599 581 850 639 Ecclesite
879 585 1111 653 pertinet
1150 605 1161 640 :
1196 588 1339 642 sicut
1361 588 1435 642 ait
1457 587 1755 660 propheta:
1862 598 1947 646 tus
1973 591 2215 645 scientiae
2238 599 2292 645 ct
2316 591 2530 660 pietatis
2567 607 2580 645 :
2615 589 2846 662 replevit
2875 604 3000 644 eum
3049 587 3276 660 Spiritus
3307 589 3466 644 timo-

216 677 435 734 Exaltarit
459 693 616 731 conm
645 675 838 732 Christi
876 679 980 733 sui.
1042 679 1298 753 Figuram
1354 698 1483 752 ergo
1541 691 1760 739 sanctus
1861 681 1934 738 ris
1967 682 2087 749 Dei,
2118 682 2262 754 quod
2293 682 2708 754 intelligendum
2743 690 2850 748 est,
2885 681 3081 752 plenus
3107 665 3345 736 dierum.

211 773 292 830 Job
316 769 583 827 manifeste
615 770 804 826 habuit
827 771 1156 843 Salvatoris;
1193 783 1247 831 et
1280 775 1331 831 in
1365 775 1476 832 hoc
1522 777 1667 848 quod
1693 792 1761 832 ex
1933 776 2173 832 Tandem
2206 777 2478 834 relevatus
2510 777 2688 849 longas
2709 775 3114 847 explanationis
3142 791 3335 844 onere,
3365 789 3461 832 vc-

212 865 435 922 ditissimo
455 879 620 936 egens
642 876 698 920 et
728 880 934 936 pauper
963 866 1140 923 factus
1167 879 1271 933 est,
1301 879 1358 923 ut
1389 883 1488 924 nos
1516 868 1760 942 locuple-
1862 869 1936 925 lut
1963 869 2213 940 deposito
2257 871 2406 942 gravi
2449 870 2596 926 fasce
2627 872 2932 941 rcspirans,
2956 869 3022 925 ad
3045 878 3119 937 te,
3147 868 3462 925 beatissime

210 971 446 1019 terentur:
477 961 616 1018 circa
649 976 851 1032 corpus
868 963 985 1033 ejus
1009 979 1226 1020 omnem
1252 974 1576 1034 potestatem
1602 980 1756 1021 suam
1863 974 2016 1034 pater
2047 965 2289 1032 Vceleri,
2321 965 2621 1021 clausulam
2671 965 2943 1022 sermonis
2988 964 3097 1021 mei
3134 964 3332 1036 dirigo,
3361 979 3459 1036 pe-

211 1054 420 1110 diabolus
447 1055 694 1110 exercuit
723 1072 736 1110 :
766 1055 861 1111 sed
891 1055 1030 1111 nihil
1062 1057 1316 1128 profecit,
1347 1058 1488 1114 sicut
1520 1059 1634 1128 ipse
1657 1059 1760 1114 Do-
1861 1064 2006 1126 tens,
2039 1068 2098 1112 ut
2123 1059 2168 1113 si
2219 1058 2346 1129 quid
2376 1059 2428 1114 in
2460 1059 2562 1115 hoc
2591 1075 2756 1131 opere
2800 1059 3020 1131 dignum
3054 1059 3323 1130 probabili
3353 1074 3452 1115 ve-

205 1149 349 1204 minus
373 1148 478 1202 ait:
504 1147 685 1202 Veniet
717 1151 854 1204 enim
885 1151 1125 1224 princeps
1150 1143 1329 1207 mundi
1357 1163 1406 1209 ct
1444 1155 1497 1207 in
1518 1170 1597 1208 me
1626 1154 1761 1209 nihil
1863 1153 2029 1210 ritate
2065 1154 2442 1224 perspexeris,
2494 1154 2658 1210 etiam
2691 1157 2838 1212 circa
2891 1169 3068 1211 meam
3105 1154 3459 1226 exiguitatem

205 1243 407 1298 inveniet.
438 1243 905 1309 Quemadmodum
929 1248 1094 1302 etiam
1119 1248 1308 1303 beatus
1329 1248 1430 1304 Job
1457 1260 1578 1319 post
1607 1249 1761 1305 dam-
1864 1246 2169 1318 largissitna
2220 1246 2431 1302 Domini
2484 1248 2656 1302 nostri
2711 1247 2853 1303 dona
2904 1245 3118 1303 mireris
3159 1265 3173 1301 :
3205 1247 3461 1315 obsecro,

205 1335 548 1391 ttumtiliorum
605 1336 902 1394 infidelium
947 1339 1152 1396 ditatus
1198 1343 1250 1396 in
1284 1341 1408 1396 filiis
1435 1351 1519 1397 cst
1545 1358 1557 1394 :
1585 1341 1654 1395 ita
1705 1350 1762 1398 et
1863 1357 1932 1398 ne
1959 1353 2049 1396 aut
2074 1341 2252 1396 amico
2276 1339 2462 1397 favore
2483 1341 2844 1411 permulceas,
2875 1349 2969 1396 aut
2991 1340 3255 1397 benevola
3293 1355 3460 1394 excu-

203 1430 414 1486 Salvator
449 1441 567 1501 post
593 1432 944 1488 amissionem
970 1434 1204 1490 filiorum
1234 1436 1532 1494 infidelium
1556 1437 1760 1494 ditatus
1863 1434 2075 1490 satione
2103 1432 2387 1489 defendas.
2422 1433 2558 1500 Quia
2588 1433 2712 1488 nolo
2735 1432 3084 1488 eminentiam
3105 1431 3296 1502 judicii
3322 1431 3394 1485 tui
3427 1445 3455 1486 a

205 1531 270 1578 est
290 1521 336 1577 in
361 1523 623 1594 gentibus.
671 1524 774 1580 Per
799 1525 966 1581 multa
995 1543 1126 1598 ergo
1154 1537 1376 1586 sanctus
1406 1530 1509 1586 Job
1539 1531 1757 1588 Domini
1863 1544 1979 1584 sua:
2006 1527 2285 1599 dignitatis
2322 1527 2656 1583 sublimitate
2706 1526 2971 1598 dejicias:
3004 1526 3098 1581 sed
3151 1524 3329 1597 potius
3381 1523 3461 1579 sic

198 1617 337 1670 nostri
367 1617 668 1687 passionem
693 1633 908 1691 quoque
933 1631 989 1676 et
1012 1622 1328 1692 patientiam
1357 1623 1628 1695 figuravit,
1659 1642 1758 1681 uu-
1862 1621 2190 1693 Opusculum
2243 1636 2423 1677 meum
2456 1619 2730 1677 laudabile
2780 1619 2971 1690 facias,
3003 1618 3130 1674 dum
3181 1615 3459 1673 incondita

197 1724 323 1765 mero
351 1709 617 1779 filiorum,
646 1713 954 1769 ettiliarum
1005 1717 1337 1784 nominibus,
1379 1717 1755 1789 septifortncm
1863 1714 1982 1785 ejus
2011 1715 2337 1788 corrigendo
2360 1724 2648 1783 retractas,
2681 1723 2736 1772 et
2785 1714 3027 1786 perfecta
3082 1710 3466 1770 emendatione

195 1805 389 1874 gratiam
410 1805 651 1876 Spiritus
679 1810 854 1864 sancti
884 1808 1067 1880 Legis,
1099 1819 1153 1865 et
1173 1811 1566 1882 Prophetarum
1593 1823 1756 1885 atque
1786 1800 1834 1861 Β
1860 1810 2125 1881 castigas.
3295 1804 3298 1806 Ὺ

193 1895 432 1969 Evangelii
461 1897 520 1955 in
546 1899 889 1957 Salvatorem
923 1912 1169 1959 nostrum
1197 1905 1588 1975 plenitudinem
1621 1921 1751 1978 por-

193 2051 3452 2094 Μ

1495 2213 2128 2290 ADMONITIO

1117 2373 1179 2430 IN
1215 2375 1630 2440 SUBSEQUENS
1661 2375 2061 2429 BHEVIARIUM
2096 2373 2162 2428 IN
2197 2371 2508 2427 PSALMOS.

237 2628 536 2705 lic-cognitis
564 2631 787 2693 demum
826 2637 1083 2695 omnibus
1108 2639 1160 2695 in
1185 2639 1493 2698 universam
1526 2641 1864 2714 Scripturam
1901 2642 2152 2716 genuinis
2191 2643 2372 2716 magni
2411 2641 2722 2716 Hieronymi
2760 2644 3196 2714 commentariis,
3228 2642 3372 2701 hunc
3393 2641 3462 2700 de

178 2724 410 2784 industria
437 2731 710 2802 reliquum
742 2733 966 2790 fecimus
1001 2734 1180 2790 locum
1206 2735 1492 2793 Breviario
1521 2737 1574 2792 in
1606 2736 1854 2794 Psalmos
1885 2755 1895 2792 :
1929 2737 2130 2809 quippe
2161 2738 2252 2810 qui
2285 2737 2442 2806 liber,
2469 2737 2682 2794 tametsi
2711 2752 2996 2810 perperam
3022 2736 3076 2797 S.
3112 2738 3259 2794 Patri
3279 2737 3455 2794 ascri-

177 2819 331 2890 batur,
387 2833 470 2880 est
513 2835 699 2882 tamen
730 2827 1247 2900 esupposititiorum
1301 2843 1528 2885 numero
1579 2829 1784 2886 fetuum
1830 2830 2043 2886 creteris
2069 2829 2415 2900 praestantior
2463 2829 2738 2898 omnibus,
2791 2843 2968 2901 neque
3008 2830 3062 2885 in
3119 2829 3367 2886 ultimum
3398 2843 3461 2884 a-

173 2920 387 2976 mandari
420 2931 656 2990 tomum,
687 2939 786 2996 pro
816 2925 897 2981 sui
919 2924 1188 2996 dignitate
1222 2927 1445 2998 patitur,
1476 2935 1569 2982 aut
1601 2927 1654 2981 in
1678 2925 1911 2998 vulgatis
1933 2926 2195 2982 hactenus
2240 2925 2573 2982 editionibus
2618 2926 2674 2982 in
2722 2941 2845 2982 cum
2877 2925 3114 2995 rejectus
3143 2935 3229 2982 est
3256 2925 3456 2982 locum.

175 3011 316 3080 Quod
336 3017 560 3087 quidem
591 3035 699 3073 non
731 3019 1002 3076 editorum
1035 3019 1197 3075 modo
1229 3029 1356 3076 ante
1388 3034 1489 3076 nos
1519 3019 1762 3076 omnium
1803 3019 2092 3076 consilium
2141 3019 2260 3086 fuit,
2285 3018 2380 3074 sed
2413 3026 2468 3074 ct
2499 3017 2698 3074 summi
2749 3016 3044 3089 pontificis,
3104 3017 3463 3089 ejusdemque

175 3111 482 3169 sanetisﬁrni
520 3113 606 3170 Pii
635 3112 679 3169 ν
713 3112 837 3169 fecit
874 3115 1198 3179 auctoritas,
1232 3112 1477 3168 Victorio
1509 3123 1668 3181 teste,
1695 3121 1756 3167 ut
1775 3112 1956 3168 statim
1985 3122 2108 3184 post
2129 3112 2364 3183 genuina
2398 3111 2712 3184 Hieronymi
2740 3112 2963 3184 scripta,
2993 3121 3049 3167 et
3071 3119 3363 3184 antequam
3393 3111 3461 3167 ad

171 3200 328 3256 aliena
358 3217 587 3270 ventum
620 3215 789 3272 esset,
820 3207 961 3262 istud
992 3221 1158 3277 super
1178 3205 1425 3262 Psalmos
1453 3207 1710 3261 volumen
1731 3205 1901 3263 veluti
1923 3205 2147 3262 dubium
2177 3205 2474 3263 locaretur.
2503 3205 2611 3262 Nos
2639 3207 2806 3263 etiam
2841 3207 3057 3262 tametsi
3087 3221 3150 3263 ea
3184 3207 3460 3263 rationum

168 3307 443 3367 momenta,
459 3299 735 3372 qumillud
759 3299 825 3355 ab
842 3301 1172 3373 Hieronymo
1197 3300 1528 3371 abjudicant,
1554 3300 1726 3370 pluris
1747 3300 1921 3356 multo
1947 3300 2170 3355 iacimus
2190 3316 2203 3354 :
2222 3301 2300 3358 sic
2324 3310 2503 3358 tamen
2525 3300 2597 3356 illi
2613 3301 2847 3372 aliquam
2868 3301 3098 3358 subinde
3120 3302 3298 3357 inesse
3323 3299 3452 3358 Hie-

169 3394 456 3461 ronyiniani
485 3394 696 3450 laboris
726 3404 934 3466 partem
974 3395 1082 3452 huc
1108 3395 1354 3465 illucque
1393 3393 1722 3465 dispersam,
1755 3409 1875 3464 quae
1908 3409 2005 3448 sua
2037 3409 2098 3449 se
2125 3394 2516 3466 propemodum
2543 3395 2664 3450 luce
2695 3393 2908 3464 prodat,
2952 3392 3244 3448 sentimus.
3267 3390 3456 3465 |Vulgo

166 3493 323 3541 autem
359 3487 479 3544 haec
511 3488 755 3556 obtinet,
789 3489 1118 3562 propiorque
1145 3489 1214 3545 ad
1245 3489 1408 3545 fidem
1438 3489 1709 3545 sententia
1738 3495 1842 3555 est,
1868 3487 2100 3558 hujusce
2129 3498 2412 3545 auctorem
2444 3488 2708 3545 Breviarii
2736 3487 3098 3545 veluStiorum
3135 3502 3197 3544 se
3233 3485 3459 3543 Patrum

168 3580 578 3649 cotupilatorcm
603 3596 749 3648 esse,
776 3581 869 3653 qui
898 3592 956 3638 ut
981 3583 1150 3638 multa
1176 3584 1246 3640 ab
1273 3582 1538 3654 Origene,
1571 3581 1807 3651 Hilario,
1841 3582 2099 3650 Eusebio,
2135 3582 2474 3655 multumque
2505 3583 2590 3640 his
2631 3585 2941 3640 recentiore
2970 3583 3320 3656 Lugdttncnsi
3352 3583 3464 3638 Eu-

167 3671 356 3740 clerio,
383 3691 560 3747 quem
599 3673 786 3730 laudat
826 3675 880 3730 in
919 3676 1185 3746 psalmum
1213 3675 1484 3732 decimum
1507 3683 1748 3744 sextum,
1779 3673 2060 3738 delibarit,
2091 3692 2158 3730 ex
2197 3675 2514 3745 Hieronymi
2559 3686 2738 3732 tamen
2781 3676 3224 3744 commentariis,
3258 3675 3345 3732 vel
3374 3676 3467 3747 qui

167 3770 454 3838 perierunt,
489 3772 550 3825 in
583 3769 822 3826 Psalmos
852 3788 882 3826 a
912 3772 1108 3826 decimo
1133 3789 1304 3842 usque
1323 3773 1392 3826 ad
1417 3771 1675 3826 decimum
1702 3779 1924 3837 sextarii,
1947 3771 2032 3826 vel
2054 3770 2144 3840 qui
2172 3771 2224 3825 in
2251 3771 2388 3826 alias
2408 3779 2534 3826 sunt
2549 3773 2730 3841 partes
2755 3769 3075 3841 Scripturae,
3101 3769 3194 3825 ubi
3225 3767 3462 3840 peregri-

167 3861 241 3916 nis
263 3863 310 3917 in
353 3864 495 3920 locis
529 3864 704 3920 multa
729 3864 963 3920 subinde
992 3875 1342 3935 exponuntur
1371 3865 1714 3921 Psalmorum
1745 3873 2038 3930 commata,
2063 3865 2353 3920 maximam
2387 3875 2595 3935 partem
2626 3864 3004 3936 descripserit,
3038 3877 3248 3936 suoque
3273 3861 3465 3933 Operi,

171 3960 315 4023 atquc
345 3955 577 4026 ingenio
608 3956 898 4026 coaptarit.
931 3955 1086 4024 Quod
1119 3965 1178 4011 ut
1206 3955 1432 4013 minime
1461 3955 1766 4022 diffitearis,
1804 3956 2020 4026 potiora
2051 3956 2248 4012 saltem
2278 3956 2632 4026 proponenda
2676 3964 2806 4012 sunt
2833 3964 3178 4028 argumenta,
3206 3969 3329 4026 qua:
3356 3954 3469 4025 pri-

161 4043 268 4102 dem
318 4047 630 4115 Erasmus,
691 4059 806 4104 tum
859 4047 1061 4121 Syxtus
1121 4049 1418 4117 Senensis,
1478 4048 1575 4105 lib.
1634 4064 1685 4104 ιν
1743 4047 2096 4104 Bibliotheca:
2148 4046 2399 4117 Sanctae,
2448 4049 2721 4106 Victorius
2776 4049 2936 4120 item,
2981 4057 3036 4106 et
3083 4048 3436 4106 Martianaaus

163 4141 450 4216 Dupinius,
505 4161 577 4202 ac
629 4144 1041 4216 Tillemontius,
1093 4154 1154 4202 ut
1203 4146 1346 4203 alios
1398 4144 1848 4218 prmtermittam,
1889 4144 2262 4214 excuderunt,
2321 4161 2580 4220 qumque"
2611 4146 2681 4203 ad
2727 4144 2845 4204 haec
2903 4145 3019 4204 fere
3072 4145 3251 4216 capita
3300 4142 3468 4201 redu

159 4237 378 4293 cuntur;

161 4317 174 4326 “
225 4329 436 4396 Primo,
474 4329 744 4387 dictionis
795 4346 989 4403 genus,
1031 4338 1090 4388 et
1122 4329 1440 4402 stylus,‘qui
1470 4328 1912 4386 internoscendis
1956 4329 2272 4388 auctoribus
2296 4329 2453 4404 quasi
2480 4330 2683 4404 Lydius
2724 4339 2808 4389 est
2850 4330 3010 4403 lapis,
3045 4329 3313 4388 doctrinas
3338 4329 3468 4388 item

164 4431 340 4493 gustus
370 4435 430 4480 et
461 4423 668 4491 saliva,
697 4431 904 4480 tantum
933 4424 1002 4480 ab
1030 4424 1461 4498 Hieronymiano
1487 4423 1672 4493 distat,
1703 4434 1760 4482 ut
1794 4425 2007 4483 abunde
2033 4427 2166 4483 satis
2215 4428 2288 4484 sit
2326 4427 2665 4484 Breviarium
2693 4427 2838 4485 istud
2862 4427 3124 4486 lustrasse
3148 4429 3345 4500 oculis,
3377 4435 3473 4484 aut

157 4520 422 4592 tantisper
458 4521 602 4577 illud
628 4536 752 4577 cum
776 4521 894 4578 veri
918 4521 1235 4596 Hieronymi
1264 4523 1675 4580 commentariis
1702 4523 2078 4592 contendisse,
2104 4534 2163 4580 ιιι
2186 4523 2372 4580 statim
2404 4524 2677 4596 intelligas
2706 4523 2936 4580 multum
2959 4523 3091 4579 illud
3115 4523 3253 4579 infra
3281 4523 3340 4578 5.
3370 4523 3474 4580 Pa-

155 4615 242 4670 tris
265 4617 563 4689 ingenium
604 4631 751 4673 esse.
785 4616 853 4672 Et
875 4616 1038 4688 plane
1064 4619 1135 4672 sit
1158 4617 1382 4691 quidem
1416 4617 1468 4673 in
1493 4617 1918 4691 Hieronymiana
1960 4618 2194 4674 lectione
2221 4617 2446 4689 hospes,
2476 4616 2569 4688 qui
2604 4632 2712 4674 non
2741 4615 2874 4672 illud
2899 4617 3084 4672 statim
3128 4615 3477 4673 animadver-

156 4716 244 4777 tat,
272 4723 474 4768 contra
498 4712 564 4768 5.
592 4712 848 4768 Doctoris
875 4720 1142 4784 perpetuo
1176 4683 1444 4768 retent‘am
1469 4714 1925 4770 consuetudinem
1958 4714 2046 4768 hic
2080 4728 2301 4770 sensum
2329 4713 2602 4779 historiae,
2630 4712 2910 4785 ipsiusque
2933 4713 3132 4768 litterae
3175 4713 3478 4785 expositio-

150 4819 266 4862 nem
300 4805 666 4880 posthaberi,
700 4814 985 4878 totumque
1021 4821 1146 4863 esse
1173 4816 1452 4863 auctorem
1497 4807 1562 4880 in.
1589 4806 1872 4878 allegoriis
1913 4806 2322 4878 tropologisque
2372 4805 2440 4862 de
2481 4804 2706 4863 Christo
2735 4815 2793 4862 et
2823 4805 3069 4863 Ecclesia
3103 4825 3116 4862 :
3151 4805 3474 4863 Hebraicatn

151 4918 272 4958 vero
306 4905 698 4961 eruditionem
730 4912 785 4960 et
829 4902 1076 4960 Graecam
1121 4902 1322 4958 leviter
1344 4900 1483 4957 adeo
1513 4909 1769 4970 tractare,
1805 4908 1862 4955 ut
1896 4901 2073 4956 sicubi
2099 4916 2218 4956 eam
2251 4899 2577 4972 interponit,
2630 4907 2822 4954 mutuo
2852 4899 3033 4969 potius
3055 4914 3120 4954 ac
3144 4899 3478 4956 verbotenus

147 4993 212 5050 ab
232 4998 362 5054 aliis
395 4997 721 5069 accepisse,
753 5012 918 5068 quam
946 5012 977 5052 a
1001 4997 1325 5068 semetipso,
1357 4995 1445 5051 vel
1473 5010 1503 5050 a
1533 4995 1684 5051 fonte
1712 5004 1964 5066 repetere
1996 4994 2268 5052 videatur.
2296 4995 2438 5064 Quin
2467 4994 2631 5051 etiam
2661 4994 3010 5051 observatum
3036 4995 3375 5058 Martianzeo,
3405 4993 3482 5048 si-

151 5094 364 5158 quando
391 5094 472 5150 ad
507 5091 804 5148 Hebraeum
831 5100 1038 5149 textum
1067 5101 1260 5148 auctor
1286 5091 1378 5148 hic
1404 5098 1686 5162 provocat,
1712 5090 1851 5146 nihil
1875 5105 1998 5146 eum
2017 5089 2166 5145 aliud
2188 5105 2257 5147 eo
2285 5090 2504 5145 nomine
2533 5104 2693 5160 quam
2725 5096 2820 5144 aut
2841 5089 3088 5145 Grtecam
3116 5086 3329 5157 Aquilae
3354 5101 3479 5142 ver-

148 5185 380 5255 sionem,
416 5199 526 5245 aut
553 5187 802 5245 Latinam
830 5186 1154 5260 Hieronymi
1175 5201 1243 5242 ex
1271 5185 1500 5241 Hebraeo
1531 5183 1816 5239 denotare.
1852 5181 1986 5238 Hinc
2007 5183 2084 5238 ait
2113 5182 2308 5253 psalm.
2339 5181 2381 5236 γ
2410 5182 2462 5237 in
2490 5180 2717 5236 Hebrzeo
2737 5193 2860 5236 esse
2891 5179 3193 5243 ἐπίϐουλον,
3223 5191 3321 5247 pro
3348 5184 3477 5238 rt't'tu't

149 5293 199 5338 et
218 5283 436 5341 Psalm.
463 5300 602 5341 CXIX
621 5285 953 5362 ἀρκευθίνοις,
979 5283 1096 5339 sive
1109 5283 1451 5361 ἀρκευθίναις,
1468 5293 1564 5350 pro
1578 5286 1706 5338 D‘Dl

1916 5291 1950 5332 te
1981 5285 2207 5348 utraque
2235 5274 2616 5344 interpretatio
2648 5279 2734 5328 est
2752 5270 2965 5343 Aquila:
2990 5268 3473 5340 :quemadmodum

142 5387 193 5435 et
219 5394 346 5436 cum
370 5380 483 5448 ait,
505 5380 621 5435 seta
648 5361 837 5434 haberi
866 5390 963 5447 pro
992 5392 1210 5447 semper,
1234 5374 1378 5444 quod
1402 5389 1466 5430 ex
1498 5371 1813 5443 Hieronymi
1837 5372 2108 5436 versione,
2141 5385 2251 5426 non
2280 5384 2348 5425 ex
2373 5367 2670 5440 archetypo
2697 5363 2931 5435 accepit.
2965 5361 3213 5434 Denique
3249 5363 3322 5418 ita
3353 5377 3475 5419 mo-

145 5469 225 5525 dis
252 5472 535 5528 omnibus
565 5470 634 5526 ab
655 5468 970 5541 Hieronymi
996 5478 1158 5539 gustu
1185 5473 1378 5523 auctor
1424 5464 1514 5521 hic
1540 5462 1791 5532 dissidet,
1827 5471 1884 5518 ut
1931 5471 1986 5518 et
2017 5462 2292 5519 interdum
2314 5477 2345 5519 a
2372 5460 2672 5532 semetipso
2701 5459 2975 5523 diversus,
3016 5471 3126 5511 non
3160 5469 3351 5521 unum,
3381 5454 3480 5511 sed

143 5564 339 5635 plures
369 5568 514 5639 ejus
539 5565 1022 5621 consarcinatores
1063 5562 1232 5618 fuisse
1257 5559 1442 5632 operis
1472 5557 1671 5614 indicio
1693 5557 1786 5612 sit.
1818 5553 2024 5628 Nempe
2066 5556 2278 5628 aliquot
2306 5555 2556 5628 psalmos
2575 5553 2734 5610 bonis
2760 5550 2988 5608 aliorum
3007 5548 3232 5605 Patrum
3259 5555 3485 5606 senten-

143 5658 230 5715 tiis
262 5676 377 5718 non
418 5659 711 5717 inerudite
735 5658 1017 5727 sublectis,
1055 5656 1122 5713 ad
1149 5653 1596 5715 commentatoris
1623 5651 1844 5708 modum
1872 5651 2095 5724 exponit
2127 5668 2140 5706 :
2165 5650 2302 5708 alios
2326 5651 2395 5707 ad
2425 5648 2825 5708 concionatoris
2847 5647 3041 5714 instar,
3056 5645 3372 5702 homiletico
3395 5642 3482 5700 di-

142 5754 310 5811 cendi
338 5768 574 5826 genere
601 5753 668 5809 ad
701 5752 985 5824 pupulum,
1057 5750 1171 5808 sive
1194 5751 1249 5808 in
1273 5749 1504 5805 fratrum
1539 5756 1812 5802 conventu
1844 5754 2081 5809 tractat;
2125 5754 2180 5802 et
2220 5745 2365 5817 quod
2396 5745 2636 5802 maxime
2656 5759 2685 5799 a
2714 5742 2773 5800 5.
2795 5741 3048 5798 Doctoris
3076 5739 3318 5812 ingenio,
3339 5735 3494 5793 vita:-

143 5863 252 5920 que
282 5849 566 5907 instituto
595 5848 878 5915 abhorret,
904 5845 1147 5906 excurrit
1173 5860 1320 5917 saepe
1342 5844 1396 5901 in
1430 5839 1816 5901 allocutionum
1859 5839 2121 5900 formulas
2150 5883 2166 5912 ,
2195 5839 2309 5901 sive
2332 5839 2606 5899 auditores
2626 5852 2754 5897 suos
2783 5836 3160 5909 interpellans,
3183 5832 3300 5892 sive
3327 5845 3487 5891 enar-
