3944 6334
470 278 588 340 ‘803
1235 272 1605 349 [APPENDIX
1642 269 1734 333 AD
1771 271 2014 333 TOMUM
2058 267 2409 330 SEPTIMUM
2450 267 2505 329 S.
2550 260 2949 328 llIERONYMI.
3666 264 3753 324 8M

476 400 751 455 rationem
780 403 935 456 suam
965 408 1126 469 prece
1172 393 1348 466 aliqua
1375 393 1442 449 ad
1495 393 1662 449 Deum
1710 394 1827 449 lusa
1858 390 2212 448 concludens.
2262 389 2588 460 Lnngiorem
2623 384 2784 458 paulo
2817 386 3084 455 psalmum
3133 381 3491 441 centesimum
3523 392 3751 440 octavum

490 491 761 548 decimum
788 492 964 549 tribus
994 488 1244 546 edisserit
1275 487 1513 543 ltomiliis
1544 503 1559 542 :
1584 487 1943 543 centesimum
1973 499 2102 540 vero
2125 483 2493 546 undecimum,
2526 481 2670 551 quod
2694 481 2853 539 latins
2869 479 3195 552 exponendo
3224 479 3475 552 persequi
3504 493 3613 536 non
3647 493 3754 550 po.-

484 583 581 653 sit,
633 584 824 640 horam
848 591 1119 637 causatur.
1148 578 1243 634 His
1266 578 1486 646 similia,
1517 593 1636 648 qua:
1665 576 1799 633 nihil
1839 576 2017 631 minus
2038 591 2201 647 quam
2228 574 2543 646 Hieronymi
2571 574 2622 627 in
2649 571 2987 642 explicandis
3018 571 3321 644 Scripturis
3346 585 3555 628 morem
3608 569 3750 628 redo-

483 674 655 744 leant,
681 685 795 731 toto
825 669 1220 747 progicmodum
1252 669 1412 738 libro,
1444 685 1511 724 ne
1540 668 1751 740 singula
1783 682 1924 723 nunc
1951 669 2126 723 otiose
2154 666 2502 737 replicemus,
2535 663 2801 719 invenias.
3265 704 3292 717 -

480 772 491 824 ι
553 767 856 837 Secundo,
910 757 1111 823 nedum
1178 763 1358 819 aliena
1409 762 1610 831 multa,
1671 761 1771 817 sed
1820 769 1875 818 et
1940 760 2479 830 contraria~penitus
2548 757 2991 829 llieronymianis
3062 758 3261 830 placita
3318 767 3512 816 auctor
3574 771 3759 829 propu-

444 867 639 933 'gnat.
686 859 746 917 ld
807 873 982 932 genus
1029 866 1115 914 est
1176 856 1303 912 illud
1355 853 1672 925 cumprimis
1705 895 1721 920 ,
1778 853 1924 926 quod
1986 854 2326 927 cynomyiam
2361 853 2555 924 psalmi
2605 868 2691 909 etv
2740 852 3168 924 interpretatur,
3229 854 3470 908 caninam
3507 868 3761 908 muscam:

477 955 839 1028 Hieronymus
892 952 1249 1018 econtrario,
1299 950 1529 1022 epistola
1581 947 1702 1017 104,
1754 948 1821 1004 ad
1870 948 2132 1005 Sunniam
2162 956 2218 1005 et
2270 947 2543 1004 Fretelam
2589 954 2884 1022 κοινομυῖαν
2933 945 3040 1018 legi
3083 946 3217 1011 vult,
3273 945 3579 1018 redditque,
3632 961 3765 1001 omne

475 1065 772 1106 muscarum
833 1068 1019 1125 genus,
1078 1050 1193 1105 sive
1249 1047 1317 1104 ad
1370 1047 1579 1119 Aquila:
1647 1059 1866 1103 sensum
1898 1086 1915 1113 ,
1976 1049 2067 1117 qui
2123 1045 2438 1117 πάμμικτον,
2493 1043 2883 1109 interpretatus
2932 1048 3013 1095 est
3055 1080 3069 1105 ,
3127 1037 3478 1093 omnimodam
3531 1051 3759 1091 muscam.

477 1141 697 1203 Psalmo
754 1145 1058 1216 insequenti
1106 1158 1172 1200 cv
1222 1142 1408 1198 Chami
1463 1153 1685 1208 terram,
1726 1155 1888 1212 quam
1964 1140 2327 1212 llieronytnus
2382 1136 2673 1209 (Emptum
2738 1151 2863 1191 esse
2920 1149 3180 1205 perquam
3261 1132 3474 1189 erudite
3533 1143 3765 1188 asserue-

478 1244 566 1292 rat
588 1237 640 1292 in
684 1236 892 1304 Quaest.
925 1235 1176 1292 Hebraic.
1209 1233 1263 1290 in
1288 1232 1566 1299 Genesim,
1597 1232 1685 1288 hic
1718 1248 1813 1303 pro
1834 1232 1953 1304 ipsa
1983 1233 2184 1303 accipit
2222 1230 2535 1298 Palaestina,
2571 1230 2657 1284 cui
2707 1230 2913 1284 scilicet
2944 1239 3123 1294 terrae,
3152 1226 3407 1300 gentibus
3425 1225 3645 1294 deletis,
3675 1224 3766 1282 lle-

477 1328 615 1387 ι)τωὶ
643 1330 1123 1386 successerintzct
1143 1328 1285 1401 quod
1310 1327 1365 1383 in
1390 1328 1587 1384 iisdem
1616 1326 1818 1396 Quaest.
1844 1327 1912 1382 ad
1934 1328 2071 1383 Gott.
2113 1341 2168 1383 tv
2202 1326 2367 1381 tradit
2411 1322 2471 1380 S.
2535 1324 2733 1379 Doctor
2779 1320 2947 1387 Naid,
2979 1324 3096 1378 sive
3143 1321 3305 1389 Nod,
3366 1321 3595 1376 minime
3633 1320 3768 1389 juxta

478 1422 791 1480 Graecorum
833 1424 1258 1494 Latinorumque
1299 1421 1608 1493 Opinionem
1654 1420 1948 1492 potandam
1974 1435 2114 1489 ,esse
2152 1430 2350 1477 terram
2381 1434 2542 1489 quam
2573 1415 2705 1473 Cain
2739 1416 3045 1483 incoluerit,
3075 1416 3163 1470 hic
3184 1432 3281 1487 pro
3319 1407 3441 1486 ipso
3464 1412 3633 1469 habet
3657 1427 3767 1484 pro—

478 1519 583 1593 prii
624 1518 860 1575 nominis
899 1519 1042 1573 loco.
1076 1517 1248 1573 Verus
1271 1516 1660 1588 Hieronymus,
1690 1513 1921 1584 epismla
1952 1514 2075 1577 HO.
2101 1513 2169 1569 ad
2220 1512 2547 1585 Cyprianum
2607 1510 2873 1581 psalmum
2925 1508 3319 1579 octogesimum
3363 1521 3572 1563 nonum
3617 1505 3769 1577 Moysi

398 1616 399 1619 “
485 1621 674 1684 utpote
724 1612 932 1667 auctori
966 1599 1338 1680 tribuit,‘quin
1367 1619 1423 1665 et
1452 1608 1866 1678 subsequentes,
1890 1606 2133 1663 undecim
2162 1608 2251 1678 qui
2286 1623 2392 1660 non
2436 1604 2628 1661 habent
2648 1604 2849 1669 titulos,
2880 1601 3114 1670 eiusdem
3152 1617 3264 1657 esse
3297 1599 3460 1656 Hosis
3505 1598 3771 1656 contendit

477 1700 579 1760 lib.
625 1719 644 1760 ι
696 1713 885 1759 contra
925 1702 1202 1769 Ruﬁnum,
1238 1716 1467 1772 eamque
1512 1700 1863 1766 sententiam,
1915 1712 2076 1770 quam
2111 1698 2229 1769 ipse
2264 1699 2333 1753 ab
2364 1697 2621 1769 Origene,
2658 1696 2744 1750 hic
2772 1694 2841 1750 ab
2869 1694 3049 1750 lluillo
3080 1702 3386 1764 acceperat,
3420 1708 3639 1748 rursum
3665 1707 3770 1749 cum

480 1800 605 1856 aliis
636 1800 688 1853 in
720 1800 876 1866 locis,
908 1809 1018 1854 tum
1040 1800 1313 1869 praecipue
1342 1798 1608 1869 prommio
1640 1799 1692 1852 in
1722 1796 2039 1852 Malacltiam
2076 1796 2289 1866 probat.
2320 1795 2400 1850 Ex
2436 1795 2667 1851 adverso
2697 1791 2956 1853 Breviarii
2982 1798 3171 1845 auctor
3212 1790 3267 1844 in
3322 1796 3401 1844 tot
3446 1787 3772 1860 expositione

480 1891 765 1948 titulorum
792 1890 1023 1961 prolixa,
1047 1906 1141 1946 eos
1168 1904 1387 1962 quoque
1413 1891 1620 1946 mavult
1650 1887 1841 1944 Davidi
1875 1889 2138 1957 tribuere,
2189 1888 2431 1960 satisque
2477 1886 2765 1943 manifesto
2814 1884 3016 1939 indicat
3070 1890 3181 1938 tota
3217 1880 3309 1937 illa
3359 1880 3558 1936 incerti
3598 1894 3772 1937 sensus

481 1982 743 2041 laciniosa
785 1984 1172 2057 disputatione,
1215 2002 1335 2043 eam
1363 2003 1421 2044 se
1448 1987 1664 2058 penitus
1696 1987 1979 2056 ignorasse
2018 1984 2343 2041 doctrinam.
2369 1982 2490 2038 Alia
2517 1982 2602 2036 his
2631 1980 2846 2052 gemina
2892 1987 3004 2033 tute
3054 1978 3187 2048 ipse,
3224 1977 3415 2045 lector,
3446 1974 3709 2041 invenias,
3735 1973 3775 2029 si

481 2080 647 2137 modo
691 2078 937 2136 laudatas
966 2081 1032 2137 ad
1070 2083 1329 2139 Sunniam
1360 2099 1421 2139 ac
1457 2080 1756 2147 Fretelam,
1810 2089 1920 2133 tum
1947 2078 2014 2134 ad
2047 2079 2374 2153 Cyprianum
2406 2076 2690 2148 epistolas,
2743 2073 2985 2142 duasque
3014 2069 3169 2139 alias,
3201 2069 3431 2124 alteram
3458 2067 3526 2124 ad
3571 2067 3778 2123 Marcel—

489 2173 599 2230 lam
627 2172 715 2240 '54,
743 2174 969 2229 alteram
994 2175 1059 2229 ad
1092 2174 1414 2244 Principiam
1446 2173 1516 2229 (55
1545 2172 1740 2243 quibus
1771 2171 2005 2241 psalmos
2038 2172 2245 2244 aliquot
2275 2169 2330 2225 S.
2366 2168 2525 2222 Pater
2556 2167 2825 2237 exposuit,
2852 2178 2973 2218 cum
3010 2163 3110 2215 hoc
3153 2159 3406 2216 conferas
3444 2157 3773 2214 Tractatore.

484 2266 743 2336 Qumdam
769 2279 826 2325 et
856 2284 953 2324 nos
1002 2267 1273 2323 interdum
1311 2268 1365 2321 in
1405 2267 1546 2321 notis
1572 2264 2080 2333 animadvertimus,
2111 2280 2179 2320 ne
2206 2272 2259 2319 te
2293 2263 2379 2317 hic
2408 2262 2497 2317 ubi
2536 2276 2661 2316 cum
2714 2273 2942 2313 numero
2974 2258 3320 2327 pugnandum
3358 2264 3527 2322 esset,
3587 2254 3778 2325 longius

490 2359 856 2415 traheremus.
887 2360 953 2416 Ut
972 2376 1099 2415 vero
1121 2374 1243 2430 quae
1267 2358 1672 2431 pseudnnymus
1698 2367 1886 2413 attetor
1913 2367 2120 2427 peccat,
2156 2372 2262 2413 non
2293 2356 2696 2413 dissimulamus
2722 2375 2732 2407 :
2774 2355 2843 2409 ita
2877 2367 3023 2423 aegre
3052 2351 3298 2416 ferimus,
3329 2349 3531 2421 iniquis
3564 2364 3686 2405 eum
3710 2363 3782 2404 ac-

482 2454 855 2511 cusntionibus
885 2454 1176 2526 aliquando
1209 2455 1404 2525 premi.
1438 2453 1805 2517 Martianmus,
1833 2453 2071 2524 exempli
2099 2454 2296 2524 gratia,
2322 2469 2444 2508 cum
2469 2461 2619 2506 notat
2651 2448 2940 2520 imperitiae
2968 2464 3031 2502 ea
3064 2446 3131 2502 de
3158 2460 3343 2511 causa,
3372 2443 3533 2516 quod,
3552 2444 3627 2501 de
3655 2443 3783 2500 [sca-

483 2538 640 2603 ridtis
685 2549 904 2604 nomine
937 2548 1159 2617 dixerit,
1190 2548 1424 2616 dubiant,
1447 2564 1514 2602 an
1535 2558 1729 2620 patrem
1759 2546 2035 2620 signiﬁcet,
2055 2565 2123 2602 an
2145 2549 2322 2603 villam
2343 2551 2457 2622 ejus
2488 2564 2505 2602 :
2535 2547 2692 2617 quasi
2718 2560 2879 2601 voces
2903 2544 3071 2614 ipsns,
3105 2552 3301 2614 patrem
3321 2544 3457 2614 ejus,
3477 2552 3598 2608 aut,
3623 2540 3785 2594 villam

485 2645 630 2716 ejus,
657 2654 880 2714 etymon
907 2645 1107 2713 putarit
1137 2658 1279 2698 esse.
1303 2641 1373 2698 At
1394 2658 1503 2698 non
1531 2642 1620 2698 hic
1639 2656 1833 2698 sensus
1862 2650 1918 2699 et
1943 2658 2097 2699 mens
2127 2643 2245 2716 ejus
2273 2645 2403 2710 fuit;
2432 2644 2527 2699 sed
2545 2659 2667 2700 eum
2696 2642 2854 2713 vulgo
2876 2648 3154 2712 receptam
3181 2640 3507 2695 sententiam
3541 2638 3787 2710 probaret

484 2733 699 2792 duabus
748 2736 975 2793 vocibus
997 2744 1117 2795 tam
1142 2745 1207 2806 et,
1227 2741 1400 2825 τιν-πρ
1433 2750 1630 2790 nomen
1659 2737 1936 2806 componi,
1969 2743 2030 2792 ut
2056 2747 2215 2794 sonet
2247 2737 2511 2794 hominem
2531 2754 2594 2792 ea:
2623 2736 2861 2791 charioth
2898 2752 2916 2791 :
2944 2720 3212 2792 incertum
3244 2733 3349 2790 hoc
3369 2734 3527 2803 dixit,
3559 2750 3685 2790 num
3714 2733 3789 2788 al-

490 2835 612 2884 tera
645 2830 819 2899 patris
840 2840 1005 2895 esset,
1032 2842 1098 2882 an
1130 2826 1296 2894 villae,
1326 2821 1443 2882 sive
1462 2826 1602 2898 ejus,
1627 2827 1681 2883 in
1711 2841 1815 2898 qua
1838 2835 1998 2883 natus
2029 2838 2131 2892 est,
2163 2836 2325 2884 terrae
2367 2828 2681 2900 appellatio.
2722 2828 2834 2883 Nec
2856 2828 3026 2882 altera
3060 2826 3270 2897 aequior
3299 2836 3380 2881 est
3421 2826 3699 2881 accusatio
3726 2821 3784 2878 ad

486 2921 680 2993 psalmi
707 2935 809 2977 cxv
837 2921 1015 2976 locum
1048 2921 1223 2988 illum,
1254 2919 1436 2975 Omnis
1458 2921 1611 2975 homo
1637 2922 1882 2989 mendax,
1905 2922 1992 2979 ubi
2014 2924 2066 2977 in
2098 2921 2367 2977 Hebraico
2400 2923 2587 2979 haberi
2612 2930 2764 2978 nutat
2785 2932 2998 2991 auctor,
3029 2921 3212 2977 Omnis
3235 2920 3413 2991 homo,
3440 2919 3784 2989 mendacium,

492 3013 632 3086 quod
681 3014 870 3068 dicitur
932 3014 1144 3068 chasab.
1198 3013 1544 3070 Martianacus
1594 3031 1692 3086 pro
1745 3016 1936 3070 chazab
1985 3016 2037 3070 in
2081 3018 2145 3072 iis
2185 3017 2380 3087 quibus
2407 3032 2534 3074 usus
2560 3026 2640 3074 est
2693 3033 2823 3072 mss.
2854 3017 3058 3073 invenit
3106 3033 3289 3073 seram
3324 3032 3343 3070 :
3371 3017 3532 3088 idque
3577 3017 3644 3073 ab
3683 3017 3788 3087 ipso

501 3107 768 3177 scriptum
800 3114 1094 3162 traCtatore
1123 3106 1428 3175 contendit,
1454 3117 1510 3162 ut
1536 3116 1699 3163 tantae
1725 3123 1848 3164 eum
1879 3109 2160 3180 imperitia
2190 3110 2400 3182 arguat,
2431 3111 2573 3181 quod
2607 3126 2939 3181 postremam
2963 3110 3200 3165 litteram
3231 3110 3381 3166 vocis
3417 3120 3536 3177 ετ),
3574 3109 3788 3176 chazab,

493 3199 807 3258 confuderit
835 3215 958 3256 cum
988 3200 1160 3270 prima
1186 3199 1577 3272 subsequentis
1599 3202 1651 3256 in
1676 3200 1945 3257 llebraico
1975 3201 2272 3272 exemplari
2310 3213 2421 3270 ΠΥ),
2462 3217 2571 3270 ma,
2595 3214 2650 3259 et
2679 3202 2847 3258 falsus
2870 3212 3137 3273 prmterea
3161 3201 3326 3258 fuerit
3369 3204 3421 3257 in
3447 3214 3481 3264 ξ
3510 3203 3667 3274 capit,
3696 3213 3788 3272 pro

493 3294 676 3357 :tbeth
711 3292 1067 3363 accipienda:
1107 3293 1360 3350 conflarit
1392 3295 1625 3365 denique
1647 3294 1850 3351 nullius
1900 3294 2312 3365 signiﬁcationis
2358 3294 2705 3370 vocabulum.
2769 3296 3061 3350 Enimvero
3114 3294 3336 3364 propius
3383 3293 3451 3349 ad
3499 3295 3663 3350 ﬁdem
3692 3302 3788 3359 est,

488 3385 605 3443 falli
636 3400 768 3442 mss.
790 3401 888 3442 eos
921 3385 1110 3454 libros,
1141 3388 1464 3459 culpamque
1488 3403 1708 3444 omnem
1731 3404 1837 3444 non
1862 3388 1916 3443 in
1947 3395 2293 3446 tractatorem
2338 3389 2747 3455 conferendam,
2798 3389 2889 3461 qui
2914 3389 3166 3461 primitus
3188 3399 3337 3444 recte
3367 3390 3675 3460 scripserit,
3699 3387 3788 3444 sed

499 3479 556 3537 in
592 3495 971 3548 amanuenses,
1005 3481 1098 3551 qui
1122 3483 1357 3553 ignotam
1383 3482 1489 3538 sibi
1521 3482 1809 3539 lectionem
1854 3484 2198 3552 postmodum
2251 3483 2394 3541 foede
2435 3484 2805 3555 depravarint.
2848 3487 3025 3555 Atque
3056 3483 3288 3553 idipsum
3342 3490 3496 3554 puto,
3528 3481 3794 3539 constabit

493 3593 564 3637 ex
606 3576 796 3633 eadem
831 3576 926 3633 illa
951 3577 1249 3633 Martianaei
1277 3578 1786 3649 argumentatione:
1815 3594 1941 3633 nam
1975 3580 2019 3633 si
2050 3577 2309 3635 Hebraeas
2337 3580 2545 3635 litteras
2574 3581 2625 3634 in
2658 3590 2866 3634 tantum
2892 3586 3083 3634 auctor
3108 3577 3198 3634 hic
3230 3585 3483 3644 noverat,
3515 3585 3578 3634 ut
3613 3576 3792 3633 arche-

492 3679 685 3742 typum
715 3670 878 3735 adire,
899 3680 1106 3739 posset,
1132 3687 1200 3727 ex
1227 3685 1399 3742 eoque
1423 3671 1716 3742 accipiens,
1748 3681 2045 3742 utcumque
2072 3668 2185 3726 l‘alli
2216 3690 2230 3726 :
2250 3672 2364 3740 jam
2398 3681 2475 3727 tot
2506 3686 2606 3726 una
2640 3671 2694 3726 in
2728 3670 2919 3727 vocula
2952 3685 3170 3726 errores
3217 3685 3405 3727 errare
3433 3672 3663 3727 omnino
3693 3684 3792 3726 non

489 3765 690 3840 potuit.
734 3765 961 3828 Demus.
996 3764 1150 3820 illum
1180 3764 1315 3834 ιιιρή
1338 3766 1655 3837 properanti
1676 3766 1837 3820 oculo
1863 3767 2143 3836 acoepisse
2172 3779 2271 3835 pro
2296 3764 2408 3820 belli
2434 3781 2453 3818 :
2480 3765 2578 3820 sed
2602 3774 2657 3820 et
2679 3764 2913 3837 primam
2936 3776 2969 3824 :l
2996 3764 3154 3835 caph,
3183 3765 3336 3819 vocis
3385 3763 3512 3835 ejus
3565 3764 3792 3820 litteram

487 3858 860 3917 formatrieem
914 3860 1267 3930 praetermisit
1293 3877 1306 3914 :
1332 3860 1568 3931 denique
1589 3870 1640 3916 et
1665 3862 1877 3916 tertiam
1900 3875 2032 3915 mem
2069 3870 2122 3922 τε
2150 3869 2357 3916 temere
2381 3860 2598 3916 suffecit
2625 3877 2692 3916 ex
2719 3861 2956 3917 dictione
2984 3859 3111 3915 alia.
3141 3859 3426 3916 Hominem
3452 3872 3615 3925 vero,
3645 3874 3795 3932 quem

502 3971 563 4015 ut
588 3960 818 4031 hujusce
857 3959 1043 4030 lapsus
1076 3974 1323 4028 accuses,
1349 3974 1446 4030 pro
1469 3968 1619 4015 certo
1679 3974 1849 4030 ponas
1887 3959 2103 4014 Hebraei
2152 3959 2355 4014 codicis
2403 3958 2672 4027 verSandi,
2726 3956 3145 4030 perlegendique
3188 3957 3359 4014 fuisse
3385 3972 3496 4014 non
3528 3958 3790 4022 nescium,

501 4054 675 4111 tribus
719 4054 771 4108 in
811 4053 1009 4109 litteris
1051 4054 1276 4109 totidem
1305 4053 1818 4110 hallucinationibus
1843 4054 2153 4122 aberrasse,
2177 4070 2276 4124 par
2301 4053 2525 4110 minime
2553 4064 2638 4109 est
2661 4054 2907 4110 credere.
2940 4053 3107 4124 Igitur
3140 4054 3355 4125 quando
3392 4053 3599 4125 vulgati
3647 4063 3796 4110 antea

493 4149 617 4206 libri
641 4150 847 4220 optime
885 4149 1088 4206 habent
1114 4150 1333 4222 chazab,
1368 4152 1483 4208 haec
1511 4160 1597 4209 est
1620 4154 1844 4208 omnino
1873 4152 2157 4208 retinenda
2179 4152 2364 4219 lectio,
2398 4153 2585 4222 sicque
2604 4152 2718 4221 ipse
2741 4150 3009 4221 putandus
3031 4159 3219 4207 auctor
3247 4149 3577 4220 scripsisse,
3601 4165 3707 4205 non
3734 4164 3794 4205 ex

490 4246 799 4303 scribarum
840 4247 1127 4302 oscitantia
1166 4249 1216 4301 in
1244 4263 1362 4304 eam
1388 4247 1683 4303 trahendus
1729 4247 2079 4303 calumniam.
2133 4247 2323 4305 Sciunt
2372 4248 2518 4302 enim
2569 4246 2660 4317 qui
2713 4262 2775 4301 se
2822 4261 2952 4301 mss.
2998 4244 3244 4300 codicnm
3282 4244 3470 4302 studio
3513 4244 3793 4311 dedidere,

488 4358 652 4414 quam
696 4358 878 4415 saepe,
917 4346 1224 4416 quibusque
1273 4344 1561 4399 verborum
1617 4343 1875 4399 monstris
1922 4343 2167 4400 exoticas
2210 4357 2374 4399 voces
2427 4341 2604 4398 Latini
2644 4353 3006 4396 amanuenses
3050 4339 3380 4409 deformem,
3410 4348 3473 4397 ut
3525 4341 3576 4398 si
3618 4354 3796 4397 eorum

487 4435 741 4493 standum
781 4435 854 4490 sit
884 4436 1029 4505 ﬁdei,
1065 4451 1134 4491 ne
1165 4437 1284 4507 ipse
1311 4435 1530 4506 quidem
1563 4435 1922 4508 Hieronymus
1947 4435 2211 4493 llebraice
2231 4433 2531 4490 autGrarce
2549 4432 2771 4489 scivisse
2799 4430 2970 4487 videri
2999 4430 3188 4502 possit.

562 4525 773 4593 Tertio,
807 4529 875 4581 ad
899 4525 1251 4583 evincendam
1281 4526 1597 4598 scriptionis
1619 4526 1864 4582 fraudem
1894 4542 1962 4582 ex
2009 4527 2291 4598 ipsiusmet
2338 4528 2594 4592 auctoris,
2638 4525 2860 4596 verique
2904 4523 3219 4595 Hieronymi
3247 4523 3317 4579 de
3358 4540 3419 4580 se
3459 4523 3789 4581 testimoniis

497 4628 819 4689 argumenta
848 4618 1199 4674 derivantur:
1224 4633 1575 4691 quamquam,
1610 4628 1669 4675 ut
1697 4627 1887 4690 aperte
1909 4620 2052 4689 quod
2082 4620 2260 4675 sentio
2280 4620 2480 4688 dicam,
2528 4636 2648 4693 qum
2680 4619 2837 4689 vulgo
2862 4617 3236 4689 proferuntur,
3292 4619 3609 4676 inﬁrmiora
3666 4616 3792 4676 mihi

492 4713 606 4769 sint
634 4714 774 4768 visa.
809 4711 1106 4767 Victoriam
1139 4712 1276 4768 illud
1309 4726 1419 4783 prae
1446 4713 1666 4768 caeteris
1685 4713 1880 4779 movit,
1901 4711 2047 4783 quod
2078 4711 2178 4766 sub
2210 4711 2421 4767 initium
2452 4711 2732 4767 centesimi
2762 4710 3023 4781 trigesimi
3055 4709 3282 4766 secundi
3312 4711 3512 4782 psalmi
3548 4710 3797 4768 traditde

489 4823 555 4867 se
578 4818 790 4877 auctor,
821 4809 1043 4867 lratrem
1066 4809 1167 4865 sibi
1198 4824 1321 4866 esse
1348 4809 1693 4876 saecularem,
1724 4814 1916 4864 contra
1941 4822 2103 4879 qnam
2128 4806 2406 4880 proditum
2435 4808 2503 4862 de
2537 4806 2895 4878 Hieronymo,
2923 4805 3080 4876 cujus
3102 4806 3321 4861 unicum
3350 4805 3586 4863 fratrem
3623 4804 3800 4863 Pauli~

487 4905 717 4961 nianum
747 4901 885 4963 satis
911 4902 1089 4959 adhuc
1108 4902 1777 4976 jnvenem,presbyterum
1800 4901 1858 4959 S.
1893 4899 2227 4971 Epiphanius
2250 4900 2433 4971 jussit.
2468 4900 2737 4955 Amovere
2763 4908 2944 4954 autem
2972 4897 3348 4957 difﬁcultatem
3375 4901 3458 4957 sic
3488 4903 3714 4966 nititur,
3744 4908 3798 4956 ut

486 4998 636 5056 dicat
660 5000 748 5057 vel
785 5000 1026 5057 nondum
1054 4999 1221 5054 fuisse
1244 4998 1622 5071 presbyterum
1648 4996 2059 5061 Paulinianum,
2081 5009 2203 5051 eum
2233 4996 2348 5050 hac
2378 4994 2739 5067 Hieronymus
2765 4993 3048 5062 scriberet,
3077 4994 3165 5051 vel
3195 4995 3363 5050 alium
3394 4996 3449 5052 in
3477 4998 3690 5054 steculo
3713 4997 3802 5052 ba-

416 5139 430 5151 .
489 5095 676 5152 buisse
697 5095 950 5165 fratrem,
973 5109 1139 5167 quem
1172 5094 1510 5165 ignoramus.
1540 5092 1688 5147 Nihil
1726 5106 1856 5146 vero
1878 5091 1929 5146 ei
1985 5088 2179 5145 debuit
2226 5088 2429 5159 negotii
2483 5089 2757 5145 lacessere
2795 5087 2947 5144 locus
2989 5088 3078 5143 ille
3117 5088 3278 5158 plane
3327 5088 3693 5159 allegoricus.
3716 5089 3799 5144 ubi

485 5189 666 5261 ipsum
694 5191 982 5255 saeculum,
1012 5189 1101 5245 cui
1130 5187 1485 5248 valedixcrat.
1520 5197 1711 5240 auctor
1732 5190 1894 5240 vocat
1922 5181 2241 5239 saecularem
2272 5183 2521 5237 fratrem.
2546 5182 2624 5238 Ex
2654 5183 2789 5254 ipsis
2811 5180 2914 5238 hoc
2940 5181 3124 5239 verbis
3148 5183 3355 5253 liquet:
3383 5181 3800 5256 Unum,inquit,
3861 5189 3877 5203 ‘
3942 5180 3944 5207 ⁵

488 5282 704 5355 fratrem
726 5284 1015 5338 dimisimus
1049 5298 1065 5335 :
1092 5291 1140 5336 et
1164 5298 1279 5336 ecce
1293 5289 1510 5351 quantos
1527 5280 1817 5337 invenimus
1840 5279 1863 5333 !
1886 5276 2077 5333 Frater
2114 5293 2258 5333 meus
2284 5275 2553 5333 sa’cularis
2597 5261 2756 5349 (quod
2777 5278 2841 5332 de
2862 5294 2972 5333 meo
2999 5276 3208 5344 loquor,
3239 5279 3304 5332 de
3338 5279 3569 5352 singulis
3601 5282 3802 5365 loquar)

486 5391 590 5431 non
620 5386 819 5432 tantum
842 5393 923 5431 me
944 5384 1108 5442 amat,
1146 5375 1237 5429 sed
1268 5372 1610 5432 substantiam
1628 5388 1814 5427 meam.
1848 5370 2193 5428 Hartianmus
2244 5369 2347 5426 alia
2387 5385 2446 5426 se
2498 5370 2835 5441 prolaturum
2884 5377 3169 5442 receperat
3212 5372 3579 5440 testimoniis,
3610 5370 3804 5444 quibus

483 5481 840 5530 traetatorcm
873 5473 1021 5529 hunc
1053 5473 1269 5544 degisse
1298 5471 1349 5526 in
1378 5469 1636 5543 Egypto,
1698 5469 1882 5541 ibique
1934 5470 1989 5523 in
2052 5466 2444 5523 monachorum
2491 5476 2765 5522 conventu
2818 5465 3066 5521 Psalmos
3119 5466 3315 5535 lectos,
3359 5465 3803 5525 veldecantatos

482 5568 829 5638 exposuisse,
858 5566 1093 5638 ejusmet
1118 5565 1301 5620 verbis
1324 5562 1622 5618 evinceret.
1660 5562 1856 5617 Verum
1890 5560 1979 5616 ubi
2012 5560 2079 5617 ad
2123 5574 2249 5617 eum
2279 5568 2497 5615 ventum
2529 5569 2609 5613 est
2638 5558 2840 5624 locum,
2862 5560 2996 5614 satis
3019 5548 3178 5614 habui
3214 5559 3475 5617 lectOrem
3504 5559 3804 5618 amandare

484 5657 558 5714 ad
579 5659 850 5730 psalmmn
874 5671 1063 5721 CXLI",
1089 5655 1147 5710 in
1171 5654 1329 5725 cujus
1357 5661 1486 5709 sunt
1498 5652 1724 5724 quidem
1749 5652 2100 5708 enarratione
2130 5651 2414 5717 nonnulla,
2433 5665 2555 5721 quae
2587 5651 2944 5706 recentiorem
2968 5650 3286 5721 Hieronymi
3311 5663 3470 5708 aetate
3490 5653 3799 5722 hominem,

484 5762 606 5821 quae
626 5763 761 5806 vero
793 5747 1015 5820 Egypti
1038 5746 1270 5803 incolam
1299 5752 1399 5800 aut
1428 5741 1733 5800 Palaestina-
1756 5742 2020 5799 denotent
2053 5742 2219 5799 nulla.
2254 5742 2393 5798 Hinc
2423 5740 2514 5797 illa
2550 5741 2707 5797 nobis
2729 5742 3044 5812 conjectura
3075 5743 3189 5799 fere
3220 5744 3281 5799 tit
3318 5746 3543 5801 caeteris
3595 5746 3802 5804 vcrosi-

494 5839 702 5910 utilior,
734 5854 856 5911 quin
883 5838 1101 5909 capitur
1127 5852 1195 5894 ex
1224 5837 1439 5910 psalmo
1463 5850 1667 5905 cxxxv,
1693 5833 1781 5892 ubi
1812 5848 1870 5892 se
1900 5843 2089 5892 auctor
2124 5832 2448 5908 monachum
2481 5834 2663 5905 rgissc
2698 5835 2749 5891 in
2788 5835 3084 5904 Britannia,
3118 5844 3323 5894 tantum
3351 5852 3457 5896 non
3510 5842 3805 5897 manifesto
