3944 6334
194 335 267 395 803
819 330 1202 393 ADMONITIO
1243 330 1308 388 IN
1349 318 1798 399 SUBSEQUENS
1837 327 2263 387 annvrantuu
2306 328 2375 387 IN
2415 328 2746 389 ussuros.
3326 332 3432 391 suo

193 448 336 522 prodit.
355 446 577 517 Quippe
596 446 736 504 hanc
767 449 949 504 statim
975 448 1239 516 nominat,
1272 455 1323 502 ut
1352 445 1665 516 exemplum
1695 460 1728 501 e
1760 445 1984 515 regione
2019 445 2200 516 aliqua
2250 455 2449 514 sumat,
2478 445 2765 516 probatum
2820 443 3008 502 Stellae
3060 445 3177 517 pari
3230 445 3433 516 ubique

191 544 343 615 fulgore
368 540 647 597 radiorum
677 557 981 615 apparere:
1013 542 1177 613 idque
1203 549 1287 597 est
1311 539 1533 606 indicio,
1576 538 1646 593 ab
1689 552 1777 604 ea,
1810 536 1890 593 uti
1925 553 2021 608 par
2050 549 2373 608 erat,qnam
2426 536 2703 593 incolebat
2745 537 2863 606 ipse
2908 538 3101 606 suique
3150 538 3434 595 auditores

191 649 306 702 terra.
334 634 399 691 ad
432 635 674 707 reliquas
697 630 852 692 illum
874 635 1065 692 mundi
1095 635 1281 707 plagas
1300 632 1696 706 argumentari.
1726 630 1919 701 Stella,
1955 630 2147 701 inquit,
2189 647 2307 702 quia
2333 632 2536 686 videtur
2576 632 2628 686 in
2666 630 2963 698 Britannia,
3010 632 3194 704 ubique
3228 642 3273 687 et
3319 634 3438 704 ipsa

187 737 362 802 apparet.
396 727 475 783 Ne
502 736 704 795 tamen,
733 728 825 798 qui
852 728 1039 784 statim
1067 727 1368 783 occurrerit
1400 725 1592 791 menti,
1626 722 1824 779 Bedam
1854 722 2003 779 hunc
2023 731 2187 794 putes
2214 737 2378 790 esse;
2410 723 2506 780 sed
2537 724 2703 780 alium
2744 724 2924 795 potius
2950 740 3048 795 per
3072 740 3134 780 ea
3167 732 3436 796 tempora,

185 823 361 892 septimo
381 820 646 878 videlicet
664 831 829 891 atque
854 830 1051 877 octavo
1082 819 1312 888 sarculo,
1349 819 1639 875 Scotorum
1672 816 1949 884 abbatem,
1984 817 2074 887 qui
2100 831 2231 871 sane
2263 815 2468 887 ingenti
2497 826 2628 874 tunc
2665 834 2895 874 numero
2924 818 3253 875 eruditionis
3276 819 3440 876 laude

186 912 453 970 ﬂoruerunt.
479 911 585 969 Per
622 928 710 980 ea,
745 914 985 985 inquam,
1012 922 1280 986 tempora,
1314 927 1436 967 nam
1466 909 1916 967 etcemmcntarii
1943 908 2062 981 ejns
2100 910 2404 982 ingenium,
2439 921 2490 968 et
2515 912 2720 967 mentio
2752 912 3132 983 Lugdunensis
3158 914 3436 983 Eucherii,

183 1009 246 1080 qui
261 1005 420 1063 medio
443 1007 648 1065 sarculo
666 1008 858 1080 quinto
881 1009 1100 1075 claruit,
1131 1008 1442 1080 sequiorem
1478 1008 1635 1063 istam
1663 1015 1878 1063 aetatem
1924 1005 2179 1062 clamant.
2211 1006 2422 1063 Possim
2471 1017 2527 1064 et
2574 1005 2802 1064 laudare
2823 1024 2891 1064 ex
2922 1007 2989 1065 iis
3019 1009 3332 1080 quempiam
3373 1008 3443 1065 de

180 1100 371 1164 nomine,
404 1106 606 1153 etcum
639 1100 832 1169 primis
853 1099 910 1156 S.
944 1098 1347 1156 Columbanum
1371 1098 1626 1154 abbatem
1659 1097 2082 1164 Luxovieusem,
2117 1097 2171 1152 in
2203 1096 2462 1152 Hibernia
2492 1097 2783 1154 Scotorum
2830 1100 3003 1155 insula
3034 1110 3250 1170 uatum,
3284 1099 3441 1170 cujus

178 1189 217 1247 in
239 1188 533 1245 universum
566 1188 896 1247 Psalterium
922 1191 1371 1257 commentarios,
1405 1205 1527 1245 cum
1553 1188 1733 1244 adhuc
1755 1187 1942 1259 junior
1969 1198 2138 1252 esset,
2176 1196 2340 1259 atque
2380 1188 2520 1244 adeo
2552 1176 2865 1262 priusquam
2917 1207 2948 1247 e
2987 1191 3265 1248 Britannia
3317 1208 3443 1263 pro-

178 1282 491 1350 ﬁcisceretur,
525 1282 903 1352 elucubratas,
927 1282 1267 1356 Sigehertus,
1302 1283 1621 1355 Anonymus
1649 1282 1981 1349 Mcliceusis.
2006 1281 2365 1351 'l‘rithemius,
2390 1295 2556 1357 atque
2573 1286 2664 1341 alii
2692 1286 2993 1344 celebrant.
3022 1287 3220 1345 Verum
3251 1288 3320 1344 de
3350 1289 3441 1345 illo

177 1372 473 1431 erltdicendi
506 1373 659 1428 locus
686 1374 848 1444 paulo
881 1384 1024 1444 post,
1060 1375 1148 1429 ubi
1171 1374 1437 1430 etinediti
1467 1376 2073 1448 commentarii,‘quem
2118 1391 2188 1431 ex
2231 1378 2351 1447 ejus
2399 1378 2658 1434 Bobiensi
2719 1382 3056 1436 monasterio
3103 1383 3437 1455 accepimus,

173 1466 360 1537 speciem
394 1465 743 1523 exhibemus.
782 1466 936 1522 Nunc
966 1482 1088 1536 qua:
1110 1466 1733 1539 ipsiustnetliieronymi
1757 1467 1825 1525 de
1848 1483 1909 1524 se
1946 1468 2279 1534 testimonia,
2334 1468 2475 1524 istud
2508 1468 2577 1525 ah
2594 1484 2664 1526 eo
2691 1484 2829 1541 Opus
2867 1471 3202 1543 abjudicant,
3246 1474 3435 1545 praele-

172 1559 293 1618 renda
308 1568 464 1615 sunt.
499 1562 671 1630 Atque
696 1559 833 1616 illud
865 1561 1358 1618 lneulentissimum
1387 1562 1531 1632 quod
1558 1562 1722 1618 habet
1747 1563 1800 1618 in
1839 1572 2004 1634 caput
2035 1563 2185 1619 Isaia:
2224 1580 2376 1632 unt,
2425 1580 2586 1637 quem
2640 1565 2841 1622 librum
2884 1566 3030 1622 circa
3062 1583 3154 1624 an.
3178 1569 3302 1635 MO,
3337 1567 3442 1624 sub

170 1655 262 1712 vita
279 1671 391 1711 sum
413 1657 810 1728 propemodum
836 1656 997 1712 linem
1028 1658 1354 1728 Composuit,
1382 1657 1473 1712 ubi
1504 1672 1625 1712 eum
1648 1656 1716 1713 de
1733 1657 1967 1712 Psalmis
1984 1666 2179 1713 octavo
2198 1669 2361 1728 atque
2390 1661 2727 1730 octogesimo
2758 1662 2920 1716 tertio
2939 1676 3121 1717 sermo
3139 1662 3441 1729 incidisset,

171 1765 213 1807 se
227 1749 330 1805 illos
356 1749 560 1806 fatetur
587 1750 931 1820 apertissime
963 1748 1205 1806 nondum
1234 1748 1574 1820 exposuisse.
1609 1747 1677 1804 In
1700 1750 1911 1817 bonam,
1933 1750 2131 1822 inquit,
2165 1760 2365 1819 partem
2409 1751 2708 1805 scribuntur
2737 1754 2927 1823 psalmi
2948 1768 3042 1825 pro
3064 1754 3434 1821 torcularibus,

171 1850 351 1910 «tarus,
375 1851 423 1896 et
449 1842 791 1914 octogesimus
818 1840 1003 1894 tertius
1023 1856 1042 1896 :
1066 1840 1129 1894 de
1149 1840 1408 1912 quibusin
1430 1840 1540 1895 suis
1570 1840 1719 1908 locis,
1752 1840 1795 1894 si
1822 1840 1923 1894 vita
1945 1856 2111 1894 comes
2137 1840 2315 1911 fuerit,
2353 1838 2576 1895 Domino
2601 1856 2694 1911 pra
2712 1840 2881 1908 bente,
2904 1842 3122 1897 dicetur.
3149 1842 3439 1916 Reliquum

168 1936 255 1992 rite
277 1936 395 2007 ejus
428 1944 644 2006 tempus
675 1935 947 1992 deeennio
989 1936 1109 2006 plus
1132 1933 1713 1990 minuseoncluditur:
1747 1935 1933 2006 sicque
1976 1937 2065 1991 vix
2109 1936 2278 2006 potuit
2314 1938 2466 2006 Operi
2517 1939 2822 2009 prophetali
2867 1954 3181 2011 supremam
3225 1958 3442 1999 mamnn

166 2029 427 2100 imponere,
455 2029 586 2084 utin
616 2029 937 2090 Jercmiam,
972 2030 1062 2099 qui
1098 2028 1338 2099 reliquus
1370 2036 1511 2096 erat,
1562 2029 2013 2097 commentarios,
2065 2037 2244 2084 morte
2294 2028 2689 2098 intercedente,
2722 2030 3006 2103 reliquerit
3066 2034 3421 2105 imperfectos

166 2121 246 2178 Hoc
262 2137 393 2180 vero
423 2123 772 2194 palmarium,
799 2120 944 2193 quod
986 2137 1108 2175 cum
1167 2120 1343 2192 ipsqu
1376 2121 1672 2178 Jercrniatn
1708 2130 2035 2194 exponeret,
2068 2121 2136 2178 ad
2165 2133 2328 2195 caput
2370 2126 2672 2180 secundum
2719 2126 2899 2183 simile
2953 2129 3082 2199 quid
3127 2131 3441 2203 pollicetur,

164 2215 246 2273 lore
263 2215 534 2285 videlicet,
569 2225 629 2271 ut
669 2216 885 2288 plenius
902 2214 970 2271 de
998 2212 1200 2283 Portis,
1237 2231 1359 2286 quae
1391 2215 1445 2271 in
1489 2215 1752 2272 vicesimo
1810 2217 1973 2272 tertio
2027 2218 2239 2289 psalmo
2268 2228 2669 2287 memorantur,
2707 2236 2809 2276 suo
2858 2221 2981 2277 loco
3012 2224 3271 2281 disserat.
3307 2228 3446 2285 lltnc
3496 2248 3505 2261 ί

165 2312 269 2370 enim
286 2322 630 2384 compertum
656 2321 920 2385 estquam
946 2311 1089 2382 quod
1123 2312 1380 2377 maxime,
1414 2327 1519 2367 non
1550 2309 1717 2368 fuisse
1738 2310 1808 2368 ab
1839 2310 2176 2385 Hieronymo
2202 2310 2334 2368 illud
2367 2313 2549 2385 operis
2582 2313 2895 2382 conditum,
2935 2317 3092 2385 cujus
3122 2330 3306 2390 partes
3345 2322 3441 2377 ali-

163 2421 276 2477 quas,
309 2419 512 2477 easque
537 2415 1001 2476 nonmostretnas,
1031 2420 1130 2460 nec
1155 2403 1324 2460 certis
1346 2403 1415 2459 de
1438 2403 1621 2460 causis
1639 2413 1800 2459 antea
1843 2405 2260 2474 praetermissus,
2319 2422 2418 2462 nec
2446 2408 2629 2480 aliquo
2654 2411 2795 2468 inter
2854 2428 2915 2469 se
2952 2411 3171 2482 jtmctas
3227 2416 3443 2486 ordine,

164 2499 236 2556 sub
258 2499 435 2572 ipsum
467 2499 592 2555 vitae
615 2499 820 2554 exitum
853 2498 1017 2554 tradit
1042 2499 1179 2569 ipse,
1214 2513 1323 2553 non
1355 2497 1456 2553 nisi
1487 2500 1831 2569 propositum
1864 2499 2123 2557 habuisse
2150 2500 2335 2556 animo
2364 2502 2710 2562 elucubrare.

212 2592 563 2650 Nihilosecius
590 2594 693 2647 alia
725 2609 834 2648 non
861 2590 1219 2647 imbecilliora
1253 2600 1572 2662 argumenta
1605 2589 1959 2660 persuadent,
1994 2589 2138 2662 quod
2179 2590 2335 2647 initio
2367 2596 2773 2666 proposuimus,
2807 2615 2871 2655 ex
2917 2602 3028 2656 veri
3057 2618 3203 2672 satpe
3246 2602 3414 2658 Hiero

164 2688 278 2760 nymi
300 2687 493 2760 pannis
516 2687 831 2743 universum
866 2685 1035 2741 hocce
1064 2682 1213 2753 Opus
1236 2682 1513 2754 componi.
1540 2680 1596 2738 ld
1624 2683 1768 2738 scire
1800 2697 1897 2754 per
1928 2697 1987 2738 se
2019 2684 2139 2753 quis
2174 2687 2394 2755 poterit,
2430 2684 2477 2740 si
2508 2703 2627 2757 quae
2654 2690 2885 2758 sparsim
2931 2690 3047 2747 loca
3098 2693 3440 2750 Psalmorum

162 2777 204 2835 S.
224 2780 373 2837 Pater
398 2790 485 2836 est
513 2780 931 2851 interpretatus,
956 2794 1077 2850 quae
1108 2776 1398 2832 maximam
1448 2784 1657 2846 partem
1693 2777 1745 2830 in
1788 2776 2216 2849 uniuscujusque
2260 2780 2391 2834 tomi
2425 2779 2606 2837 indice
2644 2782 3003 2855 colliguntur,
3038 2789 3289 2844 conferat
3326 2806 3449 2845 cum

163 2874 394 2932 Breviarii
427 2876 586 2941 locis,
615 2884 877 2946 notetque
897 2874 1088 2944 longas
1111 2870 1390 2943 parodias,
1425 2884 1490 2926 ac
1517 2885 1663 2943 saepe
1691 2868 1889 2924 nedum
1920 2873 2251 2941 sententias,
2284 2873 2378 2929 sed
2401 2883 2456 2928 et
2480 2875 2641 2930 verba
2673 2876 2864 2935 eadem
2909 2880 3304 2952 deprehendat.
3340 2884 3447 2941 Par

162 2985 347 3043 quoque
374 2969 432 3026 ﬁt
453 2967 693 3041 opinari,
724 2977 978 3021 tractatus
1009 2964 1132 3020 illos
1157 2972 1351 3033 septem
1372 2963 1425 3017 in
1451 2961 1693 3018 Psalmos
1714 2979 1748 3015 a
1769 2961 1969 3017 decimo
1993 2979 2152 3034 usque
2180 2964 2249 3018 ad
2278 2965 2533 3021 decimum
2560 2978 2789 3038 sextum,
2815 2986 2953 3041 quos
2994 2972 3045 3027 in
3078 2988 3302 3030 suarum
3332 2973 3449 3031 elu-

163 3063 515 3120 cubrationum
548 3075 774 3117 censum
797 3058 993 3130 recipit
1021 3057 1140 3127 ipse
1163 3055 1217 3111 in
1250 3054 1518 3127 catalogo,
1542 3053 1753 3126 jamdiu
1780 3069 1913 3111 vero
1944 3055 2309 3125 intercidisse,
2343 3059 2484 3130 quod
2512 3075 2766 3119 seorsum
2789 3074 3050 3135 certaque
3070 3070 3455 3138 germanitatis

163 3168 264 3214 nota
290 3157 532 3213 distincti
561 3170 670 3212 non
695 3154 1022 3219 habeantur,
1074 3151 1445 3208 existimatum
1491 3156 1595 3217 est,
1660 3150 1748 3205 hic
1795 3148 2152 3220 interjectos:
2199 3151 2360 3224 idque
2415 3152 2590 3225 ipsum
2636 3157 2968 3216 exornandis
3012 3170 3069 3217 et
3116 3162 3168 3217 in
3221 3173 3455 3221 caeteros

161 3251 371 3325 psalmos
410 3248 828 3306 commentariis
875 3261 1063 3302 ansam
1114 3244 1362 3300 studioso
1396 3243 1747 3316 compilatori
1799 3244 2124 3315 prmhuisse.
2157 3246 2292 3317 Quae
2346 3258 2614 3325 praeterea
2664 3260 2884 3309 veteres
2925 3270 2992 3309 ex
3036 3254 3366 3328 Hieronymo
3401 3257 3454 3312 in

159 3345 402 3417 psalmum
433 3342 582 3400 hunc
621 3343 705 3397 vel
734 3341 884 3397 illum
910 3338 1158 3407 laudant,
1190 3336 1775 3410 describuntqaeloca,
1796 3345 2032 3409 suntque
2063 3337 2150 3395 illa
2178 3340 2408 3398 totidem
2440 3342 2496 3399 in
2521 3342 2803 3403 Breviario
2829 3346 2933 3403 hoe
2955 3347 3141 3406 verbis
3170 3359 3456 3423 concepta,

166 3434 292 3511 haud
320 3434 537 3507 quidem
567 3433 730 3489 facile
760 3432 864 3486 alia
895 3431 1136 3501 excipias
1165 3430 1401 3497 ratione,
1433 3444 1594 3499 quam
1624 3429 1669 3482 si
1694 3426 2019 3498 quibusdam
2049 3433 2404 3501 assumeutis,
2429 3452 2550 3501 qua:
2581 3452 2773 3494 revera
2802 3456 2832 3495 e
2863 3440 2921 3495 8.
2953 3438 3209 3498 Doctoris
3244 3444 3459 3500 calamo

162 3530 385 3603 profecta
411 3541 563 3599 sunt,
595 3524 1123 3601 pseudepigraphum
1151 3524 1350 3579 librum
1378 3522 1696 3594 interpolari
1735 3540 1830 3596 pro
1860 3535 2012 3583 certo
2043 3524 2265 3583 habeas.
2297 3529 2577 3588 Laciniam
2613 3549 2680 3590 ex
2715 3538 3055 3610 nonagesimi
3089 3540 3234 3594 tertii
3266 3540 3461 3611 psalmi

166 3626 499 3683 enarratione
520 3624 721 3681 recitat
743 3623 898 3677 testis
920 3621 1164 3676 onmium
1193 3617 1686 3689 locupletissimus,
1719 3618 1975 3691 aetatique
1997 3619 2317 3692 Hieronymi
2356 3638 2560 3697 suppar
2582 3624 2640 3683 S.
2675 3630 3014 3698 Augustinus
3065 3629 3117 3685 in
3148 3629 3465 3689 Commoni-

164 3720 293 3775 torio
327 3718 391 3774 ad
415 3717 892 3783 Fortunatianum,
926 3713 1041 3769 sive
1092 3714 1253 3783 epist.
1291 3708 1421 3777 148,
1461 3720 1647 3767 certus
1692 3711 1833 3769 adeo
1853 3710 1922 3769 de
1964 3712 2406 3785 llieronymianse
2454 3721 2770 3789 scriptionis
2817 3724 3207 3793 germanitate,
3236 3734 3296 3781 ut
3329 3726 3469 3784 hanc

162 3813 419 3886 praecipue
448 3812 583 3867 tanti
610 3807 848 3865 nominis
875 3806 1254 3863 auctoritatem
1278 3816 1462 3861 contra
1496 3805 1842 3863 adversarios
1871 3819 2087 3879 urgeat.
2138 3808 2221 3865 Ne
2267 3813 2456 3879 multa,
2493 3814 2688 3886 inquit,
2722 3817 3195 3884 commemorando,
3239 3821 3465 3887 maiores

163 3920 323 3960 moras
348 3905 485 3975 [acia
508 3922 562 3971 n,
594 3902 692 3957 hoc
732 3918 895 3956 unum
920 3899 981 3956 S.
1008 3896 1319 3971 Hieronymi
1344 3898 1638 3969 interpono.
1666 3898 1733 3953 Et
1759 3914 1908 3966 mox,
1941 3900 2072 3955 Cum
2099 3918 2219 3976 ergo
2246 3903 2335 3958 ille
2359 3906 2434 3960 vir
2461 3908 2515 3961 in
2545 3908 2832 3980 Scrip‘turis
2853 3911 3182 3968 doctissimus
3208 3916 3466 3986 psalmum

164 4008 441 4071 exponeret,
468 3997 559 4052 ubi
590 3996 790 4051 dictum
817 4004 891 4049 est
918 4011 937 4086 ς
965 3991 1256 4086 intelligite
1280 4005 1414 4086 ergo
1462 3990 1931 4086 quiginsipientcs
1963 3994 2097 4086 estis
2136 3995 2189 4050 in
2240 4000 2461 4068 populo,
2507 4011 2563 4055 et
2619 4001 2770 4059 stulti
2814 4002 3106 4076 aliquando
3146 4006 3343 4077 sapite,
3374 4024 3468 4086 qui

167 4090 422 4163 plantavit
448 4104 661 4154 aurem,
691 4103 797 4143 non
826 4085 1028 4154 audiet,
1054 4092 1150 4140 aut
1171 4085 1262 4154 qui
1289 4084 1444 4139 tinxit
1464 4084 1706 4152 oculum,
1732 4100 1837 4140 non
1866 4085 2180 4144 considerat
2211 4107 2223 4143 :
2258 4091 2393 4146 inter
2414 4101 2622 4150 (cetera.
2659 4093 2769 4151 Iste
2804 4097 2973 4170 locus,
2996 4099 3187 4171 inquit,
3223 4084 3469 4158 adversui

168 4200 247 4239 eos
267 4187 486 4242 maxime
507 4184 659 4257 facit,
684 4182 774 4253 qui
801 4176 1347 4249 Autltropomorpltita:
1373 4186 1495 4232 sunt
1520 4193 1539 4234 :
1565 4178 1655 4248 qui
1676 4177 1860 4233 dicunt
1881 4177 2048 4233 Deum
2080 4180 2267 4237 habere
2298 4183 2544 4253 membra,
2563 4203 2681 4259 quae
2702 4188 2859 4244 etiam
2887 4206 2981 4245 nos
3014 4190 3286 4247 habemus.
3318 4190 3472 4268 Verbi

171 4280 351 4351 gratia,
377 4279 574 4334 dicitur
599 4275 737 4331 Deus
758 4273 946 4329 habere
969 4271 1146 4327 oculos
1168 4287 1187 4326 :
1230 4270 1383 4326 Oculi
1416 4268 1627 4326 Domini
1646 4271 1928 4344 respiciunt
1949 4275 2125 4328 omnia
2144 4289 2163 4328 :
2195 4292 2379 4332 mnus
2406 4280 2529 4349 quia
2556 4282 2679 4353 fecit
2712 4284 2909 4339 omnia.
2936 4284 3005 4341 Et
3026 4284 3255 4354 audivit,
3279 4288 3469 4360 inquit,

170 4378 332 4434 Adam
359 4392 551 4435 sonum
580 4375 775 4445 pedum
810 4370 1022 4427 Domini
1052 4368 1455 4427 deambulantis
1483 4370 1536 4425 in
1567 4369 1847 4442 paradiso.
1897 4369 2021 4427 ch
2064 4371 2372 4445 simpliciter
2395 4375 2641 4444 audiunt,
2664 4386 2712 4432 et
2736 4377 2988 4436 humanas
3009 4381 3385 4437 imbecillitates
3404 4383 3474 4437 ad

172 4470 264 4527 Dei
289 4472 723 4547 magnificentiam
747 4474 999 4543 referunt.
1028 4469 1140 4541 Ego
1176 4477 1350 4522 autem
1371 4466 1488 4521 dico
1512 4466 1651 4535 quod
1673 4464 1815 4522 Deus
1837 4472 1973 4522 totus
1994 4467 2176 4523 oculus
2196 4476 2269 4524 est
2296 4486 2315 4525 :
2344 4478 2480 4526 totus
2519 4488 2709 4527 manus
2730 4482 2842 4529 est:
2866 4483 3006 4531 totus
3056 4493 3142 4544 pes
3186 4485 3277 4531 est.
3310 4473 3471 4533 Totus

175 4568 341 4623 oculus
364 4577 460 4636 est,
480 4567 606 4640 quia
636 4568 815 4619 omnia
842 4563 1002 4620 uidet.
1027 4562 1072 4619 Τ
1077 4573 1193 4619 olus
1218 4578 1403 4617 manus
1426 4568 1518 4627 est,
1549 4561 1677 4632 quia
1698 4559 1872 4616 omnia
1894 4576 2164 4633 operatur.
2187 4561 2353 4619 Totus
2374 4582 2461 4635 pes
2476 4567 2717 4636 est,.quia
2744 4569 2929 4641 ultique
2956 4580 3052 4626 est.
3079 4569 3183 4637 Qui
3209 4569 3478 4638 plantavit

175 4673 372 4727 aurem,
409 4678 518 4718 non
554 4660 759 4725 audiet,
794 4668 851 4716 et
878 4658 972 4729 qui
1001 4658 1155 4713 ﬁnxit
1177 4657 1389 4722 oeulos,
1423 4670 1529 4710 non
1558 4653 1890 4712 considerat.
1927 4654 2051 4710 Non
2088 4655 2327 4728 dixitjqui
2356 4658 2612 4731 plantavit
2642 4676 2844 4727 aurem,
2867 4676 2990 4734 ergo
3016 4663 3124 4734 ipse
3147 4676 3322 4716 aurem
3351 4663 3475 4733 {non

178 4754 335 4812 liam.
358 4755 477 4811 Non
498 4755 655 4820 dixit,
681 4770 801 4827 ergo
828 4754 940 4824 ipse
968 4752 1143 4806 oculos
1170 4766 1271 4804 non
1296 4748 1467 4803 habet.
1495 4746 1603 4804 Sed
1620 4747 1753 4802 dixit
1776 4762 1794 4802 :
1819 4747 1919 4815 Qui
1948 4748 2219 4819 plantavit
2247 4764 2457 4822 aurem,
2487 4767 2595 4807 non
2619 4752 2825 4817 audiet,
2853 4762 2909 4809 et
2936 4755 3026 4824 qui
3075 4754 3229 4810 iittxit
3256 4755 3469 4825 oculos,

176 4861 275 4904 non
304 4848 637 4905 considerat.
664 4844 898 4900 Membra
931 4844 1072 4912 tulit,
1101 4842 1406 4913 efﬁcientias
1435 4840 1598 4895 dedit.
1633 4841 1757 4896 Hmc
1782 4842 2064 4898 enimvero
2093 4857 2203 4898 non
2241 4843 2371 4899 alibi
2413 4844 2556 4916 apud
2605 4846 3029 4922 Hieronymum,
3074 4865 3240 4921 quam
3270 4849 3324 4904 in
3376 4848 3480 4905 hoc

176 4940 289 5013 ipso
312 4955 595 5015 perperam
628 4938 705 4995 illi
751 4936 989 5008 ascripta
1018 4936 1296 4994 Breviario
1320 4936 1601 4992 invenias:
1633 4934 1725 4991 ubi
1781 4936 1850 4993 ad
1902 4952 2025 4993 eum
2074 4937 2270 5009 psalmi
2314 4942 2659 5012 nonageslmi
2714 4942 2859 5000 tertii
2903 4943 3083 5000 locum
3126 4945 3206 5000 sic
3253 4943 3482 4999 totidem

180 5033 435 5107 descripta
467 5039 596 5090 sunt
612 5032 899 5100 verbis,ut
921 5032 989 5087 ab
1014 5030 1115 5087 illo
1148 5026 1542 5100 propemodum
1570 5027 1871 5099 archetypo
1893 5038 2116 5099 accepta
2142 5027 2450 5086 videantur.
2481 5031 2613 5100 Quae
2652 5034 2871 5089 tametsi
2920 5035 3081 5089 nobis
3127 5036 3179 5090 in
3231 5032 3481 5105 generali

180 5126 488 5197 praefatione
510 5128 627 5182 visa
659 5138 786 5185 sunt
808 5142 915 5184 non
939 5142 1001 5183 ex
1028 5125 1427 5181 commentario
1480 5122 1734 5195 quopiam
1778 5122 1832 5177 in
1873 5122 2136 5194 psalmos,
2178 5124 2277 5181 sed
2313 5141 2379 5181 ex
2407 5140 2508 5181 una
2541 5125 2721 5197 aliqua
2770 5127 2829 5184 S.
2875 5127 3124 5184 Doctoris
3154 5129 3381 5199 epistola
3416 5146 3481 5186 ex

181 5220 247 5278 iis
272 5240 388 5297 quae
408 5225 827 5287 interciderunt,
849 5222 1138 5289 desumpta
1167 5237 1179 5273 :
1210 5218 1634 5290 llieronymiana
1668 5225 1849 5272 tamen
1876 5229 2001 5273 esse
2021 5232 2127 5272 non
2161 5215 2553 5284 dubitavimus,
2592 5218 2899 5291 Augustino
2929 5235 3028 5291 pro
3051 5235 3241 5276 eorum
3273 5236 3487 5291 genua.

182 5316 346 5375 nitate
368 5320 723 5391 iidejubente.
758 5319 933 5374 Porro
955 5315 1059 5370 alia
1089 5322 1237 5382 sunt,
1262 5328 1384 5384 quae
1407 5311 1672 5367 Servatus
1703 5309 1889 5381 Lupus
1921 5310 1973 5366 in
2004 5309 2332 5367 Collectaneo
2367 5312 2434 5367 de
2470 5312 2630 5369 tribus
2660 5313 3043 5380 Quwslionibus
3086 5328 3153 5369 ex
3181 5314 3281 5370 hoc
3302 5323 3491 5383 utpote

184 5410 496 5483 ilieronymi
521 5412 810 5470 Breviario
838 5410 1046 5478 laudat,
1076 5417 1134 5464 ut
1158 5417 1245 5463 est
1265 5404 1399 5461 illud
1432 5405 1484 5460 in
1508 5402 1880 5474 explanatione
1903 5404 2063 5477 primi
2088 5403 2299 5477 psalmi,
2324 5404 2467 5476 quod
2496 5421 2596 5462 suo
2626 5406 2749 5462 loco
2770 5406 3147 5477 expcndemns
3182 5425 3195 5461 :
3238 5408 3345 5462 alia
3370 5424 3491 5479 qua:

185 5504 242 5561 8.
272 5506 567 5580 Gregorius
596 5505 684 5560 Vll
715 5506 880 5575 (hunc
909 5507 1055 5560 enim
1077 5516 1267 5558 verum
1300 5515 1421 5556 esse
1443 5498 1824 5554 commentarii
1854 5496 1910 5553 in
1937 5498 2181 5570 psalmos
2224 5499 2636 5571 pmnitentiales
2677 5510 2955 5557 auctorem
2989 5524 3001 5558 :
3054 5517 3158 5557 non
3207 5502 3292 5558 cui
3333 5505 3498 5574 vulgo

188 5595 539 5667 tribuitur,S.
566 5598 891 5668 Gregorium
920 5596 1205 5667 Magnum,
1241 5593 1464 5665 propior
1513 5591 1581 5648 ad
1626 5589 1788 5648 iidem
1844 5590 2119 5649 sententia
2170 5590 2285 5664 estj)
2323 5609 2356 5649 e
2414 5593 2606 5664 psalmi
2648 5595 3086 5667 quinquagesimi
3127 5596 3398 5652 versiculo
3432 5596 3496 5653 l7

192 5694 529 5762 expositione
561 5690 841 5758 describit,
874 5698 1207 5760 acceptaque
1232 5686 1403 5743 refert
1429 5684 1765 5757 llieronymo
1794 5698 1807 5735 :
1840 5697 1962 5755 qua:
2008 5680 2234 5755 quidem
2267 5686 2352 5741 sin
2398 5687 2579 5741 minus
2609 5686 2676 5743 ad
2725 5687 2963 5743 universi
3002 5685 3219 5757 Operis,
3248 5697 3398 5744 certe
3428 5690 3495 5744 ad

190 5795 401 5850 earum,
427 5802 561 5855 quas
590 5785 822 5841 recitant
853 5782 1248 5839 sententiarum
1272 5781 1585 5857 ννησιὸτητα
1615 5778 1991 5848 astruendam,
2036 5779 2331 5850 plurimum
2372 5781 2631 5838 momenti
2658 5779 2885 5849 habent,
2931 5790 3224 5853 notantque
3279 5783 3498 5853 insuper

196 5886 357 5945 quam
382 5877 543 5949 longo
563 5877 631 5934 ab
658 5877 785 5933 hinc
807 5876 1133 5935 saeculorum
1161 5873 1468 5946 intervallo,
1495 5889 1593 5945 pro
1614 5872 2056 5946 Hieronymianis
2083 5873 2190 5929 sint
2219 5872 2422 5933 habita.
