3944 6334
448 315 554 374 807
1232 318 1244 327 ’
1271 313 1621 375 APPENDIX
1659 315 1752 376 AD
1791 316 2005 378 TOIllUl

2186 316 2437 378 PTlllUM
2477 316 2536 377 S.
2580 313 2982 376 lllERONYMI.
3644 314 3743 376 808

525 433 767 506 Denique
797 439 853 489 ttt
885 431 989 489 alia
1019 433 1186 489 multa
1219 434 1537 509 Hieronymi
1565 436 1650 491 vel
1678 434 1949 506 dogmata,
1976 435 2061 491 vel
2085 436 2246 491 etiam
2279 436 2446 491 verba
2482 434 2611 490 huic
2635 434 2817 491 inesse
2847 430 3130 489 Breviario
3163 429 3418 498 sentiam,
3449 426 3583 485 illud
3610 443 3742 499 pra-

448 529 610 601 cipuc
657 529 805 597 facil,
840 529 984 601 qttod
1026 531 1093 585 de
1138 545 1198 585 se
1232 530 1392 586 trahit
1440 531 1498 588 S.
1547 531 1728 596 Pater,
1769 531 1821 586 in
1867 530 2094 586 fratrum
2125 539 2399 586 conventu
2427 528 2766 600 quotidianis
2815 542 2875 583 se
2915 524 3375 583 commentariolis
3422 522 3742 578 Psnlterium

451 621 844 678 edisseruisse.
877 619 1239 691 Apertissima
1269 623 1386 693 ejus
1417 623 1534 677 haec
1562 622 1731 678 verba
1765 632 1890 677 sunt
1920 622 2015 677 lib.
2049 633 2278 678 tconlra
2311 621 2586 686 Rufinum,
2613 637 2762 676 num.
2794 620 2862 675 i9
2891 637 2902 671 :
2935 617 3086 672 Illud
3116 631 3327 690 carpere
3355 616 3550 670 dicitur
3571 614 3743 688 (Ruti-

445 717 602 787 num)
630 714 770 788 quod
800 715 1084 769 secundum
1115 714 1375 782 psalmum
1418 716 1786 788 interpretans,
1829 732 1924 789 pro
1953 733 2010 771 eo
2035 717 2173 788 quod
2204 716 2422 790 legimus
2453 715 2505 770 in
2534 714 2760 782 Latino,
2801 711 3196 786 appreltendile
3225 712 3592 784 disciplinam,
3625 719 3674 765 et
3696 708 3749 762 iu

446 806 709 863 Hrbraico
738 808 994 863 columine
1020 810 1277 880 scriptum
1307 818 1380 864 est
1404 810 1698 877 nescubar,
1748 809 1973 864 dixerint
1999 810 2054 863 in
2096 808 2532 864 commentariolis
2576 808 2700 862 meis
2735 805 2978 862 Adorate
3031 806 3224 863 lilium.
3254 803 3324 860 Et
3368 820 3578 859 rursum
3601 819 3750 859 omne

444 900 767 958 Psalterium
809 903 863 957 in
886 901 1176 958 Romanum
1203 912 1404 960 vertens
1435 921 1645 972 sonum,
1672 904 1821 976 quasi
1865 904 2136 958 immemor
2173 903 2510 975 expositionis
2555 904 2780 974 antiqua:
2824 901 3102 973 posuerim,
3135 901 3374 957 Adoratc
3398 917 3536 973 pure
3569 917 3583 955 :
3615 901 3752 972 quod

443 995 623 1068 utique
643 995 744 1050 sibi
775 1012 884 1052 esse
906 997 1252 1069 contrarium,
1283 998 1516 1053 omnibus
1539 1007 1702 1070 patet.
1729 999 1900 1066 Quam
1935 997 2304 1067 objectioncm
2324 1039 2338 1065 ,
2363 1013 2486 1053 cum
2515 996 2569 1052 in
2602 997 2964 1069 sequentibus
2994 1011 3256 1069 perquam
3288 995 3523 1064 erudite,
3551 995 3748 1051 diluis-

443 1099 551 1160 set,
586 1091 704 1148 base
727 1093 912 1150 subdit
945 1113 958 1152 :
995 1095 1137 1163 Quid
1166 1097 1324 1168 igitur
1348 1096 1580 1168 peccaui,
1606 1097 1651 1149 si
1672 1096 1877 1151 cet-bum
1906 1095 2202 1168 ambiguum
2233 1095 2437 1150 diversa
2463 1094 2890 1167 interpretatione
2919 1093 3178 1148 converti:
3205 1102 3253 1148 et
3281 1094 3370 1164 qui
3410 1094 3464 1147 in
3492 1108 3752 1146 commen‘

445 1185 668 1254 tariolis,
697 1185 782 1241 ubi
815 1185 1025 1242 libertas
1057 1198 1130 1242 est
1161 1189 1452 1244 disserendi
1483 1188 1738 1259 dixeram,
1776 1189 2014 1245 Adorate
2046 1189 2214 1245 ﬁlium
2244 1207 2257 1243 :
2289 1189 2343 1243 in
2367 1191 2480 1261 ipso
2520 1205 2758 1260 corpore,
2785 1205 2849 1243 ne
2876 1187 3132 1243 violentus
3159 1187 3358 1243 viderer
3387 1189 3665 1260 interpres,
3700 1195 3748 1241 et

440 1271 683 1332 Judaij
711 1277 990 1334 calumniae
1015 1280 1190 1335 locum
1227 1281 1425 1348 darem,
1469 1281 1710 1349 dixerim,
1758 1280 1998 1338 Adorate
2044 1297 2204 1354 pure,
2240 1283 2346 1338 sive
2385 1282 2581 1351 electe,
2621 1291 2726 1339 etc.
2758 1283 2900 1350 Quin
2943 1283 3109 1354 igitur
3152 1280 3436 1339 breviores
3481 1280 3750 1353 quosdam

443 1373 868 1428 commentarios
895 1374 949 1428 in
977 1373 1229 1430 Psalmos
1263 1373 1569 1445 profuderit
1607 1373 1666 1431 S.
1696 1374 1882 1441 Pater,
1915 1375 2053 1430 nihil
2083 1384 2164 1430 est
2191 1375 2445 1431 dubium:
2477 1375 2622 1447 quod
2669 1375 2814 1432 enim
2847 1392 2942 1433 eos
2972 1377 3025 1431 in
3069 1390 3292 1431 suorum
3325 1375 3578 1446 catalogo
3603 1372 3747 1444 Ope-

440 1481 563 1522 rum
594 1483 702 1522 non
733 1477 1046 1538 recenseat,
1079 1483 1274 1525 causas
1301 1469 1354 1525 in
1385 1470 1627 1540 generali
1659 1469 1976 1541 przel'atione
2005 1471 2346 1540 aperuimus,
2390 1486 2622 1544 eamque
2666 1470 2721 1526 iu
2755 1471 2947 1544 primis
2978 1471 3122 1542 quod
3164 1480 3426 1527 oretenus
3474 1470 3602 1536 fusi,
3633 1485 3741 1526 non

441 1560 651 1634 scripto
681 1561 884 1618 fuerint
915 1563 985 1618 ab
1015 1577 1082 1619 eo
1113 1562 1441 1635 consignati,
1471 1577 1570 1619 nec
1591 1565 1716 1634 jure
1748 1563 1884 1619 adeo
1912 1563 1965 1618 iu
1997 1563 2358 1635 scriptionum
2388 1580 2612 1620 censum
2641 1564 2913 1620 venirent.
2948 1563 3064 1619 Jam
3099 1574 3209 1619 tum
3241 1577 3376 1619 vero
3414 1563 3484 1618 de
3516 1561 3747 1633 loquen-

447 1657 516 1713 tis
545 1671 645 1713 ore
677 1658 844 1714 fuisse
874 1657 944 1714 ab
971 1658 1156 1728 aliquo
1181 1659 1493 1716 auditorum
1522 1666 1818 1729 utcumque
1843 1656 2046 1713 chartis
2089 1665 2347 1729 exceptos
2373 1698 2388 1724 ,
2421 1667 2476 1713 et
2503 1658 2555 1712 iu
2585 1658 2777 1728 vulgus
2805 1657 3069 1728 prolatos,
3099 1656 3292 1728 probat
3318 1655 3410 1710 illa
3448 1655 3631 1711 Rulini
3659 1669 3753 1711 ca-

439 1751 672 1821 villatio,
705 1761 869 1824 atque
897 1751 1016 1824 ipse
1047 1751 1494 1826 Hieronymiana:
1525 1751 1902 1823 responsionis
1931 1759 2240 1807 contextus.
2286 1751 2531 1823 Apparet
2570 1758 2754 1808 autem
2796 1751 2983 1807 multis
3014 1751 3068 1806 in
3098 1751 3235 1806 locis
3273 1752 3522 1806 notarios
3551 1765 3753 1822 propc-

441 1856 625 1905 rantes
652 1847 723 1904 de
749 1848 1045 1905 sententiis
1074 1849 1270 1920 magis,
1311 1863 1448 1920 quas
1479 1847 1689 1918 privata
1720 1848 1772 1903 in
1802 1846 1938 1904 cella
1965 1855 2353 1919 recoquerent,
2393 1862 2555 1919 quam
2583 1845 2652 1904 de
2679 1845 2860 1904 verbis
2895 1846 3065 1903 fuisse
3107 1846 3393 1903 sollicitos.
3424 1845 3590 1903 Venit
3620 1859 3755 1918 pro-

441 1951 625 2015 pterea
657 1941 812 1998 rudis
840 1942 1018 2000 adhuc
1048 1943 1202 2000 labor
1231 1943 1323 2000 ille
1348 1944 1402 1999 in
1428 1944 1662 1999 aliorum
1693 1959 1908 2009 manus,
1944 1943 2268 2016 llierouymi
2301 1945 2518 2018 quidem
2549 1945 2769 2003 nomine
2801 1944 3049 2017 insignis,
3082 1946 3178 2002 sed
3207 1945 3345 2002 adeo
3376 1943 3613 2011 hiulcus,
3648 1943 3754 2000 im-

442 2039 675 2113 peritus,
708 2039 983 2109 informis,
1015 2049 1073 2095 ut
1103 2039 1225 2096 licia
1270 2039 1443 2111 magis
1471 2039 1757 2096 condendo
1789 2039 1976 2111 Operi,
2007 2054 2167 2110 quam
2212 2055 2350 2112 optts
2399 2040 2577 2112 ipsum
2629 2040 2947 2098 viderentur
2978 2059 2992 2097 :
3023 2049 3076 2098 et
3110 2041 3278 2098 licere
3317 2040 3419 2096 sibi
3472 2039 3755 2097 studiosus

439 2137 675 2209 quisque
705 2139 1002 2209 putaverit,
1031 2137 1363 2194 assumentis
1389 2137 1513 2194 aliis
1543 2135 1786 2193 conﬂare
1818 2145 1981 2208 atque
2008 2137 2158 2204 aliis,
2203 2145 2259 2193 et
2287 2151 2387 2207 pro
2412 2151 2514 2193 suo
2539 2137 2774 2209 quisque
2804 2145 2968 2209 captu
3012 2145 3302 2194 centonem
3337 2136 3488 2192 illum
3529 2134 3752 2192 iarcire.

440 2229 522 2288 Ita
554 2245 878 2303 persuasum
905 2239 990 2289 est
1019 2231 1183 2302 mihi,
1215 2231 1422 2303 hacque
1453 2247 1561 2288 una
1591 2231 1866 2289 sententia
1898 2231 2172 2299 existimo,
2209 2233 2389 2288 varias
2420 2246 2580 2303 posse
2625 2230 2910 2288 doctorum
2966 2232 3244 2288 hominum
3297 2231 3588 2305 Opiniones
3621 2246 3754 2286 con-

443 2329 654 2398 ciliari,
685 2330 958 2400 variaeque
989 2327 1376 2400 expositionis,
1409 2344 1530 2402 qua:
1562 2328 1616 2384 in
1651 2329 1932 2384 nonnullis
1959 2327 2184 2395 doceat,
2219 2329 2272 2384 in
2301 2328 2422 2384 aliis
2443 2327 2707 2384 dedeceat
2737 2328 3154 2402 Hieronymum,
3179 2342 3398 2386 causam
3430 2326 3751 2384 internosci.

452 2423 580 2481 Haec
605 2424 751 2480 enim
775 2438 905 2480 vero
936 2439 1062 2491 una,
1099 2438 1272 2495 eaque
1302 2425 1356 2479 in
1383 2422 1577 2495 primis
1606 2423 1796 2494 digna,
1825 2439 1944 2494 qua:
1975 2423 2044 2478 ab
2073 2422 2236 2492 hujus
2263 2422 2385 2478 libri
2425 2422 2726 2480 editoribus
2756 2424 3184 2495 expenderetur,
3215 2435 3298 2481 est
3342 2424 3504 2490 ratio,
3555 2439 3654 2480 cur
3677 2431 3752 2479 tot

443 2528 690 2588 exstent,
725 2529 946 2593 tamque
973 2519 1194 2578 diversa
1221 2520 1323 2576 sub
1350 2519 1671 2593 Hieronymi
1706 2521 1924 2576 nomine
1955 2520 2072 2592 ejus
2100 2519 2367 2576 Breviarii
2393 2519 2751 2592 exemplaria.
2780 2519 3007 2578 Scilicet
3029 2520 3260 2589 primum
3284 2519 3417 2575 illud
3443 2521 3620 2575 sancti
3652 2519 3752 2575 Pa-

441 2617 544 2672 tris
591 2613 1023 2692 αὖτοσχεδίασμα
1072 2615 1141 2673 ab
1190 2630 1285 2671 ore
1351 2613 1715 2672 edisserentis
1766 2623 1978 2670 temere
2034 2624 2367 2686 exceptum,
2424 2615 2575 2672 varie
2635 2630 2736 2688 pro
2801 2631 2902 2671 suo
2950 2615 3180 2687 quisque
3247 2615 3466 2688 ingenio
3503 2624 3561 2671 et
3603 2629 3748 2672 com-

441 2707 612 2768 modo
663 2711 1088 2782 interpolatores
1131 2707 1488 2778 reluderuut,
1536 2709 1809 2782 variisque
1859 2709 2199 2779 temporibus
2249 2710 2305 2766 in
2351 2709 2575 2783 vulgus,
2629 2717 2686 2767 et
2726 2710 2878 2782 quasi
2930 2709 3032 2767 sub
3075 2710 3308 2768 diversis
3355 2710 3748 2769 obstetricibus

438 2803 663 2876 prodiit.

516 2897 585 2956 Ut
611 2912 724 2955 rem
754 2897 925 2971 probe
951 2908 1170 2968 teneas,
1201 2911 1386 2970 operte
1414 2895 1649 2970 pretium
1691 2910 1834 2953 nunc
1865 2895 1958 2968 sit,
1989 2895 2254 2954 nonnulla
2284 2911 2349 2955 ex
2388 2896 2476 2954 his
2503 2911 2624 2970 qua:
2648 2897 2701 2954 in
2731 2895 3306 2966 bibliothecislatent,
3337 2913 3550 2970 nosque
3579 2899 3748 2957 oculis

452 2991 866 3064 usurpavimus,
897 2992 985 3049 vel
1015 3006 1137 3048 cum
1175 2992 1308 3046 tanti
1337 2991 1677 3058 viderentur,
1711 2989 1893 3061 aliqua
1920 2989 2082 3046 etiam
2118 3005 2182 3045 ex
2215 2999 2369 3062 parte
2410 2990 2826 3062 descripsimus,
2873 2990 3120 3062 proferre
3151 2993 3206 3048 in
3235 2992 3478 3050 medium
3505 3009 3521 3060 ;
3551 2991 3743 3050 certis-

442 3084 585 3141 simo
617 3085 763 3141 enim
801 3083 1005 3141 indicio
1051 3099 1174 3139 cum
1215 3081 1483 3138 dissident
1506 3082 1650 3137 inter
1675 3095 1736 3137 se
1761 3079 1992 3136 invicem
2015 3122 2029 3147 ,
2055 3080 2216 3136 simul
2249 3090 2304 3138 et
2328 3083 2518 3144 νοθείας
2544 3091 2826 3138 accusant.
2871 3080 2987 3137 Duo
3025 3097 3132 3138 non
3162 3083 3230 3138 ita
3257 3083 3469 3154 pridem
3505 3084 3743 3156 typisin-

440 3189 669 3238 notuere
702 3180 880 3252 aliqua
902 3180 1097 3237 saltem
1130 3195 1201 3236 ex
1233 3189 1392 3251 parte
1423 3178 1490 3234 ad
1526 3176 1828 3234 faciendum
1857 3176 1927 3234 de
1949 3184 2176 3232 auctore
2222 3177 2547 3249 periculum.
2596 3175 2838 3232 Primum
2884 3175 3153 3248 Expositio
3194 3175 3529 3234 Psalmorum
3563 3177 3748 3237 inscri-

437 3275 611 3344 bitur,
639 3291 707 3331 ex
740 3291 847 3347 qua
879 3275 1233 3332 Martianzeus
1263 3290 1325 3332 ea
1353 3291 1474 3347 qua:
1505 3274 1870 3347 praetermissa
1896 3273 1998 3330 sibi
2031 3274 2143 3328 visa
2178 3283 2310 3330 sunt
2348 3289 2378 3329 a
2425 3274 2688 3332 Breviarii
2719 3275 3187 3347 consarcinatore,
3223 3277 3276 3332 in
3315 3277 3562 3349 ejusdem
3607 3278 3745 3333 calce

436 3365 742 3423 subtexuit.
770 3365 1004 3437 Excepit
1031 3377 1214 3422 autem
1247 3380 1311 3422 ex
1336 3365 1552 3422 duobus
1575 3379 1707 3421 mss.
1739 3363 2048 3436 codicibus,
2079 3380 2308 3436 quorum
2337 3381 2504 3422 unum
2534 3366 2770 3422 contulit
2798 3366 3195 3439 descripsitque
3224 3367 3520 3440 diligenter
3551 3368 3744 3427 sodalis

438 3460 558 3530 eius
588 3460 649 3516 Ι).
685 3459 1013 3517 Franciscus
1035 3459 1297 3516 Levaclter
1324 3474 1355 3515 e
1386 3475 1488 3516 ms.
1543 3458 1866 3514 monasterii
1889 3458 1948 3514 S.
1998 3457 2144 3515 Petri
2197 3459 2268 3515 de
2305 3457 2586 3527 Pratellis,
2624 3458 2858 3515 alterum
2891 3458 3007 3529 ipse
3038 3462 3293 3516 tractavit
3327 3459 3578 3516 codicem
3621 3462 3745 3518 Cor-

438 3555 740 3612 beiensetu.
763 3554 873 3612 Nos
899 3555 1365 3628 elegantissimum
1391 3555 1444 3610 iu
1476 3555 1844 3610 Ambrosiana
1878 3552 2231 3621 bibliotheca,
2267 3570 2388 3625 quae
2417 3553 2710 3611 Mediolani
2741 3562 2825 3611 est
2849 3600 2863 3624 ,
2897 3556 3065 3611 alium
3098 3555 3456 3622 offendimus,
3487 3556 3617 3613 lolio
3649 3555 3741 3612 mi-

437 3647 564 3702 nori
591 3658 964 3717 compactum,
995 3661 1062 3702 ac
1093 3662 1323 3702 numero
1354 3647 1672 3702 distinctum
1703 3645 1966 3715 vigesimo
2009 3661 2173 3717 supra
2199 3647 2558 3702 centesimum
2579 3693 2593 3717 ,
2625 3649 2716 3718 qui
2749 3647 2993 3704 eamdem
3020 3647 3166 3704 illam
3193 3649 3600 3720 expositionem
3627 3650 3738 3706 toti-

435 3743 560 3801 dem
594 3743 809 3815 verbis,
838 3753 1101 3816 quantum
1129 3743 1347 3814 assequi
1376 3741 1714 3799 conferendo
1743 3741 1899 3797 licuit
1926 3755 2044 3796 eam
2077 3748 2313 3812 partem,
2339 3757 2498 3811 quam
2526 3741 2876 3798 Martianaeus
2904 3743 3167 3816 vulgavit,
3197 3753 3388 3800 nostro
3413 3744 3736 3818 Hieronymo

433 3839 730 3909 ascriptam
775 3835 1020 3894 exhibet.
1062 3837 1207 3892 Ante
1261 3851 1360 3892 nos
1399 3851 1523 3893 eum
1565 3836 1808 3892 codicem
1851 3836 1934 3890 vir
1964 3836 2209 3906 impense
2231 3835 2424 3892 doctus
2454 3837 2715 3905 excussit,
2757 3836 3000 3910 illudque
3028 3854 3164 3910 opus
3192 3839 3360 3896 Floro
3398 3839 3735 3911 Lugdunensi

429 3933 662 3992 diacono
700 3932 1052 3990 tribuendum
1082 3933 1318 3989 censuit.
1351 3931 1583 3988 Causam
1613 3930 1666 3988 id
1697 3929 1980 3989 assercndi
2008 3931 2344 4003 praecipuam
2377 3931 2516 3989 hanc
2543 3932 2765 4000 habuit,
2795 3935 2938 4006 quod
2970 3936 3022 3992 in
3051 3935 3253 3993 codicis
3286 3936 3397 3993 line
3428 3951 3556 4009 post
3583 3955 3734 3996 enar-

429 4027 674 4084 rationes
701 4041 916 4095 omnes,
943 4040 1142 4083 versus
1170 4025 1559 4099 {quadraginta}
1589 4026 1696 4082 duo
1742 4026 1810 4083 de
1839 4026 2059 4098 ,Davide
2087 4027 2310 4098 ascripti
2361 4026 2502 4099 sint,
2534 4028 2739 4101 quibus
2761 4029 2964 4088 librum
2999 4029 3338 4092 Psalmorum
3369 4033 3585 4092 dedicat
3610 4032 3733 4090 Flo-

425 4119 557 4176 rado
589 4119 762 4177 abbati
789 4118 984 4177 Florus
1008 4117 1253 4193 supplex.
1279 4117 1550 4190 Incipiunt
1581 4137 1594 4174 :

1183 4256 1557 4327 Hos_ci_tl_t_arista
1579 4271 1703 4327 puer
1724 4260 1887 4327 lyricis
1907 4261 2231 4327 cottcentibus
2251 4263 2455 4327 hymnos

1283 4321 1447 4374 Edidit
1468 4325 1517 4374 in
1535 4321 1783 4389 laudes,'o
1801 4324 1932 4376 bone
1957 4324 2168 4389 Christe,
2195 4321 2319 4379 tuas.

433 4409 627 4469 ﬁniunt
653 4424 752 4484 que
778 4407 863 4467 his
890 4426 901 4465 :

1185 4498 1397 4572 Jamque
1420 4500 1548 4572 yale,
1574 4499 1810 4572 Eiet-ique
1837 4505 1908 4555 tui
1933 4505 2043 4556 sine
2067 4505 2165 4572 tiae
2188 4512 2459 4572 memento,

1273 4563 1338 4615 Ut
1363 4563 1698 4632 valeatculpis
1717 4563 1825 4632 ipse
1844 4581 2018 4620 carere
2039 4571 2162 4620 suis.

499 4699 573 4757 Et
598 4698 747 4756 Flori
781 4696 1004 4772 quidem
1035 4694 1424 4769 Lugdunensis
1457 4712 1654 4755 versus
1680 4715 1775 4757 eos
1805 4714 1928 4757 esse
1949 4742 1964 4770 ,
1997 4713 2106 4757 non
2146 4701 2289 4758 imus
2319 4700 2688 4774 inﬁciasﬂqui
2717 4711 2773 4760 et
2799 4717 2922 4760 eum
2950 4704 3210 4764 novimus
3238 4709 3538 4782 pangendis
3579 4707 3726 4782 ejus.

426 4796 573 4853 modi
605 4795 662 4852 in
690 4794 751 4851 S.
785 4793 1084 4865 Scriptura:
1115 4791 1292 4850 libros
1315 4793 1684 4858 carminibus,
1718 4795 1950 4852 mirilice
1977 4795 2310 4853 delectatum
2337 4814 2351 4853 :
2379 4807 2434 4853 et
2460 4798 2701 4854 nominis
2727 4798 3137 4870 inscriptionem
3167 4804 3448 4877 antiquam
3493 4804 3728 4863 certissi-

424 4907 576 4948 mum
607 4891 878 4950 αὐθιντίας
908 4896 1294 4958 argumentqu
1324 4896 1596 4944 tenemus.
1633 4888 1833 4945 Verum
1862 4889 2032 4960 ipsam
2061 4891 2463 4962 expositiOnem
2496 4891 2615 4949 sive
2643 4895 3104 4964 commentarios,
3135 4913 3320 4969 neque
3349 4914 3412 4956 ea
3458 4901 3525 4958 de
3545 4913 3727 4964 causa,

426 4999 609 5056 neque
637 4981 750 5036 ullo
781 4978 894 5035 alio
922 4977 1088 5034 modo
1121 4977 1300 5035 eidem
1343 4978 1546 5034 ascribi
1589 4995 1752 5049 posse
1784 4982 2206 5042 contendimus:
2255 4985 2473 5057 quando
2519 4985 2766 5055 ipsorum
2813 4999 3099 5046 contextus
3140 5006 3403 5050 versuum
3448 4993 3731 5050 manifesto

423 5092 484 5135 se
511 5076 716 5149 prodit,
743 5075 800 5132 in
830 5073 1134 5146 ipsiusmet
1155 5071 1504 5127 Psalmorum
1538 5073 1660 5128 libri
1686 5077 2248 5146 commendationem,
2296 5081 2813 5153 recensionemque,
2846 5082 3068 5140 minime
3115 5100 3246 5142 vero
3290 5087 3348 5143 in
3380 5088 3496 5159 ejus
3514 5085 3727 5157 exposi-

426 5173 629 5230 tionem
657 5171 1024 5229 elaboratum.
1059 5163 1218 5223 Haud
1255 5162 1440 5236 pigeat
1476 5180 1592 5222 rem
1623 5177 1792 5224 totam
1825 5185 1894 5227 ex
1928 5171 2013 5228 his
2041 5171 2278 5242 discere,
2307 5189 2446 5245 quos
2467 5188 2588 5231 cum
2617 5173 2672 5232 in
2696 5175 2826 5249 regii
2854 5175 3006 5234 Vatis
3031 5179 3221 5238 laudes
3247 5183 3574 5252 excurisset,
3597 5193 3730 5237 auc-

423 5275 508 5324 tor
532 5267 830 5325 subneCtit.

1176 5329 1391 5406 Jugjpus
1416 5338 1597 5406 idcirco
1615 5338 1865 5404 precibus,
1893 5346 2140 5406 cantuque
2165 5342 2373 5406 perenni

1266 5392 1404 5468 Ηῐες,
1430 5401 1602 5468 Pater,
1617 5392 1688 5453 'ex
1711 5392 1882 5454 vestro
1900 5392 2135 5468 persotiet
2157 5392 2245 5454 ore
2268 5403 2390 5468 lyra.

1174 5455 1278 5518 Qua
1305 5455 1448 5519 prisci
1467 5455 1703 5516 cecinere
1727 5455 2044 5529 senes,'quos
2065 5455 2396 5518 maxima'Nili

1273 5518 1429 5579 Ostia.
1456 5535 1510 5577 et
1535 5527 1759 5579 alticreni
1777 5529 1966 5579 horruit
1985 5529 2113 5579 unda
2137 5530 2246 5579 sali.

1273 5545 1429 5588 υδιιι,
1456 5545 1510 5577 ει
1535 5545 1759 5592 altlcrept
1777 5545 1966 5579 ιιοιτυιι
1985 5545 2113 5579 unua
2137 5545 2246 5579 sall.

1177 5580 1434 5654 Quamne
1449 5603 1597 5654 sacer
1611 5590 2058 5654 longi__corruptam
2081 5592 2333 5642 erroribus
2354 5593 2445 5643 aevi

1271 5641 1502 5718 Reddidit
1521 5641 2076 5718 antiqud'liieron'ymus
2097 5641 2286 5705 decori.

1173 5703 1392 5781 Ῑηεξιιίρ
1413 5716 1554 5777 cujus
1584 5703 1802 5781 pulchris
1825 5703 2071 5781 insignein—
2084 5703 2296 5781 sagitlis,

1269 5767 1537 5844 Stellaran
1561 5767 1707 5827 rutilo
1731 5776 1836 5838 [8ο.
1858 5777 2027 5844 obelis
2038 5785 2085 5829 et
2106 5767 2379 5844 asteriscis]
2402 5783 2503 5834 tota
2525 5779 2691 5835 nitore
2712 5781 2876 5836 micat.

1177 5827 1312 5890 Quas
1333 5840 1546 5890 studiosa
1569 5827 1751 5890 manus
1768 5827 1919 5891 multi
1938 5827 2326 5895 saddié‘iindit's

1279 5899 1511 5955 Restituit
1535 5903 1727 5968 priscis,
1751 5909 1805 5958 te
1828 5905 2092 5973 rogitante,
2117 5905 2267 5971 locis}
