3944 6334
237 244 326 307 ιω
861 237 931 296 IN
967 220 1415 310 s‘uasaouens
1455 237 1882 299 anavunwu
1926 238 1991 295 IN
2030 233 2347 299 PSALMOS
2385 236 2784 301 ADMONITIO.
3376 249 3483 306 sto

925 357 1149 423 Namque
1172 372 1261 423 per
1279 357 1641 423 incultaserrat
1664 358 1777 423 dum
1800 357 1987 423 lubrica
2011 356 2215 421 palmas,

1016 419 1188 493 Dulcis
1220 429 1272 471 et
1295 422 1536 494 ambrosio
1555 422 1701 495 tincta
1725 421 1914 485 liquore
1940 419 2040 532 lira
2066 433 2079 469 :

1016 482 1227 532 rdtderat
1252 483 1366 532 fulvi
1388 484 1623 532 radiantia
1647 495 1787 532 signa
1812 481 1959 532 utetal
1981 496 2014 532 ι.

932 482 1227 533 Perdiderat
1252 483 1366 534 fulvi
1388 483 1623 533 radiantia
1647 481 1791 545 signa
1812 481 2014 541 metalli,

1019 544 1242 597 Texerat
1260 554 1311 596 et
1333 545 1473 596 ωηο
1492 544 1569 595 illa
1592 544 1767 595 canera
1789 546 1905 596 situ.

927 607 1033 659 Sed
1051 614 1217 658 tamen
1238 607 1486 671 Heliraica
1511 621 1685 671 rursus
1709 607 1826 669 [Ms.
1854 608 2049 670 versus]
2072 606 2264 658 ratione
2282 606 2451 671 polita,

1022 671 1095 735 Ac
1116 671 1258 721 simul
1277 668 1505 735 Argolica
1528 670 1693 720 denuo
1712 668 1843 735 picta
1865 682 2030 719 manu.

926 731 1190 796 Melljﬂuas
1210 733 1322 784 coeli
1343 731 1586 796 spargens
1602 731 1738 784 trans
1760 732 1922 783 sidera
1941 743 2109 796 voces,

1030 793 1303 860 Concrepat
1325 793 1550 857 angelico
1582 797 1796 845 carmina
1816 807 1952 860 sacra
1977 793 2114 860 sono.

929 856 1074 922 Hunc
1092 856 1517 922 cape'correctum
1537 857 1919 922 gratanticorde
1941 856 2189 914 volumen.

1018 919 1193 985 thue
1210 919 1604 985 itagpermaneat,
1626 922 1706 985 da,
1733 919 1903 981 Pater,
1926 932 2033 980 oro,
2058 930 2261 981 cperam
2285 931 2297 967 :

926 981 1250 1046 Nullus—enim
1274 981 1463 1046 fructus
1473 981 1724 1046 conamina
1758 989 1925 1034 nostra
1947 989 2208 1046 sequetur,

1020 1043 1187 1108 Erasis
1212 1046 1360 1107 vitiis,
1386 1045 1470 1108 qui
1492 1045 1617 1095 bona
1636 1045 1945 1108 subdidimus
1965 1058 1982 1108 7:

922 1105 985 1157 Ni
1008 1106 1131 1171 ngil
1156 1116 1305 1171 atque
1327 1105 1481 1170 sagax
1500 1108 1677 1167 studio,
1700 1107 1851 1159 Pater
1869 1107 2078 1170 optime,
2102 1110 2271 1156 vestro

1016 1169 1293 1222 Conservet
1322 1169 1532 1233 scriptor
1554 1184 1664 1234 quae
1684 1171 1826 1221 modo
1850 1169 1988 1221 recta
2013 1176 2232 1220 manent.

273 1338 463 1395 Nullam
485 1338 573 1396 hic
599 1339 756 1398 vides
782 1339 1001 1396 Florum
1026 1356 1055 1395 a
1085 1355 1147 1397 se
1175 1340 1457 1396 adornatae
1487 1340 1851 1412 expositionis
1875 1340 2210 1395 mentionem
2239 1337 2440 1403 facere,
2471 1348 2644 1394 totum
2675 1354 2805 1396 vero
2846 1340 2898 1394 in
2921 1355 2989 1396 eo
3016 1356 3160 1405 esse,
3205 1354 3256 1395 ut
3298 1357 3493 1399 γεω-ηε

216 1434 454 1492 emendati
478 1434 692 1491 codicis
715 1434 1038 1492 industriam
1068 1436 1284 1506 probet.
1315 1436 1386 1492 At
1409 1452 1592 1502 nemo,
1618 1438 1839 1509 opinor,
1869 1436 1973 1493 sibi
2008 1433 2340 1506 persuadeat
2362 1434 2477 1490 ﬁeri
2510 1437 2775 1506 potuisse,
2806 1438 2852 1491 si
2887 1437 3131 1493 Psalmus
3152 1452 3368 1507 quoque
3390 1436 3485 1493 illo

212 1525 575 1583 commentario
606 1526 961 1591 illustrasset,
994 1525 1096 1582 hac
1140 1535 1199 1581 ut
1227 1526 1296 1582 de
1330 1542 1393 1583 re
1430 1528 1623 1583 saltem
1676 1528 1843 1583 verbo
1894 1541 2120 1583 monere
2158 1524 2452 1582 Flordaum
2500 1527 2757 1582 abbatem
2808 1543 2968 1583 suum
3021 1529 3487 1598 praetermitteret.

212 1618 330 1689 Quin
360 1621 522 1675 immo
552 1622 689 1674 tanti
717 1619 902 1687 operis
930 1624 1206 1676 rationem
1232 1635 1296 1677 ac
1324 1621 1569 1705 studium
1611 1621 1798 1676 multis
1825 1621 2261 1677 commendasset
2287 1662 2303 1687 ,
2332 1623 2424 1693 qui
2454 1621 2508 1677 in
2541 1638 2696 1677 novae
2724 1624 3064 1679 recensionis
3084 1666 3098 1685 .
3131 1624 3356 1694 eiusque
3382 1624 3490 1680 for-

213 1721 337 1769 tasse
356 1713 422 1768 ab
450 1712 556 1770 alia
587 1714 833 1769 studiosa
857 1729 1019 1771 manu
1055 1714 1397 1771 concinnatae
1427 1716 1614 1772 laudes
1645 1729 1954 1788 exaggerat.
2004 1716 2347 1787 Quamquam
2388 1728 2445 1772 et
2486 1717 2613 1773 aliis
2639 1719 2977 1789 argumentis
3021 1719 3361 1788 perSpicuum
3403 1729 3492 1776 est

211 1805 370 1878 plane,
396 1814 559 1879 atque
581 1807 829 1869 evidens.
864 1806 1088 1864 Florum
1111 1809 1411 1865 condendis
1439 1809 1491 1865 in
1519 1809 1761 1866 Psalmus
1784 1808 2197 1866 commentariis
2220 1824 2497 1880 nunquam
2522 1824 2740 1866 "latium
2766 1810 3074 1867 admovisse
3101 1828 3114 1867 :
3140 1827 3319 1883 neque
3357 1813 3494 1869 adeo

207 1900 448 1975 ejusmodi
479 1902 690 1959 laboris
719 1904 1036 1960 meminisse
1058 1919 1285 1974 usquam
1329 1920 1426 1962 seu
1458 1905 1828 1970 recentiores,
1860 1906 1951 1976 qui
1997 1908 2248 1960 vivorum
2280 1903 2532 1959 doctrina
2566 1904 2858 1960 illustrium
2882 1945 2899 1971 ,
2934 1905 3215 1974 ipsiusque
3263 1920 3489 1976 operum

209 1991 337 2049 Fleri
363 1996 641 2067 eatalogos
666 1996 1065 2052 instruxerunt.
1099 1997 1368 2068 Denique,
1396 2007 1454 2052 ut
1476 2009 1532 2053 et
1562 1999 1730 2053 multa
1761 1997 1868 2052 alia
1900 1997 1972 2053 ob
1996 1995 2303 2067 argumenti
2354 1996 2847 2067 propinquitatem,
2890 1998 2962 2053 ita
3009 2006 3064 2052 et
3109 1997 3227 2069 ejus
3274 1998 3490 2054 diaconi

207 2100 372 2145 versus
392 2100 741 2161 compertum
772 2092 930 2148 nobis
951 2103 1038 2149 est
1067 2092 1306 2149 adscitos
1347 2094 1592 2160 aliunde,
1640 2095 1969 2163 jttnctosqtte
1995 2092 2072 2147 illi
2117 2092 2515 2148 commentario
2544 2094 2614 2148 ab
2644 2109 2710 2149 eo
2756 2094 2849 2164 qui
2880 2094 3128 2151 codicem
3176 2096 3492 2166 compegit;

205 2196 311 2238 nam
337 2194 387 2239 et
417 2186 653 2240 meliore
675 2186 907 2242 consilio
927 2200 1025 2242 eos
1044 2186 1172 2240 alibi
1198 2186 1434 2243 vidimus
1455 2186 1507 2241 in
1542 2202 1661 2261 uno
1681 2187 1962 2254 alteroque
1987 2182 2252 2239 Vaticano
2275 2199 2378 2239 ms.
2407 2182 2677 2241 Psalterio
2706 2185 2837 2254 ipsi.
2870 2184 3169 2242 Gallicanae
3194 2196 3255 2242 ut
3299 2198 3497 2244 vocant

206 2279 462 2347 versionis,
494 2279 731 2353 prteﬁgi.
773 2280 889 2336 Non
920 2290 1007 2337 est
1031 2296 1164 2353 ergo
1192 2281 1311 2352 ejus
1337 2291 1531 2337 auctor
1559 2280 1936 2337 commentarii
1976 2277 2200 2343 Florus,
2252 2277 2349 2333 sed
2403 2278 2622 2350 sequior
2670 2279 2845 2347 alius,
2895 2281 3225 2352 quicumque
3277 2282 3490 2339 tandem

202 2369 281 2427 ille
319 2371 499 2437 fuerit,
555 2374 914 2446 interpolator
943 2376 1201 2431 Breviarii
1237 2378 1287 2430 in
1339 2377 1615 2442 Psalmus,
1661 2376 1753 2447 qui
1784 2389 1892 2431 non
1917 2388 2011 2429 eas
2042 2372 2204 2429 modo
2231 2376 2631 2441 enarrationes,
2664 2389 2801 2444 quas
2826 2382 2881 2428 ct
2917 2374 3261 2431 Martianaius
3310 2378 3491 2443 cudit,

202 2465 287 2524 sed
312 2467 605 2541 plerasque
632 2484 825 2526 omnes
866 2469 1062 2526 exinde
1115 2479 1367 2542 acceptas
1411 2470 1466 2527 in
1493 2471 1654 2525 aliam
1692 2478 1857 2541 atque
1896 2468 2054 2524 aliam
2088 2468 2316 2523 formam
2358 2467 2592 2539 migrare
2625 2468 2790 2539 jussit
2821 2486 2833 2523 :
2882 2478 3048 2539 utque
3078 2472 3325 2527 securius
3374 2470 3501 2526 ﬁdei

201 2555 444 2617 lectorum
470 2562 814 2631 imponeret,
841 2563 1160 2637 Hieronymi
1183 2579 1470 2635 personam
1506 2562 1703 2618 induit.
1737 2560 1946 2617 Nedum
1995 2574 2129 2616 vero
2173 2558 2309 2614 falsa
2360 2569 2521 2626 sunt,
2564 2558 2659 2615 sed
2705 2567 2762 2615 et
2804 2559 3214 2631 Hieronymiani
3263 2562 3503 2618 nominis

202 2664 410 2720 prorsus
441 2653 844 2725 indigna,qum
873 2654 1258 2725 praefatiOnum
1285 2656 1407 2710 loco
1434 2654 1697 2725 praemisit
1723 2652 1971 2710 schedia.
2002 2652 2188 2707 Prima
2236 2661 2321 2706 est
2371 2651 2607 2708 celebris
2658 2652 2747 2705 illa
2790 2653 2856 2707 ad
2904 2652 3196 2709 Damasum
3245 2656 3506 2727 epistola,

199 2740 314 2817 Legi
337 2746 552 2801 litteras
579 2748 902 2820 apostolatus
929 2749 1109 2818 vestri,
1149 2759 1417 2822 poscentes
1446 2761 1502 2802 ut
1532 2748 1820 2803 secundum
1849 2747 2236 2818 simplicitatem
2284 2744 2429 2802 LXX
2473 2747 2815 2821 interpretum
2840 2749 3130 2805 canendum
3173 2749 3508 2824 Psalmogra-

204 2836 350 2898 phum
375 2839 452 2909 (in
483 2839 619 2896 cod.
652 2851 890 2896 canentes
912 2839 1431 2916 Psalmographiam)
1461 2842 1794 2914 interpretari
1823 2840 2088 2910 festinem,
2119 2849 2247 2905 etc.,
2278 2855 2307 2893 a
2348 2838 2543 2895 Martio
2573 2840 2785 2910 pridem
2809 2843 3053 2912 Vulgata,
3075 2843 3348 2912 tantisque
3378 2860 3507 2900 sen—

200 2933 483 2987 tentiarum
507 2948 581 2988 ac
607 2934 899 2989 verborum
934 2934 1190 2991 monstris
1217 2936 1504 3002 sententia,
1541 2946 1598 2989 ut
1626 2936 1812 2991 mirari
1845 2951 1952 2990 non
1979 2934 2225 2991 desinam
2248 2934 2490 3006 potuisse
2522 2934 2951 2996 Henscheninm.
2996 2937 3271 2993 hominem
3305 2948 3502 2995 caetera

208 3022 439 3091 doctum,
477 3041 587 3095 pro
611 3027 890 3100 germanis
922 3026 1146 3085 habere.
1185 3028 1438 3100 Ejusdem
1465 3029 1578 3085 fere
1600 3038 1729 3084 sunt
1758 3027 1981 3083 furfuris
2012 3027 2222 3095 reliqua
2257 3046 2269 3081 :
2318 3025 2511 3081 Modus
2545 3025 2816 3083 Psalterii.
2850 3028 3167 3085 Psalterium
3204 3034 3259 3086 in
3299 3036 3511 3087 modum

197 3121 321 3176 delte
349 3122 545 3176 littera:
575 3123 791 3194 formati
808 3122 943 3196 ligni
965 3140 1155 3179 sonora
1174 3123 1491 3191 concauitas,
1523 3133 1621 3179 etc.
1649 3125 1715 3180 Et
1749 3138 1872 3194 quae
1908 3122 2222 3178 subduntnr
2255 3139 2267 3175 :
2313 3121 2451 3190 Quia
2487 3122 2751 3195 prophetis
2779 3124 2998 3196 spiritus
3047 3141 3149 3180 non
3188 3143 3387 3199 semper
3413 3144 3507 3183 eo-

196 3227 301 3267 rum
324 3217 596 3271 mentibus
625 3227 816 3291 praesto
841 3227 915 3273 est
947 3234 967 3274 :
997 3228 1254 3289 quatenus
1281 3234 1397 3273 cum
1426 3218 1562 3273 hunc
1592 3235 1695 3273 non
1726 3217 1979 3284 habeant,
2006 3233 2061 3272 se
2082 3227 2203 3271 tunc
2242 3226 2559 3287 cognoscant
2583 3232 2647 3271 ex
2688 3213 2917 3271 Domino
2943 3215 3154 3284 habere,
3195 3236 3309 3273 cum
3352 3218 3509 3274 habeo

194 3321 317 3367 rent.
342 3311 621 3370 Succedit
650 3314 734 3370 his
770 3314 1004 3384 genuina
1037 3313 1095 3369 S.
1138 3312 1394 3369 Ductoris
1422 3311 1667 3382 prafatin
1709 3314 1762 3368 in
1799 3311 2048 3368 Psalmus
2073 3326 2104 3366 a
2135 3326 2197 3366 se
2226 3310 2418 3365 iterum
2450 3308 2517 3365 ad
2566 3309 2813 3365 Graecum
2845 3310 3126 3380 exemplar
3164 3311 3506 3376 emendatos,

194 3418 303 3477 quae
328 3406 561 3478 incipit,
598 3406 918 3463 Psalterium
950 3408 1134 3464 Roma
1163 3408 1362 3462 dudum
1389 3408 1588 3477 positus
1617 3405 1975 3471 emendaram,
2014 3414 2113 3459 etc.
2145 3402 2509 3474 Subsequitur
2537 3403 2674 3472 ipsa,
2711 3402 2766 3457 in
2789 3403 2944 3474 cujus
2973 3403 3093 3461 haec
3118 3403 3360 3460 diximus
3389 3421 3514 3476 gra—
3614 3448 3618 3452 .

184 3497 337 3565 tiam,
363 3500 726 3559 Psalmorum
756 3501 966 3572 prolixa
1006 3503 1276 3570 expositio
1300 3517 1316 3555 :
1349 3499 1401 3555 I.
1439 3500 1684 3555 Psalmus
1713 3497 1885 3555 David
1911 3499 1975 3553 de
1999 3497 2226 3553 Christo.
2258 3496 2487 3564 Quidam
2514 3506 2701 3570 putant
2728 3496 2881 3553 istius
2911 3497 3105 3570 psalmi
3130 3498 3323 3553 clavem
3352 3516 3510 3569 super

195 3589 381 3648 Christi
411 3594 642 3650 Domini
680 3595 844 3649 nostri
892 3610 1164 3663 personam
1196 3610 1304 3649 esse
1329 3593 1677 3663 referendam,
1718 3602 1774 3647 ut
1804 3592 1983 3647 beatus
2021 3590 2117 3646 iste
2163 3591 2264 3656 vir,
2313 3588 2597 3645 secundum
2643 3586 2907 3643 hominem
2954 3588 3194 3646 Christus
3239 3593 3330 3661 sit,
3381 3603 3508 3659 etc.,

190 3690 661 3759 quemadmodum
687 3699 743 3746 et
770 3690 824 3745 in
846 3706 945 3745 suo
974 3690 1166 3746 codice
1192 3688 1398 3761 reperit
1423 3690 1787 3756 Martianaeus,
1816 3703 2025 3759 nosque
2056 3698 2177 3755 post
2222 3701 2345 3741 eum
2390 3685 2444 3742 in
2490 3685 2750 3741 Breviarii
2791 3686 2942 3742 calce
2982 3689 3333 3745 excndcmus.
3382 3690 3516 3747 Post

197 3777 448 3840 Psalmus
480 3793 824 3841 enarrantur
850 3796 899 3837 et
930 3782 1178 3848 Cantica,
1207 3796 1316 3838 tum
1339 3782 1528 3839 Orazio
1559 3782 1836 3838 Dominica
1864 3779 2175 3851 exponitur,
2205 3779 2294 3835 ubi
2320 3790 2374 3835 ct
2399 3794 2592 3850 panem
2618 3781 3172 3850 supersubstantialem
3202 3798 3303 3853 pro
3338 3787 3514 3854 quoti-

190 3876 339 3935 diana
360 3888 653 3937 tractator
683 3878 834 3951 legit.
864 3879 1185 3952 Symbolum
1228 3893 1443 3951 quoilue
1471 3877 1867 3948 apostolorum,
1900 3884 1956 3931 et
1986 3872 2149 3929 Fides
2171 3873 2429 3929 catholica
2469 3872 2532 3931 S.
2574 3873 2850 3930 Athanasii
2884 3878 3072 3944 paucis
3108 3877 3455 3947 explicantur
3500 3899 3513 3935 :

191 3980 347 4044 atque
378 3974 436 4028 in
469 3974 578 4030 illo
598 3972 818 4044 quidem
846 3973 916 4028 de
948 3973 1274 4028 Remissione
1303 3982 1630 4042 peccatorum
1660 3968 1922 4025 articulus
1945 3969 2226 4037 reticetur,
2256 3967 2400 4037 quod
2432 3968 2675 4041 Symboli
2711 3973 2874 4041 longe
2912 3970 3348 4038 antiquissimam
3377 3987 3516 4031 teta-

190 4075 293 4124 lem
323 4080 536 4127 notare
562 4068 846 4126 videretur
872 4069 943 4137 (si
970 4067 1188 4138 quidem
1223 4082 1398 4137 neque
1429 4067 1481 4121 in
1524 4066 1590 4121 iis
1614 4075 1915 4135 comparet,
1945 4077 2065 4131 qua!
2094 4061 2485 4131 Tertullianus,
2529 4062 2788 4132 Irentrus,
2835 4064 2922 4120 vel
2963 4064 3226 4137 Origenes
3257 4068 3514 4142 recitant)

190 4160 287 4216 nisi
316 4165 519 4219 verius
548 4162 847 4234 putandum
877 4161 972 4230 sit,
999 4161 1309 4217 scribarum
1333 4158 1624 4216 oscitantis
1656 4158 1709 4211 in
1737 4156 1839 4213 hac
1863 4156 2018 4213 illum
2049 4156 2399 4227 expositione
2444 4156 2894 4227 praetermissum.
2934 4158 3065 4216 Post
3110 4158 3249 4218 haec.
3280 4159 3514 4236 Explieit

186 4252 563 4332 Hieronymus
591 4272 751 4327 super
779 4254 1099 4312 Psalterium
1130 4270 1150 4310 :
1180 4253 1400 4325 duoque
1422 4251 1478 4308 hi
1504 4266 1698 4309 versus
1726 4248 1989 4321 adscripti
2025 4264 2040 4304 :

961 4435 1212 4488 Francisci
1236 4446 1485 4485 memores
1505 4433 1606 4497 sint
1627 4432 1733 4497 haec
1750 4444 1840 4482 sua
1861 4431 2045 4497 scripta
2061 4429 2313 4495 legentes,

1060 4497 1221 4550 Omne
1245 4500 1324 4549 cui
1339 4498 1513 4549 subest
1534 4494 1747 4546 fundere
1770 4508 1907 4560 saepe
1926 4494 2121 4559 preces.

182 4673 398 4734 Latere
424 4674 723 4748 persequi,
752 4687 872 4731 cum
899 4670 1013 4741 jam
1041 4669 1108 4725 de
1135 4668 1282 4725 Flori
1315 4665 1604 4738 petematio
1632 4663 1955 4728 dixerimus,
1991 4661 2122 4718 nihil
2152 4663 2402 4719 interest.

254 4771 657 4830 Revertamur
685 4767 751 4824 ad
776 4766 1172 4824 Martianteum.
1214 4762 1308 4818 His
1334 4777 1454 4832 qua:
1479 4761 1722 4816 diximus
1760 4756 2005 4828 adjunxit
2045 4755 2138 4812 ille
2175 4766 2228 4811 et
2261 4755 2476 4825 longam
2516 4759 2877 4828 praefationem
2916 4759 2981 4817 de
3006 4762 3139 4819 libro
3171 4764 3527 4841 Psalmorum,

177 4882 343 4939 quam
374 4868 437 4925 in
470 4865 662 4922 tribus
686 4877 820 4919 mss.
864 4859 1277 4929 exemplaribus
1314 4857 1538 4911 canonis
1567 4853 1834 4910 hebraica:
1868 4850 2114 4908 veritatis
2154 4848 2389 4919 invenit,
2419 4859 2475 4907 et
2501 4851 2714 4922 pridem
2745 4853 2816 4910 cl.
2848 4854 3150 4913 Cotelerius
3187 4860 3240 4916 in
3285 4863 3429 4918 notis
3461 4865 3530 4921 ad

182 4966 320 5018 tom.
344 4960 427 5017 Ill
454 4960 953 5017 Monumentorum
982 4952 1240 5007 Ecclesia:
1267 4947 1471 5005 Graeca:
1501 4945 1787 5002 verissime
1815 4943 2281 5014 pronuntiaverat,
2306 4959 2400 4997 nec
2433 4941 2760 5016 Hieronymi.
2788 4962 2880 5000 nec
2910 4946 3527 5021 Hieronymianiconsar—

183 5057 455 5111 cinatoris
482 5069 624 5110 esse.
650 5050 794 5107 Nihil
840 5064 971 5104 vero
1000 5045 1223 5101 dubium
1257 5040 1490 5097 describi
1535 5049 1708 5094 tmarii
1741 5053 1804 5092 ex
1845 5036 2160 5109 argumentis
2192 5034 2413 5091 Eusebii
2459 5033 2819 5092 C:esariensis
2855 5038 2909 5092 in
2964 5037 3226 5109 Psalmus,
3275 5060 3409 5114 quas
3441 5049 3533 5106 ille

184 5152 527 5217 'rmeiaug,
545 5155 1076 5214 vocat:quamquam
1107 5131 1620 5230 Latinus,qpisquis
1641 5133 1733 5187 ille
1765 5130 1929 5186 fuerit
1953 5130 2245 5199 interpres,
2268 5138 2517 5183 neutram
2538 5129 2774 5200 linguam
2801 5132 2969 5223 probe
2989 5134 3241 5192 calluisse
3255 5138 3525 5200 videatur.

176 5237 365 5310 Hujus
390 5212 637 5311 quoque
677 5212 894 5304 Prologi
944 5245 1044 5287 nos
1071 5230 1242 5285 multo
1269 5212 1610 5284 emei'idatins
1638 5222 1922 5289 exemplar
1955 5221 2008 5276 in
2055 5220 2409 5276 Ambrosiana
2445 5219 2768 5278 bibliotheca
2802 5212 3154 5295 invenimus,
3183 5229 3375 5288 codice
3404 5250 3442 5302 ι,
3475 5236 3528 5305 6,

174 5330 316 5389 olim
349 5331 417 5386 S.
446 5327 791 5385 Columbani
823 5324 892 5380 de
918 5323 1114 5387 BOlllO,
1151 5336 1217 5377 ex
1235 5335 1344 5390 quo
1376 5317 1527 5373 illum
1550 5315 1959 5386 castigatiorem
1991 5328 2095 5368 suo
2124 5314 2266 5377 loco,
2292 5322 2351 5367 ut
2372 5327 2442 5368 ne
2466 5312 2593 5384 quid
2624 5313 2788 5383 desit,
2820 5315 3168 5373 exhibemus.

250 5424 547 5480 Alteram
602 5416 935 5471 Psalmorum
991 5412 1463 5485 interpretationem
1512 5407 1702 5477 nuperi
1753 5404 2164 5461 Anecdotorum
2215 5404 2538 5461 collectores
2584 5404 2789 5461 domini
2823 5406 3139 5465 Edmundus
3180 5412 3446 5490 Martene,
3481 5429 3535 5477 et

175 5518 439 5580 Ursinus
466 5513 702 5573 Durand
731 5511 1013 5583 proferunt
1047 5525 1115 5564 ex
1153 5523 1255 5564 ms.
1286 5502 1718 5578 Aquicincteusi,
1746 5502 1837 5572 qui
1873 5508 2052 5556 tamen
2100 5499 2243 5555 liber
2273 5513 2380 5555 non
2438 5498 2850 5572 Hieronymum.
2900 5502 2994 5558 sed
3046 5503 3312 5563 Hilarium
3357 5510 3539 5568 Picta-

172 5616 457 5671 viensem
512 5619 795 5665 auctorem
828 5604 1070 5678 pricl'ert.
1113 5602 1222 5672 Ipsi
1252 5601 1415 5656 etiam
1444 5597 1646 5653 laudati
1680 5596 1922 5653 editores
1951 5593 2241 5667 quamdam
2265 5594 2381 5666 ejus
2422 5597 2606 5665 operis
2637 5607 2876 5666 partem,
2913 5606 3150 5668 quatuor
3174 5601 3385 5662 scilicet
3427 5617 3542 5664 tra-

171 5717 376 5767 ctatus
404 5705 472 5761 in
502 5702 748 5773 psalmos
778 5715 871 5767 xv,
902 5714 1054 5764 xxxi,
1089 5711 1204 5763 xm,
1235 5705 1290 5752 et
1318 5709 1500 5762 CXLIX,
1532 5704 1671 5761 quos
1703 5688 1878 5760 primo
1905 5687 2074 5744 edunt
2102 5686 2156 5743 in
2180 5687 2378 5751 lucem,
2408 5687 2613 5742 Hilario
2648 5686 2985 5743 adscribunt.
3014 5688 3224 5747 Caetera
3251 5708 3361 5751 non
3387 5696 3538 5755 dim-

169 5812 387 5863 ωηιω-
454 5795 886 5868 Hieronymiani
933 5789 1273 5861 excerptoris
1319 5802 1473 5856 esse;
1527 5798 1751 5858 arrepto
1793 5780 1964 5853 enim,
2020 5781 2293 5855 inquiunt,
2338 5780 2619 5840 volumine
2667 5780 2934 5840 Breviarii
2981 5783 3035 5839 in
3081 5783 3350 5861 Psalmus,
3392 5795 3537 5865 quod

512 5890 797 5955 Panos.
838 5884 1079 5953 XXVI.
3063 5872 3146 5938 εδ
