3944 6334
452 244 554 307 stt
609 201 614 205 â€™
1291 235 1641 299 APPENDIX
1680 237 1773 295 an
1802 235 2045 296 rouuu
2083 231 2435 294 surrruuu
2472 230 2532 292 s.
2576 224 2983 291 HIERONYMI.
3647 221 3733 285 tu

459 359 727 417 Erasmus
754 365 808 415 et
835 356 1116 414 Marianus
1136 354 1414 412 Victorius
1442 364 1631 411 sancto
1658 354 1871 409 doctori
1903 352 2227 418 attribuunt,
2260 350 2501 422 integras
2531 349 2911 407 euarrationes
2930 345 3012 405 illi
3040 343 3335 403 attributas
3360 337 3582 408 referri,
3604 354 3734 410 tepe-

453 452 659 507 rimus.
688 448 834 506 Nihil
860 464 961 521 ego
986 447 1164 504 dicam
1193 448 1339 517 quod
1368 446 1506 503 falso
1535 447 1819 502 Erasmum
1853 459 1949 515 pro
1989 440 2251 498 Breviarii
2279 450 2559 499 assertore
2585 440 2677 497 hic
2715 440 2942 497 laudant
2986 456 3001 494 :
3039 437 3173 496 illud
3203 452 3334 493 vero
3360 431 3733 502 contenderim,

452 547 528 601 ita
559 554 791 616 quatuor
813 543 978 600 hosce
1007 548 1272 597 tractatus
1296 539 1563 596 Hilarium
1597 549 1882 596 auctorem
1915 554 2025 594 non
2050 535 2279 608 habere,
2322 547 2382 596 ut
2408 539 2649 612 reliquos
2679 553 2873 597 omnes
2893 545 3049 595 certo
3076 535 3285 593 scimus
3324 532 3544 591 mentiri
3566 530 3735 588 Hiero-

451 652 706 711 nymum.
748 633 900 691 Nulli
940 648 1048 689 non
1095 639 1319 704 pateant
1348 631 1468 703 ejus
1515 628 1597 687 rei
1632 639 1951 703 argumenta
1987 644 2056 686 ex
2086 629 2328 701 ipsorum
2362 630 2599 689 lectione
2628 638 2958 687 tractatuum
2983 628 3303 701 repetenda,
3345 628 3388 682 si
3411 641 3535 682 cum
3568 622 3737 679 Hilarii

446 729 799 790 sermonibus
825 726 1200 783 conferantur.
1243 724 1389 781 Satis
1419 740 1551 782 vero
1589 725 1685 793 sit,
1723 735 1779 780 ut
1812 721 2153 795 propositum
2184 732 2430 792 teneam,
2463 732 2628 796 atque
2656 721 2970 791 ostendam,
3005 722 3145 781 nihil
3175 737 3299 779 esse
3331 720 3476 776 aliud
3518 717 3734 776 codicem

448 823 931 897 Aquicinctensem
954 834 1115 889 quam
1142 818 1549 891 Hieronymiani
1578 816 1905 873 breviatoris
1936 816 2101 888 paulo
2122 815 2401 875 diversum
2432 817 2747 889 exemplar,
2784 815 2908 873 illas
2946 831 3088 890 quas
3124 813 3416 887 proferunt
3449 827 3551 884 pro
3574 825 3738 868 eorum

448 922 779 974 tractatuum
801 914 1163 986 germanitate
1190 926 1383 968 causas
1413 910 1591 968 obiter
1619 907 1967 982 expendisse.
1997 909 2268 980 Quatuor,
2298 907 2579 983 inquiunt,
2614 911 2737 967 istae
2773 907 3185 975 euarrationes,
3220 922 3354 978 quas
3395 905 3626 962 necdum
3649 903 3742 961 vul-

446 1015 605 1081 gatas
643 1006 697 1062 in
720 1004 912 1062 codice
943 1004 1042 1060 illo
1094 1004 1425 1075 reperimus,
1470 1005 1530 1058 in
1561 1001 1723 1058 editis
1756 1002 1943 1058 ililarii
1974 1003 2233 1075 operibus
2269 1001 2673 1061 desiderantur.
2712 1000 3217 1060 Animadvertimus
3245 1009 3509 1073 praeterea
3564 999 3618 1054 in
3651 998 3744 1055 illis

444 1095 642 1155 Hilarii
673 1099 726 1155 in
755 1098 1051 1156 scribendo
1072 1098 1386 1154 methodum
1412 1097 1785 1165 observatam,
1810 1098 2012 1169 styium
2043 1094 2188 1170 ejus,
2215 1095 2627 1169 Seripturatque
2646 1094 2960 1154 versionem
3003 1094 3438 1168 antiquissimam
3470 1111 3486 1149 :
3518 1093 3744 1167 nihilque

447 1194 587 1251 adeo
607 1194 937 1252 incommodi
962 1194 1137 1250 visunt
1164 1201 1269 1258 est,
1313 1192 1359 1247 si
1399 1206 1494 1247 eas
1524 1190 1732 1248 Hilario
1758 1189 2204 1248 attribueremus.
2246 1190 2421 1249 Sectis
2446 1191 2563 1247 hac
2591 1199 2714 1248 erat
2749 1190 2986 1246 ineunda
3027 1190 3203 1256 ratio;
3246 1188 3578 1261 colligerent
3618 1191 3743 1246 enim

443 1282 591 1341 haud
625 1286 817 1355 probe,
844 1283 891 1339 si
915 1294 1151 1355 quatuor
1181 1282 1286 1338 illae
1309 1282 1595 1338 dumtaxat
1616 1282 1686 1336 ab
1714 1281 1992 1337 Hilariano
2028 1283 2426 1339 commentario
2450 1283 2795 1340 excidissent
2828 1298 2989 1340 :natn
3026 1291 3085 1338 ut
3115 1292 3323 1338 tantum
3355 1282 3521 1354 panni
3543 1283 3742 1351 adsuas,

441 1387 705 1452 quantum
738 1376 1043 1434 sarciendae
1069 1376 1209 1434 vesti
1238 1390 1378 1447 opus
1408 1375 1593 1442 luerit,
1624 1388 1734 1430 non
1762 1373 1902 1432 adeo
1950 1374 2015 1430 lit
2042 1373 2176 1431 illud
2202 1373 2448 1447 ejusdem
2499 1391 2563 1433 ac
2590 1373 2797 1448 reliqua
2820 1376 2990 1432 vestis
3014 1384 3245 1433 texturae
3294 1388 3359 1432 ac
3385 1372 3552 1431 laute.
3605 1373 3743 1433 Nunc

438 1486 574 1530 vero
598 1484 724 1529 cum
755 1472 931 1528 multo
961 1471 1167 1543 plures,
1199 1468 1318 1526 sive
1342 1468 1398 1524 in
1420 1466 1734 1542 quindecim
1756 1467 1897 1523 alios
1923 1464 2167 1538 psalmos
2193 1467 2567 1539 expositiones
2596 1466 2789 1523 Hilarii
2811 1466 3010 1533 desint,
3032 1481 3153 1538 quae
3173 1465 3229 1522 in
3257 1480 3327 1524 eo
3349 1474 3540 1523 tamen
3570 1482 3744 1523 omnes

438 1577 569 1626 sunt
597 1565 792 1624 codice
818 1566 965 1623 iluxe
993 1563 1157 1621 nimis
1182 1574 1425 1637 arguunt
1454 1579 1521 1622 ex
1555 1578 1623 1621 eo
1654 1562 1897 1633 delectu,
1948 1564 2262 1638 faciuntque
2311 1579 2446 1623 sane
2476 1579 2577 1638 pro
2616 1563 2871 1634 arbitrio,
2917 1580 3026 1621 non
3056 1564 3124 1620 ad
3169 1562 3377 1622 codicis
3420 1562 3612 1633 fidem,
3639 1580 3745 1622 cum

437 1663 595 1721 hisce
620 1670 677 1720 et
704 1662 923 1720 caeteris
954 1658 1258 1733 repudiatis
1288 1659 1576 1726 omnibus,
1606 1655 1733 1715 illas
1761 1659 2096 1716 adsciscunt.
2135 1657 2275 1716 Tota
2310 1658 2405 1715 illa
2446 1656 2812 1733 pseudonymi
2858 1657 3099 1716 auctoris
3127 1655 3384 1714 collectio
3414 1665 3500 1714 est
3530 1673 3546 1712 :
3601 1667 3651 1714 et
3668 1658 3747 1730 qui

439 1753 665 1830 genuini
697 1765 963 1811 tractatus
985 1753 1040 1809 in
1071 1750 1351 1808 Hilariana
1376 1750 1619 1808 editione
1644 1762 1929 1823 superant,
1954 1754 2021 1808 ab
2049 1753 2134 1808 his
2164 1750 2259 1824 qui
2292 1751 2343 1808 in
2372 1754 2476 1809 irae
2498 1764 2623 1808 sunt
2653 1751 3005 1821 collectione,
3029 1750 3296 1809 recedunt
3324 1751 3571 1809 immane
3598 1767 3751 1823 quan-

438 1859 580 1906 tum.
608 1850 698 1919 At,
749 1861 885 1920 quas
905 1845 1222 1917 repudiam,
1252 1842 1546 1901 manifesto
1576 1852 1796 1901 censtat
1816 1843 2227 1919 Hieronymiani
2256 1843 2725 1902 consarcinatoris
2745 1859 2869 1903 esse
2893 1861 2965 1902 ex
2985 1843 3291 1911 Breviario,
3319 1844 3373 1901 in
3400 1859 3511 1917 quo
3542 1844 3748 1903 totidem

442 1944 733 2018 descripta:
763 1950 893 1999 sunt
920 1940 1105 1998 verbis
1133 1957 1150 1997 :
1185 1940 1462 1997 nonnulla:
1486 1938 1652 1996 etiam
1683 1954 1752 1995 ex
1774 1937 1888 1995 illis
1921 1939 2168 2011 quaedam
2219 1939 2528 2008 continent,
2575 1938 2769 1996 Hilarii
2796 1954 2913 1996 atro
2938 1948 3104 2010 atque
3140 1936 3364 2012 ingenio
3393 1953 3502 1996 non
3530 1953 3754 1998 consen-

445 2048 651 2102 tanaaa;
684 2035 998 2093 econtrario
1026 2049 1162 2107 quas
1189 2031 1464 2106 recipiunt
1486 2038 1743 2100 quatuor,
1776 2042 1829 2089 et
1853 2032 1921 2089 ab
1950 2032 2039 2089 his
2078 2048 2201 2107 quas
2232 2034 2285 2090 in
2318 2032 2542 2107 vulgato
2571 2033 2857 2091 Breviario
2887 2033 3179 2102 habentur,
3211 2049 3442 2105 prorsus
3483 2033 3611 2091 alia:
3638 2043 3753 2090 sunt

440 2148 508 2191 ac
528 2130 784 2200 diversae,
814 2140 870 2188 et
908 2144 939 2186 a
976 2129 1337 2186 Pictaviensis
1377 2127 1622 2199 episcopi
1665 2126 1809 2200 stylo
1835 2128 2169 2202 ingenioque
2198 2145 2305 2186 non
2348 2130 2638 2188 dissident.
2682 2129 2953 2187 Nimirum
2984 2128 3093 2188 hoc
3122 2140 3209 2190 est
3246 2130 3453 2205 ipsum,
3482 2134 3630 2206 quod
3661 2148 3753 2191 nos

446 2223 621 2296 magis
652 2230 857 2289 movet,
887 2231 946 2277 ut
976 2221 1312 2279 contrarium
1340 2232 1593 2292 putemus
1622 2235 1687 2277 ex
1715 2219 2079 2292 ipsorummet
2119 2226 2457 2296 argumentis
2483 2225 2879 2299 colligendum.
2906 2226 3041 2284 Nam
3070 2226 3116 2285 si
3135 2242 3271 2301 opus
3304 2243 3469 2286 omne
3495 2230 3751 2302 reliquum

444 2327 774 2392 personatus
801 2324 995 2374 auctor
1024 2315 1451 2382 consarcinavit,
1476 2330 1580 2372 cur
1608 2330 1717 2371 non
1754 2326 1808 2372 et
1835 2325 2068 2388 quatuor
2104 2315 2257 2389 ipsos
2296 2326 2585 2387 tractatus,
2634 2328 2742 2375 tam
2796 2320 2947 2394 longi
2994 2322 3183 2394 operis
3229 2335 3363 2379 sane
3408 2324 3752 2398 perexiguam

444 2412 706 2484 partem?
736 2408 871 2479 Quis
890 2407 996 2464 sibi
1021 2407 1075 2463 in
1104 2406 1350 2463 animum
1370 2405 1616 2469 inducat,
1648 2421 1773 2464 eum
1796 2421 1919 2463 cum
1949 2413 2151 2463 cretera
2182 2409 2364 2465 omnia
2395 2423 2463 2465 ex
2491 2409 2661 2466 variis
2681 2410 2906 2467 Patrum
2930 2414 3235 2483 segmentis
3264 2413 3574 2488 collegerit,
3610 2415 3748 2486 istos,

443 2501 704 2568 Î±Î½Ï„Ï…Î»ÎµÎ¾Îµá½¶
739 2499 1099 2569 descripsisse
1128 2512 1194 2553 ex
1235 2496 1467 2567 Hilario,
1513 2496 1760 2568 nihilque
1808 2497 2114 2553 immutatis
2152 2500 2445 2555 sententiis
2483 2508 2578 2556 aut
2615 2502 2821 2569 verbis,
2872 2504 3093 2560 centoni
3128 2519 3230 2561 suo
3260 2505 3602 2564 adtexuisse.
3630 2508 3757 2564 Erat

438 2594 608 2667 igitur
640 2592 983 2650 inferendum
1032 2593 1135 2647 hoc
1175 2589 1358 2661 potius
1400 2589 1566 2646 modo
1598 2608 1611 2644 :
1647 2588 1704 2646 Si
1754 2591 2031 2647 nonnullae
2070 2591 2191 2664 ejus
2229 2595 2611 2651 commentarii
2641 2607 2850 2663 partes,
2892 2597 3039 2668 quod
3080 2598 3152 2656 ab
3180 2597 3376 2656 Hilarii
3416 2601 3753 2673 temporibus

433 2685 731 2743 manifesto
759 2683 1022 2739 abludant
1042 2722 1059 2750 ,
1095 2679 1174 2735 illi
1204 2679 1403 2736 ascribi
1432 2680 1662 2735 omnino
1692 2694 1802 2736 non
1828 2692 2082 2752 possunt,
2124 2681 2291 2740 nullm
2327 2696 2454 2740 sunt
2484 2701 2606 2758 qum
2630 2687 2757 2760 jure
2774 2691 3086 2761 meritoque
3127 2690 3353 2749 veniant
3379 2691 3437 2748 in
3469 2694 3588 2765 ejus
3617 2695 3748 2751 scri-

447 2780 699 2851 ptionum
726 2790 976 2833 censum.
1014 2774 1188 2830 Aliter
1210 2785 1322 2829 non
1346 2781 1587 2844 quatuor
1610 2782 1820 2829 tantum
1865 2772 2130 2845 humilia,
2159 2777 2258 2834 sed
2283 2779 2329 2835 si
2357 2794 2478 2849 qum
2506 2782 2629 2838 alia:
2656 2794 2926 2855 praeterea
2968 2795 3120 2855 sunt,
3151 2801 3270 2858 qua:
3299 2787 3440 2845 nihil
3468 2789 3539 2847 ab
3569 2788 3756 2848 Hilarii

448 2887 571 2929 mvo
601 2872 924 2937 dissideant,
950 2882 1050 2940 pro
1080 2867 1378 2923 liilarianis
1403 2875 1566 2922 erunt
1587 2868 1858 2923 continuo
1898 2869 2185 2938 habendae,
2228 2886 2404 2945 eoque
2428 2884 2587 2946 pacto
2623 2876 2786 2933 etiam
2818 2893 2955 2949 quas
2986 2879 3213 2937 dubium
3246 2893 3352 2949 e5t,
3405 2898 3534 2939 num
3582 2883 3757 2941 Pieta-

454 2966 662 3024 viensis
702 2966 996 3038 episcopus
1041 2961 1339 3034 aliquando
1388 2959 1612 3029 fuderit,
1662 2961 1857 3020 aliena:
1901 2963 2310 3024 lucubrationes
2350 2969 2639 3027 sufï¬cient.
2682 2971 2839 3044 Quod
2882 2985 3061 3032 autem
3104 2988 3340 3051 quatuor
3384 2978 3494 3036 illae
3537 2981 3755 3052 penitus

450 3061 684 3118 diversae
728 3057 801 3113 ab
850 3057 917 3112 iis
962 3054 1096 3121 sint,
1128 3066 1264 3126 quas
1310 3052 1725 3125 Hieronymiani
1750 3055 2124 3126 compilatoris
2172 3058 2512 3119 Breviarium
2554 3063 2798 3136 exhibet,
2839 3067 2981 3124 nihil
3010 3083 3112 3140 pro
3160 3071 3369 3127 Hilario
3408 3072 3565 3130 facit.
3608 3074 3745 3133 Sunt

449 3155 733 3211 enimvero
778 3151 983 3221 passim
1023 3148 1270 3217 diversa,
1308 3157 1367 3203 ut
1400 3148 1668 3217 diximus,
1717 3150 1838 3220 ejus
1864 3151 1990 3209 libri
2018 3156 2376 3226 exemplaria,
2404 3158 2575 3226 idque
2606 3162 2854 3220 solemne
2883 3172 2967 3221 est
2992 3164 3263 3235 ejusmodi
3300 3168 3748 3227 lucubrationum

438 3247 725 3322 symbolis,
764 3252 827 3299 ut
859 3256 963 3315 pro
995 3255 1100 3297 suo
1127 3243 1365 3313 quisque
1407 3242 1582 3298 lubitu
1624 3244 1715 3301 vel
1756 3246 2058 3303 orationem
2089 3247 2377 3306 habiturus
2404 3250 2473 3308 ad
2515 3254 2799 3325 populum,
2845 3256 2933 3314 vel
2974 3260 3077 3315 sibi
3130 3260 3470 3319 conï¬‚aturus
3515 3264 3753 3322 codicem

438 3336 956 3398 commentariorum
1001 3334 1058 3389 in
1098 3332 1366 3403 Psalmos,
1400 3336 1690 3392 nonnullos
1711 3345 1980 3393 tractatus
2006 3353 2077 3394 ex
2102 3340 2227 3396 aliis
2268 3344 2580 3402 auctoribus
2608 3344 2948 3420 decerperet,
2976 3350 3209 3424 aliisque
3236 3354 3564 3414 testimoniis
3591 3357 3759 3415 inter-

440 3435 697 3508 pollarel.
741 3430 973 3486 Fluxam
1002 3428 1137 3484 adeo
1164 3443 1228 3483 ac
1259 3429 1378 3484 leve
1400 3430 1639 3524 alterum
1664 3445 1885 3503 quoque
1912 3441 2000 3489 est
2022 3444 2401 3504 argumentum
2430 3453 2461 3491 a
2514 3439 2701 3512 stylo:
2739 3457 2863 3496 nam
2901 3443 3005 3499 etsi
3045 3443 3298 3502 daremus
3346 3458 3643 3524 utcumque
3690 3452 3757 3506 ah

437 3529 720 3587 Hilarium
744 3525 1026 3580 minimum
1052 3523 1375 3592 abhorrere,
1404 3522 1549 3580 haud
1576 3540 1711 3581 sane
1738 3527 1894 3597 pauci
1933 3526 2024 3582 alii
2043 3536 2310 3585 tractatus
2334 3541 2465 3585 sunt
2508 3546 2676 3602 penes
2715 3534 3194 3610 llieronymianum
3233 3522 3753 3613 consarcinatorem,

449 3634 588 3695 quos
622 3632 785 3676 nemo
826 3616 1107 3711 hominum
1149 3615 1357 3672 Hilario
1402 3617 1605 3673 tribuat
1640 3636 1655 3671 :
1706 3629 1891 3675 tamen
1920 3620 1991 3675 ab
2033 3620 2259 3677 istorum
2292 3633 2525 3696 quatuor
2559 3628 2778 3699 ingenio
2819 3645 2883 3687 ac
2916 3631 3180 3690 methodo
3202 3649 3276 3692 ne
3317 3636 3484 3693 latum
3535 3638 3752 3711 quidem

439 3728 671 3786 unguem
698 3710 979 3768 recedant.
1013 3709 1219 3802 Nempe
1242 3719 1303 3764 ut
1348 3711 1577 3766 aliarum
1607 3711 1826 3767 Patrum
1865 3712 1941 3768 ita
1965 3721 2025 3770 et
2072 3714 2263 3772 Hilarii
2315 3731 2592 3791 segmenta
2634 3731 2866 3797 uterque
2888 3732 3154 3785 tractator
3175 3730 3437 3802 expilavit
3468 3709 3599 3790 :iile
3629 3735 3753 3790 Ori-

434 3821 629 3881 genem
652 3806 707 3861 in
728 3818 825 3860 sua
848 3801 1144 3869 transtulit,
1169 3801 1417 3873 nihilque
1451 3804 1654 3858 mirum
1678 3805 1855 3860 sicubi
1884 3804 2031 3863 hunc
2048 3807 2315 3880 illumque
2342 3812 2649 3870 redoleant.

510 3899 617 3958 sed
637 3899 750 3970 jam
774 3895 921 3952 alios
936 3907 1333 3967 persequamur
1360 3892 1624 3965 propositi
1646 3894 1907 3954 Breviarii
1936 3901 2112 3957 varios
2138 3903 2282 3959 inter
2306 3918 2369 3961 se
2395 3906 2617 3965 codices
2635 3923 2989 3980 percensere.
3016 3910 3318 3973 Florentia:
3334 3916 3393 3975 in
3414 3919 3751 3979 bibliotheca

437 3997 681 4055 Medicus
712 3992 1062 4060 Lamiam,
1091 3989 1277 4061 pluteo
1296 4004 1463 4057 xrm;
1498 3992 1948 4050 mombrarmeetts
1974 3994 2147 4053 codex
2170 4013 2321 4054 num.
2344 3998 2438 4067 20,
2460 4009 2822 4071 prrenotatus,
2849 4006 3140 4064 exorditur
3158 4023 3193 4065 a
3210 4011 3425 4082 psalmo
3448 4014 3753 4071 centesimo

431 4092 646 4151 decimo
674 4104 847 4156 nouo,
868 4086 1202 4158 domuitque
1228 4084 1299 4141 ad
1324 4100 1501 4157 usque
1528 4089 1889 4144 centesimum
1914 4090 2397 4163 quadragesimum
2429 4094 2678 4166 quintum
2698 4099 2840 4154 satis
2866 4104 3090 4173 antiqua
3122 4119 3312 4174 manu,
3344 4121 3669 4180 quamquam
3696 4107 3751 4163 in

435 4185 818 4259 ï¬nequedam
860 4196 1023 4239 exesa
1071 4190 1348 4277 vetustate
1374 4180 1520 4277 iulia
1553 4184 1827 4277 recentior
1855 4184 2126 4277 suppleat.
2155 4188 2225 4240 At
2260 4186 2576 4262 Hieronymi
2618 4191 2841 4265 quidem
2895 4193 3294 4268 Expositionem
3329 4219 3481 4277 super
3499 4201 3747 4260 Î¡Ï‰Î¹Î·Î¹Î¿Ï‚

434 4284 721 4339 continere
749 4284 983 4333 annutat
1008 4284 1164 4330 vetus
1198 4273 1454 4328 librarius
1481 4290 1496 4341 ;
1529 4275 1618 4344 qui
1648 4289 1782 4329 vero
1810 4274 2051 4331 codicem
2092 4276 2274 4346 primo
2303 4278 2613 4352 descripsit,
2652 4282 2761 4338 hoc
2782 4300 2898 4341 uno
2924 4286 3149 4344 donavit
3176 4288 3339 4349 titulo
3370 4273 3754 4349 {Commenta-

438 4380 550 4436 rius
575 4378 629 4432 in
665 4374 905 4428 Psalmos
930 4369 1122 4424 David.
1158 4368 1363 4423 Eadem
1393 4369 1444 4423 in
1477 4368 1609 4423 urbe
1638 4369 1689 4422 in
1722 4367 2050 4425 bibliotheca
2079 4367 2301 4425 Patrum
2327 4375 2498 4428 sancti
2530 4374 2719 4442 Marci,
2750 4378 2857 4433 duo
2880 4382 3202 4454 perantiqua
3224 4386 3550 4458 exemplaria
3577 4400 3751 4457 appo-

434 4483 571 4532 nunt
600 4470 658 4526 S.
686 4465 936 4524 Doctoris
963 4481 1161 4519 nomen
1190 4481 1203 4518 :
1242 4474 1418 4519 tamen
1447 4462 1702 4531 alterunt,
1728 4458 2111 4518 Commentario
2138 4460 2211 4520 D.
2240 4461 2547 4540 Hieronymi
2565 4468 2625 4524 in
2673 4466 2919 4530 Psalmos
2950 4488 2968 4527 :
3011 4475 3282 4545 Alterum,
3315 4478 3636 4535 Breviarium
3674 4477 3746 4532 Î¹).

438 4571 754 4642 Hieronymi
789 4565 1125 4624 inscribitur.
1158 4562 1314 4633 Saepe
1342 4561 1493 4617 audit
1521 4560 1793 4634 Expositio
1838 4559 2105 4630 Psalterii,
2140 4564 2351 4636 hocque
2381 4566 2538 4625 titulo
2575 4570 2778 4639 passim
2806 4584 3103 4629 occurrunt
3126 4577 3395 4647 sequioris
3421 4578 3516 4634 teri
3545 4593 3679 4634 mss.
3710 4592 3744 4634 e

434 4664 637 4737 quibus
667 4678 834 4718 unum
879 4658 1163 4714 laudamus
1210 4656 1272 4710 ll.
1307 4655 1485 4710 littera
1515 4663 1571 4709 et
1596 4670 1747 4709 nutri.
1777 4652 1846 4707 4'2
1866 4663 2228 4725 pmnotatttm
2278 4658 2333 4712 iu
2380 4659 2910 4731 Ambrosiam,â€œ
2936 4664 3228 4721 ÎœÎ±Î¼Î¹Î¹á½µ
3254 4676 3360 4732 Î¸Î±,

436 4756 686 4814 Invenire
725 4766 940 4827 quoque
987 4760 1070 4806 est
1107 4750 1316 4819 aliquos
1358 4747 1459 4802 hac
1497 4763 1602 4802 una
1646 4747 2024 4818 inscriptione,
2068 4747 2385 4821 Hieronymi
2410 4754 2469 4807 in
2503 4750 2744 4809 Psalmos
2787 4771 2807 4810 :
2836 4757 3113 4829 talemque
3146 4759 3355 4817 ibidem
3384 4760 3743 4818 manus

425 4857 617 4914 littera
644 4852 685 4909 C
712 4866 940 4908 numero
964 4847 1279 4918 insignitum
1312 4858 1422 4899 uno
1446 4858 1607 4915 supra
1647 4844 2113 4901 trecentesimum.
2145 4845 2393 4903 Vidimus
2436 4858 2488 4904 et
2517 4848 2707 4907 Bonna:
2729 4854 3051 4923 munitos,
3074 4871 3217 4923 quos
3252 4857 3399 4915 inter
3422 4858 3745 4915 vehastioris

429 4951 502 5008 ob
540 4948 720 5006 aetatis
767 4942 1183 5016 praerogativam
1219 4936 1606 4994 memorandus
1633 4937 1913 5007 catalogus
1942 4938 1993 4994 in
2030 4955 2145 4997 uno
2185 4939 2745 5011 Palmum-Vaticano,
2781 4945 2879 5015 qui
2924 4964 3155 5004 numero
3193 4951 3457 5022 vigesimo
3501 4951 3743 5021 septimo

434 5046 748 5109 denotatur,
774 5037 1159 5110 prioribusqtte
1187 5031 1398 5087 duabus
1423 5030 1649 5102 pagellis
1674 5030 1863 5086 nescio
1886 5031 2048 5102 cujus
2075 5034 2400 5105 antiquioris
2425 5033 2770 5092 bibliuhecze
2796 5038 3035 5096 indicem
3064 5040 3327 5099 libroruin
3362 5043 3512 5101 texit.
3540 5041 3592 5097 lu
3617 5042 3742 5111 bis,

433 5139 600 5196 sancti
624 5130 936 5204 Hieronymi
957 5144 1113 5199 super
1138 5123 1459 5181 Psalterium
1480 5141 1514 5176 Î±
1544 5123 1713 5195 primo
1754 5123 1963 5193 psalmo
2006 5142 2165 5196 usque
2210 5128 2263 5180 in
2298 5142 2491 5196 Î¹Î¹Î¹Î¹á½·,
2514 5145 2584 5184 ex
2618 5127 2840 5204 Origene
2872 5144 3156 5205 sumptum,
3192 5137 3245 5190 iu
3282 5154 3389 5191 uno
3410 5136 3595 5193 milia.
3624 5136 3736 5205 Et,

429 5232 686 5305 Ejusdem
726 5228 821 5283 alii
869 5238 996 5281 xxu
1034 5219 1175 5291 (leg.
1208 5217 1335 5273 fort.
1363 5215 1544 5287 Lxxrv)
1570 5233 1725 5287 usque
1749 5217 1805 5270 in
1834 5216 2012 5285 ï¬nem.
2047 5218 2181 5272 Item
2208 5216 2483 5286 Expositio
2510 5218 2843 5276 Paulinorum
2868 5225 3301 5295 ÏÏ‰Î¹Î¹á½·Î¹ÎµÎ¹Î¹Î¹á½·Î±á½·á½·Ï‰Î¹
3328 5228 3383 5282 in
3406 5245 3508 5285 Ï‰
3526 5226 3739 5284 codice.

429 5322 832 5393 Descripsjmus
859 5328 1073 5387 quoque
1098 5308 1268 5367 multa
1290 5308 1555 5378 postremi
1586 5306 1814 5375 trtu'usce
1838 5308 2026 5378 operis
2052 5322 2125 5364 ex
2161 5308 2450 5379 quadrato,
2472 5325 2652 5382 eoque
2666 5314 2859 5382 prome
2888 5316 3171 5372 ventilatis
3202 5332 3273 5376 ac
3290 5329 3443 5375 nam
3460 5333 3561 5375 ms.
3586 5316 3739 5375 oli-

426 5419 488 5478 á½ƒ.
530 5412 850 5474 Columbini
886 5410 959 5465 de
986 5405 1179 5474 Bobie,
1235 5415 1379 5457 me
1409 5401 1764 5457 Amhtus'touo
1810 5401 1916 5456 sub
1962 5402 2009 5456 Î’
2046 5400 2229 5458 littera
2258 5419 2319 5458 ac
2350 5420 2481 5460 nutu
2525 5404 2616 5461 69.
2661 5404 2876 5464 Titulus
2902 5409 3017 5480 eius
3052 5411 3183 5468 libri
3206 5411 3375 5470 itath
3407 5432 3422 5471 :
3461 5412 3738 5484 Incipiunt

424 5510 793 5579 Î¡ÎµÎ±Î¹Î¹Î±á½·,ÏÎ±Ï‰
809 5504 993 5560 huius
1014 5499 1377 5570 Hieronymum
1398 5493 1652 5547 ordinauit
1666 5509 1768 5566 pro
1788 5492 2098 5562 ï¬‚uitantia
2125 5512 2235 5553 esse
2262 5497 2547 5552 cauendus.
2574 5499 2650 5554 At
2668 5515 2800 5571 quae
2828 5509 2956 5558 tunc
2982 5507 3249 5576 temporis
3272 5508 3426 5564 varia
3442 5508 3514 5564 ab
3536 5503 3736 5574 editis,

420 5600 893 5675 ineditisqooaliis
916 5596 1076 5652 libris
1105 5593 1432 5665 glossemata
1473 5587 1868 5656 excerpsimus,
1900 5602 2010 5643 non
2044 5589 2178 5645 tanti
2208 5606 2354 5648 nunc
2379 5590 2632 5650 videntur
2656 5610 2807 5664 esse,
2826 5607 2890 5654 ot
2916 5597 3323 5674 Î á½·ÏƒÎ±Î¿Î³Ï‰á½·Î´á½½
3340 5601 3570 5658 nominis
3586 5608 3739 5655 stn-

416 5702 574 5760 dioï¬‚
600 5692 796 5753 lectori
818 5689 1136 5746 Â«iteramus.
1164 5683 1301 5750 Quia
1329 5678 1491 5736 etiam
1523 5680 1577 5733 in
1611 5679 1948 5750 universum,
1978 5680 2027 5736 si
2060 5682 2248 5749 velim.
2282 5699 2403 5755 qua:
2424 5685 2714 5744 innumera
2766 5698 2917 5756 sum,
2940 5691 3193 5751 ÎµÎ¿ÎµÎ¹Î´ÎµÏ‰Î·
3233 5693 3382 5755 Ï‰Îµ.
3410 5710 3479 5753 Îº
3494 5691 3739 5752 dm

418 5792 663 5852 ,Ï‰ÎµÎ¹Î¹Î¿ÎµÎ¿
688 5778 1028 5844 Î¿Î¿Î¹Î¹á¿Î±ÏƒÎ¸Î¹Î¹á½±Ï…
1059 5790 1359 5848 exponere,
1392 5789 1494 5831 nec
1526 5771 1763 5831 tacturus
1784 5774 1893 5832 sint
1924 5789 2109 5846 opem
2144 5778 2404 5849 pretium,
2440 5796 2551 5838 .noc
2596 5783 2733 5840 satis
2764 5795 3036 5855 praestem
3082 5790 3255 5860 ipsum
3300 5804 3418 5849 rent
3454 5785 3663 5862 Î½Î¿Î¸Îµá½·Î¹Î¹
3685 5798 3723 5855 5
