3944 6334
422 297 531 358 MS

912 404 1232 464 PSALMUS
1271 404 1548 464 PRIMUS.

501 502 743 559 Primum
777 500 1050 571 psalmum
1075 499 1294 572 quidam
1342 500 1395 555 in
1436 499 1567 555 Joas
1596 511 1778 569 regem
1821 495 2027 551 dictum

426 610 554 652 esse
581 596 896 664 voluerunt,
924 595 1015 666 qui
1046 610 1073 646 a
1103 592 1294 650 Joiada
1320 591 1566 663 principe
1600 589 1949 647 sacerdotum
1977 598 2032 644 et

424 690 672 747 nutritus
704 700 809 756 est,
834 698 889 744 et
911 686 1198 744 interfecta
1228 686 1469 753 Athalia,
1496 687 1549 742 in
1580 685 1871 755 imperium
1899 682 2030 739 sub-

426 794 652 855 rogatus
676 801 689 839 :
712 798 779 839 eo
805 783 950 853 quod
982 798 1080 853 per
1109 797 1273 838 omne
1303 793 1537 852 tempus,
1569 781 1621 836 in
1654 796 1763 852 quo
1790 796 1819 834 a
1854 778 2032 851 ponti-

423 875 528 931 ﬁce
552 874 801 931 eruditus
829 884 913 930 est
944 874 999 929 in
1029 875 1148 947 lege
1177 876 1305 942 Dei,
1337 876 1389 930 in
1425 890 1487 931 ea
1519 873 1808 929 meditatus
1838 874 1910 928 sit
1932 888 2028 928 no-

420 967 600 1022 ctibus
639 980 704 1020 ac
738 966 956 1021 diebus.
999 965 1105 1022 Sed
1147 982 1254 1021 non
1297 964 1552 1021 audiendi
1581 974 1711 1023 sunt
1748 965 1800 1019 hi
1839 964 1929 1035 qui
1959 963 2027 1019 ad

419 1058 823 1117 excludendam
848 1061 1183 1130 psalmorum
1210 1075 1395 1116 veram
1415 1060 1837 1127 expositionem,
1862 1056 2027 1114 falsas

420 1151 817 1209 similitudines
853 1152 921 1209 ab
950 1152 1180 1207 historia
1214 1152 1414 1223 petitas
1440 1159 1715 1208 conantur
1741 1149 2021 1208 inducere.

418 1243 704 1314 Quomodo
735 1243 881 1299 enim
927 1243 1150 1299 beatum
1183 1244 1349 1300 istum
1398 1253 1705 1314 prtenotare
1741 1242 2025 1314 potuisset,

420 1345 451 1376 ι
477 1336 683 1409 (David
706 1336 725 1409 )
752 1349 808 1394 et
829 1338 899 1393 ab
920 1340 1067 1393 omni
1089 1354 1299 1399 errore.
1322 1355 1509 1396 amore
1524 1337 1743 1394 virtutis
1763 1337 2025 1403 alienum,

420 1428 513 1487 cui
538 1428 558 1502 (
574 1430 783 1501 Regum
804 1426 824 1500 )
849 1429 974 1486 libri
1003 1430 1210 1485 nullum
1243 1430 1615 1486 testimonium
1640 1426 1669 1467 δ
1692 1466 1709 1484 .
1726 1467 1739 1481 .
1762 1467 1776 1483 .
1798 1466 1811 1481 .
1846 1426 2030 1499 perhi-

420 1524 556 1581 bent
581 1543 593 1579 :
620 1525 674 1580 in
694 1525 897 1596 quibus
929 1526 1005 1580 ita
1029 1525 1229 1580 dicitur
1254 1543 1268 1579 :
1293 1523 1363 1579 Et
1389 1525 1510 1597 fecit
1534 1523 1663 1579 Joas
1690 1532 1889 1577 rectum
1910 1531 2031 1577 ante

422 1616 710 1671 Dominum
757 1617 1000 1671 omnibus
1051 1615 1260 1683 diebus,
1308 1615 1494 1687 quibus
1536 1614 1868 1669 illuminabat
1912 1627 2030 1667 eum

416 1707 616 1763 Joiada
636 1710 905 1782 pontifex;
928 1719 1288 1763 verumtamen
1314 1709 1380 1762 ab
1407 1708 1625 1764 excelsis
1650 1723 1756 1762 non
1773 1705 1986 1761 recessit
2009 1720 2030 1759 :

1215 291 1562 352 APPENDIX
1600 290 1693 349 AD
1732 286 1975 348 TOMUM
2012 284 2365 345 SEPTIMUM
2419 285 2476 345 S.
2521 283 2930 345 HIERONYMI.

2048 399 2103 465 Δ
2128 401 2337 471 apicem
2364 402 2705 459 contulisse?
2725 401 2876 458 Talis
2905 411 3039 470 ergo
3063 394 3311 453 historia:
3340 393 3627 465 usurpatio
3653 393 3738 449 in-

3628 279 3738 340 810
3756 302 3789 315 -ε

2130 495 2468 552 conveniens
2503 505 2529 543 κ
2573 494 2642 551 ad
2690 492 3071 566 probationem
3117 498 3227 557 est,
3276 488 3421 560 quod
3474 487 3738 558 praesenti

2134 588 2347 658 psalmo
2378 602 2486 643 nou
2539 586 2711 658 possit
2758 585 2961 656 aptari,
3002 583 3057 640 in
3107 598 3217 654 quo
3247 581 3443 637 beatus
3482 596 3513 635 a
3565 578 3738 635 David

2130 681 2521 751 pronuntiatur
2546 680 2652 748 vir,
2698 680 2766 737 de
2806 695 2915 752 quo
2940 692 3126 735 sermo
3160 688 3266 740 est.
3300 676 3481 732 omnis
3515 674 3741 731 virtutis

2131 775 2473 845 perfectione
2505 774 2863 846 conspicuus.
2896 774 2954 829 ln
2986 772 3097 829 ﬁne
3126 771 3271 828 enim
3295 770 3485 841 psalmi
3509 767 3737 825 dicitur:

2132 868 2264 924 Ideo
2294 885 2396 925 non
2424 879 2695 941 resurgent
2726 868 2876 937 impii
2901 868 2956 923 in
2974 866 3206 941 judicio,
3233 880 3397 937 neque
3417 870 3737 935 peccatores,

2130 977 2328 1035 usque,
2357 963 2560 1036 peribit.
2590 963 2707 1019 Hoc
2735 963 2939 1019 dictum
2966 959 3054 1017 his
3077 962 3359 1024 convenit,
3388 958 3481 1028 qui
3510 962 3744 1027 possunt

2129 1056 2296 1113 etiam
2330 1056 2471 1111 mori
2495 1054 2744 1126 perfecti,
2773 1065 2825 1111 et
2852 1069 2951 1125 pro
2982 1053 3129 1110 bono
3149 1049 3589 1108 conversationis
3616 1064 3738 1106 sua:

2130 1148 2273 1219 apud
2318 1146 2609 1204 Dominum
2640 1146 3029 1204 confidentiam
3059 1144 3263 1202 habere
3289 1159 3397 1199 non
3426 1142 3739 1198 minimam.

2128 1240 2258 1298 Joas
2286 1258 2421 1298 vero
2454 1257 2554 1298 rex
2579 1256 2685 1298 nec
2710 1240 2836 1296 talis
2860 1239 3171 1295 ostenditur
3196 1236 3442 1294 historiae
3474 1235 3740 1302 lectione,

2129 1344 2192 1391 ut
2220 1336 2417 1408 dignus
2447 1332 2788 1392 beatitudine
2817 1330 3229 1404 comprobetur.
3264 1330 3361 1386 Est
3389 1344 3525 1402 ergo
3554 1343 3742 1384 mora-

2130 1428 2198 1485 lis
2229 1430 2491 1500 psalmus,
2537 1428 2685 1500 quod
2716 1444 2783 1485 ex
2813 1426 2897 1483 his
2919 1423 2946 1464 ιι
2973 1441 3097 1498 quin
3137 1431 3443 1496 sequuntur
3481 1432 3738 1494 apparet,

2132 1522 2187 1578 in
2217 1523 2417 1594 quibus
2444 1522 2513 1579 de
2555 1522 2819 1577 vitiorum
2863 1522 3107 1591 appetitu
3143 1529 3198 1575 et
3227 1517 3297 1573 de
3324 1516 3538 1573 erroris
3565 1514 3741 1571 absti-

2132 1620 2316 1675 nentia
2343 1619 2675 1688 disputatur,
2704 1616 2851 1689 quod
2884 1616 2940 1671 in
2969 1615 3101 1672 Joas
3140 1613 3360 1683 preprie
3399 1626 3509 1667 non
3558 1618 3742 1679 potest

2132 1713 2454 1769 convenire.
2498 1712 2769 1767 Parvulus
2796 1710 2944 1768 enim
2982 1725 3081 1779 per
3111 1706 3243 1764 illud
3268 1715 3513 1779 tempus,
3542 1705 3600 1761 in
3632 1719 3739 1777 quo

419 1804 597 1858 adhuc
620 1805 845 1876 populus
868 1804 1193 1869 sacriﬁcabat
1215 1804 1269 1859 in
1291 1804 1529 1858 excelsis.
1561 1800 1803 1858 Dicendo
1825 1801 2029 1872 itaque,
2061 1802 2111 1863 B
2134 1822 2166 1863 a
2199 1805 2389 1862 Joiada
2446 1805 2706 1877 pontifice
2750 1805 2990 1861 nutritus
3018 1811 3122 1868 est,
3167 1816 3458 1872 numquam
3496 1798 3738 1854 aversari

419 1895 656 1951 omnibus
682 1897 883 1965 diebus,
916 1896 1104 1968 quibus
1148 1896 1479 1950 illuminabat
1507 1910 1624 1950 eum
1651 1890 1846 1948 Joiada
1886 1892 2031 1962 prin-

419 2006 537 2062 ceps
562 1990 915 2061 sacerdotum,
946 1989 1070 2061 fecit
1111 1999 1308 2044 rectum
1344 1997 1466 2043 ante
1494 1986 1793 2051 Dominum,
1825 1984 2032 2041 indicat

426 2087 575 2159 quod
608 2086 834 2157 reliquis
879 2084 1094 2152 diebus,
1143 2095 1397 2140 cessante
1435 2082 1645 2139 loiadis
1692 2080 2028 2152 magisterio,

424 2181 740 2244 recesserit,
762 2180 817 2235 id
842 2189 947 2247 est,
968 2179 1113 2250 quod
1142 2178 1331 2250 primis
1356 2176 1789 2233 institutionibus
1806 2174 2031 2230 minime

421 2272 766 2331 conveniret.
802 2284 823 2313 ο
851 2271 1110 2328 Refertur
1130 2271 1295 2327 etiam
1325 2271 1590 2327 iniisdem
1616 2269 1825 2339 Regum
1851 2268 2029 2336 libris,

423 2368 574 2443 quod
607 2367 862 2424 Azaeletn
911 2381 1095 2436 regem
1125 2364 1300 2439 Syriae
1326 2366 1395 2421 ab
1432 2365 1846 2436 impugnatione
1874 2365 2034 2421 leru-

424 2464 598 2520 saletn
624 2463 753 2519 loas
785 2464 1083 2517 removerit
1128 2462 1407 2517 oblatione
1438 2456 1466 2497 ά
1494 2500 1508 2513 .
1530 2499 1544 2515 .
1564 2498 1611 2515 ..
1652 2475 1774 2531 qua:
1803 2458 2030 2530 quidem

426 2553 572 2611 dona
596 2554 665 2610 de
699 2553 907 2625 templo
929 2553 1143 2607 sublata
1172 2553 1345 2622 misit,
1379 2566 1501 2622 quae
1529 2552 1683 2621 prius
1704 2551 1889 2621 utique
1920 2548 2032 2605 Deo

425 2658 539 2705 tam
571 2648 709 2718 ipse,
743 2661 906 2717 quam
939 2660 1096 2716 reges
1120 2644 1286 2713 Juda,
1316 2644 1370 2700 id
1402 2654 1510 2712 est,
1540 2644 1779 2714 majores
1810 2642 2031 2699 obtule-

425 2744 521 2812 rit,
554 2754 849 2812 antequam
879 2751 1064 2796 actum
1098 2739 1367 2796 iudicaret
1405 2758 1420 2796 :
1462 2740 1551 2795 his
1579 2740 1761 2796 verbis
1790 2739 1810 2809 (
1830 2737 2029 2793 bonum

426 2839 572 2895 enim
606 2851 707 2893 nos
732 2838 800 2891 ad
832 2835 1163 2907 agnitionem
1189 2836 1270 2890 rei
1297 2847 1466 2906 gesta:
1493 2834 1810 2890 testimonio
1843 2833 2034 2888 lectio-

425 2934 516 2989 nis
538 2930 846 3002 accedere)
882 2931 946 2985 Et
975 2939 1000 2968 ε
1030 2930 1226 3001 accepit
1264 2927 1393 2984 Joas
1425 2946 1517 2985 rex
1542 2927 1687 2983 Iuda
1713 2929 1888 2984 omnia
1909 2944 2034 2982 sau-

425 3027 680 3099 ctificata,
706 3040 820 3094 qua:
847 3023 1164 3096 sacriﬁcavit
1194 3022 1456 3096 Josaphat
1486 3032 1532 3077 et
1553 3020 1761 3089 lorum,
1786 3033 1831 3077 et
1860 3020 2034 3076 Ocho-

425 3122 537 3177 aias
568 3132 741 3192 patres
765 3131 810 3175 et
838 3135 985 3192 reges
1028 3117 1194 3183 Iuda,
1223 3129 1271 3172 et
1296 3116 1625 3185 sanctificata
1648 3132 1765 3179 sua,
1797 3125 1845 3171 et
1884 3131 2033 3171 omne

2133 1903 2276 1960 mala
2302 1900 2516 1974 judicio
2548 1915 2651 1954 suo
2681 1904 2920 1969 poterat,
2967 1911 3261 1967 numquam
3294 1894 3349 1951 in
3379 1892 3738 1951 meditatione

2132 1998 2293 2070 Legis
2334 2010 2524 2053 curam
2550 1992 2799 2051 sedulam
2840 1991 3158 2055 admovere,
3199 1989 3289 2060 qui
3326 1988 3395 2045 ad
3425 2002 3601 2045 omne
3629 1997 3741 2044 stu-

2132 2092 2281 2150 dium
2315 2106 2415 2161 pro
2438 2086 2732 2145 nutrientis
2759 2085 3064 2141 ducebatur
3087 2081 3319 2139 arbitrio
3347 2099 3361 2136 :
3392 2078 3408 2120 ί
3435 2082 3737 2152 septimum

2133 2185 2338 2257 quippe
2376 2181 2554 2239 aetatis
2580 2180 2762 2253 agenti
2796 2193 3002 2235 annum
3034 2176 3212 2232 honor
3243 2185 3298 2232 et
3323 2174 3545 2247 insigne
3574 2172 3739 2247 regite

2133 2278 2420 2352 dignitatis
2442 2275 2782 2348 impositum.
2818 2273 2971 2329 Duoi
3005 2282 3135 2328 sunt
3162 2272 3347 2342 itaque
3375 2285 3499 2340 qua:
3531 2267 3741 2324 faciunt

2134 2373 2414 2430 hominem
2441 2371 2508 2428 ad
2535 2369 2927 2427 beatitudinem
2955 2366 3265 2439 pervenire,
3287 2367 3544 2437 dogmata
3570 2371 3738 2430 recta,

2133 2475 2191 2523 et
2219 2467 2491 2523 sententia
2523 2482 2537 2518 :
2569 2464 2623 2520 id
2651 2473 2759 2529 est,
2789 2473 2848 2518 ut
2872 2462 2962 2533 pie
2993 2459 3063 2516 de
3091 2460 3228 2525 Deo,
3256 2470 3308 2515 et
3342 2497 3357 2512 .
3382 2498 3396 2513 .
3496 2456 3737 2513 sentiat:

2134 2569 2189 2616 et
2209 2558 2502 2615 emendata
2530 2554 2806 2622 formatio,
2841 2554 3158 2625 priusquam
3184 2550 3415 2608 honeste
3440 2559 3739 2622 sancteque

2136 2651 2301 2708 vivat.
2351 2650 2614 2707 Neutrum
2657 2648 2725 2703 ad
2759 2646 3147 2718 perfectionem
3195 2644 3342 2702 valet
3389 2659 3567 2717 genus
3618 2644 3741 2701 :al-

2137 2756 2312 2803 terum
2344 2759 2481 2801 vero
2505 2744 2739 2800 alterum
2771 2741 3036 2813 suppleta
3066 2740 3300 2806 comite;
3333 2739 3430 2796 sed
3467 2738 3608 2795 ﬁdes
3640 2754 3743 2807 prt-

2135 2858 2283 2899 mum
2314 2841 2527 2898 obtinet
2572 2840 2772 2896 locum.
2819 2837 2972 2894 Sicut
3015 2836 3068 2892 in
3091 2850 3325 2906 corpore
3352 2833 3738 2890 honorabilius

2135 2947 2317 3008 caput,
2348 2943 2403 2990 et
2423 2935 2624 3005 reliqua
2652 2931 2893 2987 membra
2916 2938 3210 2987 censentur
3230 2928 3298 2984 ad
3325 2928 3742 2999 perfectionem:

2134 3040 2315 3089 tamen
2340 3029 2572 3087 hominis
2594 3027 2904 3084 necessaria
2923 3026 3087 3082 etiam
3117 3023 3454 3094 reliquorum
3479 3021 3742 3090 accessio,

2135 3135 2191 3182 et
2213 3138 2477 3196 compago
2510 3121 2877 3178 membrorum
2903 3138 2917 3175 :
2943 3120 3203 3176 similiter
3228 3127 3286 3175 et
3306 3118 3375 3175 ad
3396 3133 3747 3175 consumma-

430 3232 621 3272 aurum
643 3214 783 3283 quod
810 3214 1071 3268 inuentum
1100 3221 1175 3267 est
1206 3213 1259 3266 in
1297 3210 1552 3267 thesauris
1582 3211 1767 3265 damus
1804 3210 2033 3280 Domini,
2062 3202 2109 3267 C
2141 3219 2344 3275 tionem
2374 3216 2497 3272 vitae
2528 3214 2646 3271 haec
2673 3223 2891 3286 oportet
2916 3220 3147 3284 utraque
3190 3228 3553 3280 concurrere,
3585 3213 3744 3269 fidem

430 3322 481 3368 et
506 3312 560 3365 in
582 3309 737 3363 domo
760 3308 918 3378 regis,
939 3315 989 3361 et
1010 3306 1147 3361 misit
1166 3305 1361 3360 Azahel
1382 3307 1491 3377 regi
1513 3304 1703 3376 Syriae.
1728 3304 1863 3359 Huic
1878 3318 2029 3375 ergo,

433 3403 527 3475 qui
568 3400 861 3471 templum-
890 3399 1103 3455 Domini
1135 3398 1412 3469 spoliavit,
1446 3407 1504 3453 et
1533 3401 1719 3453 omnia
1760 3398 1906 3453 intus
1935 3413 2036 3468 po-

430 3499 535 3556 sita
565 3497 709 3553 dona
741 3494 1005 3563 conrasit,
1037 3510 1103 3550 ac
1133 3494 1291 3549 misit
1312 3508 1377 3549 ea
1406 3494 1528 3549 viro
1557 3494 1904 3565 alienigena},
1932 3493 2035 3549 im-

429 3594 525 3666 pio
554 3603 718 3663 atque
744 3590 1040 3661 sacrilego,
1070 3586 1091 3627 ι
1124 3588 1218 3660 qui
1251 3596 1433 3659 potest
1466 3586 1640 3642 David
1678 3586 2034 3643 beatitudinis

510 3780 537 3809 ι
578 3769 677 3826 Hic
707 3768 874 3823 David
901 3781 1124 3830 nomen.
1156 3781 1392 3838 moxque
1412 3766 1465 3821 in
1499 3766 1692 3823 eodem
1741 3767 1845 3825 hoc
1872 3785 2037 3826 versu

435 3856 631 3915 vocem
662 3840 883 3915 Regum,
911 3851 1279 3895 evanesceute
1306 3839 1836 3915 codicis_scriptu_ra,
1867 3858 1932 3915 es
1956 3842 2041 3915 in—

435 3914 602 3988 genio
629 3911 950 3988 suffecturus
981 3928 995 3964 :
1027 3927 1147 3981 quae
1176 3922 1382 3976 tamen,
1417 3927 1486 3967 ne
1513 3911 1693 3967 fucum
1742 3913 1937 3970 lectori
1967 3914 2041 3970 fa-

442 3981 576 4052 ciat,
601 4001 687 4038 υιιι
711 3983 812 4038 iuis
843 3981 1187 4038 inclusimus.

513 4057 540 4096 ι)
580 4055 953 4126 Supplendum
983 4053 1227 4109 videatur
1270 4055 1484 4120 bonum,
1528 4065 1622 4110 aut
1650 4055 1779 4126 quid
1831 4058 2037 4114 simile.

442 4129 544 4187 Hic
576 4142 792 4198 quoque
822 4125 1026 4198 codicis
1054 4125 1381 4194 scripturam
1429 4128 1663 4182 assecuti
1695 4144 1800 4183 non
1828 4145 2036 4185 sumus.

520 4211 542 4238 ο
587 4200 642 4255 lu
675 4197 775 4253 ms.
830 4197 1090 4253 mendose
1133 4198 1328 4268 legitur
1358 4198 1629 4268 referente,
1669 4212 1729 4254 nt
1773 4210 1828 4256 et
1856 4202 2050 4255 Acrae-

449 4274 569 4338 lem,
601 4287 695 4336 pro
716 4270 976 4324 Azaelem.

521 4341 549 4381 ά
590 4340 1274 4413 Setlicetsanctiﬁcatorum
1294 4342 1505 4411 argenti
1534 4351 1697 4410 atque
1717 4344 1856 4403 auri,
1886 4359 2049 4413 quam

450 4430 643 4487 vocem
676 4428 835 4487 sacer
867 4422 1054 4487 textus
1080 4410 1218 4487 infra
1241 4410 1541 4487 laudandos
1563 4413 1799 4487 sul'liciet
1827 4432 1879 4471 tv
1907 4410 2049 4487 Reg.

453 4502 553 4553 att,
585 4486 674 4540 18.
709 4482 847 4538 Tute
880 4483 1191 4540 lacunulam
1221 4498 1284 4538 ea
1313 4499 1445 4539 voce
1483 4484 1731 4552 impleas.

529 4588 551 4615 ο
594 4577 880 4661 Prmstabit
905 4576 1555 4661 hoctestimg‘nium'cum
1581 4577 1797 4661 Vulgali
1820 4579 2054 4661 lectione
2080 4600 2131 4661 ι)

453 4651 772 4719 interpretis
798 4647 1147 4703 contendisse
1181 4668 1193 4703 :
1222 4646 1362 4719 Tulit
1390 4647 1522 4703 Joas
1543 4666 1633 4704 rea:
1659 4646 1830 4705 aiiinia
1859 4654 2054 4706 sancti-

455 4717 632 4793 ficata,
651 4734 767 4793 qua
786 4730 1213 4793 consecraverant
1232 4717 1495 4787 Josupltat
1516 4732 1563 4793 et
1583 4722 1615 4774 ,Ι
1624 4739 1714 4793 ora
1738 4733 1784 4775 et
1807 4725 2053 4789 Altazias,

452 4788 626 4866 patres
647 4792 781 4863 ejus,
804 4807 947 4862 reges
973 4788 1139 4866 Iuda,
1168 4800 1212 4844 et
1234 4807 1355 4866 quin
1365 4794 1473 4864 ipse
1487 4791 1764 4866 obtulerat.
1791 4804 1835 4848 et
1853 4797 2060 4850 univer-

455 4862 572 4939 sum
591 4862 883 4939 argentum,
905 4862 1042 4939 quod
1058 4862 1292 4939 inueniri
1315 4862 1479 4939 potuit
1500 4864 1554 4917 in
1577 4864 1834 4920 thesauris
1883 4868 2060 4939 templi

459 4932 699 5016 Domini,
729 4942 774 5016 et
814 4933 877 5016 in
897 4932 1102 5005 palatio
1127 4936 1261 5016 regis
1285 4934 1560 5016 :‘rnisitque
1599 4939 1777 4992 Azaeli
1799 4938 1910 5011 regi
1951 4932 2060 5011 S'y-

457 5008 575 5063 rite.
610 5004 809 5061 Noster
837 5003 1033 5061 (ἰή-ςεεο
1063 5003 1235 5075 magis
1259 5003 1524 5061 adhmrc‘t.
1739 5069 1758 5089 .

538 5100 558 5138 τ
599 5097 1038 5167 Compendiarim
1078 5113 1265 5161 ezequc
1315 5098 1549 5154 exoleta:
1596 5114 1700 5155 ms.
1736 5110 1881 5158 notas
1911 5103 2065 5159 vide-

458 5171 657 5229 bantur
704 5169 989 5239 praeferre,
1034 5168 1172 5241 quod
1216 5170 1415 5241 profert
1460 5169 1652 5242 David,
1694 5183 1827 5243 etc.,
1876 5176 2063 5247 inepto

462 5258 651 5299 8611811.

504 5346 561 5419 ἐς
582 5336 802 5419 .Malim,
834 5334 1088 5462 approbat
1111 5353 1239 5406 esse,
1267 5336 1427 5407 quod,
1459 5345 1565 5421 etc.
1591 5336 1791 5394 Verum
1824 5341 2058 5411 implexa

506 5423 649 5462 tmts.
680 5418 842 5462 atauc
892 5408 1051 5462 nulca
1082 5406 1198 5462 haec
1226 5416 1337 5462 tota
1365 5418 1444 5462 est
1483 5426 1535 5462 tn
1569 5428 1670 5462 ms.
1704 5414 1962 5462 Del‘lndlls
1991 5413 2056 5462 ad

462 5408 649 5482 nimis,
680 5418 842 5479 atque
872 5406 1051 5482 hiulca
1082 5406 1198 5465 haec
1226 5406 1337 5464 tota
1365 5418 1444 5465 est
1483 5410 1535 5465 in
1569 5428 1670 5465 ius.
1704 5406 1962 5482 periodus
1991 5413 2057 5468 ad

461 5479 611 5534 hunc
636 5481 877 5556 modum,
902 5480 971 5556 ad
999 5483 1201 5556 probat,
1232 5490 1363 5547 etc.,
1390 5490 1471 5556 est
1500 5498 1561 5556 _q_.
1594 5479 1835 5555 praesenti
1857 5485 2058 5556 psalmo

465 5568 572 5606 non
584 5553 743 5622 possit
762 5553 952 5623 aptari,
974 5556 1029 5605 in
1049 5568 1151 5623 quo
1178 5552 1355 5607 beatus
1379 5553 1546 5607 David
1568 5552 1935 5621 pronuntiatur
1954 5558 2051 5622 uir,

465 5623 533 5677 de
561 5638 888 5701 quohsermo,
920 5633 1073 5694 atque
1095 5626 1263 5679 omnis
1284 5626 1487 5679 virtutis
1511 5627 1823 5694 perfectione
1849 5629 2053 5701 conspi-

467 5706 616 5747 cuus.
651 5693 762 5748 Nos
808 5702 1039 5759 tantum,
1093 5706 1152 5748 ut
1195 5710 1390 5751 sensus
1436 5693 1734 5760 constaret,
1785 5693 2051 5755 medicam

468 5780 693 5840 manum
712 5765 1071 5840 admovimus.
1103 5766 1257 5840 Quod
1284 5768 1329 5822 si
1364 5778 1542 5823 nostra
1568 5767 1829 5824 audacior
1866 5772 2054 5840 conje-

463 5847 615 5893 Ctura
645 5838 912 5907 videatur,
940 5836 1103 5895 habet
1124 5837 1215 5896 hic
1234 5839 1405 5896 lector
1424 5856 1530 5912 quo
1558 5855 1711 5898 suam
1730 5836 2051 5901 industriam

2139 3311 2372 3377 scilicet,
2398 3317 2453 3365 et
2479 3308 2647 3364 vitam
2675 3325 2689 3361 :
2716 3315 2775 3362 ut
2803 3306 2940 3364 fides
2966 3304 3144 3363 eidem
3174 3305 3243 3362 ad
3271 3305 3574 3377 perfectum
3600 3322 3749 3364 com-

2137 3401 2524 3474 prehensionis
2555 3398 2722 3456 ardua
2757 3407 2921 3470 atque
2970 3396 3234 3461 difﬁcilis.
3272 3396 3301 3437 ι
3338 3400 3597 3456 custodia
3620 3414 3745 3455 vero

2133 3494 2333 3552 facilis.
2386 3494 2524 3550 Vita:
2570 3500 2751 3550 autem
2790 3492 2931 3550 ratio
2968 3492 3037 3548 ad
3076 3492 3500 3565 intelligendum
3549 3509 3745 3565 prona,

2141 3590 2162 3632 ι
2190 3600 2246 3649 et
2273 3606 2436 3663 quam
2464 3590 2703 3646 omnium
2728 3588 3031 3645 intellectui
3055 3597 3165 3645 tam
3195 3589 3251 3645 in
3281 3590 3555 3647 bonorum
3583 3607 3745 3663 appe-

2146 3769 2483 3848 experiatur,
2517 3769 2650 3826 Nam
2667 3779 2725 3827 et
2740 3771 2900 3848 paulo
2926 3779 3070 3842 post,
3101 3772 3189 3829 ubi
3218 3775 3438 3848 perfecti
3468 3776 3746 3848 rescripsi-

2147 3851 2437 3914 musterat
2468 3844 2519 3896 iu
2552 3858 2655 3897 ms.
2695 3842 3006 3914 profectum.

2222 3912 2251 3951 ιι
2277 3912 2478 3976 Verba,
2509 3929 2622 3986 quin
2651 3912 2958 3986 sequuntur,
2999 3933 3122 3986 qua!
3164 3925 3293 3973 sunt
3329 3917 3383 3972 in
3426 3933 3533 3975 ms.
3560 3919 3634 3977 ob
3664 3935 3750 3976 ve-

2148 3993 2406 4042 tustatem
2462 3985 2813 4055 oblitterata,
2873 3985 2944 4041 de
2996 3985 3186 4044 nostro
3233 3987 3571 4045 sutl‘ecimus.
3625 3990 3747 4048 llo:

2148 4071 2367 4133 quoque
2397 4072 2466 4133 ex
2521 4057 2737 4133 ingenio
2767 4058 3186 4133 rescripsimus.
3220 4060 3286 4115 de
3312 4061 3566 4133 uitiorum
3587 4079 3751 4133 appe-

2151 4130 2271 4195 titu,
2302 4138 2365 4202 _et
2396 4128 2461 4202 de
2505 4128 2696 4202 erroris
2725 4129 3063 4202 abstinentia,
3104 4146 3204 4202 pro
3233 4131 3431 4202 quibus
3474 4136 3604 4190 satis
3624 4128 3750 4191 erat

2154 4198 2507 4277 mendose‘in
2543 4198 2866 4277 archetypo,
2910 4198 3218 4257 devitiarum
3251 4198 3552 4277 appetitum
3598 4214 3649 4261 et
3684 4205 3748 4261 ds

2157 4286 2332 4327 errore
2372 4270 2703 4325 abstinentia.

2236 4342 2251 4380 ί
2280 4343 2547 4420 Corrupte
2575 4358 2676 4398 ms.
2696 4343 3066 4420 ducebat;tum
3092 4348 3268 4420 itaque
3290 4346 3582 4420 videbatur
3608 4363 3751 4420 prte-

2156 4414 2299 4472 ferre
2325 4428 2423 4484 pro
2444 4416 2632 4492 quippe
2651 4417 2903 4492 :_rectius
2932 4414 3361 4492 adhttc‘le‘geris,
3404 4429 3454 4474 et
3482 4420 3565 4474 cui
3586 4414 3750 4492 ἀριδ-

2157 4502 2297 4563 mum
2327 4487 2695 4563 tetulisagenti
2720 4504 2937 4563 annum,
2952 4498 3061 4545 etc.
3085 4490 3208 4545 Mox
3223 4487 3441 4563 quattue
3460 4500 3505 4545 et
3520 4487 3748 4561 conjun-

2160 4559 2401 4637 ctionem
2430 4558 2812 4637 substituimus
2835 4561 2903 4616 ad
2928 4575 3123 4637 sensus
3143 4558 3537 4637 integgit'atem.

2231 4628 2248 4680 i
2286 4628 2408 4695 llic,
2458 4640 2601 4693 sunt,
2659 4631 2884 4687 verbum
2924 4628 3514 4691 sudet-imusf'l‘ertius
3552 4633 3624 4688 ab
3646 4631 3752 4691 hoc

2158 4715 2361 4789 versus.
2403 4702 2585 4789 statim
2626 4702 2814 4789 initio,
2843 4705 3042 4789 exesis
3073 4706 3125 4757 in
3168 4707 3484 4789 ap_ograp_ho
3527 4704 3750 4772 litteris,

2158 4773 2324 4828 unius
2349 4772 2659 4827 lacunulam
2700 4774 2853 4828 verbi
2884 4774 3079 4845 habet,
3099 4772 3244 4845 quod
3288 4772 3452 4833 facile
3481 4786 3659 4833 tamen
3681 4791 3749 4832 ex

2160 4845 2307 4916 serie
2356 4845 2622 4916 orationis
2659 4846 2933 4915 suppleas.
2967 4844 3232 4916 Reliquus
3278 4861 3410 4902 vero
3459 4857 3751 4905 contextus

2159 4914 2504 4986 gravioribus
2529 4914 2775 4988 scatebat
2800 4917 3034 4973 mendis.
3062 4914 3121 4973 In
3137 4931 3273 4973 voce
3292 4918 3589 4988 priusquam
3613 4919 3751 4976 nihil

2162 4987 2727 5052 mutavimus,tametsi
2749 4988 2990 5061 placaret
3001 5004 3068 5046 eo
3094 4988 3266 5061 magis
3291 4987 3585 5047 rescribere
3607 4995 3749 5057 vita,

2165 5067 2258 5113 aut
2279 5073 2502 5122 morum,
2527 5069 2617 5112 aut
2668 5060 2795 5130 quid
2825 5060 3020 5133 simile,
3051 5059 3235 5133 addita
3278 5071 3334 5133 ut
3369 5062 3654 5133 particula.
3680 5065 3751 5118 At

2170 5144 2269 5200 pro
2287 5145 2530 5199 saneque,
2558 5133 2702 5200 quod
2714 5138 2839 5205 erat
2853 5130 2910 5205 iu
2934 5146 3035 5187 ms.
3062 5130 3568 5205 nihildubitavimus
3585 5149 3753 5205 repo—

2170 5216 2326 5267 nere,
2377 5211 2674 5274 sancteque.
2713 5202 2981 5274 lnsignius
3024 5204 3196 5260 multo
3218 5214 3273 5261 et
3312 5204 3510 5263 {adius
3550 5202 3753 5262 subie-

2169 5287 2339 5347 queus
2361 5283 2477 5327 erat
2505 5273 2782 5347 mendum,
2810 5274 2897 5332 ubi
2919 5275 3063 5331 enim
3090 5291 3191 5332 nos
3212 5275 3748 5347 fecimus,Neutrum,

2172 5346 2433 5413 scriptum
2486 5355 2605 5416 erat
2654 5346 2865 5401 duobus
2900 5347 3107 5413 verbis,
3137 5364 3231 5403 nec
3285 5365 3410 5416 non,
3440 5348 3613 5415 nullo.
3656 5356 3753 5405 aut

2166 5431 2297 5471 sane
2326 5414 2621 5475 contrario.
2638 5416 2702 5472 ac
2729 5416 3027 5474 deridiculo
3046 5433 3231 5475 sensu.

2239 5486 2265 5523 ιι
2288 5487 2544 5561 Quadam
2573 5486 2699 5544 hinc
2728 5489 2895 5561 verba
2918 5489 3241 5559 exciderint,
3269 5507 3493 5561 quormn
3519 5489 3751 5548 defecta

2158 5558 2435 5642 claudicat
2486 5573 2699 5642 sensus.
2732 5559 2892 5617 Nullo
2918 5572 3101 5619 autem
3150 5558 3368 5636 negotio
3393 5564 3652 5635 supplere
3678 5579 3751 5621 ex

2156 5641 2373 5699 ttigentn
2409 5641 2630 5699 potens.

2233 5698 2251 5741 ι
2284 5701 2390 5757 Pro
2419 5703 2630 5780 duabus
2679 5705 2910 5771 vnculis,
2930 5715 2983 5762 et
3010 5724 3188 5780 quam,
3212 5707 3353 5780 quod
3384 5704 3736 5762 manifestum

2155 5784 2234 5829 est
2282 5753 3365 5853 πιεηάιιιιῐζ⁷τεὸῖἴὶὶῐὲιῖἶιιῖιῖιῗίἐὲὶἶῦ
3384 5753 3744 5847 ἰῖιῖἷῖἑὶῖιῖὶ,

2153 5861 2325 5919 aqua,
2352 5856 2444 5902 aut
2471 5858 2637 5919 teque.
