3944 6334
257 326 341 382 817
888 311 956 370 IN
997 309 1444 382 SUBSEQUENS
1483 306 1917 366 BREVIARIUM
1955 307 2023 367 IN
2061 307 2378 368 PSALMOS
2415 309 2814 370 ADMONITIO.

3408 310 3516 370 818

255 445 517 510 titu,quam
544 433 596 490 in
623 431 896 488 malorum
920 431 1043 502 fuga
1069 429 1324 486 videatur
1345 429 1613 500 exposita.
1645 426 1811 482 Exbi-
1835 427 1885 488 Α
1912 439 2049 496 opus
2081 441 2460 484 movemur....
2481 426 2684 483 deinde
2714 425 3088 494 snbsistimus,
3119 425 3211 482 ubi
3240 439 3328 482 res
3350 425 3526 497 coepit

251 533 365 592 bitio
389 543 508 586 vero
533 542 642 584 non
689 525 870 595 operis
903 540 1117 596 parum,
1162 538 1228 580 ac
1266 523 1493 594 laboris,
1541 522 1635 578 sed
1669 538 1809 578 non-

249 639 504 698 numquam
531 620 653 676 vitae
685 618 882 675 merito
907 617 972 673 ad
1002 627 1025 655 ι
1058 617 1218 672 fidem
1256 617 1436 672 aditus
1466 615 1664 687 aperit,
1699 625 1753 670 et
1778 631 1808 671 e

248 722 432 777 diverso
451 715 512 771 ad
534 714 822 784 perfectam
847 713 1212 784 cognitionem
1236 712 1474 781 peccatis
1497 711 1524 749 δ
1551 712 1805 777 obstruit;

247 829 352 871 nam
377 809 536 866 veluti
562 806 882 880 quibusdam
931 805 1173 861 tenebris
1213 804 1652 861 conversationis
1682 817 1806 858 cer-

247 916 339 963 tum
364 914 384 942 ο
413 900 751 968 intercludit,
777 910 829 954 et
851 899 1042 970 purius
1061 897 1288 967 impedit
1319 913 1478 953 unam
1513 897 1650 952 lianc
1679 911 1803 968 par-

247 1011 335 1056 tem
373 994 594 1052 maxime
624 993 925 1063 Scripturre
964 990 1164 1046 divinae
1191 989 1394 1062 Moysis
1424 989 1704 1044 excolere.
1740 987 1808 1042 Et

240 1091 346 1149 ideo
367 1089 518 1146 etiam
546 1087 603 1143 in
621 1087 876 1158 praesenti
898 1085 1108 1157 psalmo
1123 1094 1250 1140 ante
1273 1085 1600 1139 documenta
1633 1083 1801 1138 disci-

241 1185 362 1258 plina
407 1181 622 1239 moralis
671 1179 957 1245 indicitur;
1006 1193 1130 1234 nam
1183 1179 1379 1234 abesse
1409 1174 1435 1213 ἀ
1481 1192 1512 1231 a
1561 1177 1800 1247 perfecta

239 1278 327 1335 ﬁde
351 1290 544 1332 morum
575 1274 735 1344 vitia,
771 1272 1033 1344 Apostolo
1066 1281 1228 1336 teste,
1259 1271 1558 1339 discamus,
1601 1267 1694 1340 qui
1727 1270 1804 1324 ait

235 1371 290 1427 ad
313 1367 610 1426 Corinthios
634 1385 649 1423 :
677 1366 799 1422 Non
831 1367 979 1438 potui
1005 1365 1145 1420 vobis
1171 1365 1313 1436 loqui
1333 1363 1484 1435 quasi
1508 1362 1804 1433 spirituali-

236 1466 328 1528 ιω,
351 1462 435 1519 sed
461 1466 610 1531 quasi
633 1461 949 1525 carnalibus,
972 1460 1123 1531 quasi
1149 1457 1378 1530 parvulis
1405 1461 1456 1513 in
1479 1456 1687 1513 Christo
1707 1472 1726 1511 :
1747 1465 1802 1510 et

231 1556 476 1629 sulijungit
501 1573 516 1612 :
541 1572 658 1610 cum
679 1555 815 1610 enim
838 1556 942 1609 sint
969 1555 1100 1608 inter
1119 1569 1229 1621 vos,
1255 1562 1391 1619 etc.,
1416 1567 1588 1606 nonne
1609 1566 1802 1604 carna-

232 1650 291 1705 les
317 1649 446 1712 eatis,
471 1657 516 1702 et
549 1647 835 1702 secundum
863 1647 1125 1702 hominem
1149 1645 1454 1713 ambulatio,
1477 1660 1600 1700 cum
1628 1657 1798 1700 econ-

233 1741 380 1798 trario
402 1739 691 1811 Cornelius
717 1738 785 1794 ad
817 1739 980 1795 fidem
1009 1738 1101 1794 sit.
1122 1777 1136 1792 .
1161 1779 1174 1792 .
1193 1779 1206 1792 .

1911 536 2036 577 esse
2068 521 2121 577 in
2151 523 2406 577 manilius
2446 541 2458 576 :
2511 522 2579 577 ad
2609 520 2912 577 sedendum
2945 535 3076 575 vero
3117 519 3518 587 convertimur,

1909 619 2128 691 negotio
2158 619 2268 688 jam
2316 616 2345 654 ιι
2376 629 2586 688 parato.
2624 615 2736 672 Hoc
2763 624 2987 672 sanctus
3022 615 3192 671 David
3242 615 3338 678 ait,
3371 616 3518 685 quod

1910 713 2004 767 ille
2037 728 2166 769 vere
2206 714 2396 769 beatus
2426 714 2517 774 sit,
2544 709 2640 782 qui
2673 725 2846 782 neque
2874 710 3066 779 primis
3100 708 3324 781 quidem
3350 710 3518 764 vesti-

1907 805 2012 876 giis
2041 807 2336 874 impietatis
2371 805 2762 876 cogitationem
2795 802 2935 857 adiit
2963 804 3050 858 vel
3095 803 3378 873 ingressus
3403 809 3514 866 est,

1910 913 2084 968 neque
2113 898 2366 954 affectum
2398 897 2553 968 pravi
2581 898 2862 966 cperis....
2913 897 3137 966 reperit,
3184 911 3362 967 neque
3405 896 3514 952 ulla

1909 1009 1999 1049 rea
2035 993 2280 1049 irretitur
2307 994 2462 1047 malae
2492 992 2804 1047 dilectionis
2834 991 3119 1056 illecebra,
3142 1006 3263 1061 quae
3293 991 3518 1046 nomine

1904 1089 2203 1154 cathedrae,
2237 1098 2290 1143 et
2313 1087 2576 1142 sessionis
2605 1085 2862 1155 ostendit,
2909 1097 2963 1140 ut
2999 1101 3190 1140 eorum
3221 1084 3514 1140 consortio

1900 1183 2248 1254 iungeretur,
2308 1181 2323 1220 ί
2389 1182 2482 1237 sed
2546 1181 2780 1236 aliorum
2845 1180 3256 1247 simplicitatem
3302 1195 3517 1235 veneno

1905 1293 2019 1334 sum
2051 1278 2333 1348 pravitatis
2363 1276 2638 1332 inficiunt.
2671 1274 2786 1330 Hos
2809 1277 2954 1330 enim
2981 1275 3302 1339 pestilentes
3327 1285 3512 1341 vocat,

1903 1387 2134 1444 quorum
2165 1379 2253 1425 est
2282 1371 2439 1442 plane
2487 1369 2740 1424 morbosa
2781 1369 3116 1439 conjunctio.
3170 1369 3304 1424 Nam
3337 1370 3509 1425 etiam

1903 1467 2230 1538 pestilentiae
2261 1464 2543 1538 proprium
2568 1472 2676 1527 est,
2723 1464 2792 1518 ab
2839 1480 2948 1519 uno
2979 1464 3033 1518 in
3079 1465 3308 1520 alterum
3362 1474 3513 1520 tran-

1905 1563 2138 1628 seundo,
2187 1561 2414 1615 inficere
2464 1561 2760 1614 multorum
2805 1573 3040 1628 corpora
3086 1567 3248 1628 atque
3292 1559 3512 1615 vitiare.

1907 1655 2032 1710 Non
2057 1656 2184 1710 abiit
2229 1669 2362 1724 ergo
2391 1651 2650 1720 dicendo,
2684 1666 2947 1706 assensus
2985 1651 3376 1721 cogitationum
3409 1665 3514 1706 no-

1907 1750 2059 1812 tavit,
2094 1748 2294 1820 quibus
2323 1747 2390 1802 ad
2425 1761 2622 1817 pravas
2652 1746 3034 1816 suggestiones
3063 1746 3330 1815 rapimur,
3363 1755 3419 1800 et
3451 1745 3506 1800 in

286 1835 454 1906 itaque
475 1842 856 1905 argumentum
879 1842 961 1888 est
985 1831 1272 1902 prasentis
1289 1829 1483 1902 psalmi
1510 1830 1793 1885 Dominum

1905 1843 2103 1912 quibus
2155 1841 2376 1895 libuerit
2424 1839 2696 1910 implerei
2737 1839 3040 1910 proprium.
3079 1837 3186 1907 Qui
3235 1853 3364 1893 vero
3410 1839 3509 1904 ait,

225 1929 539 2003 deprecantis
561 1929 629 1984 ad
663 1927 1015 1984 reserandum
1042 1926 1402 1992 intellectum,
1433 1934 1489 1980 et
1511 1925 1796 1981 accedere.

227 2027 340 2082 Etsi
371 2039 591 2080 necesse
624 2021 788 2078 fuerit
819 2037 918 2094 pro
963 2020 1408 2077 consideratione
1455 2030 1661 2084 nostra,
1706 2033 1799 2074 oc-

224 2123 533 2177 currentium
557 2120 739 2190 aliqua
770 2119 929 2174 latius
952 2117 1252 2188 explicare,
1285 2132 1391 2173 non
1413 2117 1800 2173 obliviscemur

227 2213 351 2284 ejus,
379 2228 537 2283 quam
593 2211 946 2282 promisimus
992 2211 1046 2265 in
1095 2210 1437 2282 praefatione,
1487 2209 1792 2266 brevitatis.

221 2308 301 2365 llic
328 2310 558 2364 maxime
590 2305 934 2363 servabimus
974 2305 1028 2362 in
1063 2305 1323 2376 praesenti
1359 2305 1588 2374 psalmo,
1636 2311 1694 2360 et
1741 2305 1794 2359 in

219 2403 416 2473 reliquis
439 2401 716 2459 omnibus.
748 2408 807 2455 ut
829 2415 1046 2456 omnem
1073 2398 1411 2454 intellectum
1447 2399 1500 2452 in
1525 2412 1793 2452 summam

217 2493 520 2565 redigentes,
550 2494 788 2549 strictim
816 2491 959 2564 quod
989 2491 1281 2546 dicendum
1311 2499 1398 2546 est
1425 2491 1789 2560 explicemus:

213 2594 440 2662 quoniam
482 2609 592 2647 non
627 2591 784 2647 nobis
824 2590 1164 2662 propositum
1205 2598 1291 2646 est
1337 2599 1360 2627 ο
1397 2590 1560 2645 latius
1599 2600 1793 2645 cuncta

211 2687 465 2758 prosequi,
511 2686 614 2743 sed
642 2687 960 2742 summatim
1007 2685 1280 2742 dictorum
1322 2685 1566 2739 omnium
1598 2698 1794 2740 sensus

210 2781 472 2849 attingere,
505 2792 567 2836 ut
597 2780 771 2852 possit
806 2780 1031 2836 lecturis
1055 2779 1424 2849 expositionis
1452 2777 1471 2816 ί
1509 2779 1679 2848 prima
1712 2777 1792 2831 fa-

209 2873 304 2930 cies
329 2876 599 2939 relucere,
651 2874 761 2930 illis
791 2873 1168 2944 relinquentes
1206 2871 1525 2926 occasiones
1569 2869 1794 2941 majoris

209 2966 594 3039 intelligentiae,
635 2968 679 3021 si
708 2966 986 3024 voluerint
1031 2967 1233 3038 aliquid
1280 2965 1504 3031 addere,
1549 2981 1668 3035 qua:
1707 2972 1791 3019 ta-

206 3075 314 3116 men
361 3079 390 3117 a
437 3063 722 3133 pra-missa
779 3063 1235 3132 interpretatione
1287 3075 1396 3115 non
1445 3059 1788 3130 discrepent;

203 3153 289 3208 ista
317 3157 456 3211 enim
490 3156 610 3212 veri
638 3162 724 3212 est
747 3155 1054 3211 intellectus
1083 3155 1386 3226 perceptio,
1418 3163 1475 3209 ut
1499 3170 1596 3224 per
1619 3153 1790 3208 histo-

1905 1949 2008 1988 non
2066 1935 2231 1998 stetit,
2278 1947 2574 2002 numquam
2622 1931 2673 1986 in
2727 1946 2892 2001 opere
2925 1932 3126 1986 cxiisse
3171 1930 3400 1995 indicat.
3455 1931 3511 1987 in

1901 2025 2045 2096 quod
2075 2025 2331 2096 cogitatio
2357 2024 2602 2079 animum
2624 2032 2996 2093 suggesserat,
3027 2023 3171 2092 quod
3200 2023 3501 2078 tamenim-

1905 2120 2119 2191 plemus
2162 2134 2287 2174 cum
2332 2117 2568 2174 delectat
2601 2118 2652 2171 in
2706 2116 2827 2172 aliis
2871 2117 3130 2188 operibus
3159 2117 3395 2187 gradum
3445 2117 3507 2172 fi-

1901 2228 2120 2284 gere....
2170 2225 2233 2265 ac
2277 2211 2475 2281 saepius
2527 2209 2804 2264 restitare.
2861 2209 2964 2264 Per
3001 2209 3276 2265 cathedra:
3322 2211 3506 2264 inses-

1899 2307 2108 2362 sionem
2141 2305 2228 2359 ille
2254 2303 2524 2376 signatur,
2551 2305 2639 2374 qui
2676 2305 2745 2355 ita
2772 2302 3096 2368 delectatur,
3129 2312 3183 2357 et
3207 2301 3506 2372 requiescit

1899 2401 1954 2456 in
1987 2399 2124 2454 mala
2157 2397 2578 2462 consuetudine,
2610 2405 2668 2452 ttt
2691 2397 2918 2466 reliquis
2940 2397 3186 2465 ejusdem
3215 2398 3379 2450 studii
3406 2396 3505 2450 lto-

1900 2494 2138 2550 minibus
2185 2492 2305 2548 sine
2355 2492 2469 2548 ullo
2517 2491 2867 2546 verecundia:
2921 2489 3222 2546 misceatur
3251 2506 3500 2546 assensu.

1897 2590 2001 2658 Qui
2054 2603 2187 2644 vero
2237 2588 2528 2658 impiorum
2583 2586 2817 2642 consilia
2870 2584 3089 2656 posuit,
3144 2593 3498 2655 peccatorum

1899 2701 2033 2740 vero
2073 2698 2264 2755 opera,
2323 2680 2458 2736 satis
2504 2680 2570 2735 ad
2605 2691 2898 2751 utrumque
2932 2680 3196 2750 respexit.
3244 2679 3501 2747 Impietas

1896 2781 2042 2838 enim
2071 2777 2138 2832 ad
2181 2775 2533 2849 agitationem
2566 2774 2766 2830 mentis
2795 2773 3059 2844 pertinet,
3091 2782 3148 2828 et
3171 2779 3361 2826 motus
3391 2786 3502 2826 non

1895 2883 2047 2930 recte
2078 2871 2275 2925 anima:
2305 2869 2626 2925 sentientis:
2655 2868 2943 2922 Peccatum
2970 2881 3102 2921 vero
3127 2865 3179 2918 in
3209 2881 3324 2919 rem
3355 2865 3503 2920 actio

1889 2967 2002 3039 jam
2035 2963 2286 3021 deducta.
2330 2961 2580 3018 Tertium
2609 2960 2748 3032 quod
2792 2958 3004 3014 addidit
3034 2957 3060 2996 ιι
3095 2959 3342 3028 utrisque
3372 2957 3504 3012 sub-

1891 3057 2255 3132 jecit,'quam
2298 3071 2404 3112 non
2444 3055 2619 3110 solum
2671 3053 2723 3108 bi
2777 3053 3098 3122 pestilentes
3147 3062 3497 3119 vocarentur,

1897 3154 1987 3225 qui
2041 3151 2183 3208 male
2214 3148 2503 3206 sentiendo
2532 3155 2897 3218 corrumpunt
2926 3145 3189 3215 reliquos,
3221 3153 3278 3200 et
3316 3145 3498 3200 socie-

203 3247 286 3304 ria:
310 3248 468 3304 fidem
509 3259 760 3306 tenorem
802 3248 1162 3320 expositionis
1202 3259 1473 3318 aptemus,
1520 3257 1572 3304 et
1605 3257 1630 3294 ε
1661 3261 1794 3304 con-
1819 3217 1866 3279 Ο
1898 3257 2011 3304 tate
2052 3262 2148 3303 sua
2185 3247 2502 3316 perimunt:
2543 3259 2732 3299 verum
2764 3217 2930 3298 etiam
2965 3242 3046 3296 illi
3074 3243 3166 3313 qui
3216 3242 3340 3298 tabe
3367 3256 3504 3296 con-

201 3342 469 3400 cinnenter
497 3359 563 3400 ea
593 3359 714 3416 qua;
743 3343 976 3400 dicenda
1006 3353 1135 3399 sunt
1176 3344 1542 3415 proferamus.

262 3434 446 3491 Beatus
472 3439 576 3501 vir,
609 3438 700 3509 qui
724 3453 825 3492 non
866 3437 993 3491 abiit
1037 3439 1090 3491 in
1137 3438 1373 3502 consilio,
1412 3452 1604 3507 usque,
1635 3438 1792 3493 sedit.

207 3527 466 3585 interdum
496 3531 784 3599 Scriptura
810 3529 990 3586 divina
1027 3531 1171 3586 inter
1195 3531 1417 3601 impium
1449 3542 1502 3587 et
1543 3541 1792 3601 peccato-

200 3635 301 3676 rem
325 3621 456 3678 facit
483 3623 860 3679 differentiam
888 3642 900 3678 :
928 3623 1156 3694 impium
1186 3639 1392 3680 vocans
1427 3625 1518 3680 Dei
1549 3625 1664 3681 veri
1693 3641 1789 3681 no-

199 3715 357 3772 titiam
388 3733 497 3774 non
527 3718 848 3775 habentem:
873 3728 1218 3790 peccatorem
1244 3734 1398 3786 vero,
1431 3720 1645 3775 honesti
1670 3735 1789 3775 rec-

198 3810 328 3882 tique
359 3813 638 3869 tramitem
679 3827 785 3868 non
818 3822 1091 3868 tenentem
1122 3833 1134 3867 :
1167 3821 1346 3869 tamen
1380 3815 1468 3868 ubi
1509 3814 1786 3869 communi

195 3905 449 3959 vocabulo
504 3915 802 3975 utrumque
845 3903 1136 3974 significet,
1193 3905 1244 3959 in
1299 3906 1552 3974 prmsenti
1605 3913 1786 3960 tamen

194 3993 394 4051 videtur
427 3997 616 4053 facere
643 3995 1055 4053 distinctionem
1083 4013 1096 4050 :
1127 3997 1386 4067 quoniam
1417 3997 1553 4063 vult,
1584 3998 1672 4067 qui
1719 3999 1790 4052 sit

193 4097 423 4145 sectator
456 4089 819 4161 perfectiopis
845 4091 1179 4160 exprimere,
1212 4091 1298 4146 cui
1344 4089 1508 4145 etiam
1557 4091 1790 4147 beatitu-

194 4177 363 4236 dinem
395 4183 577 4239 credit
601 4183 707 4238 rite
738 4192 1072 4252 competere,
1107 4183 1188 4238 vel
1222 4196 1445 4253 propter
1490 4185 1786 4254 perfectam

191 4272 251 4328 de
275 4275 491 4332 Deitate
518 4277 797 4345 notitiam,
818 4277 900 4332 vel
927 4285 1148 4346 propter
1167 4278 1346 4332 studia
1371 4279 1494 4334 vitae
1523 4281 1787 4336 melioris.

191 4362 337 4431 Quod
371 4384 512 4426 vero
532 4372 634 4435 ait,
659 4384 762 4424 non
786 4369 935 4434 abiit,
964 4386 1066 4425 non
1087 4371 1249 4436 stetit,
1282 4387 1386 4425 non
1409 4372 1563 4437 sedit,
1593 4373 1789 4427 anima)

191 4471 360 4516 motus
400 4463 790 4534 corporalibus
841 4461 1016 4533 signat
1069 4462 1316 4529 indiciis;
1361 4465 1617 4534 quoniam
1663 4481 1787 4523 cum

190 4553 384 4625 aliquid
436 4557 701 4613 molimur
752 4555 995 4622 efficere,
1041 4557 1276 4626 primum
1311 4555 1375 4611 ad
1408 4557 1786 4628 arripiendum

1897 3343 2053 3399 sortii
2090 3341 2297 3397 bonum
2330 3337 2768 3396 conversationis
2805 3351 2919 3392 sum
2962 3345 3126 3390 rectae
3172 3335 3496 3406 tntringunt.

1896 3436 2104 3507 Quibus
2135 3435 2189 3490 in
2235 3442 2406 3490 totum
2447 3447 2553 3487 non
2581 3429 2900 3495 admisceri,
2929 3438 3010 3482 est
3041 3427 3146 3482 sibi
3192 3425 3212 3465 ι
3403 3441 3505 3496 op-

1894 3533 2027 3588 time
2052 3529 2414 3586 consulentis.
2449 3526 2517 3583 Et
2549 3526 2676 3581 ideo
2717 3527 2861 3580 hunc
2903 3523 2997 3595 qui
3044 3539 3143 3593 per
3173 3523 3354 3576 omnia
3402 3522 3499 3575 de-

1891 3629 2064 3684 clinat
2090 3643 2121 3682 a
2151 3627 2350 3682 talibus
2376 3625 2597 3680 beatum
2624 3623 2916 3694 praesentis
2946 3621 3144 3692 psalmi
3175 3621 3340 3677 lectio
3367 3619 3504 3675 defi-

1889 3723 2045 3780 nivit.
2075 3721 2177 3790 Qui
2210 3721 2281 3776 ita
2310 3731 2465 3775 actus
2495 3732 2624 3772 suos
2652 3716 3049 3787 circumspicit,
3076 3726 3136 3771 ut
3161 3717 3328 3772 etiam
3359 3724 3397 3752 ω
3427 3714 3495 3770 ab

1893 3816 2090 3871 alienis
2131 3815 2269 3870 mala
2317 3811 2702 3867 sollicitatione
2730 3809 2965 3865 declinet
2999 3825 3012 3862 :
3057 3817 3113 3863 et
3157 3818 3398 3873 veretur,
3434 3822 3504 3863 ne

1896 3907 2086 3964 alienis
2151 3905 2380 3961 maculis
2429 3903 2638 3960 candor
2688 3919 2817 3957 suus
2864 3902 3183 3972 puritasque
3232 3901 3499 3956 fuscetur.

1895 4010 1923 4038 ιι
1965 4001 2238 4068 Quoniam
2275 3998 2550 4053 tendendo
2579 3997 2647 4051 ad
2682 3991 3106 4061 beatitudinem,
3157 4009 3266 4048 non
3299 3991 3503 4047 sufﬁcit

1896 4094 2156 4151 recedere
2185 4101 2391 4147 tantum
2420 4107 2449 4145 a
2476 4091 2633 4145 malis
2659 4107 2674 4142 :
2708 4087 2924 4142 scilicet
2946 4087 3113 4141 etiam
3147 4087 3287 4142 bona
3318 4087 3499 4142 facere

1896 4201 2123 4244 necesse
2148 4194 2248 4241 est.
2281 4183 2516 4240 Inferius
2538 4183 2614 4237 ait
2639 4199 2653 4236 :
2689 4181 2796 4237 Sed
2818 4183 2871 4234 in
2901 4181 3010 4252 lege
3035 4178 3250 4233 Domini
3277 4179 3377 4250 fuit
3403 4193 3495 4232 oo-

1895 4282 2090 4347 luntas,
2141 4293 2333 4350 usque,
2387 4278 2489 4344 die,
2535 4293 2597 4330 ac
2638 4284 2806 4330 nocte.
2862 4273 2982 4330 Non
3037 4275 3238 4338 solum,
3295 4271 3492 4342 inquit,

1894 4375 2074 4431 studet
2101 4372 2366 4429 malorum
2391 4371 2666 4426 consortia
2699 4368 3001 4436 declinare,
3031 4381 3221 4422 verum
3250 4364 3493 4432 assidua,

1893 4478 1948 4525 et
1984 4467 2102 4539 jugi
2137 4465 2493 4520 meditatione
2525 4462 2684 4532 legis,
2709 4461 2894 4528 discit,
2927 4459 3145 4530 qualem
3169 4472 3228 4512 se
3257 4455 3496 4512 formare

1894 4559 2206 4618 conveniat.
2241 4557 2306 4612 Et
2331 4565 2388 4612 ut
2427 4556 2765 4612 fructuosum
2795 4551 3134 4624 hujusmodi,
3165 4549 3310 4622 quod
3339 4563 3494 4605 com-

251 4723 277 4752 ι
303 4716 402 4771 llic
443 4729 671 4787 quoque
714 4713 963 4787 nonnlbil
1020 4713 1280 4785 impedita
1317 4715 1489 4770 series
1519 4717 1784 4774 orationis
1816 4724 1867 4784 D
1963 4729 1988 4767 ε
2020 4719 2282 4775 Fortasse
2306 4717 2594 4787 legendum
2623 4723 2708 4771 est
2735 4716 3074 4771 continenter.

185 4795 300 4853 est;
329 4788 430 4844 sed
459 4786 637 4843 multo
666 4786 999 4855 impeditior,
1031 4789 1319 4856 minusque
1341 4802 1471 4841 sana
1502 4789 1617 4858 ipsa
1659 4805 1788 4845 sen-

186 4863 346 4913 tentia
378 4861 664 4932 videatnr,
686 4859 950 4932 siprobte
994 4859 1188 4912 merito
1214 4859 1362 4925 vitae,
1416 4859 1575 4914 fidem
1624 4875 1789 4932 posse

184 4933 498 4998 quempiam
522 4930 749 4999 adipisci
767 4931 1001 4984 censuit.

250 5000 274 5040 δ
304 5001 720 5072 Rescripsmus
735 5000 1076 5056 confidenter
1097 5001 1330 5063 obstruit,
1347 5015 1447 5071 pro
1468 5016 1574 5072 quo
1597 4999 1789 5061 vitiose

183 5075 516 5144 apographo
547 5073 828 5144 legebatur
850 5072 1123 5144 pbstinuit.

253 5155 276 5183 ε
291 5141 530 5216 'Supple
558 5141 830 5218 tramitem.
847 5141 916 5218 lu
936 5145 1182 5211 reliquis,
1201 5155 1257 5218 ut
1283 5159 1477 5200 sensus
1492 5156 1790 5218 utcumque

180 5215 486 5283 constaret,
525 5219 615 5288 qui
662 5215 844 5288 nullus
871 5217 1030 5284 plane
1061 5226 1177 5271 erat
1219 5215 1271 5270 in
1308 5231 1410 5270 ms.
1446 5215 1788 5285 reposuimus

182 5292 387 5354 purius,
420 5306 528 5359 pro
548 5287 857 5359 puritas,_et
881 5303 1060 5351 unam,
1088 5302 1184 5356 pro
1210 5304 1392 5353 unum,
1415 5289 1648 5359 denique
1681 5306 1786 5346 uno

180 5363 346 5417 verbo
376 5357 623 5416 fecimus
648 5357 902 5420 excolere,
928 5374 1025 5428 pro
1053 5375 1160 5428 quo
1202 5371 1318 5414 erat
1349 5357 1587 5426 duobus,
1613 5378 1679 5416 ea:
1701 5379 1789 5416 co-

180 5430 306 5497 lore,
343 5437 492 5488 satis
521 5431 718 5503 supino
755 5429 1050 5503 antiquarii
1095 5431 1267 5500 lapsu.
1303 5430 1454 5486 llaud
1486 5434 1624 5503 scio,
1661 5449 1786 5489 num

180 5505 350 5574 pluris
373 5503 554 5559 fuerit
576 5501 761 5574 Augia}
782 5501 1052 5558 stabulum
1077 5518 1330 5574 purgare.

178 5646 211 5699 ά
245 5572 273 5658 [³
302 5573 528 5631 Vitiose
573 5583 692 5631 erat
738 5572 792 5627 in
837 5574 1150 5646 apograplto
1174 5572 1200 5638 ,⁷
1223 5572 1398 5628 abesse
1437 5575 1680 5646 perfectae
1727 5577 1790 5645 ﬁ-

213 5663 280 5699 81.

213 5663 280 5701 ει.

259 5727 284 5757 θ
317 5718 427 5776 Hic
461 5718 697 5776 alteram
724 5715 952 5787 negandi
976 5715 1292 5784 particulam
1314 5717 1647 5774 indusimus.

255 5787 274 5827 ¹
304 5792 451 5846 Erat
494 5791 553 5846 in
579 5805 680 5846 ms.
704 5788 918 5857 vittose,
935 5789 1071 5861 facie
1088 5805 1106 5856 ;
1127 5800 1179 5844 et
1199 5788 1790 5862 tuox,relinquenlibua,

175 5875 279 5933 pro
306 5863 694 5934 relinquentes.

1965 4789 1992 4827 δ
2034 4789 2294 4860 Suspicor
2323 4788 2761 4853 rescribendum,
2793 4796 3028 4856 peracto.

1973 4861 1985 4898 ί
2025 4861 2206 4916 Malim
2230 4862 2319 4931 qui
2348 4860 2558 4929 reponi,
2586 4875 2685 4930 pro
2725 4860 2836 4914 sed.

1969 4934 1982 4984 i
2025 4933 2249 4986 Videtur
2277 4932 2448 4987 multo
2483 4933 2685 4988 rectius
2718 4931 3009 5002 legendum
3057 4931 3403 5000 propositum.
3435 4931 3495 4987 In

1896 5005 2246 5073 subsequenti
2303 5004 2558 5074 proxime
2597 5017 2757 5058 versu
2783 5003 3126 5068 adverbium,
3181 5019 3488 5074 numquam,

1897 5094 1995 5148 pro
2023 5073 2311 5148 exesisﬂin’
2333 5075 2524 5131 codice
2569 5075 2769 5148 litteris
2809 5075 3212 5129 substituimus.
3263 5073 3498 5132 Leviora

1893 5146 2142 5222 quietiam
2168 5146 2276 5202 alia
2293 5147 2466 5222 _taciti
2496 5146 2844 5222 castigamus.

1966 5219 1991 5258 ¹ι
2021 5219 2118 5275 ills.
2172 5218 2436 5288 praeferre
2474 5217 2782 5283 videbatur,
2839 5217 3173 5288 utriusquea
3202 5230 3332 5272 mox
3390 5233 3490 5286 pro

1893 5308 2068 5364 quam,
2121 5286 2308 5344 malim
2356 5291 2518 5361 quod,
2573 5297 2667 5343 aut
2713 5289 2962 5359 quoniam
2986 5286 3288 5357 {denique
3335 5305 3493 5344 voca-

1895 5372 2093 5422 rentur.
2124 5377 2224 5432 pro
2255 5371 2544 5416 vocaretur.

1973 5433 1992 5473 ι
2027 5429 2231 5500 Supple
2272 5448 2371 5502 pro
2415 5447 2587 5489 vacuo
2635 5431 2836 5503 spatio,
2864 5429 3133 5486 hominis:
3160 5439 3257 5486 aut
3304 5433 3491 5502 animi,

1974 5515 1992 5559 t
2021 5504 2148 5560 ouid
2180 5504 2378 5560 simile.

1897 5515 2008 5599 an!"
2021 5505 2441 5632 Ἑιέὲτξῗᾞιιῗῆε.
2474 5577 2537 5630 ab
2561 5574 2891 5647 prmposilio.

1972 5657 2001 5685 ιι
2031 5646 2388 5704 Restituimus
2413 5665 2481 5704 ex
2510 5645 2730 5718 ingenio
2771 5648 2878 5712 hic,
2910 5645 3194 5714 Quoniam,
3223 5655 3278 5702 et
3306 5646 3360 5702 in
3389 5646 3498 5704 fine

1897 5735 2112 5786 versus,
2139 5729 2363 5786 tantum,
2392 5737 2488 5788 pro
2513 5717 2718 5790 quibus
2742 5729 2996 5789 corrupte
3022 5727 3139 5774 erat
3169 5717 3222 5773 in
3260 5733 3492 5790 apogra—

1897 5791 2025 5863 pho,
2056 5808 2234 5864 quam,
2260 5801 2314 5848 et
2345 5801 2534 5846 tamen.
2623 5842 2627 5847 .
