3944 6334
230 383 321 439 est
1202 363 1636 424 BREViARIUM
1676 361 1739 419 IN
1785 358 2121 417 PSALMOS.
2164 339 2549 413 pnosocu‘s.

3416 333 3523 391 82?.

224 506 428 555 tantum
460 492 616 551 multi
667 490 910 553 fuerunt,
959 496 1014 542 ut
1045 486 1206 541 etiam
1240 483 1308 539 de
1337 495 1564 537 numero
1593 475 1808 535 Judato-
1841 479 1887 537 Α
1918 470 2066 527 salus
2095 469 2371 526 ullatenus
2398 464 2699 534 amputari;
2748 470 2802 518 et
2832 462 2956 515 ideo
2984 453 3274 511 credentes
3304 449 3359 506 in
3389 463 3516 505 eunt

224 605 337 649 rum
368 584 606 645 traditur
632 582 801 641 Judas
829 581 935 638 illis
977 576 1139 635 fuerit
1165 583 1512 648 aggregatus.
1549 569 1704 626 Multi
1737 567 1820 623 di-

224 690 386 738 cunt:
436 695 564 735 nam
612 692 735 734 cum
783 672 1052 745 repetitur
1101 667 1233 744 [31s.
1281 661 1581 739 reperitur]
1620 661 1821 733 saepius

222 772 393 839 multi,
422 768 734 828 ostenditur
761 781 908 824 szeva
938 761 1306 821 numerositas
1352 756 1663 829 impiorum.
1696 749 1822 807 Non

224 876 290 923 est
324 866 495 922 salus.
534 863 654 920 iloc
696 860 762 917 ad
794 860 913 916 illas
937 871 1102 915 voces
1129 842 1364 927 pertinet
1388 848 1704 909 Judaeorum
1742 843 1824 902 di-

223 960 500 1018 centium:
537 958 682 1014 Alios
713 955 880 1011 salvos
912 951 1052 1023 fecit,
1085 966 1140 1005 se
1168 950 1339 1022 ipsum
1367 961 1468 1002 non
1510 951 1677 1017 potest
1716 940 1824 997 sat-

223 1068 335 1109 rum
357 1054 557 1126 facere.
580 1048 663 1105 Tu
682 1058 879 1116 autem,
902 1044 1143 1101 Domine.
1175 1040 1413 1097 Verbum
1443 1051 1571 1094 caro
1599 1037 1819 1105 factum,

226 1144 463 1203 hominis
484 1152 571 1201 est
594 1140 898 1212 susceptio,
918 1150 975 1195 et
1004 1135 1302 1201 Ecclesiae;
1334 1142 1666 1206 quapropter
1694 1144 1824 1187 caro

224 1236 355 1296 dicit
380 1235 619 1311 gloriam
671 1249 847 1304 suam,
897 1239 953 1288 et
984 1227 1369 1288 esaltationem
1400 1226 1614 1296 capitis,
1660 1238 1822 1297 quam

224 1331 468 1402 suscepit
502 1326 849 1401 omnipotens
877 1326 1117 1383 Verbum
1144 1341 1158 1379 :
1195 1322 1333 1378 Voce
1352 1337 1485 1375 mea.
1523 1320 1636 1375 Hoc
1662 1333 1826 1373 evan-

223 1425 395 1497 gelica
428 1422 595 1478 verba
624 1422 931 1487 declarant,
961 1419 1052 1475 ubi
1098 1418 1172 1474 ait
1199 1415 1408 1473 Filius:
1441 1413 1622 1481 Pater,
1663 1411 1824 1468 clari—

224 1518 325 1590 ﬁca
360 1516 408 1572 1Γ
409 1517 564 1573 ilium
592 1525 760 1585 tuum,
803 1521 908 1571 etc.
941 1512 1010 1569 Et
1041 1511 1306 1569 exaudivit
1334 1509 1399 1565 de
1426 1517 1603 1563 monte
1644 1515 1826 1562 sancto

224 1626 338 1679 suo,
372 1607 430 1666 id
457 1617 562 1678 est,
588 1607 657 1665 de
682 1607 992 1665 Divinitatis
1014 1604 1470 1663 excellentissima
1490 1601 1825 1668 summitate,

227 1703 445 1777 quando
474 1701 551 1759 ait
581 1720 594 1757 :
645 1701 713 1757 Et
739 1700 1049 1771 ciari/icavi,
1074 1707 1122 1755 et
1149 1699 1337 1754 iterum
1366 1696 1684 1769 clariﬁcabo.
1712 1692 1827 1766 Ego

225 1799 470 1854 dormivi.
502 1797 667 1854 Venit
697 1796 765 1852 ad
797 1795 1092 1852 secundam
1135 1802 1366 1864 partem,
1400 1791 1452 1848 in
1480 1806 1584 1863 qua
1625 1786 1830 1846 dormi-

1922 563 2231 623 benedictlo
2257 562 2506 635 sequitur
2537 558 2894 629 sempiterna.

2359 653 2678 713 PSALMUS
2714 648 3067 722 QUARTUS.

1924 753 1991 811 In
2019 756 2174 825 ﬁnem
2199 754 2254 808 in
2274 745 2844 825 carntinibtts_psafntus
2874 742 3065 799 Dauid.
3088 740 3190 798 Hic
3213 737 3360 823 enim
3389 734 3515 794 finis

1994 811 2389 957 gerfectionem
2435 811 2709 891 signiﬁcat
2731 859 2747 884 ,
2772 833 2904 901 .uon
2953 811 3511 873 consummationem.

2039 898 2247 957 salmus
2291 895 2358 951 ad
2412 908 2579 957 opus,
2636 900 2914 949 canticum
2968 901 3101 945 vero
3158 883 3398 947 refertur
3446 878 3511 941 ad

2039 878 2365 957 manu
2412 878 2579 961 opus,
2636 878 2914 949 canticum
2968 901 3101 945 vero
3158 883 3398 947 refertur
3446 878 3520 941 ad

1995 968 2285 1027 scientiam
2304 1008 2318 1031 .
2340 965 2428 1023 vel
2454 962 2725 1021 laetitiam.

1996 1063 2125 1124 Cum
2147 1062 2463 1118 invocarem.
2497 1058 2669 1114 Mater
2707 1054 2955 1113 Ecclesia
2994 1050 3301 1127 gratulatur
3352 1062 3525 1105 exau-

1925 1160 2096 1219 ditam
2126 1172 2186 1214 se
2214 1170 2339 1211 esse
2361 1170 2391 1209 a
2422 1153 2536 1208 Deo
2555 1148 2781 1224 iustitiae
2796 1162 2917 1204 suae
2940 1192 2954 1218 ,
2979 1161 3008 1201 a
3041 1160 3149 1216 quo
3176 1143 3228 1198 ei
3255 1151 3339 1198 est
3359 1153 3526 1197 omne

1927 1250 2072 1326 quod
2120 1248 2326 1322 justum
2383 1244 2552 1300 habet
2594 1253 2649 1299 et
2698 1249 2882 1309 recte,
2913 1236 3144 1311 iustitia:
3188 1249 3303 1289 sua:
3340 1251 3354 1286 :
3395 1231 3527 1303 quia

1926 1322 2129 1407 sanctae
2158 1339 2449 1398 Trinitatis
2481 1337 2743 1392 unitatem
2784 1341 2842 1389 et
2865 1327 3322 1402 omnipotentiam
3354 1322 3528 1382 confi-

1930 1447 2098 1496 tetur.
2124 1435 2259 1505 Qua:
2288 1449 2347 1489 se
2374 1431 2658 1487 dilatatam
2699 1442 2823 1483 esse
2855 1424 3021 1489 dicit,
3059 1419 3279 1495 quando
3309 1415 3527 1475 confes-

1927 1544 2084 1588 sores
2127 1528 2296 1591 fiunt,
2347 1531 2402 1579 et
2450 1530 2723 1594 martyres
2770 1522 3126 1573 coronantur.
3161 1513 3334 1568 Aliter
3378 1527 3393 1565 :
3440 1507 3527 1566 Ab

1928 1620 2194 1691 angustiis
2224 1614 2464 1672 tristitice
2490 1612 2545 1669 in
2570 1610 2915 1667 latitudinem
2947 1606 3272 1679 gaudiorum
3303 1618 3394 1659 me
3426 1601 3528 1658 ad-

1932 1712 2156 1771 duxiSti.
2195 1710 2447 1766 Miserere
2483 1707 2604 1762 mei.
2643 1704 2736 1762 Pia
2772 1710 2948 1759 mater
2994 1695 3366 1756 miserendum
3403 1708 3530 1751 esse

1934 1808 2153 1864 dicebat
2178 1804 2313 1869 sibi,
2346 1802 2392 1857 si
2417 1815 2516 1872 pro
2550 1798 2681 1855 filiis
2707 1796 2990 1852 audiretur
3018 1792 3139 1864 ejus
3162 1790 3363 1847 oratio.
3394 1786 3526 1843 Filii

225 1890 432 1953 tionem
462 1898 520 1947 et
535 1889 943 1958 soporationem
974 1886 1265 1957 passionis.
1286 1894 1343 1942 et
1364 1882 1827 1944 resurrectionem
1860 1894 1907 1953 Β
1935 1901 2201 1957 hominum
2236 1911 2502 1969 numqua
2526 1934 2541 1960 ,
2582 1902 2694 1950 om.
2726 1889 2918 1946 κονίη)
2944 1897 3132 1943 “nam
3163 1881 3410 1941 Ecclus,
3430 1896 3529 1939 eos

225 1984 434 2040 Christi
484 1982 769 2055 exprimit,
827 1981 897 2037 de
942 1995 1050 2053 qua
1096 1979 1219 2050 ipse
1270 1978 1409 2035 dixit
1449 1995 1462 2032 :
1509 1974 1828 2032 Poteslatetn

225 2076 385 2133 habeo
428 2075 655 2149 ponendi
700 2075 932 2130 animum
976 2090 1165 2139 meam,
1219 2082 1265 2127 et
1312 2080 1610 2142 potestatem
1665 2069 1826 2127 habeo

222 2173 411 2225 iterum
436 2170 677 2225 sumendi
724 2185 860 2224 eam.
896 2169 967 2224 Et
1014 2168 1138 2224 ideo
1168 2169 1439 2235 surrexit,
1470 2166 1595 2238 quia
1632 2158 1828 2219 'divina

229 2263 477 2332 potentia
519 2262 817 2318 humanam
863 2261 981 2333 ejus
1026 2272 1278 2323 naturam
1306 2260 1567 2329 suscepit.
1600 2258 1780 2319 Aliter
1811 2275 1825 2312 :

228 2356 497 2412 Dormivit
525 2355 763 2411 Ecclesia
803 2369 903 2426 per
931 2353 1343 2418 infidelitatem;
1372 2353 1612 2407 surrexit
1644 2360 1827 2406 autem

229 2464 327 2521 per
356 2447 814 2504 illuminatiouem
848 2447 994 2503 fidei.
1023 2443 1830 2503 DormivitChristusinmorte

226 2559 328 2615 per
378 2544 723 2614 passionem,
772 2541 1076 2599 resurrexit
1124 2555 1223 2613 per
1269 2540 1501 2611 gloriam
1551 2551 1834 2595 resurrec-

225 2636 418 2692 tionis.
465 2633 592 2693 Non
634 2635 825 2690 timebo
854 2635 1044 2690 millia.
1076 2632 1135 2689 in
1171 2632 1427 2703 passione
1456 2632 1600 2687 enim
1631 2630 1821 2687 Salva-

224 2729 365 2785 toris
381 2744 581 2801 magna
598 2742 724 2785 eum
748 2728 932 2798 pepuli
962 2724 1252 2783 multitttdo
1262 2724 1648 2790 circumdedit,
1667 2738 1830 2795 quant

224 2822 460 2880 minime
492 2821 676 2878 timuit
703 2838 717 2876 :
740 2822 867 2895 quia
899 2828 1024 2893 post
1046 2819 1283 2876 triduum
1305 2833 1365 2874 se
1395 2828 1833 2875 resurrecturum

223 2916 535 2987 prasscivit.
568 2916 634 2973 Et
663 2930 797 2973 caro
826 2914 947 2987 eius
975 2915 1128 2972 salva
1155 2913 1297 2969 facta
1343 2923 1446 2968 est.
1490 2912 1734 2969 Ecclesia
1764 2910 1835 2969 de

220 3010 452 3067 Christo
481 3010 718 3067 Domino
745 3025 869 3078 suo,
905 3010 1009 3067 hoc
1038 3018 1144 3080 est,
1175 3022 1380 3082 corpus
1408 3008 1573 3080 capiti
1604 3022 1705 3064 suo
1750 3007 1836 3065 lo-

220 3103 435 3175 quitur.
465 3102 567 3161 lllo
591 3103 743 3160 enim
767 3113 1123 3173 resurgente,
1164 3104 1279 3174 ipsa
1308 3103 1520 3158 saivata
1551 3113 1657 3159 est.
1690 3101 1829 3170 Quo-

222 3198 371 3253 niam
397 3206 460 3253 tu
501 3199 824 3270 percussisti.
873 3199 989 3254 Non
1016 3199 1197 3255 solum
1225 3196 1604 3262 adversantes,
1636 3196 1689 3252 id
1727 3203 1833 3261 est.

1933 1995 2143 2053 diutius
2176 2003 2373 2065 graves
2399 1987 2566 2044 corde
2597 1984 2769 2043 fuisse
2793 1984 3015 2054 fatetur,
3042 1978 3137 2057 qui
3170 1988 3297 2057 post
3325 1976 3532 2034 verita-

1931 2092 2001 2146 tis
2052 2087 2494 2160 praedicationem
2551 2079 2783 2137 adorare
2831 2077 3001 2148 magis
3055 2074 3199 2131 idola
3239 2073 3527 2143 elegerunt

1932 2178 2216 2247 falsitatis,
2265 2190 2384 2247 quae
2436 2180 2563 2228 sunt
2608 2171 2855 2235 vanitas,
2904 2177 2959 2224 et
3023 2164 3389 2222 mendacium.
3459 2161 3528 2219 Et

1932 2272 2128 2331 merito
2156 2271 2263 2331 tale
2295 2281 2493 2329 nomen
2526 2270 2917 2335 susceperunt,
2953 2260 3082 2330 quia
3111 2264 3305 2313 contra
3341 2254 3524 2325 digni-

1935 2374 2100 2420 tatem
2134 2360 2381 2417 veritatis
2402 2356 2573 2413 erecti
2603 2362 2751 2410 sunt.
2800 2351 2868 2405 Et
2892 2352 3108 2405 scitote:
3137 2349 3241 2404 hoc
3265 2356 3387 2413 est,
3421 2360 3546 2402 cre-

1933 2460 2083 2525 dite,
2124 2457 2248 2530 quia
2288 2454 2609 2516 Christum,
2658 2461 2821 2520 quem
2871 2443 3047 2500 Judzei
3102 2440 3536 2507 crucifixerunt,

1934 2555 2081 2609 Deus
2118 2561 2271 2622 pater
2309 2540 2623 2603 miriilcavit
2660 2541 2716 2597 in
2757 2535 3189 2600 resurrectione,
3236 2539 3295 2588 et
3332 2544 3532 2585 ascen-

1935 2643 2109 2701 sione.
2159 2640 2226 2697 Et
2270 2640 2388 2712 ipse
2432 2635 2607 2693 Filius
2654 2629 2935 2690 exaudivit
2980 2625 3293 2684 Ecclesium
3332 2636 3528 2691 suam,

1936 2747 2282 2810 quocumque
2304 2731 2356 2787 iu
2383 2739 2628 2799 tempore
2651 2725 3027 2780 clamaverunt
3053 2718 3120 2774 ad
3147 2731 3274 2774 eum
3302 2732 3317 2770 :
3344 2723 3402 2771 et
3421 2727 3539 2771 me-

1937 2808 2077 2895 rito,
2103 2828 2229 2900 quia
2261 2826 2380 2895 ipsa
2410 2820 2626 2893 populis
2654 2818 2807 2873 illum
2841 2814 2910 2870 ad
2953 2808 3357 2868 mirilieandum
3391 2820 3536 2878 prm-

1937 2921 2161 2980 dicavit.
2189 2916 2511 2974 frascimini.
2542 2910 2846 2969 Praeteritis
2889 2905 3130 2978 peccatis
3159 2902 3324 2961 irasci
3365 2900 3541 2962 debe-

1937 3016 2008 3070 tis
2027 3054 2043 3081 ,
2070 3022 2127 3068 ut
2156 3019 2483 3082 praesentem
2510 3004 2809 3076 nequitiam
2832 2999 3073 3071 effugere
3103 2995 3352 3069 possitis:
3372 3002 3539 3065 atque

1940 3108 2112 3164 nolite
2135 3107 2331 3162 iterum
2358 3101 2542 3158 facere
2567 3098 2729 3154 maia.
2757 3091 3200 3167 Compungimini,
3223 3087 3540 3146 deterentes

1945 3213 2146 3273 pravas
2190 3196 2555 3269 cogitationes
2587 3195 2819 3247 vestras.
2846 3190 3153 3256 Antequam
3176 3181 3383 3238 scelera
3416 3192 3546 3251 per-

223 3302 617 3364 perseeutores
656 3291 983 3360 Salvatorls,
1019 3307 1211 3349 verum
1243 3292 1409 3348 etiam
1450 3290 1692 3347 hturetici
1730 3305 1836 3347 οω-
1864 3292 1909 3354 C
1941 3272 2205 3366 petretis,
2249 3303 2375 3362 quae
2422 3299 2642 3355 semper
2688 3281 2947 3339 cordibus
2993 3277 3196 3334 vestris
3239 3272 3544 3335 lnvolvitis.

223 3385 402 3445 citato
426 3387 631 3441 mentis
656 3388 1054 3458 percutiuntur,
1081 3386 1175 3456 qui
1205 3384 1460 3443 dentibus
1481 3384 1834 3443 detractionis

224 3474 535 3531 comdunt
558 3477 731 3533 verba
749 3478 1021 3533 veritatis.
1057 3479 1133 3533 ita
1160 3486 1215 3532 et
1240 3477 1411 3533 iudici
1441 3477 1659 3549 quando
1688 3478 1837 3534 dice-

226 3568 360 3626 bant
391 3580 409 3626 :
443 3569 505 3628 Si
528 3585 623 3627 res
654 3570 823 3628 Israel
843 3582 941 3637 cst,
970 3571 1251 3627 descendat
1274 3572 1339 3626 de
1380 3588 1567 3641 cruce,
1587 3582 1634 3627 et
1670 3572 1838 3627 credi-

226 3682 344 3723 mus
368 3669 457 3735 ei;
486 3664 696 3723 inimici
727 3669 969 3724 nominis
1007 3666 1214 3723 Clu-isti
1241 3667 1564 3722 coniuslone
1592 3667 1836 3736 percussi

223 3767 403 3819 sunt:
448 3760 686 3830 ideoque
714 3758 941 3816 contriti
962 3767 1108 3824 sunt,
1142 3760 1265 3830 quia
1297 3756 1585 3814 confestim
1630 3770 1837 3828 cogno-

225 3862 434 3910 verunt
458 3868 587 3911 eum
618 3853 993 3910 resurrexisse
1022 3850 1299 3923 ingloria.
1330 3849 1544 3907 Domini
1565 3856 1643 3905 est
1663 3848 1831 3904 satus.

223 3945 465 4004 Eterna
488 3947 637 4004 enim
658 3946 771 4004 vita
792 3946 1028 4003 interimi
1051 3959 1158 4001 non
1182 3954 1389 4017 potest,
1415 3958 1519 4002 nec
1534 3943 1839 4001 Salvatoris

1943 3382 2389 3455 Compungimini,
2416 3379 2483 3435 ad
2504 3375 2888 3449 pamitentiam
2915 3369 3197 3427 videlicet.
3220 3367 3370 3424 idem
3389 3375 3545 3431 vero.

1941 3478 2090 3549 quod
2134 3489 2300 3545 supra
2328 3486 2447 3541 cor,
2480 3471 2571 3527 hic
2600 3467 2780 3525 cubile
2827 3460 3155 3521 nominavit.
3208 3456 3546 3529 Sacriﬁcatc.’

1945 3570 2045 3627 Hie
2071 3569 2242 3625 altera
2272 3581 2362 3624 res
2391 3564 2658 3627 inchoat;
2691 3561 2748 3616 in
2780 3572 2887 3630 qua
2909 3553 3341 3613 clementissima
3373 3559 3552 3608 mater

1944 3663 2135 3729 docet,
2168 3670 2333 3731 atque
2358 3658 2491 3714 dicit
2518 3674 2531 3711 :
2578 3653 2884 3725 Sacriﬁcate
2916 3649 3235 3721 sacriﬁcium
3265 3643 3494 3720 justitiat
3520 3658 3542 3700 :

1946 3758 2000 3813 id
2027 3765 2142 3822 est,
2170 3761 2322 3810 recte
2341 3753 2545 3819 vivite,
2570 3758 2626 3805 et
2651 3746 2819 3804 corda
2845 3752 3028 3800 vestra
3047 3737 3324 3797 divinitati
3344 3732 3551 3793 munda

1945 3865 2166 3921 semper
2185 3847 2402 3904 oderte.
2429 3844 2495 3900 Et
2522 3841 2796 3915 speratcht
2823 3835 3322 3903 Domino,utvitam
3347 3831 3548 3891 bonam

1944 3957 2071 4011 spes
2098 3939 2311 3996 felicior
2334 3938 2725 4007 subsequatur.
2750 3931 2905 3989 Multi
2930 3929 3075 3986 idem
3098 3966 3115 3995 ,
3151 3933 3289 3992 etc.,
3319 3931 3429 3979 etc.

300 4086 440 4145 Haec
468 4086 541 4150 ad
561 4085 843 4163 specimen
883 4086 1063 4160 potius
1093 4083 1276 4164 operis
1302 4084 1665 4163 capiendum.
1695 4083 1832 4143 satis
1871 4081 2195 4155 abundeque
2224 4079 2451 4149 fuerim,
2485 4076 2589 4137 nisi
2630 4085 2682 4133 et
2714 4073 2878 4131 latius
2924 4070 3195 4135 fortasse,
3237 4076 3402 4141 quam
3442 4072 3543 4139 par

227 4188 388 4244 erat,
414 4177 692 4255 descripta
716 4151 1011 4237 incuriosis
1037 4151 1348 4237 hominibus
1370 4151 1691 4237 videantur.
1721 4173 1831 4233 Sed
1860 4181 1921 4231 ut
1944 4173 2009 4231 ad
2048 4151 2385 4247 propositum
2416 4169 2634 4231 redeam
2658 4210 2674 4240 ,
2702 4161 2988 4226 coronidis
3022 4160 3143 4221 loco
3167 4199 3181 4227 ,
3219 4151 3549 4210 admonitio-

227 4283 362 4326 nem
386 4268 556 4329 istam
587 4284 698 4331 uno
727 4268 905 4327 adhuc
948 4268 1201 4341 exemplo
1238 4267 1562 4329 concludam
1582 4308 1597 4339 ,
1629 4282 1696 4329 ex
1729 4280 1838 4345 quo
1862 4244 2135 4337 intelligas
2162 4278 2323 4337 quant
2355 4262 2428 4323 sit
2453 4258 2720 4319 Breviarii
2753 4264 2946 4317 auctor
2967 4251 3229 4313 sublesta:
3256 4246 3376 4305 tidei
3401 4288 3415 4311 ,
3454 4244 3550 4321 qui

226 4369 288 4415 et
321 4374 428 4430 pro
466 4357 776 4431 Augustino
805 4374 865 4414 se
896 4358 1189 4421 venditarit
1230 4358 1558 4429 aliquando,
1584 4336 1651 4421 vet
1697 4336 1868 4428 ipsam
1914 4336 2363 4429 Augustinianam
2395 4352 2735 4431 psalmorum
2766 4345 3169 4425 expositionem
3221 4336 3555 4413 pervaserit.

224 4453 499 4510 Notatum
531 4450 634 4509 hoc
660 4452 872 4523 pridem
905 4451 1276 4513 Benedictinis
1300 4451 1631 4516 editoribus,
1666 4452 1719 4512 in
1755 4451 1930 4513 tribus
1960 4465 2093 4507 mss.
2124 4447 2389 4509 Vaticano
2415 4444 2666 4511 scilicet,
2698 4452 2753 4499 et
2795 4439 3001 4515 Regio,
3041 4446 3095 4493 et
3124 4434 3557 4495 Claromontauo

228 4544 470 4601 Patrum
502 4542 1021 4615 Dominicanorum,
1046 4543 1135 4621 qui
1168 4543 1452 4618 Augustini
1487 4550 1749 4601 tractatus
1780 4542 1833 4601 in
1866 4541 2119 4601 Psalmos
2155 4542 2483 4615 continent,
2517 4535 2926 4599 enarrationem
2973 4547 3063 4588 stv
3090 4526 3287 4607 psalmi
3316 4540 3386 4589 ex
3430 4524 3565 4589 Bre-

225 4634 406 4692 viarii
436 4645 695 4698 auctore.
726 4633 815 4689 vix
845 4632 1035 4709 paucis
1062 4618 1289 4688 mutatis
1320 4633 1531 4699 verbis,
1562 4632 1792 4709 haberi,
1825 4648 1889 4688 ac
1921 4631 2048 4705 poni
2078 4633 2327 4703 proxime
2357 4638 2485 4694 ante
2506 4628 2739 4690 alteram
2761 4667 2777 4695 ,
2810 4638 2936 4701 quae
2960 4637 3094 4687 vere
3126 4618 3421 4699 Augustini
3453 4626 3559 4685 est.

227 4724 594 4813 Describitur
622 4739 788 4792 vero,
820 4732 880 4780 ut
906 4739 1074 4803 penes
1097 4723 1289 4781 falsum
1320 4723 1715 4803 Hieronymum
1744 4725 1813 4780 ab

1948 4725 1999 4779 io
2030 4741 2045 4785 ;
2084 4724 2392 4799 Opportune
2416 4728 2637 4795 quartus
2670 4718 2898 4780 decimus
2920 4714 3155 4795 psalmus
3195 4713 3358 4777 lectus
3389 4718 3484 4785 est,
3512 4718 3565 4763 et

188 4908 193 4915 .
230 4812 538 4876 secundum
556 4817 799 4915 ordinem
834 4816 909 4871 ita
939 4817 1133 4915 evenit,
1169 4824 1224 4871 et
1249 4827 1447 4875 caetera
1471 4801 1541 4873 ad
1570 4817 1732 4873 tinent
1774 4832 1981 4886 usque,
2032 4815 2125 4886 qui
2170 4815 2274 4871 hac
2312 4815 2537 4887 insuper
2561 4808 2971 4882 subscriptione
3001 4809 3287 4870 munitur;
3333 4801 3570 4874 Explicit

1120 4909 1132 4915 -
1268 4908 1278 4915 .
1332 4907 1343 4915 .
1518 4906 1528 4915 .
1790 4906 1846 4915 ι..
1905 4907 1940 4915 ι.
2210 4914 2215 4915 ,
2525 4902 2535 4913 ο
2569 4902 2581 4913 ο
2654 4900 2693 4915 n
2763 4900 2776 4915 ι
2850 4913 2893 4915 _,
2942 4913 2987 4915 ,_
3014 4898 3276 4915 4-,__A,___s.
3347 4891 3566 4915 -.ηΙειυιΑ

225 4920 508 4968 tractatus
533 4908 729 4965 Aurelii
752 4907 1028 4989 Augustini
1046 4908 1278 4982 episcopi
1309 4907 1372 4962 de
1410 4906 1617 4984 psalmo
1647 4924 1761 4963 xw.
1788 4906 1848 4964 Si
1869 4907 2102 4962 aliorum
2134 4914 2414 4971 veterum,
2446 4902 2537 4972 qui
2569 4902 2621 4956 itt
2653 4900 2902 4955 Psalmos
2933 4898 3313 4971 scripserunt,
3342 4891 3568 4949 codices

228 5018 422 5060 manu
446 5000 706 5057 exarato’s
733 4999 787 5056 in
817 5012 1072 5071 promptu
1114 4980 1467 5067 haberemus,
1497 5000 1626 5071 quin
1655 5000 1804 5070 paria
1834 4998 2083 5071 exempla
2115 4995 2259 5065 apud
2288 5008 2383 5055 eos
2404 5000 2757 5049 occurrerent
2779 5032 2794 5059 ,
2826 4989 3012 5046 nullus
3040 4987 3261 5053 dubito,
3296 4991 3389 5045 aut
3418 4980 3565 5037 enim

227 5097 500 5191 omnium
523 5104 653 5155 ante
680 5111 739 5152 se
770 5103 1122 5157 tractatorum
1148 5095 1348 5173 scripta
1373 5094 1711 5169 compilavit,
1735 5103 1831 5149 aut
1861 5102 2009 5149 certe
2032 5107 2291 5165 personas
2320 5089 2496 5151 induit
2519 5087 2922 5160 pseudonymus
2947 5087 3047 5141 iste
3077 5080 3334 5141 Breviarii
3357 5085 3570 5143 auctor.

566 5236 3251 5458 Mli—Fames.

1718 5636 2164 5705 PROLOGUS.

319 5793 590 5859 Proxime
614 5806 740 5853 eum
760 5787 1016 5862 Drigenis
1044 5786 1394 5852 Psalterium,
1423 5782 1569 5857 quod
1599 5781 1849 5843 Enchiri—
1956 5778 2196 5845 tionibus
2225 5783 2571 5846 satietatem,
2600 5774 2656 5835 in
2693 5785 2987 5833 commune
3010 5769 3364 5841 legeremus:
3400 5760 3567 5824 simul

238 5894 392 5951 dion
426 5886 519 5953 ille
551 5885 809 5954 vocabat,
834 5856 1046 5946 sit-ictis
1075 5889 1132 5939 et
1169 5856 1499 5940 necessariis
1528 5877 1860 5947 interpreta-
1967 5881 2198 5943 uterque
2226 5867 2691 5943 deprehendimus
2714 5864 2972 5931 nonnulla
3002 5878 3152 5934 eum,
3194 5859 3277 5919 vel
3304 5856 3575 5932 perstrin-

236 5195 3533 5243 Μ

1638 5533 2210 5572 πω
