3944 6334
452 324 556 383 3‘33

1230 319 1578 379 APPENDIX
1617 322 1708 378 AD
1746 321 1991 378 TOMUM
2029 320 2384 380 SEPTIMUM
2422 323 2483 380 S.
2528 321 2936 382 HIERONYMI.

3638 326 3727 384 824

452 442 599 498 xisse
631 442 849 506 leviter,
872 441 957 494 vel
991 439 1187 494 intacta
1225 439 1442 508 penitus
1469 437 1756 508 reliquisse
1786 456 1798 492 :
1833 439 1900 492 de
1922 439 2045 508 qui-
2072 441 2122 502 Α
2153 439 2310 510 digna
2336 439 2572 494 arbitror
2599 440 2854 506 lectione,
2888 439 2942 494 in
2975 437 3116 494 hunc
3146 451 3432 511 angustum
3464 455 3730 499 commen-

447 538 550 591 bus
583 539 634 592 in
669 536 779 590 alio
811 551 976 606 opere
1005 533 1271 589 latissime
1299 531 1602 603 disputavit
1622 575 1636 597 ,
1665 531 1805 602 qttod
1831 533 2044 587 scilicet

448 649 553 688 non
581 642 792 704 putaret
821 646 934 686 rem
966 645 1211 700 magnam
1239 626 1391 682 brevi
1414 641 1671 682 sermone
1692 627 2039 682 concludere.

448 725 619 796 Igitur
661 741 759 795 pro
791 722 1165 777 familiaritate
1193 737 1313 790 qua:
1346 721 1486 774 inter
1516 734 1616 775 nos
1643 727 1727 773 est
1749 764 1762 786 ,
1794 718 2040 774 studiose

447 832 501 874 et
533 819 727 874 sedule
763 817 1079 886 postulasti,
1112 823 1170 870 ut
1201 829 1555 885 qumcumque
1583 813 1715 868 mihi
1741 813 1901 882 digna
1924 827 2039 868 me-

450 915 622 968 moria
664 911 1012 971 videbantur.
1059 909 1228 980 signis
1269 907 1595 980 quibusdam
1655 907 1838 975 potius
1878 921 2039 977 quam

446 1004 996 1076 interpretationibus
1021 1013 1359 1058 annotaretn.
1397 1000 1462 1056 Et
1493 1001 1636 1072 quod
1669 1000 1844 1053 solent
1879 998 1932 1052 hi
1965 997 2040 1052 fa-

445 1115 596 1163 cere,
624 1099 714 1169 qui
755 1099 805 1152 in
838 1098 994 1152 brevi
1029 1096 1228 1151 tabella
1266 1109 1533 1150 terrarum
1565 1104 1621 1149 et
1652 1093 1866 1148 urbium
1905 1094 2044 1147 situs

445 1196 699 1266 pingunt,
733 1203 788 1247 et
815 1191 1110 1247 latissimas
1137 1191 1393 1260 regiones
1417 1189 1468 1243 in
1495 1187 1712 1244 modico
1743 1187 1920 1257 spatio
1946 1201 2042 1242 co-

449 1299 646 1343 nantur
688 1287 1021 1344 ostendere:
1054 1287 1128 1342 ita
1173 1288 1224 1340 in
1268 1283 1516 1339 Psalterii
1546 1297 1718 1353 opere
1751 1281 2040 1346 latissimo,

449 1381 606 1452 quasi
630 1380 953 1452 przcteriens
986 1380 1164 1450 aliqua
1201 1377 1652 1448 perstringercm,
1680 1389 1735 1429 ut
1764 1390 1826 1429 ex
1861 1373 2046 1445 paucis

445 1493 568 1546 qua:
602 1475 926 1546 tetigissem,
955 1475 1331 1544 intelligantur
1354 1480 1626 1527 etcartera
1676 1487 1796 1541 qure
1844 1468 2044 1522 omissa

447 1581 596 1635 sunt,
623 1584 786 1639 quam
824 1569 930 1621 vim
960 1567 1193 1621 habeant
1221 1575 1384 1636 atque
1429 1564 1718 1619 rationem.
1753 1561 1868 1616 Non
1902 1561 2043 1631 quod

447 1673 632 1730 putem
665 1677 692 1712 a
724 1676 812 1715 me
843 1675 1002 1728 posse
1023 1658 1130 1714 dici
1157 1675 1277 1729 qua'.
1318 1659 1408 1713 ille
1452 1656 1742 1727 praeteriit,
1779 1655 1872 1712 sed
1904 1654 2047 1726 quod

443 1767 510 1806 ea
543 1767 664 1823 qua:
694 1753 747 1805 itt
786 1752 948 1806 tomis
975 1751 1058 1806 vel
1096 1750 1331 1806 bomiliis
1364 1751 1478 1821 ipse
1505 1749 1789 1815 disseruit,
1823 1749 1908 1803 vel
1947 1762 2050 1820 ego

522 1894 547 1920 α
570 1882 797 1949 Sumpta
829 1898 898 1938 ex
924 1883 1160 1953 Origene
1189 1883 1530 1947 comparatio
1577 1893 1682 1946 est,
1713 1898 1874 1949 quatn
1906 1881 2052 1949 ipse-

449 1964 561 2010 met
597 1957 665 2009 ab
694 1955 924 2010 Hebraeo
949 1957 1182 2027 quodam
1214 1955 1474 2010 didicisse
1504 1971 1563 2010 se
1591 1953 2049 2027 proﬁtetur._Pla-

448 2029 560 2082 cuit
581 2035 636 2082 et
665 2028 722 2081 S.
760 2024 990 2082 llilario'.
1014 2027 1269 2083 Dicemus
1291 2028 1357 2083 de
1386 2043 1448 2083 ea
1474 2042 1574 2082 nos
1599 2035 1786 2098 postea
1809 2024 1876 2079 ad
1907 2024 2049 2079 Prte-

2150 532 2399 585 tarioltnn
2427 530 2682 586 referam.
2708 531 3033 586 Psalterium
3061 529 3312 587 Graecum
3335 541 3442 598 est,
3476 541 3535 588 et
3562 531 3732 593 Latine

2152 642 2413 698 organum
2447 627 2666 695 dicitur,
2705 625 2847 698 quod
2888 625 3098 681 Hebraei
3135 642 3308 682 NEBEL
3345 635 3562 682 vocant.
3597 627 3732 684 Psal-

2150 733 2271 774 mtts
2291 717 2513 786 dicitur,
2543 733 2609 772 eo
2631 719 2773 788 quod
2804 734 2833 772 a
2869 717 3129 788 psalterio
3159 735 3355 774 nomen
3385 722 3593 791 accepit
3621 765 3635 789 ,
3663 723 3733 779 vel

2151 827 2248 883 pro
2279 810 2582 882 psallendo.
2617 811 2874 880 Quamvis
2900 810 3064 866 David
3113 827 3303 866 omnes
3346 813 3589 882 psalmos
3626 827 3737 870 can-

2152 915 2340 972 tasset,
2370 915 2546 960 tamen
2589 920 2779 959 omnes
2807 904 3001 974 psalmi
3039 905 3091 958 iu
3137 919 3368 974 persona
3396 906 3602 961 Christi
3634 921 3737 976 per-

2156 1001 2352 1069 tinent,
2383 1011 2437 1055 et
2486 1000 2577 1070 qui
2625 999 2936 1070 prietitnlati
2983 1015 3108 1054 esse
3154 1014 3262 1054 non
3312 999 3568 1055 videntur
3615 1000 3739 1069 apud

2149 1093 2430 1159 Hebrmos,
2460 1108 2559 1163 pro
2603 1109 2714 1148 uno
2741 1092 2952 1162 psalmo
2994 1091 3288 1148 habentur.
3321 1091 3454 1147 Nam
3501 1109 3598 1162 per
3630 1094 3740 1149 titu-

2150 1188 2261 1242 lum
2320 1185 2643 1257 intelligitur
2695 1185 3120 1256 uniuscujusque
3167 1185 3359 1256 psalmi
3417 1186 3736 1244 intellectus.

2151 1277 2289 1347 Quid
2336 1289 2418 1334 est
2469 1279 2683 1345 titulus,
2719 1278 2818 1332 nisi
2851 1277 3104 1333 l‘elavis?
3133 1275 3206 1333 Ut
3261 1278 3331 1331 ita
3381 1277 3641 1346 dixerim,
3691 1278 3738 1334 in

2152 1371 2372 1426 domum
2408 1386 2514 1424 non
2538 1369 2841 1440 ingreditur
2863 1370 2971 1425 nisi
2999 1386 3096 1441 per
3121 1370 3358 1437 clavem,
3387 1371 3456 1425 ita
3481 1379 3535 1426 et
3567 1375 3743 1427 unius-

2152 1464 2415 1534 cujusque
2441 1461 2629 1532 psalmi
2663 1463 2973 1518 iutellcctus
2995 1479 3089 1534 per
3111 1464 3317 1518 clavem
3334 1504 3350 1529 ,
3386 1465 3488 1520 hoc
3509 1475 3598 1520 est
3618 1509 3633 1533 ,
3663 1482 3744 1534 per

2159 1556 2371 1612 titulum
2416 1557 2756 1628 intelligitur,
2791 1556 2842 1610 in
2877 1556 3032 1626 cujus
3063 1572 3297 1627 persona
3344 1567 3628 1624 cantatur,
3665 1572 3745 1615 aut

2153 1653 2205 1708 in
2235 1667 2465 1723 persona
2507 1649 2740 1718 Christi,
2780 1663 2872 1706 aut
2900 1650 2952 1706 in
2983 1666 3216 1722 persona
3250 1651 3547 1723 Ecclesite,
3582 1654 3745 1711 autin

2158 1760 2391 1817 persona
2424 1745 2727 1816 prophetae.

2156 1880 2412 1954 fationem
2444 1880 2668 1954 alterius
2702 1879 3063 1952 Expositionis
3096 1881 3454 1946 Psalmorum,
3483 1899 3646 1954 quam
3674 1885 3749 1941 iti-

2154 1952 2276 2007 dem
2301 1953 2440 2007 falso
2468 1951 2722 2008 tributam
2751 1951 3082 2025 Ilieronymo
3107 1951 3519 2011 sublucetemusl

450 2169 3730 2194 _.._____.________.___________—_____________________________

1228 2288 1654 2374 PSALMI
1725 2283 2346 2370 INCIPIUNT
2422 2282 2987 2368 EDISSERI.

935 2512 1259 2571 PSALMUS
1299 2512 1573 2571 PRIMUS.

524 2607 721 2664 Beatus
745 2609 824 2662 vir
853 2609 944 2680 qui
975 2624 1079 2662 non
1103 2608 1232 2662 abiit
1262 2608 1317 2661 in
1343 2606 1566 2663 consilio
1593 2608 1893 2680 iMpiorum.
1917 2606 2050 2676 Qui-

451 2701 579 2758 dam
608 2701 795 2756 dicunt
824 2700 967 2756 hunc
995 2701 1286 2770 psalmum,
1321 2700 1472 2770 quasi
1522 2699 1893 2770 praefationem
1923 2716 2048 2756 esse

451 2798 692 2868 Spiritus
717 2797 891 2852 sancti
924 2814 937 2851 :
969 2805 1024 2850 et
1046 2796 1168 2851 ideo
1195 2794 1409 2849 titulum
1443 2809 1548 2849 non
1601 2794 1824 2850 habere.
1857 2795 1962 2850 Alii
1996 2780 2048 2850 in

453 2909 520 2950 eo
548 2892 694 2964 quod
736 2893 944 2962 primus
973 2890 1067 2956 sit,
1097 2889 1304 2945 ordinis
1350 2889 1433 2943 sui
1468 2889 1669 2944 habere
1701 2888 2049 2960 principium,

453 2995 511 3044 et
535 2987 854 3058 πλιονασμὸν
875 2999 999 3040 esse
1029 2982 1220 3038 vitium
1244 2999 1367 3039 eum
1399 2985 1632 3055 primunt
1679 2983 1896 3048 dicere,
1926 2993 2054 3039 ante

453 3097 618 3152 quem
651 3082 832 3136 nullus
871 3083 962 3135 sit.
991 3080 1202 3136 Aliter:
1231 3079 1392 3152 Apud
1431 3080 1709 3143 llebrazos.
1763 3089 1818 3136 et
1849 3082 2053 3148 primus

453 3183 511 3231 et
542 3175 818 3228 secundus
842 3189 979 3228 unus
1006 3185 1087 3228 est
1115 3173 1377 3243 psalmus,
1409 3173 1554 3243 quod
1597 3174 1650 3228 in
1681 3173 2050 3241 apostolorum

434 3283 674 3338 quoque
707 3266 940 3324 Aetibus
967 3266 1376 3335 comprobatur.
1408 3265 1652 3336 Denique
1673 3267 1797 3337 quia
1831 3283 1860 3321 a
1883 3267 2055 3321 beati-

457 3358 649 3414 tudine
669 3367 932 3429 cmperat,
961 3357 1014 3411 in
1040 3355 1377 3412 beatitudine
1404 3357 1628 3422 desinit,
1649 3359 1841 3413 dicens
1870 3376 1880 3410 :
1908 3357 2055 3413 Beati

455 3468 633 3507 omnes
660 3451 748 3520 qui
775 3451 1044 3518 conﬁdunt
1076 3451 1131 3503 in
1157 3466 1293 3503 eum.
1326 3450 1504 3506 Aliter
1537 3468 1549 3504 :
1583 3450 1785 3506 Beatus
1815 3452 1905 3524 qui
1949 3466 2052 3507 non

455 3545 736 3617 cogitavit,
767 3560 871 3600 non
899 3543 1054 3610 fecit,
1081 3560 1190 3599 non
1217 3543 1396 3599 docuit
1427 3545 1588 3599 mala.
1621 3545 1830 3601 Aliter:
1855 3546 2054 3601 Beatus

458 3635 554 3707 qui
600 3653 705 3690 nou
759 3647 838 3690 est
887 3635 1147 3702 Judaaus,
1186 3635 1436 3707 gentilis,
1468 3635 1779 3695 haereticus.
1831 3638 2004 3694 Aliter
2039 3657 2052 3694 :

459 3729 830 3785 Tertullianus
853 3775 867 3798 ,
897 3731 947 3785 in
980 3731 1120 3785 libro
1166 3729 1235 3785 de
1287 3730 1650 3800 Spectaculis,
1682 3734 1884 3788 asserit
1907 3731 2056 3788 hunc

462 3823 728 3894 psalmum
763 3831 818 3877 et
865 3821 933 3878 de
979 3821 1182 3892 Joseph
1213 3837 1378 3891 posse
1409 3823 1656 3894 intelligi,
1713 3827 1804 3894 qtti
1855 3840 2055 3896 corpus

2083 2519 2132 2578 B
2158 2515 2386 2585 Lignum
2426 2520 2611 2566 autem
2667 2510 2756 2564 cui
2791 2509 2876 2565 vir
2915 2509 3108 2565 beatus
3135 2517 3504 2580 comparatur,
3537 2509 3751 2579 sapien-

2161 2609 2287 2662 tiam
2323 2616 2478 2676 pttto,
2507 2605 2576 2660 de
2596 2619 2702 2675 qua
2730 2616 2784 2659 et
2808 2603 3066 2660 Salomon
3099 2605 3362 2676 loquitur,
3389 2603 3617 2676 Lignum
3646 2604 3752 2658 rita:

2159 2710 2230 2756 est
2255 2700 2336 2755 his
2357 2702 2443 2772 qui
2471 2709 2754 2768 sequuntur
2773 2715 2885 2752 eam
2909 2695 3181 2767 (Proverb.
3211 2697 3311 2769 ιιι).
3343 2698 3622 2768 Sapientia
3652 2714 3740 2752 au-

2160 2803 2266 2849 tem
2294 2807 2390 2862 per
2421 2791 2740 2859 Apostolum
2785 2788 3037 2846 Christus
3081 2790 3179 2844 Dei
3217 2789 3387 2846 Filius
3415 2791 3739 2846 declaratur.

2159 2882 2442 2950 Christum,
2474 2885 2571 2948 ait,
2595 2881 2694 2937 Dei
2723 2883 2982 2951 virtutem,
3007 2892 3055 2937 et
3079 2880 3182 2937 Dei
3200 2883 3511 2950 sapientiam
3547 2881 3602 2954 (l
3628 2882 3743 2938 Cor.

2159 2978 2236 3050 1),
2279 2977 2382 3032 hoc
2413 2987 2518 3043 est,
2565 2976 2786 3031 Christo
2829 2975 2968 3031 Filio
3000 2976 3095 3030 Dei
3123 2976 3423 3032 conformis
3454 2976 3649 3048 utique
3677 2976 3752 3031 fa-

2158 3083 2278 3126 ctus
2307 3071 2524 3141 corpori
2569 3071 2756 3141 gloria:
2795 3069 2930 3140 ejus.
2976 3070 3126 3137 Quod
3156 3073 3377 3140 fructum
3421 3089 3576 3126 suum
3607 3070 3742 3126 dabit

2158 3165 2212 3219 in
2242 3174 2468 3236 tempore
2497 3181 2612 3219 suo.
2642 3163 2801 3218 Dabit
2831 3164 2973 3219 enim
2999 3164 3232 3220 fructum
3267 3179 3374 3220 non
3405 3180 3750 3235 quocumque

2161 3269 2428 3331 tempore,
2459 3260 2552 3314 sed
2585 3260 2902 3329 praescripto
2947 3277 2960 3313 :
2992 3259 3085 3314 illo
3112 3260 3331 3316 scilicet
3365 3274 3495 3318 cum
3526 3261 3750 3318 devictis

2164 3353 2524 3426 potestatibus
2594 3353 3099 3423 principatibusque
3172 3353 3457 3410 tradiderit
3529 3370 3750 3427 regnum

2162 3448 2274 3502 Deo
2306 3447 2478 3514 Patri,
2508 3445 2881 3502 conformatus
2906 3446 3139 3502 claritati
3178 3448 3430 3518 corporis
3457 3449 3562 3504 sui.
3595 3449 3746 3517 Quod

2161 3550 2342 3596 autem
2383 3554 2443 3594 se
2487 3538 2741 3594 arborem
2788 3539 3051 3594 Dominus
3097 3539 3206 3594 dici
3253 3539 3446 3608 voluit,
3498 3541 3571 3596 ait
3607 3561 3618 3594 :
3653 3543 3752 3596 Aut

2163 3637 2322 3709 facite
2350 3635 2583 3690 arborem
2611 3634 2796 3688 bonam
2825 3643 2875 3689 et
2905 3633 3130 3704 fructum
3165 3638 3277 3702 eius
3317 3635 3508 3690 bonum
3531 3635 3747 3708 (Matth.

2164 3724 2285 3798 xu).
2316 3725 2470 3792 Quod
2501 3724 2703 3795 lignum
2739 3728 2808 3779 ita
2860 3725 2996 3779 dixit
3026 3744 3037 3779 :
3071 3725 3132 3781 Si
3179 3729 3233 3781 in
3270 3728 3426 3781 viridi
3471 3728 3614 3800 tigno
3659 3728 3756 3782 hoc

2163 3819 2383 3890 faciunt,
2417 3820 2469 3871 in
2494 3817 2643 3871 arido
2667 3817 2793 3889 quid
2817 3817 2906 3888 ﬁet
2935 3817 3089 3890 (Luc.
3113 3818 3290 3890 χχιιι).

462 3915 675 3970 Domini
699 3916 977 3986 sepelivit,
995 3925 1049 3972 et
1076 3917 1142 3971 de
1170 3917 1255 3972 his
1272 3916 1366 3986 qui
1388 3918 1453 3970 ad
1479 3919 1787 3987 spectacula
1811 3921 2053 3989 gentium
2083 3922 2128 3986 c
2235 3911 2305 3967 Et
2329 3913 2511 3983 folium
2531 3916 2645 3985 ejus
2666 3929 2765 3967 non
2787 3913 3007 3967 decidet.
3038 3913 3215 3970 Verba
3245 3913 3512 3972 doctrina:
3538 3934 3662 3988 quae
3695 3917 3757 3974 ad

461 4024 568 4065 nou
616 4009 968 4068 conveniunt.
1007 4009 1070 4063 Et
1123 4009 1178 4064 in
1225 4010 1308 4063 uia
1355 4019 1686 4081 peccatorum
1732 4028 1835 4064 non
1893 4013 2054 4065 stetit.

460 4101 576 4158 Non
608 4103 764 4168 dixit,
796 4110 854 4158 et
880 4104 932 4157 in
961 4101 1043 4156 via
1068 4103 1417 4171 peccatorum
1449 4120 1552 4156 non
1577 4104 1879 4158 ambulavit
1913 4122 1924 4157 :
1952 4104 2057 4161 hoc

461 4196 663 4264 quippe
696 4194 1036 4263 impossibile
1069 4204 1152 4250 est
1179 4210 1193 4250 :
1227 4195 1348 4266 quia
1385 4194 1567 4250 nullus
1584 4197 1786 4265 absque
1809 4206 2053 4264 peccato,

462 4302 568 4343 nec
614 4288 656 4340 si
700 4288 856 4341 unius
883 4286 1102 4358 quidem
1136 4286 1288 4342 horae
1316 4287 1478 4342 fuerit
1513 4289 1621 4342 vita
1653 4287 1791 4358 ejus.
1840 4286 2054 4342 Nullum

463 4381 582 4435 sine
609 4392 834 4450 peccato
856 4382 988 4436 dicit
1019 4398 1032 4434 :
1068 4382 1163 4437 sed
1196 4385 1249 4436 in
1270 4383 1353 4435 ria
1384 4391 1717 4452 peccatorum
1743 4400 1844 4438 non
1871 4386 2008 4438 stetit
2039 4401 2058 4438 :

463 4474 568 4528 hoc
600 4487 704 4538 est,
731 4473 820 4545 qui
845 4489 951 4527 non
978 4475 1348 4542 perseveravit
1371 4475 1422 4529 in
1447 4473 1669 4541 delicto,
1695 4475 1788 4531 sed
1823 4491 1918 4546 per
1943 4491 2056 4546 pa:-

465 4565 751 4621 nitentiam
779 4564 845 4619 ad
877 4565 1104 4620 meliora
1137 4580 1434 4622 conversus
1460 4577 1567 4625 est.
1613 4565 1679 4620 Et
1719 4567 1772 4621 in
1811 4568 2056 4622 cathedra

461 4656 771 4730 pestilentiae
808 4673 907 4709 non
940 4655 1093 4711 sedit.
1143 4656 1248 4711 Pro
1299 4657 1683 4727 pestilentibus
1728 4658 1779 4712 in
1827 4658 2056 4713 Hebraeo

463 4748 734 4803 delusores
763 4747 947 4814 habet,
977 4747 1121 4819 quod
1148 4748 1358 4805 scilicet
1385 4764 1579 4805 omnes
1605 4749 1908 4819 discipulos
1930 4767 2058 4822 per-

459 4860 659 4900 versus
680 4844 870 4900 doctor
897 4844 1113 4898 illudat.
1135 4843 1290 4901 Unde
1317 4843 1582 4901 Jeremias
1607 4863 1620 4900 :
1648 4843 1770 4900 Non
1801 4847 1933 4914 sedi,
1960 4847 2053 4915 ait,

457 4939 512 4994 in
537 4939 758 4994 consilio
787 4937 1074 4991 ludentium
1103 4935 1320 5005 (Ierem.
1353 4938 1470 5008 xv).

531 5029 642 5086 Sed
662 5031 715 5084 in
739 5028 873 5099 Lege
904 5027 1116 5083 Domini
1153 5030 1392 5084 voluntas
1437 5033 1571 5102 ejus.
1602 5029 1802 5085 Tribus
1832 5029 1938 5084 duo
1970 5047 2055 5084 re.

473 5123 620 5185 tulit,
653 5132 710 5177 ut
733 5121 929 5177 habeat
972 5120 1329 5191 voluntatem,
1367 5131 1422 5178 et
1465 5121 1727 5177 voluntati
1765 5122 1953 5192 jungat
2002 5131 2057 5177 et

461 5223 550 5272 stu
567 5216 734 5270 dium.
785 5215 848 5270 Et
887 5216 940 5268 itt
978 5214 1088 5286 lege
1126 5219 1242 5287 ejus
1289 5214 1619 5268 meditabitur
1661 5213 1746 5268 die
1783 5231 1844 5267 ac
1886 5223 2054 5272 norte.

2163 4007 2396 4062 salutem
2419 4007 2675 4075 gentibus
2701 4007 3012 4076 proficiunt,
3034 4008 3185 4074 juxta
3213 4009 3345 4064 illud
3373 4014 3756 4086 Apocalypds:

2165 4098 2232 4153 Et
2263 4100 2390 4172 folia
2421 4099 2549 4170 ligni
2590 4100 2748 4172 hujus
2775 4099 2843 4152 ad
2873 4100 3148 4154 sanitatem
3189 4103 3444 4170 gentium.
3483 4102 3549 4158 Et
3582 4107 3759 4160 omnia

2161 4207 2493 4262 quwcumque
2522 4192 2722 4262 frcerit,
2764 4194 3206 4262 prosperabuntur
3234 4193 3425 4266 (Apoc.
3475 4199 3632 4264 xm).
3665 4196 3756 4251 Ju-

2162 4283 2264 4338 daei
2287 4283 2430 4339 hunc
2455 4283 2721 4354 ps:tltnum
2753 4283 2958 4338 dictum
2981 4297 3106 4338 esse
3139 4283 3459 4340 existimant
3485 4287 3551 4342 de
3572 4287 3723 4343 Josia
3748 4308 3756 4341 :

2161 4378 2303 4449 quod
2334 4379 2482 4432 solus
2513 4379 2652 4432 inter
2683 4377 2939 4448 profanos
2967 4392 3124 4448 reges
3151 4395 3256 4434 non
3281 4381 3477 4436 abierit
3500 4382 3548 4436 in
3580 4383 3763 4437 consi—

2162 4473 2237 4528 lio
2275 4471 2593 4542 impiorum,
2647 4471 2741 4526 sed
2795 4479 3016 4526 secutus
3069 4472 3138 4526 sit
3188 4473 3365 4543 legem
3397 4474 3516 4530 Dei.
3555 4475 3760 4530 Verum

2164 4567 2265 4622 hoc
2288 4565 2428 4637 quod
2463 4565 2623 4620 modo
2659 4566 2859 4620 lectum
2890 4574 2994 4634 est,
3037 4575 3085 4620 et
3114 4568 3287 4620 omnia
3317 4584 3656 4639 quacumque
3685 4573 3764 4640 fa-

2160 4661 2254 4714 ciet
2281 4659 2744 4730 prosperabuntur,
2769 4675 2875 4713 non
2903 4660 3080 4713 solum
3102 4657 3170 4714 de
3189 4657 3363 4725 Josia,
3388 4660 3483 4716 sed
3509 4660 3581 4716 de
3605 4661 3764 4716 nullo

2163 4762 2469 4807 sanctorum
2489 4754 2658 4821 accipi
2692 4763 2888 4821 potest,
2923 4753 3024 4807 nisi
3053 4751 3193 4808 forte
3221 4753 3273 4807 in
3304 4754 3487 4810 futuro
3517 4757 3756 4812 saeculo.

2161 4845 2349 4900 Melius
2377 4844 2541 4916 igitur
2565 4845 2633 4900 de
2672 4861 2738 4900 eo
2769 4844 3123 4916 intelligimus
3159 4844 3407 4912 homine,
3440 4847 3529 4918 qui
3583 4863 3614 4901 a
3647 4847 3771 4904 Sal-

2165 4947 2354 4993 vatore
2403 4948 2593 4994 nostro
2623 4951 2940 5009 assumptus
2989 4947 3073 4994 est
3119 4949 3281 5009 atque
3325 4941 3562 4996 salvatus
3601 4959 3617 4994 :
3651 4957 3762 4998 non

2161 5047 2269 5104 quo
2292 5032 2456 5086 alium
2479 5034 2860 5103 assumpsisse,
2885 5032 3054 5086 alium
3073 5045 3412 5102 assumptum
3442 5049 3560 5090 esse
3591 5042 3764 5090 teste-

2164 5141 2315 5190 ntur;
2349 5125 2444 5179 sed
2475 5141 2587 5196 quo
2618 5141 2756 5180 unus
2789 5135 2953 5196 atque
2987 5125 3129 5181 idem
3161 5126 3336 5182 Filius
3377 5127 3470 5184 Dei
3515 5141 3570 5184 et
3621 5128 3768 5184 filius

2163 5217 2421 5285 hominis,
2454 5218 2546 5288 qui
2569 5229 2694 5273 ante
2725 5218 2921 5273 saecula
2953 5217 3194 5273 Verbum
3241 5236 3460 5291 semper
3490 5221 3614 5285 fuit,
3651 5222 3770 5290 ipse

460 5309 738 5366 Meditatio
770 5309 907 5381 legis
930 5320 1034 5379 est,
1069 5326 1178 5366 non
1219 5312 1393 5366 solum
1447 5311 1498 5364 in
1532 5309 1776 5379 legendis
1807 5311 2054 5382 Scriptu-
2082 5323 2136 5384 ι)
2162 5318 2348 5381 postea
2379 5323 2433 5364 et
2455 5326 2676 5367 carnem
2703 5319 2785 5364 est
2805 5309 3058 5380 dignatus
3083 5323 3390 5368 assumere.

458 5404 555 5470 ris,
588 5403 686 5458 sed
717 5404 879 5458 etiam
933 5405 986 5459 in
1036 5403 1122 5458 his
1169 5419 1290 5473 qua:
1342 5403 1542 5472 scripta
1598 5413 1726 5460 sunt
1778 5405 2051 5460 iaciendo.

457 5491 649 5549 Justus
682 5494 868 5564 igitur,
900 5494 1014 5548 sive
1046 5495 1356 5558 manducet,
1407 5493 1520 5550 sive
1571 5494 1744 5561 bibat,
1779 5495 1892 5552 sive
1923 5497 2053 5552 dor-

458 5587 611 5650 miat,
657 5590 710 5642 in
760 5589 982 5643 nomine
1014 5589 1227 5644 Domini
1265 5589 1455 5645 omnia
1504 5589 1728 5659 iaciens,
1759 5591 2051 5648 meditatur

457 5681 632 5752 legem
657 5681 777 5750 ejus
807 5681 900 5737 die
926 5697 990 5737 ac
1022 5696 1203 5738 nocte.

532 5772 599 5826 Et
629 5773 725 5826 erit
751 5783 1013 5839 tttmqbam
1043 5775 1243 5846 lignum
1280 5775 1421 5846 quod
1457 5775 1749 5848 plantatum
1793 5786 1889 5847 est,
1937 5789 2046 5834 etc.

454 5860 559 5920 Pro
617 5865 950 5935 plantatutn,
1005 5869 1443 5938 transplantatam
1499 5867 1690 5940 Aquila
1749 5871 2046 5929 transtulit.

2237 5404 2358 5458 Non
2395 5405 2469 5459 sic
2498 5405 2670 5477 impii,
2709 5421 2810 5458 non
2851 5405 2949 5458 sic.
2977 5401 3031 5457 Id
3063 5404 3207 5474 quod
3247 5405 3484 5462 secundo
3523 5403 3763 5476 dicitur,

2161 5514 2262 5551 non
2285 5497 2375 5561 sic,
2405 5498 2455 5550 in
2485 5495 2726 5552 Hebra-is
2744 5494 3110 5549 voluminibus
3134 5509 3239 5549 non
3268 5495 3527 5551 habetur:
3558 5499 3663 5553 sed
3693 5515 3761 5556 ne

2160 5589 2212 5644 in
2237 5588 2367 5656 ipsis
2386 5588 2606 5659 quidem
2631 5586 2770 5641 LXX
2805 5585 3214 5654 interpretibus.
3244 5587 3378 5643 Nam
3408 5588 3458 5642 in
3485 5590 3767 5660 exemplis

2159 5684 2407 5752 Origenis
2456 5687 2507 5739 in
2546 5681 2868 5738 Caesariensi
2922 5679 3246 5736 biblimheca
3297 5683 3516 5756 legens,
3575 5687 3763 5742 semel

2161 5784 2367 5831 tantum
2401 5776 2657 5846 scriptum
2683 5776 2884 5845 reperi.
2910 5773 3056 5828 Inter
3081 5773 3301 5844 impium
3325 5785 3380 5832 et
3407 5787 3762 5846 peccatorem

2159 5869 2260 5926 hoc
2283 5870 2529 5937 interest,
2553 5869 2643 5940 qui
2671 5867 2870 5939 impius
2894 5877 2996 5932 est,
3024 5878 3188 5936 negat
3213 5867 3382 5924 Deum
3411 5886 3424 5923 :
3449 5867 3530 5939 qui
3560 5885 3769 5940 pecu-a-
