3944 6334
222 329 310 386 825

1166 313 1596 373 BREVlARlUM
1634 313 1699 370 IN
1745 310 2078 370 PSALMOS.
2121 312 2368 371 PSALM.
2411 314 2476 370 ll.

3355 306 3464 366 826

225 459 292 505 lor
313 452 404 511 est,
430 441 708 497 contitetur
736 445 790 492 et
821 445 1023 507 peccat.
1053 434 1206 492 Sicut
1233 435 1411 506 justus
1434 434 1514 488 vir
1536 448 1758 504 compa-
1790 446 1842 511 Α
1867 447 1974 503 quo
2022 433 2115 488 ille
2146 433 2453 504 quempiam
2503 432 2768 495 derideat.
2819 429 2915 487 Sed
2947 431 3091 501 quod
3128 445 3228 488 nos
3277 431 3463 489 derisu

222 552 344 598 "tu"
364 539 492 608 "800
524 553 536 590 ε
569 533 649 589 Sic
677 532 871 601 impius
893 542 1237 602 comparatur
1268 530 1498 599 pulveri.
1538 529 1640 596 Qui
1669 528 1758 598 ξιι-

217 645 415 695 stusest,
437 629 573 700 ligno
589 626 820 698 paradisi
845 635 1228 697 comparatur:
1251 623 1340 695 qui
1359 632 1538 678 autem
1556 621 1754 692 impius

216 737 302 796 est,
325 725 513 796 pulveri
551 729 913 792 comparatur.

274 819 366 877 Sed
392 827 642 887 tamquam
679 813 866 888 pulvis,
899 831 1048 884 quem
1075 814 1282 887 proiicit
1322 821 1501 866 ventus
1547 828 1580 865 a
1625 809 1760 882 facie

214 925 355 970 terra.
401 909 575 966 Pulvis
614 909 738 963 licet
771 908 840 963 de
880 915 1024 964 terra
1057 908 1148 976 sit,
1185 917 1362 961 tamen
1394 905 1596 961 desinit
1633 921 1757 962 esse

213 1020 348 1066 terra.
379 1004 501 1060 Tam
527 1002 712 1058 infelix
739 1001 843 1056 erit
883 1002 1104 1070 impius,
1140 1013 1194 1056 ut
1227 1015 1328 1055 nec
1354 1009 1603 1054 terrenus
1647 999 1760 1069 qui-

212 1103 312 1161 dem
357 1099 422 1156 sit
448 1099 643 1170 pulvis.
676 1097 900 1153 Videtur
927 1097 1149 1169 quidem
1195 1096 1396 1152 habere
1433 1106 1591 1152 terra'
1633 1095 1760 1150 sub-

208 1197 444 1260 stantiam,
484 1193 578 1248 sed
609 1191 774 1248 habet
804 1207 955 1247 suam
982 1191 1350 1248 substantiam
1390 1209 1402 1242 :
1432 1189 1565 1244 nihil
1596 1187 1760 1244 habet

209 1289 434 1356 solidum,
473 1286 566 1342 sed
597 1285 742 1358 quod
781 1285 964 1349 habet.
996 1284 1062 1340 ad
1087 1301 1299 1354 pcenam
1325 1284 1510 1340 habet.
1544 1282 1659 1340 Huc
1690 1285 1754 1338 il-

208 1383 370 1452 lucque
395 1381 740 1453 dispergitur,
783 1395 1076 1451 numquam
1117 1379 1168 1434 in
1204 1394 1310 1434 uno
1338 1379 1458 1433 loco
1484 1388 1590 1442 est,
1623 1392 1759 1446 quo-

207 1489 402 1546 cumque
424 1482 616 1528 ventus
639 1473 884 1536 traxerit,
914 1473 1042 1527 illuc
1073 1473 1190 1542 ejus
1215 1472 1447 1542 impetus
1477 1469 1753 1541 dirigitur.

207 1569 279 1626 Sic
304 1577 354 1623 et
382 1568 592 1637 impius,
619 1566 714 1638 qui
747 1566 921 1621 semel
957 1566 1122 1621 Deum
1163 1567 1466 1636 negaverit,
1497 1579 1760 1636 quocum-

203 1675 288 1733 que
314 1661 451 1715 illum
482 1673 615 1714 aura
645 1658 848 1714 diaboli
879 1661 1133 1728 traxerit,
1169 1658 1296 1714 illuc
1329 1674 1517 1713 errore
1559 1656 1760 1728 perdu-

202 1755 337 1811 citur.

1859 528 2022 600 digna
2051 529 2334 584 faciamus.
2361 527 2430 582 Et
2457 528 2707 583 Dominus
2724 525 3062 583 subsannabit
3083 543 3194 582 eos.
3219 526 3464 584 Suhsau-

1859 626 2006 678 natio
2029 615 2245 693 proprie
2273 633 2460 692 rugata
2485 621 2689 688 frtmte,
2715 631 2769 675 et
2789 631 3081 678 contracto
3109 634 3242 676 naso
3270 619 3464 692 expri-

1859 717 2048 774 mitur.
2084 718 2244 774 Ahsit
2291 720 2470 786 itaque
2523 721 2622 772 hoc
2679 731 2780 772 nos
2829 715 2897 771 de
2944 715 3057 771 Deo
3097 715 3464 784 corporaliter

1859 812 2204 876 existimare,
2235 813 2378 884 quod
2413 815 2576 868 etiam
2605 813 2657 868 in
2681 811 2943 883 gravibus
2969 811 3108 867 viris
3135 811 3354 882 quidam
3381 827 3471 869 re-

1861 910 2232 980 prehensione
2255 908 2474 979 dignum
2508 907 2866 962 arbitrantur.

1930 1001 2078 1056 Tunc
2107 1005 2346 1072 loquetur
2372 1001 2440 1054 ad
2483 1017 2566 1054 eos
2595 1001 2648 1054 in
2698 1001 2778 1052 ira
2827 1015 2945 1053 sua.
2999 997 3074 1053 De
3127 997 3208 1054 ira
3259 997 3355 1054 Dei
3404 1005 3462 1054 et

1861 1094 2176 1152 Lactantius
2208 1094 2404 1149 librum
2437 1093 2867 1163 pulcherrimum
2916 1091 3189 1164 scripsit,
3236 1102 3292 1148 et
3346 1091 3463 1162 ipse

1859 1191 2123 1262 Origenes
2164 1190 2502 1246 creberrime
2544 1188 2806 1258 disputat,
2838 1203 2946 1242 non
2985 1198 3092 1242 tam
3126 1187 3262 1242 iram
3292 1200 3417 1242 esse
3445 1226 3463 1254 ,

1861 1301 2021 1358 quam
2047 1285 2413 1341 necessariam
2442 1284 2872 1352 correptionem,
2899 1290 2958 1335 ut
2977 1281 3146 1351 patris
3177 1279 3229 1335 in
3264 1277 3458 1346 lilium,

1862 1379 2062 1436 medici
2095 1379 2146 1434 in
2179 1387 2467 1448 :rgrotum,
2502 1375 2748 1446 magistri
2776 1376 2828 1429 in
2862 1373 3221 1445 discipulum.
3247 1372 3333 1427 Ira
3363 1387 3462 1428 au-

1862 1483 1971 1531 tem
2007 1471 2337 1542 patientibus
2366 1470 2536 1526 videri
2568 1477 2770 1537 potest,
2802 1481 2907 1523 non
2933 1467 3077 1536 quod
3102 1467 3245 1521 Deus
3273 1480 3463 1521 emen-

1863 1569 1954 1624 det
1985 1569 2172 1622 iratus.
2202 1564 2270 1620 Et
2299 1566 2351 1618 in
2383 1565 2561 1635 furore
2588 1580 2683 1618 suo
2711 1561 3033 1617 conturbabit
3077 1577 3184 1617 eos.
3221 1561 3378 1616 Sicut
3402 1560 3459 1616 in

1865 1661 2105 1732 Epistola
2150 1659 2219 1716 ad
2265 1659 2579 1714 Romanos:
2613 1655 2935 1721 Revelatur,
2984 1655 3177 1726 inquit,
3232 1655 3314 1709 ira
3361 1652 3461 1709 Dei

1866 1756 2045 1831 (Rom.
2067 1754 2131 1826 I),
2159 1763 2215 1808 ut
2244 1753 2334 1824 qui
2365 1767 2485 1808 eam
2515 1758 2802 1806 venturam
2846 1747 3176 1819 intelligunt,
3208 1745 3461 1803 studeant

261 1847 370 1903 Ideo
395 1864 496 1902 non
519 1857 798 1920 resurgunt
827 1847 972 1917 impii
998 1847 1054 1901 in
1076 1845 1284 1920 judicio
1310 1861 1328 1900 :
1350 1844 1464 1900 Non
1497 1844 1624 1916 quia
1650 1859 1755 1900 non
1791 1845 1835 1907 Β
1863 1850 2106 1906 devitare
2138 1865 2151 1901 :
2185 1849 2256 1902 ita
2299 1856 2356 1903 et
2383 1847 2434 1900 in
2467 1844 2724 1911 praesenti
2775 1843 2896 1898 loco
2936 1841 3192 1913 benigne.
3223 1857 3332 1897 non
3360 1840 3457 1907 ait,

200 1954 474 2014 resurgant,
507 1942 606 1998 sed
629 1943 753 2013 quia
782 1941 835 1995 in
865 1941 1066 2011 iudicio
1098 1951 1208 1995 non
1237 1950 1526 2009 resurgant
1553 1957 1565 1992 :
1597 1948 1622 1974 ει
1647 1940 1757 2008 jam

200 2038 320 2094 enim
348 2039 412 2093 de
448 2036 532 2092 his
567 2036 978 2106 praeiudicatum
1010 2045 1114 2090 est.
1160 2033 1342 2106 Neque
1367 2043 1666 2106 peccatores
1703 2034 1758 2086 in

199 2133 389 2189 concilio
427 2137 714 2208 justorum.
749 2134 803 2192 Si
857 2150 964 2190 non
1016 2141 1656 2205 resurguntpeccatores
1704 2130 1756 2184 in

200 2227 403 2283 concilio
448 2229 746 2299 iustorum,
781 2230 995 2285 diversa
1050 2239 1135 2286 est
1187 2239 1533 2300 peccatorum
1583 2227 1757 2298 justo-

197 2336 394 2394 rumque
420 2327 778 2380 resurrectio.

256 2414 375 2480 Quia
394 2416 654 2486 cognoscit
687 2415 938 2472 Dominus
968 2417 1396 2489 viamjustorum.
1432 2412 1576 2469 Nihil
1602 2411 1754 2467 aliud

192 2507 443 2578 cognoscit
497 2510 785 2576 Dominus,
827 2511 930 2566 nisi
954 2511 1097 2582 quod
1128 2510 1321 2565 notitia
1361 2509 1478 2581 ejus
1528 2508 1752 2580 dignum

196 2609 280 2655 est.
311 2600 582 2675 Cognoscit
620 2603 809 2677 quippe
838 2601 1095 2659 Dominus
1141 2621 1224 2658 eos
1254 2605 1340 2671 qui
1377 2605 1490 2671 ejus
1520 2613 1642 2658 sunt
1670 2612 1758 2657 :et

193 2693 323 2765 siqui
347 2699 522 2762 nescit,
555 2699 812 2753 nescietur
837 2697 996 2768 (Tim.
1033 2697 1115 2771 ιι).
1147 2698 1296 2754 Etad
1326 2710 1643 2766 peccatores
1675 2697 1757 2752 di-

193 2785 350 2841 citur:
381 2787 644 2845 Discedite
673 2807 703 2842 η
746 2806 848 2852 me.
878 2791 1102 2863 aperarii
1138 2791 1448 2857 iniquitatis,
1493 2807 1595 2844 non
1640 2791 1756 2844 novi

190 2894 260 2932 tos
279 2879 421 2953 (Luc.
448 2883 597 2954 xm).
622 2882 778 2938 Viam
802 2891 982 2939 autem
1003 2884 1276 2954 justorum
1311 2885 1461 2939 illum
1483 2892 1613 2954 puto
1636 2897 1758 2939 esse

189 2973 262 3042 qui
291 2975 519 3043 loquitur
553 2992 569 3029 :
603 2974 719 3050 Ego
747 2993 862 3032 sum
909 2977 992 3031 via
1023 2975 1206 3047 (Joan.
1259 2978 1395 3049 XIV).
1445 2978 1518 3033 De
1560 2992 1670 3046 quo
1701 2985 1756 3031 et

189 3063 420 3134 propheta
443 3067 575 3124 dicit
603 3085 616 3122 :
648 3067 828 3123 Videte
848 3084 963 3140 qua:
977 3071 1044 3123 sit
1066 3071 1147 3122 via
1170 3069 1323 3123 bona.
1357 3068 1422 3122 Et
1445 3070 1544 3123 iter
1564 3070 1754 3138 impio-

187 3171 282 3209 rum
308 3159 487 3229 peribit
519 3157 738 3234 (Jerem.
766 3163 872 3232 vr).
904 3160 1075 3228 Quam
1103 3161 1423 3227 clementer,
1461 3177 1567 3216 non
1599 3160 1752 3231 impii

186 3249 433 3323 peribunt,
465 3253 566 3310 sed
600 3255 868 3326 impietas.

747 3349 1064 3407 PSALMUS
1103 3349 1166 3406 ll.

243 3437 406 3504 Quare
451 3443 777 3513 fremuerunt
821 3453 1018 3514 gentes,
1059 3453 1107 3498 et
1149 3444 1332 3516 populi
1373 3443 1609 3498 meditati
1635 3451 1755 3497 sunt

180 3529 357 3586 inania.
383 3535 626 3591 Audacis
663 3545 745 3592 est
765 3541 905 3591 hunc
942 3537 1210 3607 psalmum
1238 3537 1588 3606 interpretari
1613 3535 1754 3590 velle

182 3634 286 3692 post
335 3625 563 3684 Petrum
595 3645 607 3681 :
638 3629 802 3685 immo
833 3629 901 3685 de
945 3644 1013 3685 eo
1066 3629 1274 3684 sentire
1316 3629 1464 3684 aliud
1497 3645 1655 3700 quam
1699 3630 1754 3685 in

178 3712 380 3772 Actibus
403 3720 785 3791 apostolorum
811 3721 1010 3777 dixerit
1033 3721 1250 3777 Petrus.

237 3811 514 3869 Astiterunt
558 3832 704 3888 reges
733 3827 904 3882 terraz,
948 3826 994 3870 et
1021 3817 1283 3889 principes
1309 3825 1658 3871 convenerunt
1698 3817 1751 3870 in

177 3918 315 3959 unum
347 3906 600 3963 adversus
641 3907 925 3962 Dominum
953 3918 998 3962 et
1035 3910 1280 3963 adversus
1308 3907 1574 3964 Christum
1619 3910 1750 3980 ejus.

175 3995 272 4053 Non
301 4001 481 4057 solum
510 4002 759 4058 Herodes
788 4020 903 4068 rex,
938 4004 1032 4058 sed
1063 4005 1228 4058 etiam
1263 4005 1337 4059 illi
1367 4019 1525 4074 reges
1552 4005 1618 4059 ad
1631 4020 1747 4060 ver-

178 4100 258 4144 sus
303 4091 600 4148 Dominum
639 4095 1041 4162 constiterunt,
1091 4110 1326 4166 quorum
1378 4110 1540 4167 regna
1599 4096 1648 4152 ei
1698 4096 1748 4150 in

175 4193 357 4250 puncto
385 4189 656 4256 temporis
677 4186 924 4242 diabolus
955 4189 1211 4244 ostendit.

233 4275 605 4351 Dirumpamus
635 4279 842 4334 vincula
889 4297 1100 4347 eorum,
1146 4290 1194 4336 et
1242 4282 1610 4356 projiciamus,
1642 4292 1750 4338 etc.

171 4367 396 4436 Quatuor
421 4375 798 4444 praecedentes
821 4391 1007 4430 versus
1032 4375 1122 4430 vel
1144 4377 1342 4445 angeli,
1369 4376 1449 4431 vel
1471 4377 1754 4448 prophetae

168 4474 280 4518 sunt
306 4467 513 4533 locuti,
565 4468 829 4522 mirantes
874 4483 1042 4538 quare
1073 4469 1305 4523 humana
1339 4470 1621 4524 temeritas
1661 4471 1756 4525 ad-

167 4567 342 4614 versus
375 4560 471 4616 Dei
507 4560 702 4615 Filium
717 4562 1145 4617 consurrexerit.
1168 4563 1413 4633 Aquinto
1435 4572 1616 4618 autem
1631 4580 1754 4619 ver-

1865 1943 2057 2015 puniet
2086 1959 2100 1995 :
2134 1940 2254 2006 sed,
2280 1939 2541 2006 turbabit,
2572 1948 2631 1994 ut
2652 1937 2864 2009 absque
2887 1935 3064 2008 pinnis
3089 1934 3180 2006 qui
3213 1933 3461 1990 turbatus

1863 2046 1968 2102 est,
1993 2035 2324 2103 corrigatur.

1935 2126 2050 2199 Ego
2093 2134 2288 2181 autem.
2315 2124 2429 2179 Vox
2455 2121 2682 2179 Christi.
2708 2121 3032 2178 Constitutus
3067 2135 3181 2175 sum
3220 2133 3336 2183 rex,
3361 2132 3460 2190 pro

1863 2230 2019 2294 parte
2047 2221 2226 2277 carnis
2269 2218 2492 2275 dicitur.
2526 2216 2604 2272 Ab
2629 2233 2711 2283 eo,
2741 2216 2856 2271 Deo
2884 2223 3055 2286 patre.
3100 2213 3273 2286 Super
3303 2213 3456 2279 Sion,

1863 2316 1915 2372 id
1943 2324 2065 2381 est,
2116 2328 2284 2383 super
2336 2311 2661 2368 Ecclesiam.
2692 2309 2847 2375 Sion,
2881 2306 3105 2380 specula
3135 2307 3262 2362 vitae
3291 2308 3461 2361 inter-

1865 2417 2127 2480 pretatur.
2160 2404 2394 2460 Montem
2436 2413 2677 2460 sanctum
2708 2403 2840 2474 ejus,
2872 2414 3032 2456 mons
3060 2408 3144 2455 est
3178 2397 3458 2468 Ecclesia,

1863 2506 1949 2561 vel
1974 2505 2089 2575 ipse
2109 2501 2384 2564 Christus,
2420 2510 2475 2554 ut
2508 2499 2640 2554 illud
2671 2515 2685 2552 :
2718 2497 2786 2552 Et
2815 2497 2912 2550 erit
2947 2496 3002 2550 in
3031 2494 3322 2550 novissimis
3347 2493 3460 2549 die-

1863 2601 1954 2654 bus
1981 2605 2307 2666 prieparatus
2333 2610 2480 2649 mons
2510 2595 2698 2647 domus
2737 2588 2952 2644 Domini
2988 2589 3042 2642 in
3078 2588 3266 2643 vertice
3307 2602 3460 2640 mou.

1861 2692 2009 2747 tium.
2041 2690 2341 2745 Prwdicans
2368 2697 2679 2762 prceceptum
2709 2685 2919 2740 Domini
2945 2681 3082 2756 (lsa.
3114 2679 3200 2752 ιι).
3227 2680 3342 2738 Hoc
3373 2687 3458 2736 est

1861 2785 2164 2842 doetrinam
2201 2783 2505 2855 Evangelii.

1935 2879 2192 2933 Dominus
2232 2877 2365 2932 dixit
2407 2877 2476 2930 ad
2500 2893 2599 2943 me,
2626 2874 2770 2946 ﬁlius
2801 2890 2948 2930 meus
2969 2890 3020 2929 es
3042 2882 3097 2929 tu
3129 2888 3149 2928 :
3175 2888 3269 2944 ego
3300 2869 3456 2924 hodie

1861 2982 2013 3054 genui
2036 2991 2101 3034 te.
2131 2979 2288 3035 Jesus
2312 2978 2560 3033 Christus
2587 2983 2671 3030 est
2695 2973 2811 3029 heri
2839 2981 2896 3028 et
2924 2971 3106 3038 hodie,
3129 2978 3186 3026 et
3214 2974 3264 3025 in
3297 2978 3458 3024 :eter-

1862 3091 2012 3131 num.
2043 3075 2214 3130 Recte
2257 3080 2438 3128 autem
2471 3070 2523 3127 ei
2553 3070 2642 3142 qui
2687 3078 2844 3124 natus
2876 3076 2959 3122 est
2986 3066 3039 3122 in
3067 3074 3336 3137 tempore,
3365 3062 3452 3118 di-

1861 3170 2005 3226 citur
2030 3189 2043 3225 :

1786 3243 1832 3308 Ο
1939 3263 2153 3319 Postulo
2180 3278 2328 3328 ame,
2357 3271 2403 3317 et
2433 3260 2564 3314 dabo
2587 3258 2678 3313 tibi
2699 3267 2875 3334 gentes
2905 3255 3262 3313 haereditatcm
3291 3262 3453 3307 tuam.

1859 3357 1938 3414 Ac
1967 3357 2012 3412 si
2037 3357 2184 3412 dicat
2211 3373 2224 3410 :
2256 3356 2391 3410 Dum
2422 3353 2598 3409 Judaei
2625 3360 2677 3408 te
2707 3351 3000 3407 uoluerunt
3031 3352 3313 3420 recipere:
3338 3362 3456 3402 om-

1861 3467 1956 3508 nes
1990 3458 2181 3522 gentes
2215 3449 2309 3504 tibi
2344 3449 2560 3503 venient
2595 3447 2650 3501 in
2683 3445 3082 3500 hiereditatem.

1935 3543 2098 3617 Reges
2123 3559 2207 3597 eos
2233 3543 2284 3595 in
2313 3541 2458 3610 virga
2482 3542 2666 3612 ferrea.
2695 3538 2749 3592 In
2775 3537 2913 3592 dura
2941 3535 3227 3606 disciplina
3257 3532 3458 3588 Roma-

1859 3657 2076 3696 norum.
2110 3638 2206 3692 Vel
2238 3652 2340 3708 per
2368 3637 2573 3706 virgam
2600 3633 2862 3699 ferream,
2885 3631 3173 3699 disciplina
3209 3628 3462 3684 intolera-

1858 3734 1987 3792 bilis
2019 3753 2031 3789 :
2066 3734 2187 3804 quia
2221 3731 2386 3787 corda
2434 3730 2648 3785 illorum
2679 3737 2919 3784 tortuosa
2952 3734 3128 3781 erant.
3169 3722 3458 3794 Tamquam

1861 3845 1948 3884 vas
1998 3828 2152 3899 ﬁguli
2209 3825 2503 3895 confringes
2541 3840 2648 3877 eos.
2705 3820 2811 3875 Vas
2864 3818 3008 3887 liguli
3053 3826 3341 3884 antequam
3401 3815 3454 3868 in

1859 3928 2054 3975 testam
2091 3917 2250 3974 fuerit
2281 3916 2632 3982 obduratmn,
2667 3914 2710 3968 si
2742 3912 3068 3980 dissipetur,
3103 3906 3454 3964 rel'ormahile

1858 4022 1962 4068 est.
1998 4011 2143 4081 Lege
2185 4011 2478 4066 Jeremiam
2512 4007 2726 4078 (Jerem.
2775 4007 2912 4072 XIX).
2965 4003 3020 4060 Si
3056 4015 3240 4057 autem
3285 4000 3457 4056 semel

1859 4113 1997 4160 testa
2051 4104 2224 4158 fraeta
2274 4102 2459 4169 fuerit,
2523 4115 2869 4171 nequaquam
2903 4098 2956 4152 in
3005 4096 3275 4164 integrum
3307 4107 3458 4149 com—

1860 4197 2004 4269 pingi
2037 4205 2236 4268 potest.
2257 4194 2460 4252 Verum
2479 4209 2612 4264 quas
2646 4192 2786 4263 apud
2814 4190 3065 4244 homines
3097 4184 3458 4259 impossibilia

1859 4299 2012 4356 sunt,
2047 4287 2188 4357 apud
2213 4287 2387 4342 Deum
2417 4294 2543 4340 sunt
2567 4282 2866 4356 possibilia.
2896 4279 3408 4354 Figulus,Christus
3437 4295 3450 4332 :

1857 4397 1976 4445 vas,
2010 4381 2198 4446 homo,
2222 4391 2280 4435 ut
2311 4388 2396 4435 est
2417 4378 2551 4434 illud
2580 4395 2592 4432 :
2627 4378 2775 4432 Sicut
2801 4392 2890 4431 vas
2917 4377 2971 4430 in
2999 4391 3154 4430 manu
3187 4374 3358 4446 ﬁguli,
3382 4373 3457 4426 sic

1864 4492 1954 4532 vos
1977 4477 2028 4530 in
2062 4491 2220 4528 manu
2244 4489 2381 4538 mea,
2409 4471 2532 4525 dicit
2556 4469 2814 4524 Dominus
2845 4467 3011 4543 (Ibid.
3036 4469 3218 4534 xvtu).
3248 4465 3455 4521 Aliter:

1861 4569 2234 4639 Conl'ringitur
2267 4568 2322 4622 in
2357 4564 2731 4638 pmnitentiam
2755 4563 2863 4633 hic,
2890 4563 2978 4619 vel
3003 4563 3054 4617 in
3083 4562 3376 4632 tlileldlCll
3403 4561 3455 4616 in

166 4645 322 4706 siculo
361 4652 636 4708 Dominus
667 4654 781 4723 ipse
810 4654 1122 4725 respondit,
1156 4660 1452 4710 cobortans
1491 4657 1748 4726 populum
1779 4648 1833 4710 D
1859 4663 2062 4733 ignem.

164 4745 460 4814 gentilium,
493 4757 548 4802 et
597 4762 789 4803 omnes
837 4747 926 4818 qui
982 4748 1082 4804 sibi
1120 4763 1186 4803 ex
1233 4748 1437 4804 Judieis
1485 4750 1749 4806 credituri

163 4849 295 4904 sunt,
323 4851 385 4896 ut
429 4842 630 4912 legalia
672 4842 883 4898 vincula
917 4843 1236 4909 dissolvant,
1284 4853 1339 4899 et
1385 4859 1547 4913 grave
1597 4860 1738 4900 onus

164 4927 308 5002 Legis
337 4935 628 5005 ahjiciant,
665 4935 808 5006 quod
843 4951 952 4991 non
989 4945 1279 5004 potuerunt
1308 4946 1526 5005 portare
1560 4945 1748 5007 patres

160 5036 356 5086 eorum.
394 5029 496 5082 sed
528 5037 828 5098 sequantur
870 5045 994 5083 eum
1023 5028 1180 5099 cujus
1205 5029 1390 5101 iugum
1433 5045 1602 5086 suave
1634 5039 1739 5098 est,

161 5125 209 5171 et
232 5134 366 5174 onus
397 5119 544 5176 leve.

223 5214 324 5281 Qui
353 5216 562 5270 habitat
590 5215 644 5270 in
663 5215 803 5270 caelis
828 5216 1066 5271 irridebit
1089 5233 1192 5271 eos.
1220 5216 1324 5273 Per
1344 5216 1601 5274 humanae
1627 5235 1745 5276 ser-

158 5307 542 5365 mocinationis
583 5309 857 5380 exempla,
898 5309 1123 5366 aliectus
1172 5309 1268 5366 Dei
1299 5309 1562 5367 discimus
1592 5333 1606 5370 :
1636 5331 1744 5374 non

227 5525 253 5554 α
277 5518 535 5574 Diximus
565 5535 593 5573 a
619 5518 848 5575 Servato
879 5518 1031 5582 Lupo
1051 5563 1065 5583 ,
1098 5521 1151 5573 in
1193 5518 1516 5575 Collectaneo
1547 5523 1611 5575 de
1641 5527 1739 5579 tri-

152 5588 642 5664 busquazstionibus
661 5633 675 5654 ,
717 5591 922 5664 laudari
951 5592 1094 5648 hunc
1123 5591 1434 5664 Hieronymi
1468 5593 1648 5649 locum
1676 5597 1739 5650 iis

144 5663 317 5715 verbis
347 5681 360 5716 :
397 5662 556 5716 Idem
578 5662 770 5716 Doctor
795 5663 1203 5735 (Hieronymus)
1232 5662 1341 5718 alio
1368 5667 1514 5720 verbo
1534 5683 1739 5720 sensum

140 5735 615 5810 prmdestinationis
628 5735 874 5810 expressit
895 5736 954 5810 in
969 5734 1333 5810 explanatione
1347 5738 1497 5808 primi
1516 5738 1631 5810 ρςαί
1637 5741 1703 5792 mi
1720 5756 1737 5793 :

143 5803 238 5888 Qui
264 5816 442 5890 autem
477 5823 579 5896 non
608 5803 791 5896 credit,
817 5809 999 5875 inquit,
1026 5803 1442 5896 jam‘judlicatus
1481 5803 1589 5878 est;
1618 5815 1736 5883 jam

140 5877 267 5929 enim
297 5877 679 5950 prejudicatus
703 5879 772 5932 ad
803 5895 1006 5951 panum
1026 5877 1123 5936 est.
1147 5877 1348 5940 Confer
1377 5897 1517 5939 nunc
1548 5877 1732 5943 vcium

1933 4754 2087 4809 Nunc
2105 4769 2247 4827 reges
2273 4751 2570 4825 intelligite.
2604 4749 2783 4820 Reges
2813 4747 2999 4804 smculi
3027 4762 3220 4804 omnes
3241 4746 3325 4803 vel
3356 4763 3448 4802 rc-

1855 4862 1950 4919 ges
1981 4845 2153 4900 saneti
2186 4844 2444 4914 apostoli,
2480 4843 2768 4924 intelligite
2809 4844 2910 4897 ista
2939 4841 3274 4906 supradicta.
3316 4838 3459 4894 Eru—

1854 4941 2058 4997 dimini.
2095 4941 2212 4997 Hoc
2247 4950 2352 5006 est,
2390 4943 2774 5008 vosmetipsos,
2820 4939 2906 4994 vel
2932 4938 3093 4993 alios.
3123 4935 3223 5003 Qui
3247 4934 3462 5006 judica-

1855 5036 1920 5090 tis
1946 5046 2156 5098 terram,
2193 5043 2434 5090 sanctam
2461 5035 2780 5090 Ecclesiam.

1927 5130 2126 5186 Servite
2159 5128 2379 5184 Domino
2408 5130 2462 5184 in
2487 5131 2694 5184 timore.
2723 5128 2955 5184 Timore
2984 5125 3143 5188 dixit,
3177 5132 3234 5178 ut
3265 5123 3459 5178 elatio-

1854 5240 1979 5280 nem
2005 5223 2088 5278 eis
2132 5222 2385 5277 tolleret:
2420 5223 2546 5292 quia
2583 5236 2735 5292 reges
2765 5234 2860 5275 eos
2891 5219 3216 5290 appellarat.
3250 5214 3317 5270 Et
3360 5231 3452 5269 ea:-

1850 5319 2041 5377 sultate
2062 5317 2128 5371 ei.
2163 5316 2234 5373 Ut
2262 5330 2358 5372 eos
2379 5316 2577 5372 iterum
2609 5314 2966 5380 confortaret,
3012 5323 3069 5368 ut
3099 5312 3230 5368 illud
3272 5330 3285 5366 :
3314 5311 3462 5367 Gau-

1850 5526 2268 5598 llicrooymum,
2297 5525 2520 5595 Dialogo
2552 5533 2738 5580 contra
2764 5521 3117 5598 Pelagianos,
3157 5538 3305 5576 num.
3338 5522 3408 5578 28
3440 5543 3451 5581 :

1846 5596 1915 5652 In
1950 5593 2137 5666 primo,
2171 5598 2373 5665 inquit,
2409 5593 2609 5664 psalmo
2655 5597 2882 5651 canitur.
2912 5593 3178 5666 quoniam
3211 5609 3316 5648 non
3366 5610 3456 5652 re-

1845 5680 2074 5740 sorgunt
2107 5669 2256 5724 impii
2298 5669 2350 5723 iu
2388 5669 2616 5737 judicio.
2657 5668 2779 5722 1am
2829 5669 2962 5722 enim
3009 5668 3060 5720 in
3109 5668 3453 5740 perditionem

1842 5739 1962 5797 suni
1991 5741 2344 5814 prieindicati.
2374 5741 2557 5810 Neque
2579 5753 2901 5814 iprccatores
2935 5740 2987 5794 in
3021 5739 3454 5814 consiliojusios

1841 5829 1960 5870 rum
1985 5811 1999 5879 ξ
2030 5812 2182 5867 aliud
2200 5815 2336 5867 enim
2356 5822 2430 5868 est
2453 5813 2677 5886 gloriam
2706 5814 2932 5884 pendere
2954 5811 3281 5886 resurgendi,
3304 5812 3452 5869 aliud

1839 5887 2008 5957 perire
2033 5895 2301 5956 perpetuo.
