3944 6334
463 320 569 378 827

1253 320 1599 379 APPENDIX
1639 322 1732 377 Μ)
1773 320 2016 380 TOMUM
2055 319 2410 381 SEPTIMUM
2451 324 2509 381 Β.
2554 323 2960 386 HIERONYMI.

3664 330 3764 393 828

465 445 583 501 dcte
612 453 657 500 et
688 440 944 501 exsultate
964 482 979 510 ,
1003 456 1119 497 eum
1156 451 1377 499 tremore
1410 457 1429 497 :
1456 450 1514 497 ut
1541 456 1664 497 cum
1699 450 1943 498 tremore
1969 453 2058 501 es-
2082 441 2133 507 Α
2160 456 2277 497 runt
2294 444 2599 499 contrivisti.
2624 444 3016 516 Respondeant
3041 462 3175 521 ergo
3201 450 3362 506 amici
3399 449 3573 508 solius
3600 451 3768 509 histo«

472 547 617 604 sent,
651 536 706 592 id
734 545 841 604 est,
873 543 1111 591 tremore
1136 536 1406 604 corporis,
1431 543 1488 591 et
1508 534 1705 591 timore
1733 536 1956 590 animm.

545 630 928 705 Apprehcndite
957 630 1308 701 disciplinam,
1343 647 1405 684 ne
1431 631 1639 703 quando
1672 630 1928 683 irascatur
1960 625 2069 684 Do—

466 728 656 782 minus.
682 725 792 780 Pro
818 738 885 780 eo
912 724 1057 796 quod
1095 724 1147 779 in
1172 723 1369 780 ϐιωεο
1392 723 1624 792 dicitur,
1658 723 1912 801 δράξασθι
1943 745 2065 781 παιν-

448 818 587 883 stac
614 834 629 872 :
653 817 707 873 in
733 816 964 872 Hebraeo
984 816 1183 887 legitur
1203 830 1371 873 nsscu
1406 832 1530 881 usu,
1554 817 1696 885 quod
1717 814 2066 884 interpretari

470 918 672 984 potest,
705 911 920 964 adorato
946 908 1139 980 filium.
1164 907 1522 979 Apertissima
1553 908 1739 977 itaque
1757 908 1823 963 de
1849 908 2069 967 Christo

470 1004 790 1079 prophetia,
837 1012 892 1060 et
922 1003 1062 1058 ordo
1096 1002 1350 1073 prtccepti
1376 1043 1390 1067 ,
1441 1000 1678 1058 Adorate
1718 1001 1915 1061 Filium
1950 1018 1966 1063 :
2001 1016 2069 1058 ne

473 1102 621 1158 forte
651 1102 921 1157 irascatur
957 1098 1243 1168 Dominus,
1276 1098 1381 1153 hoc
1411 1107 1515 1167 est,
1544 1096 1730 1152 Pater.
1756 1095 1823 1152 Et
1844 1097 2067 1170 pereatis

472 1196 538 1253 de
559 1196 642 1251 via
658 1196 824 1268 justa.
859 1193 1069 1250 Judaais
1094 1192 1184 1263 qni
1238 1190 1532 1247 noluerunt
1571 1190 1805 1246 adorare
1844 1189 2066 1262 Filium,

476 1288 649 1346 iratus
680 1296 763 1343 est
816 1286 1109 1352 Dominus,
1140 1293 1197 1341 et
1226 1285 1498 1354 perierunt
1542 1284 1611 1340 de
1640 1283 1726 1340 via
1774 1292 1941 1343 recta.
1968 1282 2069 1344 Vis

466 1385 639 1455 justo,
674 1382 758 1437 vel
788 1390 958 1443 recta.
986 1379 1242 1436 Christus
1266 1390 1371 1435 est.
1404 1378 1472 1434 .lu
1495 1379 1578 1434 vin
1609 1392 1816 1445 sumus,
1849 1378 2071 1449 quando

475 1476 733 1533 mandata
767 1475 861 1531 Dei
902 1474 1214 1546 implemus.
1244 1474 1321 1529 De
1352 1474 1433 1529 via
1464 1471 1723 1543 perimus,
1754 1471 1973 1542 quando
2001 1472 2071 1534 ab

482 1572 563 1628 eis
588 1570 949 1627 declinamus.

546 1663 616 1719 In
645 1663 778 1719 brevi
815 1663 896 1718 ira
922 1664 1057 1735 ejus.
1093 1660 1207 1717 Hoc
1235 1671 1342 1730 est,
1374 1659 1427 1716 in
1460 1660 1609 1716 exitu
1637 1659 2071 1730 uniuscujusque

480 1757 741 1813 hominis.
770 1755 861 1811 Vel
894 1754 1050 1811 brevi
1081 1755 1159 1810 ira
1191 1754 1245 1809 in
1277 1753 1365 1809 die
1392 1752 1607 1825 judieii,
1638 1761 1700 1810 ut
1736 1752 1869 1809 illud
1896 1768 1914 1811 :
1942 1750 2072 1811 Cum

2171 535 2294 598 rite.
2332 537 2604 607 quomodo
2634 539 2774 595 Dens
2803 541 3080 597 maxillam
3112 543 3402 614 percutiat,
3430 554 3488 601 et
3520 542 3762 601 confrin-

2169 640 2258 704 gat
2284 631 2478 689 dentes
2503 643 2874 704 peccatorum,
2905 637 3144 708 pugilum
3163 648 3353 695 contra
3379 652 3443 697 se
3472 654 3630 694 more
3650 654 3768 696 cer-

2171 724 2420 780 tantium.
2450 724 2642 782 Dentes
2676 738 3005 798 peccatorum
3025 731 3337 789 contrivisti.
3372 731 3659 805 Principes
3678 732 3768 789 Ju-

2170 820 2414 877 dzeorum
2445 839 2459 877 :
2489 821 2702 892 dentes,
2739 824 2821 879 vel
2865 824 3112 883 haeretici
3156 825 3433 895 doctores,
3466 826 3554 883 vel
3604 826 3766 884 verba

2171 914 2436 985 ipsorum.

2241 1006 2457 1065 Domini
2496 1019 2574 1067 est
2600 1012 2765 1067 salus.
2800 1012 2915 1069 Hoc
2939 1023 3044 1081 est,
3098 1030 3205 1070 non
3233 1015 3303 1069 ab
3330 1014 3577 1085 homine,
3612 1013 3715 1071 sed
3740 1029 3768 1072 ι

2171 1102 2304 1157 Deo.
2334 1101 2457 1174 ipse
2483 1104 2632 1160 solus
2659 1113 2860 1176 potest,
2886 1115 2943 1162 et
2971 1122 3067 1178 per
3094 1108 3270 1178 ipsum
3313 1121 3345 1163 a
3376 1116 3553 1165 morte
3593 1108 3652 1164 in
3694 1105 3769 1164 vi-

2170 1204 2280 1252 tam
2312 1197 2566 1254 transire.
2596 1198 2662 1252 Et
2678 1216 2833 1268 super
2855 1203 3108 1273 populum
3127 1209 3292 1255 tuum.
3325 1201 3441 1257 Hoc
3470 1209 3576 1267 est,
3601 1214 3772 1272 popu-

2173 1289 2282 1344 lum
2308 1288 2704 1346 Christlanum.
2728 1290 3030 1348 Benedictio
3049 1300 3159 1349 tua.
3195 1293 3407 1365 Populo
3429 1292 3769 1351 credentium

2173 1380 2607 1439 benedictionem
2653 1383 2930 1440 infundit:
2962 1386 3345 1459 transmittens
3390 1386 3474 1441 eis
3511 1383 3771 1456 Spiritum

2170 1482 2446 1539 sanctum,
2476 1473 2564 1530 vel
2589 1474 2642 1531 in
2668 1475 2853 1532 luturo
2873 1476 3087 1547 quando
3114 1476 3362 1533 dicturus
3384 1476 3495 1533 erit
3518 1494 3533 1531 :
3570 1475 3766 1545 Venite,

2171 1563 2425 1621 benedicti
2456 1564 2631 1623 Patris
2660 1554 2780 1637 mei,
2816 1569 3064 1642 percipite
3094 1585 3314 1639 regnum
3337 1569 3479 1641 quod
3506 1568 3655 1624 vobis
3684 1584 3773 1641 po.

2171 1666 2344 1715 ratum
2374 1668 2447 1716 est
2471 1661 2537 1716 ab
2562 1661 2763 1734 origine
2788 1661 2971 1719 mundi
2998 1663 3218 1737 (Matth.
3241 1664 3410 1737 xxv).

2747 1777 3066 1836 PSALMUS
3104 1779 3173 1835 IV
3186 1817 3200 1833 .

475 1854 614 1910 enim
639 1853 865 1907 dixerint
886 1850 1139 1916 homines,
1161 1865 1267 1923 pas:
1291 1856 1340 1904 et
1370 1849 1644 1945 securitas,
1664 1858 1788 1903 tunc
1807 1848 1974 1945 veniet
1996 1847 2071 1906 eis
2104 1839 2148 1907 Β
2176 1865 2245 1923 ιη
2283 1870 2440 1940 ﬁnem
2468 1869 2890 1945 ineat-minibus,
2922 1873 3153 1945 psalmus
3180 1872 3375 1945 David.
3405 1871 3465 1945 In
3496 1871 3694 1941 linem,
3724 1874 3771 1930 id

471 1946 775 2014 repentinus
795 1943 1035 2003 interitus
1061 1942 1107 2014 (l
1139 1941 1320 1997 Thess.
1346 1942 1425 2013 ν).
1454 1940 1601 1997 Beati
1624 1957 1803 1998 omnes
1826 1943 1916 2014 qui
1942 1958 2070 2001 con-

475 2037 645 2109 ﬁdunt
665 2039 720 2092 in
749 2053 884 2092 eum.
909 2035 1028 2092 Non
1060 2037 1110 2090 in
1145 2035 1476 2103 hominibus,
1511 2051 1691 2106 neque
1722 2036 1775 2093 in
1807 2035 2069 2108 semctip-

473 2130 573 2200 sis,
605 2130 699 2188 sed
749 2131 806 2186 in
839 2130 1028 2186 Deum.
1060 2128 1168 2186 Iste
1197 2130 1462 2200 psalmus,
1493 2140 1554 2187 ιιι
1601 2131 1810 2201 prmiati
1859 2146 2068 2204 sumus,

478 2224 533 2281 in
565 2224 951 2283 beatitudinem
983 2226 1341 2296 terminatur,
1384 2226 1529 2283 unde
1565 2225 1821 2294 superior
1856 2228 2068 2301 incipit,

484 2328 542 2375 et
571 2316 695 2374 ideo
722 2317 864 2389 apud
894 2317 1154 2379 llcbrzeos
1178 2333 1279 2390 pro
1303 2334 1414 2375 uno
1446 2319 1735 2376 habentur.

1049 2433 1366 2492 PSALMUS
1405 2432 1493 2492 Ill.

479 2526 727 2601 Psalmus
759 2526 945 2597 David,
970 2529 1178 2598 quando
1192 2529 1327 2600 fugit
1353 2545 1384 2583 a
1416 2528 1550 2598 facie
1568 2528 1814 2585 Absalom
1841 2529 1941 2601 ﬁlii
1963 2530 2069 2586 sui.

546 2600 654 2657 Iste
695 2602 938 2670 psalmus
970 2601 1241 2669 posterior
1267 2611 1353 2655 est
1385 2602 1742 2669 sequentibus
1768 2600 2026 2672 plurimis
2050 2645 2067 2672 ,

548 2674 640 2743 qui
672 2671 736 2729 ad
768 2672 948 2731 Saulis
979 2672 1236 2733 videntur
1264 2671 1546 2731 historiam
1588 2671 1881 2743 pertinere.
1928 2671 2072 2737 Ante

550 2744 818 2817 siquidem
851 2743 1020 2817 David
1051 2760 1079 2797 a
1113 2743 1243 2800 Sani
1271 2752 1355 2799 est
1393 2758 1597 2817 passus
1622 2743 1870 2817 insidias,
1896 2761 2069 2817 quam

552 2814 808 2872 Alisalom
841 2815 1104 2871 adversus
1132 2830 1256 2871 eum
1287 2829 1435 2869 arma
1456 2814 1760 2886 corriperet
1803 2814 2070 2886 Sed’quia

553 2890 890 2957 propositum
920 2888 971 2943 ei
1001 2897 1142 2950 erat.
1177 2896 1239 2942 ut
1283 2903 1392 2942 non
1430 2896 1635 2943 tantum
1663 2887 1732 2942 de
1758 2903 1819 2943 se
1845 2888 2073 2945 referret

549 2974 669 3031 qua:
702 2974 890 3029 passus
911 2968 1015 3023 est,
1041 2968 1285 3031 quamnt
1306 2974 1404 3031 per
1428 2960 1738 3031 exemplum
1764 2959 1855 3024 ειιὶ
1878 2974 2074 3025 omnes

552 3028 800 3107 homines
828 3028 1161 3107 institueret,
1203 3028 1565 3107 ideo__primis
1592 3028 1840 3107 secunda
1862 3046 2072 3107 praepo-

552 3101 701 3168 sult,
746 3110 807 3155 ut
854 3101 1213 3156 tentationum
1252 3102 1498 3157 ordinem
1529 3102 1742 3157 doceat.
1782 3101 2070 3172 Siquidem

552 3183 679 3227 ante
703 3183 924 3243 propter
944 3183 1162 3241 peccata
1185 3173 1536 3244 corripimur,
1558 3182 1613 3228 et
1642 3184 1825 3243 postea
1850 3182 2070 3244 propter

2246 1955 2372 2015 est,
2407 1944 2459 2015 in
2500 1940 2743 1999 Christo.
2796 1940 2948 2000 Finis
3006 1944 3152 2000 enim
3207 1944 3368 2015 Legis
3411 1940 3684 2002 Christus
3713 1946 3775 2003 ad

2243 2013 2514 2096 justitiam
2542 2016 2704 2096 θυιιή
2733 2015 3003 2096 credenti.
3025 2016 3097 2096 _l_n
3127 2013 3500 2096 carminibus,
3536 2015 3647 2096 haec
3673 2025 3774 2096 est,

2248 2085 2300 2140 in
2335 2085 2611 2142 laudibus.
2635 2085 2883 2144 Psalmus
2907 2088 3099 2155 David,
3127 2087 3232 2147 hoc
3261 2099 3368 2165 est,
3399 2086 3522 2144 laus
3549 2086 3773 2146 Christi.

2246 2199 2373 2257 Cum
2394 2201 2685 2261 invocarem
2704 2201 2969 2261 exaudivit
2996 2217 3078 2258 me
3106 2201 3252 2261 Deus
3262 2202 3489 2278 justitia:
3510 2218 3665 2261 mete.
3692 2201 3776 2264 in-

2173 2310 2470 2367 congruum
2497 2308 2579 2352 est
2608 2298 2710 2352 hoe
2747 2298 2815 2353 de
2844 2298 3012 2354 David
3058 2299 3336 2371 accipere,
3364 2308 3423 2359 ut
3463 2299 3556 2375 qui
3590 2300 3648 2359 in
3680 2316 3769 2359 su-

2172 2390 2377 2463 periori
2422 2389 2630 2462 psalmo
2660 2399 2884 2463 propter
2926 2392 3261 2453 occisionem
3312 2390 3462 2455 Uria:
3510 2406 3659 2466 pene
3701 2402 3778 2449 est

2175 2481 2491 2539 interiectus
2534 2498 2564 2538 a
2618 2481 2751 2551 ﬁlio,
2792 2497 2934 2543 nunc
2972 2484 3173 2541 audeat
3211 2483 3397 2547 dicere
3430 2502 3445 2541 :
3478 2482 3771 2545 Exaudirit

2175 2589 2254 2631 me
2302 2571 2443 2631 Deus
2483 2575 2710 2648 justitiw
2757 2592 2902 2635 mete.
2947 2575 3119 2637 Totus
3176 2578 3358 2649 itaque
3408 2576 3662 2653 psalmus
3712 2579 3777 2635 ad

2173 2664 2472 2735 Christum,
2499 2674 2555 2723 et
2585 2682 2684 2736 per
2709 2666 2989 2727 Christum
3018 2667 3086 2725 ad
3110 2666 3296 2743 justos
3327 2666 3658 2729 referendus
3675 2675 3774 2729 est.

2175 2756 2377 2812 Horum
2416 2758 2593 2815 simile
2621 2758 2751 2833 quid
2782 2761 2951 2816 etiam
2979 2759 3148 2821 Jacob
3176 2760 3392 2821 locutus
3417 2768 3522 2833 est,
3550 2760 3774 2821 dicens:

2175 2848 2434 2907 Exaudiet
2463 2866 2545 2905 nte
2566 2836 2682 2909 cras
2702 2851 2917 2925 justitia
2937 2868 3052 2907 mea
3075 2850 3284 2920 (Cenes.
3308 2853 3463 2923 xxx).

2245 2939 2313 2996 In
2345 2941 2676 2998 tribulatione
2698 2958 2815 2998 mea
2838 2943 3077 3005 dilutasti
3112 2942 3263 3005 mihi.
3295 2942 3547 3007 Miserere
3581 2943 3708 3013 mei,
3730 2952 3778 3002 et

2172 3034 2371 3089 exaudi
2400 3035 2686 3093 orationem
2715 3052 2900 3095 meum.
2934 3035 3086 3093 Licet
3115 3036 3245 3097 mihi
3273 3037 3536 3097 auxilium
3561 3036 3777 3104 tuleris,

2173 3135 2230 3187 et
2272 3126 2325 3183 in
2376 3127 2728 3185 tribulatione
2778 3144 2896 3183 mea
2940 3129 3181 3191 dilatasti
3228 3128 3620 3191 mihi:tamen
3679 3145 3780 3207 ego

551 3221 1298 3314 iii-11.ts.s";;§o’b'aiii.‘a'ii;
1320 3221 2069 3305 ιῖέιιῑι’νέὶίῑῑέῑιῐηῑίᾱιῖίιῑι
2094 3232 2145 3305 C
2179 3221 2553 3277 ¹ηίεθτίοονάί³
2584 3232 2671 3277 ιηη
2701 3238 2815 3278 θείη
2826 3238 2920 3291 Per
2945 3223 3182 3299 ίιιάίιθορ

550 3316 687 3389 ordo
716 3325 955 3389 mutatus
976 3324 1077 3389 est.
1104 3314 1218 3370 Sub
1239 3314 1365 3389 Snul
1385 3315 1786 3389 persecutione,
1812 3317 2075 3379 innocens

551 3385 693 3443 fuit:
722 3387 821 3442 sub
851 3386 1139 3453 Absalom,
1182 3384 1629 3442 manifestissime
1674 3384 1921 3445 criminis
1950 3405 2075 3444 reus

554 3466 805 3531 tenetur,
867 3456 991 3531 Uria
1045 3457 1352 3531 interfectio.
1426 3458 1573 3528 Lege
1629 3460 2076 3531 quinquagesimi

552 3529 742 3611 psalmi
796 3530 1034 3592 titulum.
1072 3539 1131 3591 et
1170 3530 1440 3611 intelliges
1488 3546 1608 3593 eum
1640 3529 1798 3602 juxta
1823 3529 2073 3595 ordinem

558 3610 795 3672 priorem
821 3616 942 3657 esse
970 3617 1131 3673 quem
1167 3610 1406 3663 tertium.

553 3713 797 3784 Domine,
846 3715 971 3785 quid
1019 3714 1357 3785 multiplicati
1386 3724 1524 3783 sunt,
1556 3717 1647 3789 qui
1689 3716 1944 3779 tribulam
1972 3734 2077 3786 ins,

480 3808 635 3866 multi
660 3819 947 3882 exsurgunt
976 3809 1254 3865 adversum
1284 3826 1385 3870 me.
1414 3809 1603 3871 Potest
1629 3810 1719 3877 hic
1756 3812 1993 3884 psalmus
2023 3824 2080 3871 et

478 3904 547 3960 ad
600 3902 792 3969 David,
825 3914 879 3959 et
907 3902 978 3961 ad
1007 3903 1286 3968 Christum
1309 3945 1325 3972 ,
1366 3911 1424 3963 et
1462 3919 1559 3977 per
1597 3920 1743 3975 etin),
1779 3907 1846 3967 ad
1887 3923 2078 3971 omnes

482 4004 701 4055 sanctos
731 3995 1031 4067 pertinere.

552 4090 837 4155 Exaudtrit
853 4108 933 4147 me
957 4091 1022 4148 tle
1045 4099 1215 4155 monte
1229 4101 1413 4149 sancto
1424 4107 1541 4151 suo.
1568 4091 1805 4157 Montem
1829 4104 2078 4159 sanctum

484 4197 619 4258 puto
645 4186 983 4258 unigenitum
1013 4201 1137 4242 esse
1164 4186 1361 4245 Filium
1397 4188 1518 4256 Dei,
1540 4189 1610 4245 ad
1638 4204 1801 4260 quem
1827 4191 1883 4255 in
1900 4193 2084 4255 novis-

484 4279 636 4336 simis
659 4279 853 4337 diebus
890 4278 1080 4350 populi
1101 4280 1410 4343 conlinituri
1440 4293 1587 4344 sunt.
1612 4283 1746 4346 Isaia
1775 4294 1831 4347 et
1855 4285 2080 4345 Micbtna

484 4374 589 4431 hoc
608 4375 784 4445 ipsum
812 4375 1251 4434 vaticinantibus.
1281 4376 1387 4435 Sed
1417 4386 1472 4435 ct
1505 4379 1575 4437 de
1605 4378 1852 4439 Ecclesia
1880 4381 2083 4440 intelli-

481 4470 647 4541 gitur,
681 4471 805 4541 quia
832 4488 941 4529 non
970 4481 1149 4543 potest
1188 4474 1381 4531 civitas
1428 4475 1690 4533 abscondi
1729 4492 1898 4548 super
1925 4493 2084 4535 mon-

490 4570 600 4618 tem
631 4564 832 4634 posita.

2254 3314 2322 3369 Ut
2350 3316 2475 3387 quid
2506 3315 2721 3387 diligitis
2747 3317 3048 3382 vanitatem,
3070 3325 3118 3371 et
3150 3317 3388 3388 queritis
3427 3318 3778 3373 mendacium.

2178 3406 2505 3478 Diapsaltna.
2540 3407 2775 3464 Verbum
2803 3423 2956 3475 seu,
2983 3406 3129 3471 LXX
3151 3410 3508 3485 interpretes,
3529 3412 3780 3485 Symma-

2182 3500 2315 3564 chus
2344 3511 2399 3565 et
2428 3500 2764 3571 Theodotio,
2797 3503 3093 3572 diapsalma
3123 3505 3549 3566 transtulerunt.
3582 3506 3780 3580 Aquila

2180 3610 2332 3664 vero,
2355 3611 2582 3667 semper;
2611 3603 2664 3650 et
2695 3606 2824 3667 puto
2855 3604 2947 3653 aut
2971 3596 3161 3657 musici
3191 3595 3475 3671 cujusdam
3506 3598 3627 3657 soni
3653 3582 3779 3657 esse

2183 3690 2544 3761 signaculum,
2597 3700 2690 3745 aut
2746 3702 2900 3751 certe
2954 3692 3375 3769 perpetuitatem
3420 3707 3611 3757 eorum
3660 3706 3783 3767 qua:

2181 3781 2438 3861 pra-dicta
2468 3791 2615 3859 sunt,
2644 3782 2894 3853 indicari,
2924 3794 2982 3845 ut
3004 3784 3331 3857 ubicumque
3356 3799 3515 3855 seu.
3542 3785 3650 3849 hoc
3673 3793 3781 3855 est,

2180 3878 2494 3950 diapsalma,
2518 3879 2656 3949 sive,
2680 3895 2881 3955 semper
2932 3880 3241 3951 apponitur,
3277 3879 3352 3936 ibi
3400 3880 3646 3944 sciamus
3676 3895 3786 3939 non

2181 3982 2389 4035 tantum
2422 3973 2489 4030 ad
2520 3988 2765 4045 praesens
2793 3982 3030 4044 tempus,
3064 3989 3255 4033 verum
3286 3973 3355 4031 ad
3380 3982 3677 4043 :cternum,
3703 3973 3786 4035 vel

2181 4083 2304 4141 qua:
2332 4076 2655 4143 sequuntur,
2684 4067 2767 4131 vel
2798 4084 2920 4143 qua:
2950 4068 3356 4147 praecesserint,
3384 4068 3692 4145 pertinere.

2258 4160 2389 4229 Qua:
2414 4160 2584 4214 dicitis
2613 4160 2668 4214 in
2696 4159 2938 4221 cordibus
2959 4161 3160 4229 vestris,
3174 4170 3222 4215 et
3249 4160 3303 4221 in
3327 4160 3580 4221 cubilibus
3601 4161 3787 4219 uestris

2184 4253 2611 4325 compungimini.
2635 4252 2788 4329 Quod
2818 4253 2870 4312 in
2899 4252 2989 4315 die
3017 4252 3303 4333 cogitando
3325 4252 3590 4327 peccatis,
3622 4262 3789 4319 necte

2183 4349 2400 4419 exitiale
2426 4365 2525 4429 per
2551 4349 2840 4424 laerytuas.

2257 4443 2569 4513 Sacriﬁcate
2598 4443 2912 4519 sacriﬁcium
2931 4442 3182 4518 justitioz,
3205 4452 3252 4499 et
3281 4450 3488 4516 sperate
3520 4442 3575 4501 in
3609 4441 3793 4504 Domi-

2185 4554 2275 4599 no.
2313 4536 2653 4601 Sacriﬁcium
2685 4537 2801 4593 Deo
2850 4535 3131 4601 immolato
3177 4534 3470 4611 justitiam,
3499 4545 3555 4597 et
3591 4549 3794 4599 cense-

555 4633 667 4727 Ego
717 4658 956 4723 dormivi,
991 4669 1038 4715 et
1074 4673 1347 4732 separatus
1372 4681 1512 4730 sum,
1550 4672 1598 4719 et
1636 4667 1927 4732 exsurrexi,
1953 4666 2083 4739 quia
2107 4633 2163 4709 υ
2187 4641 2416 4739 aniliter
2440 4633 2736 4739 speramus
2758 4634 2812 4687 in
2841 4633 3094 4739 nomium

484 4750 738 4807 Dominus
762 4755 987 4827 suscepit
1012 4771 1112 4811 me.
1138 4756 1303 4827 Quasi
1344 4773 1589 4827 somnus,
1612 4760 1808 4832 inquit,
1840 4771 1893 4817 et
1932 4761 2082 4818 locus

483 4845 607 4918 ejus
638 4848 971 4916 persecutio.

575 4941 701 4997 Non
729 4940 919 4998 timebo
940 4942 1109 4998 millia
1140 4943 1321 5017 pepuli
1350 4944 1717 5001 eireuntdantis
1741 4920 1843 5001 ιηέ.
1875 4945 1947 5001 Et
1977 4945 2085 5001 Da—

485 5034 576 5093 vid
598 5043 780 5108 potest
810 5033 916 5092 huc
945 5034 1014 5092 de
1042 5036 1317 5102 Absalom,
1350 5046 1406 5095 et
1430 5037 1671 5095 exercitu
1704 5039 1825 5109 ejus
1853 5037 2036 5094 dicere
2064 5055 2079 5095 :

485 5137 542 5184 et
570 5128 835 5184 Dominus
865 5127 936 5184 de
960 5128 1166 5185 iudicis
1208 5129 1562 5187 frementibus
1600 5130 1886 5189 adversum
1911 5150 1995 5201 se,
2028 5140 2087 5191 et

489 5219 891 5277 clamantibus:
923 5219 1089 5285 Tolle,
1114 5221 1259 5287 tolle.
1289 5223 1537 5296 crucifige
1558 5239 1672 5280 eum
1693 5222 1876 5297 (Jonas.
1902 5226 2083 5298 uss).

562 5310 829 5380 Quoniam
850 5322 907 5369 tu
934 5313 1232 5381 percussisti
1256 5330 1434 5373 omnes
1464 5316 1797 5374 adversantes
1824 5315 1956 5375 mihi
1975 5317 2088 5379 sine

488 5419 668 5459 causa.
692 5403 935 5461 Perculit
967 5406 1248 5475 Dominus,
1280 5416 1335 5463 et
1362 5408 1549 5464 vineas
1576 5409 2002 5481 alienigenarum
2031 5411 2087 5469 in

489 5498 776 5571 grandine,
799 5497 1138 5569 etSalvotor,
1167 5502 1257 5574 qui
1290 5516 1389 5574 pro
1413 5502 1570 5568 nobis
1595 5503 1769 5565 iactus
1785 5506 2083 5577 estomnis,

487 5605 782 5662 percussus
792 5607 820 5645 a
836 5591 997 5657 Patre
1008 5593 1266 5653 scribitur
1283 5592 1601 5659 :Perenn'ant
1613 5606 1893 5669 pastorem,
1909 5607 1957 5657 et
1970 5613 2087 5657 ores

483 5687 845 5760 dispergentur
856 5686 1048 5759 (Zach.
1065 5688 1322 5761 xm).Pro
1341 5690 1454 5745 sine
1475 5706 1631 5746 causa
1647 5699 1850 5763 autem,
1869 5692 2088 5748 maxilla

485 5777 683 5851 legitur
714 5778 771 5845 in
800 5778 1071 5853 llzebrmo,
1112 5780 1163 5845 id
1197 5788 1301 5851 est,
1332 5797 1510 5847 ιεειιι,
1546 5783 1612 5847 lit
1654 5783 1777 5859 quia
1810 5782 2085 5853 maxillam

492 5871 855 5942 prmmiscrat,
897 5882 1298 5946 consequenter
1329 5872 1579 5932 infertur.
1614 5873 1808 5940 Dentes
1847 5884 2086 5948 peccato.

2259 4726 2539 4802 Signatum
2561 4736 2634 4785 est
2672 4743 2825 4803 super
2852 4743 2948 4787 nos
2986 4726 3159 4789 lumen
3200 4723 3373 4789 uultus
3398 4726 3498 4794 tui,
3535 4722 3789 4785 Domine.

2190 4817 2247 4881 ln
2281 4819 2435 4888 cujus
2467 4820 2604 4877 facie
2652 4820 2831 4881 lumen
2880 4818 3090 4873 Domini
3121 4819 3393 4897 signatum
3424 4827 3529 4887 est,
3562 4816 3679 4879 iste
3706 4829 3795 4880 re-

2188 4912 2362 4975 velata
2392 4912 2531 4969 facie
2557 4912 2788 4984 gloriam
2821 4910 3032 4975 Domini
3064 4911 3492 4989 conuentpiatur.
3522 4909 3672 4972 Tale
3721 4908 3798 4969 si-

2188 5021 2351 5083 gnum
2384 5014 2438 5063 ct
2465 5004 2517 5069 in
2546 5005 2886 5079 gementium
2920 5002 3189 5068 frontibus
3217 5002 3267 5063 in
3303 5003 3444 5064 libro
3472 4999 3795 5065 Ezechielis

2192 5097 2467 5169 prophetae
2491 5098 2663 5152 notari
2706 5097 2968 5151 Dominus
2999 5097 3252 5166 prmcepit
3282 5093 3500 5167 (Ezech.
3526 5090 3644 5165 ix).

2257 5192 2302 5249 Α
2354 5194 2527 5263 fructu
2557 5189 2820 5269 frumenti,
2847 5199 2898 5249 et
2940 5190 3047 5247 vini
3093 5205 3274 5251 eorum
3320 5188 3507 5267 repleti
3538 5194 3699 5247 sunt.
3737 5184 3795 5241 id

2187 5285 2332 5358 quod
2359 5287 2411 5348 in
2443 5285 2690 5363 pluribus
2721 5282 3006 5349 codicibus
3035 5283 3336 5355 invenitur,
3359 5290 3408 5341 et
3446 5277 3543 5339 alti
3582 5294 3795 5347 eorum,

2186 5396 2308 5435 cum
2338 5385 2610 5435 vetustum
2651 5375 2901 5447 Origeuis
2932 5375 3252 5446 exetnplnm
3300 5372 3549 5429 Psalterii
3610 5370 3799 5427 revol-

2190 5486 2395 5536 verem,
2421 5471 2563 5542 quod
2594 5470 2760 5547 ipsius
2791 5484 2958 5532 manu
2989 5467 3166 5529 fuerat
3198 5464 3571 5531 emendatum,
3610 5480 3722 5527 nec
3743 5465 3800 5520 in

2186 5546 2447 5639 llebrzeo,
2476 5580 2575 5630 nec
2606 5565 2659 5621 in
2688 5564 2900 5625 ceteris
2926 5561 3283 5630 editiouibus,
3310 5574 3408 5623 nec
3443 5557 3587 5635 apud
3636 5559 3797 5633 ipsos

2187 5658 2543 5732 Septuaginta
2572 5658 2903 5732 interpretes
2927 5656 3129 5728 reperi.

2190 5873 2257 5940 In
2288 5877 2445 5951 ﬁnem
2473 5892 2566 5950 pro
2582 5891 2644 5934 ea
2662 5775 3511 5949 ηιιωῗιὲῗιιᾶῗέιῗηιζωιωςων.
3540 5867 3796 5941 malum
