3944 6334
196 334 234 399 (ii
242 342 295 397 '29

1135 317 1562 379 iliil‘ZVthUM
1603 315 1669 374 ΙΝ
1710 313 2046 374 Ρεὴιιιιοιό.
2094 313 2342 375 ΡΒΜΜ.
2387 311 2474 371 ιν.

3351 305 3456 362 850

199 497 204 501 -
265 454 431 511 Πανία·
461 449 530 504 De
557 444 805 522 Εσίῧθθδίίδ
835 457 954 514 ⁸1⁸⁸⁵⁸
975 443 1030 496 ίη
1056 441 1162 496 θηθ
1195 449 1249 496 θί
1277 435 1751 522 θ9¹¹³¹¹.¹“¹“²ἳίί⁰“θ
1779 435 1828 495 Α
1863 451 1965 512 dus
1994 455 2250 512 merebor
2280 463 2336 512 te
2363 454 2571 510 videre.
2607 453 2867 522 Quoniam
2898 460 2953 506 tu
2982 466 3034 506 es
3065 447 3208 504 Deus
3235 461 3338 502 non
3371 462 3462 500 vo-

265 507 432 584 mttttdi
462 519 832 575 haereditatem
854 507 1216 569 consecutura
1253 519 1338 584 est
1364 507 1635 584 universis
1660 522 1756 560 na-

265 576 476 655 iionibus
511 591 729 657 Christo
771 583 1153 650 credentibus,
1194 582 1436 657 psalmus
1465 576 1761 657 _iste_con-

190 668 196 678 ’
266 649 466 726 lexitur.
490 655 730 731 Denique.
751 667 806 715 et
843 673 908 714 ex
943 649 1171 728 persona
1195 649 1316 725 ejus
1343 652 1514 707 oratio
1546 649 1612 704 ad
1648 649 1758 704 Do-

264 743 450 798 minum
476 737 746 806 dirigitur.

268 831 420 891 Verba
447 841 558 886 mea
587 821 800 883 auribus
827 825 1050 897 percipe,
1084 821 1319 876 Domine.
1363 819 1553 875 Nullus
1596 816 1763 872 habet

191 932 326 986 banc
353 924 597 981 ﬁduciam
641 919 745 976 nisi
796 917 1060 974 Ecclesia.
1089 915 1191 982 Qui
1237 919 1489 985 peccator
1519 920 1622 973 cat,
1652 924 1760 964 non

202 1027 271 1081 est
293 1031 441 1076 ausus
462 1010 647 1072 dicere
680 1027 692 1068 :
721 1009 892 1068 Verba
914 1025 1031 1065 mea
1063 1007 1282 1063 auribus
1323 1005 1550 1078 percipe,
1583 1002 1762 1058 Domi-

188 1114 382 1184 ~ne;qui
413 1110 667 1166 irascitur
689 1116 743 1162 et
775 1103 1069 1169 maledicit,
1102 1117 1210 1156 non
1239 1108 1322 1156 est
1347 1112 1511 1153 ausus
1537 1096 1722 1150 dicere
1748 1111 1762 1150 :

207 1208 350 1265 Verba
385 1220 498 1260 mea
545 1203 758 1257 auribus
805 1200 1034 1272 percipe.
1080 1195 1335 1260 Domine;
1373 1193 1468 1250 sed
1522 1201 1669 1263 optat
1707 1200 1766 1246 ut

202 1303 324 1359 Deus
352 1298 570 1355 claudat
597 1309 760 1351 aures
788 1307 935 1350 suas.
969 1291 1214 1362 Intelligo
1241 1291 1522 1344 clamorem
1564 1299 1761 1350 meum,

197 1408 287 1454 etc.
313 1395 528 1450 Clamor
556 1392 613 1448 in
637 1388 942 1460 Scripturis
970 1403 1075 1441 non
1108 1385 1281 1450 vocis,
1313 1383 1408 1438 sed
1449 1379 1632 1437 cordis
1657 1385 1765 1434 est.

201 1490 413 1560 Denique
453 1487 521 1541 ad
572 1486 799 1558 Moysen
849 1483 1093 1538 dicitur:
1128 1478 1268 1545 Quid
1281 1494 1296 1508 '
1324 1479 1520 1533 clamas
1563 1475 1631 1528 ad
1683 1488 1767 1528 me

197 1577 367 1648 (Exod.
394 1580 544 1652 xlv)?
563 1591 685 1635 cum
714 1579 930 1651 Moyses
955 1585 1083 1631 ante
1113 1587 1220 1628 non
1252 1574 1562 1627 clamasset.
1598 1566 1766 1622 Intel-

197 1678 283 1748 b’ge
315 1677 591 1730 clamorem
635 1685 824 1727 meum.
869 1669 938 1725 Et
991 1667 1331 1740 Apostolus:
1364 1661 1665 1718 Ctamautes
1712 1659 1765 1713 in

197 1769 408 1826 cordibus
449 1768 664 1833 uestris,
705 1765 832 1821 abba
875 1771 1027 1836 pater
1053 1759 1254 1834 (Galat.
1297 1758 1397 1828 tv).
1433 1756 1628 1825 iltique
1675 1751 1764 1822 qtti

1864 551 1973 607 lens
2009 549 2356 624 iniquitatem.
2389 548 2688 621 Propterea
2730 561 2837 602 non
2871 559 2958 602 me
3007 540 3266 600 exaudies
3301 540 3460 612 plena

1865 645 2005 714 luce,
2040 645 2134 702 sed
2160 661 2343 714 mane,
2363 645 2618 717 quoniam
2652 656 2758 698 non
2783 642 2887 709 vis,
2911 639 3078 702 Deus,
3097 636 3458 709 iniquitatem.

1864 738 1998 795 Cum
2048 739 2193 795 enim
2243 737 2506 796 recedere
2555 751 2776 807 erepere
2817 735 2885 790 ab
2924 733 3231 804 iniquitate,
3277 726 3460 784 statim

1866 831 2116 889 merebor
2142 830 2546 889 ettauditioncm
2577 841 2749 884 tuam.

1943 927 2124 995 Neque
2155 927 2581 1000 habitabitjuxta
2614 934 2660 979 te
2687 922 2967 997 malignus.
3008 916 3239 988 Quando
3267 913 3466 988 aliquis

1867 1019 2072 1077 recedit
2113 1036 2140 1074 a
2185 1017 2340 1074 nobis
2376 1021 2464 1090 qui
2507 1019 2683 1073 malus
2729 1026 2834 1083 est,
2864 1013 3230 1086 gratulemur,
3263 1009 3366 1066 hoc
3405 1009 3462 1064 in

1869 1114 2028 1169 nobis
2059 1112 2113 1166 iit
2143 1111 2286 1182 quod
2319 1111 2519 1167 factum
2553 1119 2635 1165 est
2665 1118 2718 1166 et
2741 1107 2793 1164 in
2823 1107 3074 1164 Domino.
3099 1103 3290 1161 Videte
3317 1102 3464 1158 enim

1867 1206 1993 1278 quid
2050 1203 2197 1260 dicat
2245 1203 2478 1275 Spiritus
2510 1209 2730 1258 sanctus
2761 1218 2778 1255 :
2811 1199 2993 1270 Neque
3025 1196 3277 1253 habitabit
3302 1199 3465 1271 juxta

1871 1311 1917 1354 to
1961 1298 2241 1371 malignus,
2267 1313 2386 1370 qum
2429 1296 2575 1352 enim
2617 1294 3040 1351 communicatio
3077 1289 3184 1348 luci
3225 1300 3278 1345 et
3312 1299 3465 1346 tene-

1871 1396 2021 1452 bris?
2051 1393 2141 1467 qui
2167 1408 2470 1449 consensus
2499 1392 2716 1446 Christo
2748 1399 2801 1445 et
2841 1386 3050 1444 Belial?
3082 1382 3302 1457 quando
3332 1399 3465 1454 ergo

1870 1491 2133 1547 recedunt
2161 1487 2324 1558 aliqui
2355 1501 2418 1541 ex
2453 1481 2632 1550 nobis,
2658 1481 2902 1538 dicamus
2955 1486 3012 1535 et
3051 1493 3185 1536 nos:
3212 1477 3470 1532 Exierunt

1871 1600 1934 1638 ex
1965 1582 2130 1649 nobis,
2171 1581 2261 1634 sed
2303 1595 2405 1632 non
2454 1579 2662 1648 fuerunt
2693 1590 2756 1630 ea:
2798 1573 2963 1627 nobis.
2998 1571 3059 1627 Si
3085 1571 3218 1626 enim
3251 1568 3468 1642 fuissent

1871 1694 1934 1733 ex
1962 1673 2128 1743 nobis,
2173 1673 2475 1727 mansissent
2520 1670 2694 1740 utique
2739 1665 3008 1722 nobiscum
3045 1665 3065 1732 (
3088 1663 3108 1720 1
3135 1661 3294 1718 Joan.
3335 1660 3460 1734 xu).

1873 1769 2081 1826 Dicitur
2105 1765 2169 1820 ad
2202 1766 2368 1820 Deum
2396 1779 2414 1819 :
2443 1759 2564 1817 Non
2585 1757 2835 1817 habitabit
2849 1759 3007 1830 juxta
3034 1767 3081 1810 te
3105 1754 3386 1827 malignus.
3410 1752 3466 1807 Si

195 1866 390 1931 cum“,
420 1873 533 1917 "0“
563 1862 618 1916 ίη
654 1859 820 1915 corde
845 1857 1066 1921 Clam”,
1093 1853 1192 1909 “ed
1235 1854 1285 1906 ¹¹¹
1329 1852 1506 1916 ιίηκ¹¹³
1545 1846 1764 1901 dam“-
1803 1833 1846 1896 Β
1876 1865 2019 1919 enim
2055 1861 2196 1917 Deus
2222 1859 2360 1932 ignis
2385 1869 2490 1927 εει,
2523 1866 2576 1912 et
2603 1855 2746 1927 ignis
2768 1867 3120 1920 consumens,
3142 1851 3468 1922 quicumque

197 1957 255 2013 Et
273 1948 539 2027 quomodo
567 1951 700 2010 dicit
744 1949 1063 2022 Apostolus,
1096 1946 1385 2001 clamantes
1430 1944 1482 1996 in
1522 1937 1765 1994 cordibus

194 2049 361 2104 nostris
381 2047 407 2102 ι
428 2046 664 2115 Quando
695 2045 857 2114 igitur
884 2042 1114 2113 gemitus
1154 2050 1366 2103 noster,
1393 2044 1452 2091 et
1485 2031 1769 2089 conscien-

194 2145 256 2197 tia
275 2143 613 2214 deprecatur,
641 2140 805 2194 istum
825 2137 1122 2191 clamorem
1143 2130 1398 2200 intelligit
1429 2129 1590 2184 Deus.
1614 2122 1768 2181 Unde

194 2235 302 2290 dicit
318 2232 684 2290 etieremias:
710 2231 830 2285 Non
853 2229 1009 2284 sileat
1037 2226 1238 2300 pupilla
1256 2221 1395 2278 oculi
1421 2221 1518 2275 mei
1541 2218 1764 2288 (Thrcn.

193 2327 262 2399 tt).
293 2329 486 2385 Videte
513 2323 642 2398 quid
665 2326 813 2381 dicat
840 2340 854 2379 :
889 2321 1012 2377 Non
1043 2329 1208 2376 taceat
1241 2317 1442 2390 pupilla
1472 2314 1610 2370 oculi
1633 2311 1766 2366 mei:

192 2435 238 2479 ct
255 2422 539 2496 aliquando
567 2420 771 2494 pupilla
815 2418 959 2474 oculi
1000 2416 1202 2472 clamat
1245 2414 1312 2466 ad
1350 2413 1539 2466 Deum.
1572 2404 1770 2475 Utique

189 2518 229 2573 si
246 2517 461 2585 clamat,
493 2516 678 2587 lingua
699 2513 920 2578 clamat,
947 2525 1054 2564 non
1078 2507 1279 2580 pupilla
1306 2503 1470 2560 oculi.
1499 2501 1606 2557 Sed
1633 2513 1771 2570 quo-

191 2609 334 2668 modo
369 2612 679 2667 clamamus
722 2608 777 2664 in
818 2604 1079 2662 cordibus
1133 2601 1358 2667 nostris,
1389 2597 1608 2669 quando
1644 2609 1767 2650 cum

190 2706 372 2776 gemitu
408 2705 696 2760 Dominum
729 2701 1125 2772 deprecamur:
1154 2697 1233 2752 sic
1255 2693 1475 2766 quando
1500 2691 1769 2761 iacrytnas

191 2800 246 2855 ad
273 2801 438 2858 Deum
473 2799 772 2866 tundimus,
808 2811 878 2849 eo
911 2806 1155 2866 tempore
1184 2788 1386 2860 pupilla
1414 2785 1557 2842 oculi
1596 2781 1768 2838 nostri

189 2894 374 2952 clamat
421 2894 485 2950 ad
531 2894 843 2948 Dominum.
876 2890 988 2944 lica:
1029 2902 1196 2948 meus,
1227 2895 1274 2939 et
1305 2882 1441 2938 Deus
1480 2896 1642 2936 meus.
1676 2877 1772 2933 ille

191 3003 304 3046 vere
333 2998 500 3045 ausus
543 2993 629 3043 est
674 2987 879 3052 dicere,
917 2983 1030 3037 lien:
1058 2997 1201 3035 meus
1229 2989 1276 3034 et
1307 2975 1448 3032 Deus
1485 2990 1650 3043 meus,
1684 2971 1769 3026 cui

190 3100 285 3142 non
307 3090 501 3154 regnat
533 3091 813 3154 peccatum
851 3081 903 3135 in
940 3076 1160 3133 mortali
1205 3087 1458 3144 corpore.
1495 3070 1606 3126 Rex
1629 3084 1768 3122 meus

1871 1957 2071 2029 stipula
2108 1965 2210 2016 est.
2244 1957 2572 2025 quicumque
2602 1951 2806 2022 lignum
2837 1957 2940 2014 est,
2973 1945 3104 2019 fugit
3135 1946 3203 2000 ab
3233 1943 3382 2015 igne,
3403 1957 3471 1998 ne

1870 2058 2226 2107 censumatnr
2265 2047 2334 2103 ab
2357 2048 2500 2118 igne.
2541 2045 2722 2115 Neque
2751 2038 3470 2117 prrmancbuntinjuatiante

1871 2144 2047 2199 oculos
2089 2151 2222 2197 tuos.
2274 2138 2501 2209 Quando
2540 2136 2760 2203 dicitur,
2813 2148 2990 2206 neque
3035 2131 3464 2204 permanebunt,

1871 2240 2178 2295 ostenditur
2207 2233 2349 2305 quod
2379 2231 2671 2305 aliquando
2693 2229 3015 2286 manserint.
3039 2227 3470 2284 Manscruntau-

1873 2339 1980 2386 tem
2013 2326 2306 2400 aliquando
2337 2325 2522 2397 injusti
2565 2331 2694 2380 ante
2726 2322 2920 2380 oculos
2959 2321 3054 2378 Dei
3097 2340 3109 2374 :
3149 2327 3470 2376 manserunt

1873 2425 1984 2479 Deo
2003 2429 2356 2492 exspectante
2379 2417 2755 2490 paenitentiam
2785 2417 3056 2488 ipsorum;
3085 2413 3183 2470 sed
3209 2412 3468 2484 quoniam

1873 2525 2288 2590 permanserunt
2324 2513 2507 2586 injusti
2529 2557 2543 2582 ,
2578 2522 2863 2586 propterea
2908 2525 3014 2567 non
3049 2515 3472 2583 permanserunt

1873 2624 2000 2667 ante
2029 2611 2217 2665 oculos
2245 2608 2360 2666 Dei.

1947 2705 2118 2760 (Μειιὶ
2141 2719 2317 2759 omnes
2347 2703 2434 2775 qui
2463 2709 2742 2774 operantur
2768 2698 3113 2769 iniquitatem.
3148 2695 3338 2753 infelix
3361 2701 3468 2762 est,

1873 2816 2032 2874 quem
2068 2797 2180 2854 odit
2212 2799 2373 2854 Deus.
2407 2796 2540 2866 Quis
2582 2804 2668 2851 est
2695 2794 2788 2850 ille
2829 2806 2988 2865 quem
3025 2789 3137 2847 odit
3171 2789 3348 2846 Deus?
3377 2787 3472 2859 qui

1873 2901 2134 2965 Operatnr
2168 2889 2542 2961 iniquitatem.
2579 2886 2635 2946 Si
2667 2887 2812 2943 enim
2845 2900 3034 2941 omnes
3079 2897 3388 2955 peccamus,
3420 2889 3474 2937 et

1873 2987 2201 3058 quicumque
2247 2991 2458 3055 peccat,
2495 2982 2619 3038 odio
2663 2980 2899 3036 habetur
2931 2995 2961 3034 a
2986 2978 3126 3041 Deo,
3176 2989 3310 3045 ergo
3350 2973 3478 3029 odio

1877 3080 2142 3136 habemur
2178 3093 2207 3133 a
2249 3078 2505 3134 Domino.
2551 3075 2606 3133 Si
2639 3083 2820 3130 autem
2856 3073 2983 3127 odio
3015 3069 3283 3126 habemur
3309 3084 3338 3122 a
3380 3067 3478 3122 Do-

189 3187 230 3233 et
253 3177 382 3234 Deus
404 3191 570 3246 meus,
596 3176 720 3246 quia
752 3186 948 3244 regnas
979 3171 1033 3226 in
1071 3185 1177 3235 me,
1205 3178 1254 3224 et
1289 3183 1398 3221 non
1428 3173 1618 3234 regnat
1643 3175 1772 3234 pec-

1885 3175 2050 3240 mino,
2081 3173 2356 3246 quomodo
2395 3171 2568 3244 gratia
2613 3168 2808 3224 salvati
2848 3165 3074 3222 sumus?
3124 3162 3298 3219 Odisti
3356 3176 3474 3215 om-

189 3279 352 3329 calum
384 3289 402 3328 :
429 3279 714 3344 prepterea
748 3270 892 3324 Deus
925 3279 1079 3322 meus
1111 3276 1192 3319 es.
1220 3262 1300 3318 'l‘u
1328 3274 1388 3316 es
1416 3261 1554 3313 Deus
1577 3272 1772 3312 meus:

1885 3284 1976 3324 nes
2005 3239 2114 3339 qui-
2139 3239 2435 3338 operantur
2469 3264 2830 3333 iniquitatem.
2863 3259 2980 3315 Non
3015 3258 3154 3314 dixit
3199 3255 3292 3327 qui
3338 3268 3473 3326 ope-

191 3367 302 3438 quia
331 3381 440 3422 non
471 3373 557 3422 est
584 3371 775 3421 venter
800 3363 942 3417 Deus
965 3373 1149 3416 meus:
1180 3357 1305 3428 quia
1338 3369 1444 3410 non
1468 3361 1551 3408 est
1581 3365 1772 3406 aurum

193 3457 322 3514 Deus
348 3473 536 3513 meus:
563 3456 687 3528 quia
721 3467 826 3510 non
851 3461 936 3510 est
962 3449 1125 3508 libido
1149 3451 1291 3504 Deus
1319 3462 1490 3503 meus.
1509 3445 1773 3513 Quoniam

189 3561 239 3607 ttt
267 3557 437 3610 virtus
465 3569 550 3621 es,
572 3557 629 3608 et
653 3563 754 3623 ego
781 3549 945 3619 cupio
972 3547 1172 3602 habere
1197 3548 1446 3607 virtutes,
1483 3549 1774 3612 propterea

189 3656 238 3704 tu
265 3664 324 3704 es
349 3649 495 3704 Deus
528 3659 702 3716 meus,
735 3646 840 3700 hoc
866 3649 970 3707 est,
1005 3641 1191 3695 virtus
1222 3651 1363 3694 mea.

257 3737 412 3795 Mane
458 3737 706 3794 exaudiet
748 3749 918 3790 uocem
963 3743 1152 3787 meam.
1203 3730 1430 3798 Quidam
1476 3723 1780 3796 simplicius

191 3833 631 3904 interpretantur,
665 3829 772 3887 hoc
805 3835 914 3894 est,
953 3837 1193 3898 exsurgo
1226 3823 1473 3880 diluculo
1502 3821 1566 3876 ad
1610 3833 1777 3874 oran-

191 3924 335 3994 dum,
366 3934 421 3983 et
457 3923 726 3997 deprecor
759 3927 832 3978 ιε.
865 3921 928 3978 lit
965 3933 1087 3993 qua:
1119 3927 1205 3975 est
1227 3917 1341 3989 ista
1376 3912 1777 3986 interpretatio,

190 4034 289 4090 qua
311 4017 534 4087 dicitur,
559 4031 719 4075 mane
737 4029 836 4073 nos
863 4015 1108 4079 exaudit,
1133 4025 1364 4083 vespere
1394 4025 1500 4064 non
1533 4005 1777 4074 exaudit,

191 4114 368 4170 media
398 4123 559 4170 noete
613 4125 722 4168 non
766 4109 1009 4166 csaudit.
1039 4108 1146 4165 Sed
1187 4107 1374 4162 videte
1418 4104 1547 4175 quid
1587 4102 1781 4156 dicat:

191 4208 448 4280 Quamdiu
477 4211 529 4264 in
558 4207 802 4264 tenebris
835 4205 1041 4262 errOris
1079 4217 1222 4270 sum,
1260 4215 1370 4257 non
1408 4213 1494 4255 me
1538 4195 1780 4255 exaudit.

192 4296 413 4372 Quando
436 4315 570 4360 vero
600 4296 683 4357 sol
708 4299 939 4372 iustitia:
965 4296 1182 4354 venerit
1213 4296 1265 4350 in
1289 4294 1457 4351 corde
1488 4306 1632 4360 meo,
1657 4299 1786 4346 tunc

193 4411 280 4453 me
310 4396 574 4454 exaudit:
599 4407 750 4451 mane
777 4394 1024 4451 exaudire
1050 4402 1226 4447 vocem
1246 4404 1434 4444 meum.
1462 4387 1582 4444 Non
1623 4385 1782 4452 dixit,

195 4489 348 4546 tertia
387 4489 542 4557 hora,
578 4501 686 4545 non
732 4487 870 4544 dixit
899 4493 1053 4543 sexta
1101 4485 1258 4550 hora,
1286 4497 1392 4539 non
1443 4479 1578 4538 dixit
1625 4479 1784 4550 plena

195 4579 348 4652 luce;
381 4583 473 4641 sed
505 4581 692 4638 videte
726 4579 854 4654 qttid
894 4579 1040 4635 dicat
1073 4597 1087 4634 τ
1123 4575 1299 4644 Mane,
1333 4575 1513 4630 statim
1539 4581 1597 4628 ut
1627 4582 1782 4628 tene-

1879 3365 1978 3418 rati
2007 3369 2132 3417 sunt
2159 3361 2526 3431 iniquitatem,
2568 3355 2663 3413 sed
2697 3357 2785 3428 qui
2824 3363 3105 3427 operantur
3135 3351 3474 3421 iniquitatem.

1886 3457 1986 3526 Qui
2017 3461 2372 3527 perseverant
2399 3451 2453 3508 in
2480 3458 2732 3522 peccato,
2760 3449 2836 3504 illi
2866 3447 2996 3503 odio
3031 3445 3298 3501 habentur
3329 3460 3355 3496 a
3377 3441 3482 3496 Do-

1881 3552 2068 3606 mino:
2103 3551 2192 3621 qui
2224 3556 2406 3604 autem
2449 3546 2796 3608 dimiserunt,
2847 3541 2928 3596 illi
2981 3549 3240 3595 amantur
3293 3551 3322 3591 a
3374 3535 3480 3590 Do-

1881 3645 2035 3700 mino
2061 3661 2075 3700 ε
2111 3641 2307 3698 Perdes
2342 3655 2522 3694 omnes
2549 3639 2636 3709 qui
2659 3636 2945 3703 loquuntur
2972 3631 3316 3688 mendacium.
3343 3628 3478 3682 Rem

1883 3751 2074 3793 novam
2108 3735 2289 3789 video.
2314 3732 2414 3801 Qui
2449 3731 2648 3785 malum
2681 3736 2964 3798 Operatur,
3025 3723 3152 3779 odio
3209 3722 3479 3777 habetur:

1881 3834 1972 3904 qui
2031 3829 2314 3895 mentitur,
2357 3826 2515 3898 perit.
2549 3823 2843 3880 Videamus
2875 3819 3003 3891 quid
3056 3819 3128 3873 sit
3163 3817 3312 3886 plus,
3352 3811 3480 3868 odio

1884 3923 2069 3978 baberi
2100 3935 2131 3978 a
2179 3919 2438 3985 Domino,
2486 3933 2554 3972 an
2609 3916 2814 3984 perire.
2870 3911 3065 3966 Infelix
3117 3906 3336 3978 quidem
3397 3913 3482 3959 est

1883 4016 1975 4088 qui
2003 4015 2130 4070 odio
2172 4014 2404 4068 habetur
2455 4025 2484 4065 a
2511 4008 2771 4074 Domino,
2805 4003 2902 4060 sed
2934 4002 3112 4057 adhuc
3162 3999 3322 4053 vivit.
3373 3995 3479 4064 Qui

1886 4119 2070 4165 autem
2105 4105 2346 4177 loquitur
2394 4099 2739 4158 mendacium
2773 4106 2828 4153 et
2857 4096 3024 4165 perit,
3053 4093 3164 4164 jam
3209 4104 3334 4146 esse
3378 4088 3478 4144 de-

1887 4203 2050 4259 sistit.
2084 4200 2230 4270 Ergo
2270 4195 2538 4253 infelicior
2568 4204 2673 4261 est,
2706 4193 2796 4262 qui
2835 4188 3182 4246 mendacium
3212 4183 3482 4254 loquitur,

1889 4310 2046 4367 quant
2080 4293 2175 4350 ille
2203 4290 2295 4363 qui
2332 4298 2591 4362 operatur
2617 4285 2983 4358 iniquitatem,
3033 4281 3124 4352 qui
3157 4278 3302 4334 enint
3352 4291 3486 4348 ope-

1891 4395 2039 4444 ratur
2069 4383 2412 4457 iniquitatem
2433 4426 2449 4444 .
2482 4379 2611 4437 odio
2660 4373 3049 4446 babeturaqui
3092 4380 3274 4427 autem
3305 4369 3486 4438 loqui-

1892 4488 1978 4535 tur
2030 4477 2416 4545 mendacium,
2473 4473 2634 4544 perit.
2707 4469 2778 4525 Os
2829 4469 2988 4535 enim,
3047 4465 3188 4538 quod
3218 4463 3485 4528 mentitur,

1893 4573 2084 4630 occidit
2104 4573 2332 4626 animam
2363 4568 2520 4643 (Sap.
2553 4567 2615 4638 t).
2642 4565 2708 4621 Et
2738 4561 3016 4635 quomodo
3063 4559 3328 4629 scriptum
3359 4563 3445 4612 est
3472 4572 3487 4612 :

194 4675 308 4732 brte
347 4677 528 4748 fugere
577 4673 873 4746 cmperlnt,
903 4671 1168 4729 exaudis:
1201 4671 1382 4727 statim
1424 4667 1477 4724 in
1520 4666 1786 4740 principio
1817 4638 1862 4697 ῃ
1892 4675 1950 4723 ut
1974 4667 2039 4722 sit
2064 4665 2206 4721 Deus
2233 4638 2411 4731 aerato,
2453 4638 2620 4718 omnis
2639 4668 2811 4715 autem
2852 4657 3006 4711 homo
3034 4654 3260 4709 mendam
3303 4650 3484 4725 (Rom.

197 4768 323 4827 boni
349 4772 528 4843 operis
561 4785 648 4826 me
675 4767 925 4834 exaudis,
954 4780 1060 4824 non
1082 4767 1281 4838 qttmris
1306 4765 1491 4820 linem.
1521 4765 1613 4818 list
1639 4762 1782 4819 enim

193 4878 369 4920 meum
397 4864 561 4932 velle,
579 4871 725 4918 tuum
762 4861 1042 4931 perficere.
1070 4859 1418 4914 Maneastabo
1448 4856 1558 4911 tibi.
1577 4855 1770 4911 Videte

199 4955 457 5022 ordinem,
493 4969 679 5023 mane,
710 4968 816 5011 non
845 4967 1093 5023 vespere,
1128 4965 1235 5007 non
1279 4952 1332 5007 in
1385 4949 1649 5014 tenebris,
1686 4947 1783 5004 sed

201 5064 374 5107 mane.
407 5050 564 5106 Mane
603 5048 780 5105 astabo
803 5049 935 5104 tibi:
959 5047 1113 5102 stabo
1143 5054 1477 5113 constanter,
1508 5053 1559 5099 et
1591 5041 1775 5098 imita-

200 5139 298 5198 bor
317 5143 554 5215 Moysen.
591 5140 748 5199 Mane
775 5143 954 5198 astabo
970 5143 1057 5197 tibi
1082 5158 1098 5196 :
1119 5140 1212 5197 tibi
1234 5141 1445 5204 aetabo,
1477 5155 1584 5194 non
1618 5140 1767 5195 aliis.

210 5231 339 5291 Cum
368 5249 544 5293 autem
580 5249 741 5291 mane
773 5235 952 5302 fuerit,
983 5243 1036 5290 et
1067 5243 1295 5299 stetere,
1329 5243 1382 5289 et
1414 5233 1508 5288 tibi
1553 5241 1786 5298 stetero,

208 5335 328 5384 tunc
365 5332 618 5386 merebor
654 5340 706 5384 te
745 5327 955 5385 videre.
995 5327 1061 5382 Et
1099 5327 1301 5383 videbo.
1333 5312 1701 5389 Subauditur,
1735 5331 1792 5381 te

207 5423 414 5490 videbo,
447 5426 602 5480 multi
635 5425 776 5480 male
804 5423 1013 5494 legunt,
1041 5429 1098 5476 et
1134 5419 1342 5488 dicunt,
1375 5423 1461 5475 καὶ
1497 5419 1743 5492 ἐπόψειμε
1776 5434 1795 5474 :

213 5517 302 5572 sed
331 5515 560 5575 sciamus
598 5531 844 5574 errorem
884 5529 1034 5582 esse;
1059 5518 1138 5572 sic
1167 5515 1385 5581 dicitur,
1418 5515 1506 5569 καὶ
1541 5512 1796 5586 ἐπόψομαι

216 5607 310 5666 hoc
329 5619 428 5683 est,
459 5611 666 5682 uidebo,
687 5619 746 5667 ιιι
773 5611 854 5666 sic
875 5608 1011 5664 ordo
1038 5623 1199 5680 quem
1233 5607 1499 5675 diximus,
1532 5605 1798 5674 incipien-

217 5710 264 5758 te
299 5704 416 5762 luce
461 5706 721 5760 virtutum
768 5701 821 5758 in
866 5703 1046 5758 anima
1091 5713 1234 5766 mea,
1266 5698 1483 5772 quando
1512 5706 1664 5754 stare
1698 5697 1797 5754 tibi

214 5809 445 5866 cepero,
473 5812 586 5855 non
615 5797 834 5865 sedere,
866 5809 975 5852 non
1009 5796 1217 5868 lacere,
1243 5793 1336 5850 sed
1378 5801 1525 5848 atare
1560 5808 1572 5846 ε
1603 5802 1658 5847 et
1687 5801 1797 5846 sta-

197 5899 332 5949 νιιιεε
349 5902 506 5968 supra
537 5902 750 5965 petram
795 5892 965 5964 pedes
995 5903 1172 5958 meos,
1201 5895 1330 5945 tunc
1364 5898 1460 5958 per
1499 5886 1635 5943 istos
1676 5899 1799 5957 gra-

1893 4762 1996 4835 tu).
2022 4762 2078 4818 Si
2112 4755 2294 4818 autem
2322 4760 2653 4831 quicumque
2698 4754 2938 4825 loquitur
2976 4749 3349 4811 mendacium,
3378 4747 3490 4816 jam

1892 4857 2056 4928 perit,
2084 4862 2142 4912 et
2164 4852 2364 4910 occidit
2397 4852 2634 4906 animam
2665 4862 2818 4903 suam
2849 4863 2862 4900 :
2902 4860 3096 4900 omnes
3131 4853 3312 4898 autem
3337 4854 3496 4894 men-

1895 4953 2081 5017 timur,
2104 4963 2239 5020 ergo
2257 4959 2452 5003 omnes
2471 4943 2804 5016 peribimus?
2825 4940 2939 4996 lioc
2961 4949 3143 4995 autem
3165 4934 3312 5008 quod
3333 4932 3493 4988 dicit:

1896 5043 2092 5098 Perdes
2132 5056 2306 5096 omnes
2327 5039 2414 5109 qui
2455 5038 2740 5109 loquuntur
2783 5033 3133 5096 mendacium,
3165 5039 3219 5084 et
3247 5043 3312 5084 ex
3362 5041 3495 5082 con-

1896 5135 2248 5207 sequentibus
2306 5132 2531 5204 psalmi,
2589 5141 2638 5185 et
2688 5144 2755 5184 ex
2785 5128 2904 5200 ipso
2953 5125 3143 5180 ordine
3189 5119 3498 5189 intelligere

1901 5227 2356 5300 possumtts,quia
2376 5225 2442 5281 de
2467 5223 2739 5279 luereticis
2769 5220 2936 5276 dicit:
2969 5217 3072 5284 Qui
3096 5216 3229 5271 enim
3258 5222 3500 5286 aperatur

1901 5323 2246 5395 iniquitatem,
2271 5335 2424 5376 suam
2449 5327 2654 5373 tantum
2677 5316 2911 5370 animam
2933 5309 3134 5367 occidit
3161 5327 3173 5362 :
3200 5309 3289 5379 qui
3314 5313 3496 5361 autent

1904 5416 2190 5471 haereticus
2219 5424 2322 5480 est,
2352 5419 2410 5468 et
2452 5412 2699 5482 loquitur
2749 5406 3114 5468 mendacium,
3177 5409 3256 5456 tot
3301 5397 3502 5455 occidit

1906 5509 2182 5574 homines,
2212 5515 2346 5579 quot
2373 5505 2673 5562 induxerit.

1988 5601 2169 5657 Virum
2224 5602 2537 5673 sanguinum
2587 5608 2633 5653 et
2687 5595 2929 5650 dolosam
2955 5588 3340 5650 abominabitur
3395 5583 3505 5639 Do-

1903 5697 2097 5751 minus.
2120 5695 2212 5750 Vir
2235 5695 2582 5764 sanguinum,
2604 5690 2783 5744 omnis
2809 5685 3102 5742 ltzereticus
3120 5693 3228 5748 est,
3258 5677 3507 5752 quotidie

1904 5791 2219 5846 animarum
2247 5788 2569 5858 sanguinem
2599 5782 2802 5838 fundit.
2835 5779 3010 5837 Recte
3039 5776 3178 5833 dixit
3206 5774 3460 5832 dolosum
3485 5787 3504 5827 ι

1907 5895 1965 5943 ει
1994 5881 2274 5940 homicida
2304 5891 2412 5952 est,
2439 5887 2496 5937 et
2523 5877 2778 5935 dolosas.
