3944 6334
1269 293 1616 352 ΛΡΡΕΝΒΙΧ
1657 295 1749 351 AD
1787 295 2028 354 TOMUM
2067 295 2422 357 SEPTIMUM
2457 301 2519 359 S.
2563 301 2970 362 HIERONYMI.

3675 307 3773 365 832

553 409 669 484 Ego
689 420 858 467 autem
887 410 941 466 in
963 409 1286 466 multitudine
1312 411 1683 466 misericordiae
1713 421 1833 480 tute,
1859 413 2082 468 introibo
2109 416 2160 478 Α
2189 418 2487 475 tationibus
2517 420 2628 476 suis
2646 464 2662 490 ,
2707 429 2764 477 et
2813 429 2866 476 te
2893 421 3132 479 habeant
3178 437 3338 479 unam
3368 422 3770 493 cogitationem.

480 505 538 564 in
568 506 778 561 domum
808 514 974 562 tuam.
1009 503 1089 560 Illi
1119 507 1172 558 in
1206 503 1493 574 iniquitate
1523 521 1620 560 sua
1642 506 1991 577 egrediuntur
2015 509 2085 565 de

486 597 650 655 domo
675 608 785 659 tua,
803 613 905 668 ego
927 598 980 653 in
1001 606 1086 652 tua
1113 595 1490 653 misericordia
1511 596 1784 668 ingrediar
1799 601 1849 654 in
1865 600 2083 656 domum

486 700 655 758 tuam,
690 689 930 746 lntroibo
956 689 1007 743 in
1057 689 1277 744 domum
1331 698 1499 757 tuam,
1525 707 1645 761 quin
1672 700 1757 747 est
1791 693 2055 748 Ecclesia.

560 785 800 841 Adorabo
842 785 912 840 ad
962 785 1252 855 templum,
1282 796 1388 843 etc.
1425 785 1542 857 Ipsa
1597 794 1682 845 est
1719 787 1917 845 domus
1965 805 2085 860 quae

487 890 544 938 et
595 879 882 950 templum.

559 971 804 1040 Domine,
835 973 1004 1029 deduc
1033 990 1113 1028 me
1142 974 1198 1029 in
1222 982 1312 1031 tua
1328 975 1564 1048 justitia.
1605 975 1719 1048 Ego
1767 983 1946 1032 autem
1992 990 2084 1032 cu-

489 1069 581 1140 pio
608 1069 815 1125 intrare
842 1069 894 1123 in
922 1068 1146 1124 domum
1178 1080 1321 1125 tuam
1344 1081 1398 1126 et
1428 1071 1553 1127 volo
1577 1072 1785 1128 intrare
1814 1088 1910 1141 per
1938 1072 2083 1127 viam

491 1169 638 1218 tuam
673 1174 910 1229 rectam;
935 1162 1030 1218 sed
1059 1163 1318 1234 quoniam
1347 1165 1662 1221 continuata
1687 1167 1896 1222 semitis
1928 1182 2086 1222 scan-

494 1252 616 1310 dala
652 1264 862 1324 ponunt
890 1255 1091 1311 inimici
1125 1256 1253 1321 mei,
1307 1267 1364 1312 et
1395 1258 1528 1313 mihi
1568 1257 1622 1313 iu
1670 1258 1892 1316 domum
1937 1271 2084 1315 tuam

488 1348 572 1408 ire
597 1349 862 1421 cupienti,
894 1349 1118 1421 laqueos
1152 1358 1359 1420 ponunt
1404 1349 1456 1405 in
1486 1351 1710 1418 itinere;
1764 1364 2081 1424 propterea,

493 1457 682 1515 quaeso
709 1451 786 1508 te,
818 1453 877 1496 ut
901 1443 1108 1514 dirigas
1139 1443 1307 1514 pedes
1355 1458 1507 1500 meos
1553 1460 1725 1517 usque
1777 1447 1844 1501 ad
1899 1446 2083 1504 finem.

490 1533 673 1592 Meum
720 1543 806 1590 est
837 1535 1003 1606 pedes
1031 1551 1235 1607 ponere
1259 1535 1313 1592 iu
1364 1536 1447 1592 via
1481 1547 1568 1593 tua
1603 1555 1616 1592 :
1663 1546 1813 1593 tuum
1844 1550 1926 1594 est
1957 1554 2083 1594 cor-

491 1630 676 1701 rigere
705 1644 934 1703 gressus
965 1645 1119 1686 mcos
1147 1648 1162 1684 :
1189 1629 1416 1703 Propter
1439 1632 1680 1688 inimicos
1733 1650 1873 1689 meos
1919 1635 2086 1710 dirige

485 1723 542 1779 in
570 1734 847 1793 conspectu
894 1732 984 1779 tuo
1035 1724 1171 1780 viam
1198 1742 1386 1780 meam.
1436 1726 1550 1781 Hoc
1600 1737 1708 1795 est,
1759 1728 1902 1782 viam
1935 1736 2082 1783 tuam

492 1828 700 1874 rectam
730 1815 816 1873 fac
848 1827 1072 1889 prepter
1103 1817 1356 1875 inimicos
1381 1835 1557 1886 meos,
1602 1821 1694 1892 qui
1754 1820 2084 1878 insidiantur
2113 1815 2161 1876 B

490 1910 646 1969 mihi.
678 1911 813 1982 Qua:
833 1921 918 1968 est
941 1919 1122 1968 autem
1154 1913 1259 1968 ista
1285 1914 1372 1970 via
1393 1914 1416 1970 i
1439 1913 1626 1972 Lectio
1646 1914 2082 1983 Scripturarum.

492 2006 597 2063 hoc
625 2018 733 2074 est,
767 2022 836 2064 ne
866 2007 920 2063 in
949 2007 1255 2077 Scripturis
1290 2009 1416 2077 tuis,
1449 2025 1545 2080 per
1573 2025 1708 2081 quas
1745 2009 1957 2081 ingredi
1989 2026 2086 2066 cu-

489 2101 580 2172 pio
612 2100 665 2156 in
695 2100 998 2156 Ecclesium
1031 2111 1199 2166 tuam,
1230 2116 1506 2158 corruam.
1553 2102 1745 2159 Omnis
1791 2104 1939 2160 enim
1993 2104 2083 2176 qui

493 2197 636 2252 male
664 2193 918 2266 intelligit
945 2195 1277 2266 Scriptores,
1304 2197 1356 2252 in
1382 2197 1467 2253 via
1511 2198 1605 2254 Dei
1641 2197 1876 2255 corruit.

565 2286 826 2352 Quoniam
843 2303 950 2343 non
966 2297 1039 2343 est
1064 2289 1120 2344 in
1138 2305 1229 2344 ore
1249 2305 1426 2345 eorum
1440 2292 1652 2347 veritas.
1681 2291 2078 2350 Describuntur

491 2379 761 2448 haeretici,
793 2380 1123 2437 describitur
1177 2382 1263 2438 vir
1302 2383 1692 2454 sanguinarius
1735 2394 1790 2440 et
1825 2385 2069 2453 dolosus,

487 2489 649 2547 quem
676 2473 1085 2530 abominabitur
1116 2475 1400 2532 Dominus.
1437 2475 1562 2531 Non
1591 2487 1663 2532 est
1695 2479 1748 2533 in
1781 2495 1869 2534 ore
1903 2495 2084 2534 eorum

489 2570 702 2626 veritos.
736 2571 850 2628 Non
884 2572 1094 2630 habent
1121 2573 1397 2631 Christum
1429 2577 1712 2632 veritatem
1747 2577 1798 2632 in
1840 2593 1935 2632 ore
1961 2592 2080 2644 suo,

484 2665 612 2734 quia
661 2681 759 2722 nec
791 2667 844 2722 in
892 2668 1060 2725 corde
1099 2669 1322 2725 habent.
1357 2667 1458 2724 Cor
1513 2687 1692 2726 eorum
1754 2688 1944 2726 vanum
1985 2681 2080 2727 est.

485 2756 676 2814 Melius
729 2759 961 2817 habetur
1010 2763 1062 2817 iit
1105 2763 1334 2820 Hebraeo
1382 2766 1671 2823 ἐπίϐουλον.
1736 2765 1875 2822 Vere
1932 2767 2080 2822 enim

487 2851 780 2910 insidiatur
813 2871 911 2913 cor
956 2857 1340 2915 haereticorum
1391 2863 1645 2916 omnibus
1671 2879 1810 2931 quos
1855 2862 2078 2934 decipit.

556 2949 869 3023 Sepulcrum
909 2963 1087 3020 patens
1119 2964 1196 3009 est
1226 2965 1404 3028 guttur
1436 2973 1634 3012 eorum.
1669 2958 1920 3014 Infelices
1959 2970 2084 3015 sunt

482 3039 753 3108 haeretici,
785 3044 877 3114 qui
908 3045 1159 3113 sepulcra
1201 3056 1328 3101 sunt
1355 3048 1637 3109 dealbata,
1676 3051 1832 3119 plena
1865 3051 2080 3106 oSsibus

482 3144 843 3193 mortuorum.
871 3136 1186 3210 Sepulcrum
1198 3150 1377 3212 patens
1388 3154 1462 3198 est
1484 3153 1661 3215 guttur
1671 3161 1868 3200 eorum.
1889 3146 2076 3212 Arius,

2261 515 2560 571 Secundum
2589 516 2971 572 multitudinem
3012 519 3336 590 impietatum
3373 536 3551 574 eorum
3583 520 3775 590 expelle

2189 627 2291 667 eos.
2315 610 2434 666 Non
2464 611 2630 684 dixit,
2663 612 2806 668 unde
2835 629 2932 670 eos
2958 616 3200 685 expellat
3231 632 3244 668 :
3283 615 3350 670 de
3389 615 3534 672 cmlo
3565 631 3661 670 eos
3689 631 3777 672 ex-

2187 705 2386 776 pellat.
2433 705 2502 760 de
2539 713 2682 761 terra
2726 721 2822 762 eos
2864 708 3102 775 expellat
3144 728 3156 762 :
3198 707 3343 765 unde
3389 724 3487 765 eos
3547 709 3777 770 expellat

2188 797 2466 868 Scriptura
2490 814 2598 854 non
2648 798 2776 854 dicit
2805 817 2818 854 :
2847 799 2944 855 sed
2982 801 3273 881 ὑπερϐατὸν
3303 810 3428 867 est,
3473 813 3528 856 et
3561 801 3778 880 ὕστερον

2185 893 2448 971 πρότερον.
2485 892 2754 948 Debemus
2784 908 2916 966 ergo
2948 895 3134 966 legere
3167 915 3180 948 :
3210 895 3509 951 Secundum
3540 896 3778 951 multitu-

2187 987 2357 1042 dinem
2386 988 2710 1058 impietatum
2739 1005 2917 1044 eorum
2939 989 3139 1060 expelle
3166 1007 3274 1045 eos.
3302 990 3456 1058 Quod
3487 991 3652 1059 dicit,
3681 989 3780 1047 hoc

2187 1089 2305 1136 est:
2334 1080 2417 1136 Ab
2440 1081 2815 1153 impietatibus
2837 1085 2949 1138 suis
2976 1083 3159 1139 multis
3190 1094 3414 1155 propter
3444 1097 3588 1140 tuam
3619 1085 3781 1140 mise-

2187 1179 2475 1235 ricordiam
2508 1181 2719 1252 expelle
2749 1195 2880 1245 eos,
2928 1181 3030 1237 hoc
3053 1192 3168 1250 est,
3215 1198 3321 1237 non
3351 1182 3459 1238 sint
3495 1183 3548 1237 in
3598 1181 3778 1238 multis

2189 1276 2562 1346 impietatibus
2609 1277 2742 1331 suis.
2804 1276 2993 1332 Potest
3041 1285 3094 1330 et
3145 1277 3308 1332 aliter
3357 1276 3707 1344 interpretari
3761 1291 3777 1331 :

2186 1368 2454 1438 Quoniam
2489 1370 2782 1440 plurimum
2813 1369 2962 1438 impii
2997 1368 3217 1425 fuerunt
3246 1377 3303 1423 et
3343 1369 3640 1424 noluerunt
3686 1367 3781 1424 de-

2187 1462 2372 1519 cidere
2395 1478 2422 1517 a
2447 1462 2867 1533 cogitationibus
2891 1463 3034 1526 suis,
3062 1473 3117 1518 et
3147 1461 3459 1532 impietates
3489 1461 3779 1526 impietati-

2190 1555 2289 1610 bus
2313 1564 2531 1626 augent,
2558 1564 2613 1610 et
2634 1555 2876 1626 quotidie
2905 1565 3263 1625 congregant.
3287 1563 3344 1610 et
3371 1556 3557 1625 plures
3581 1554 3781 1609 habent

2189 1650 2523 1719 impietates,
2551 1659 2839 1720 propterea
2866 1649 3083 1729 expelle
3106 1665 3223 1705 eos.
3251 1649 3442 1706 Unde?
3462 1648 3548 1703 Ab
3577 1663 3638 1704 ea
3661 1661 3779 1719 quae

2189 1743 2564 1799 Ita-.reditatem
2595 1743 2966 1813 consequitur.
2999 1743 3079 1797 Tu
3125 1742 3346 1810 expelle
3387 1756 3484 1798 eos
3522 1739 3682 1806 inde,
3724 1748 3779 1795 ut

2187 1839 2444 1906 quoniam
2475 1835 2634 1892 ﬁdem
2668 1852 2776 1892 non
2806 1837 3008 1892 habent
3052 1837 3346 1900 Ecclesiae,
3394 1851 3463 1890 ne
3492 1843 3778 1892 versentur

2191 1933 2242 1987 in
2273 1949 2356 1988 ea.
2391 1933 2649 2002 Quoniam
2672 1933 3007 1986 irritaverant
3034 1943 3102 1998 te,
3137 1929 3370 1985 Domine.
3397 1929 3501 1988 Tu.
3531 1928 3774 1999 Domine,

2189 2042 2285 2098 per
2317 2038 2565 2082 naturam
2611 2026 2790 2080 dulcis
2820 2039 2880 2080 es
2901 2068 2915 2088 ,
2948 2025 3043 2080 sed
3087 2026 3421 2096 quicumque
3465 2033 3779 2092 peccatores

2187 2127 2316 2176 sunt
2355 2126 2412 2176 et
2443 2119 2719 2185 haeretici,
2745 2129 2993 2173 naturam
3028 2127 3138 2174 tuac
3162 2116 3478 2174 dulcedinis
3511 2115 3654 2170 vitio
3687 2128 3778 2170 suo

2188 2222 2406 2270 vertunt
2436 2213 2490 2267 in
2521 2211 2961 2270 amaritudinem.

2263 2305 2326 2359 Et
2345 2306 2583 2361 laetemur
2611 2323 2784 2360 omnes
2813 2307 2899 2375 qui
2925 2314 3136 2374 sperant
3165 2305 3220 2359 in
3240 2314 3306 2360 te.
3327 2303 3414 2362 illi
3449 2314 3700 2371 pereant,
3730 2311 3777 2359 et

2187 2397 2824 2454 ecciesiasticilmtentur.
2852 2396 2918 2452 In
2939 2409 3184 2453 aeternum
3208 2396 3559 2452 exsultabant.
3584 2395 3703 2462 ille,
3729 2397 3773 2451 iu

2187 2499 2468 2557 teternum,
2500 2506 2604 2546 non
2638 2490 2706 2546 de
2729 2490 2991 2562 praesenti
3031 2489 3234 2546 saeculo
3259 2489 3523 2546 debemus
3569 2489 3771 2552 dicere,

2187 2585 2282 2639 sed
2305 2584 2373 2640 de
2387 2585 2590 2638 futuro.
2611 2584 2853 2652 Denique
2873 2600 2979 2638 non
2999 2583 3157 2644 dixit,
3179 2584 3234 2638 itt
3259 2583 3458 2638 saeculo
3479 2582 3770 2650 exsultant,

2187 2676 2284 2731 sed
2320 2676 2672 2739 exsultabant,
2702 2676 2772 2731 de
2803 2675 2983 2730 futuro
3014 2676 3232 2732 dicitur.
3271 2675 3364 2732 llic
3381 2675 3527 2731 enim
3563 2673 3770 2728 tristitia

2186 2780 2291 2836 est,
2325 2770 2396 2825 ibi
2421 2788 2549 2826 vero
2573 2772 2779 2826 laetitia.
2810 2770 3060 2825 [heretici
3083 2770 3151 2825 de
3181 2771 3434 2840 praesenti
3458 2768 3663 2828 rident.
3682 2766 3768 2822 sed

2187 2864 2241 2919 ih
2280 2863 2461 2919 futuro
2493 2865 2770 2936 lugebant.
2815 2863 2924 2919 Nos
2952 2879 3083 2918 vero
3108 2864 3159 2917 io
3191 2864 3444 2934 prmsenti
3494 2862 3767 2933 lugemus,

2185 2968 2246 3015 ut
2275 2961 2326 3015 in
2360 2960 2544 3015 futuro
2575 2960 2870 3016 rideamus.
2900 2957 2966 3014 In
2989 2968 3236 3013 teternum
3263 2958 3615 3013 exsultabant.
3644 2956 3770 3026 Quae

2185 3058 2283 3112 erit
2315 3057 2605 3111 exsultatio
2631 3066 2947 3110 sanctorum
2975 3051 3252 3108 virorum?
3274 3050 3341 3107 Et
3369 3050 3684 3106 inhabitabis
3720 3050 3768 3103 in

2185 3150 2275 3203 eis.
2303 3149 2510 3204 Felices
2531 3148 2803 3218 eruntqui
2824 3145 3099 3202 Christum
3125 3145 3393 3215 hospitem
3426 3143 3629 3199 habere
3657 3157 3769 3198 mc-

483 3228 818 3298 Ettnomius,
859 3242 913 3286 et
941 3233 1127 3288 caeteri
1169 3235 1409 3290 haeretici
1453 3238 1668 3305 linguas
1710 3241 1936 3310 sagittas
1982 3239 2079 3294 ha—
2107 3215 2152 3279 C
2186 3243 2446 3297 rehuntur
2500 3259 2512 3295 :
2548 3240 2730 3296 felices
2762 3241 2852 3309 qui
2899 3239 3312 3294 tabernaculum
3362 3237 3566 3292 ChriSti
3594 3243 3764 3290 erunt.

483 3321 614 3379 bent
662 3341 676 3379 :
727 3325 911 3381 fauces
953 3341 1080 3382 suas
1128 3331 1444 3400 sepulcrum
1499 3332 1716 3388 habent.
1767 3333 2078 3404 Sepulcrum

483 3427 664 3485 patens
689 3429 762 3473 est
786 3429 966 3491 guttur
997 3439 1191 3477 eorum.
1228 3422 1296 3478 Et
1325 3435 1474 3481 recte
1504 3425 1660 3493 dixit,
1696 3438 1874 3496 patens
1904 3444 2078 3499 quan-

482 3509 789 3584 documque
818 3515 965 3571 enim
1000 3517 1112 3572 vult
1145 3519 1339 3590 aliquis
1365 3520 1624 3590 deceptus
1653 3522 1887 3584 intrare.
1924 3540 2082 3593 para-

483 3610 573 3658 tus
619 3613 703 3659 est
744 3605 1071 3673 haereticus,
1109 3619 1163 3665 et
1191 3611 1438 3682 suscipit.
1487 3612 1790 3684 Numquam
1834 3615 2077 3670 haeretici

479 3698 738 3754 claudunt
780 3716 842 3756 os
870 3717 1060 3767 suum,
1107 3704 1202 3759 sed
1234 3720 1453 3776 semper
1491 3707 1743 3776 aperiunt
1789 3722 1852 3762 ος
1894 3725 2076 3764 suum.

481 3789 702 3864 Linguis
728 3799 834 3848 suis
857 3793 1040 3849 dolose
1063 3797 1284 3867 agebant
1330 3797 1489 3854 Aliud
1516 3799 1569 3855 in
1597 3801 1765 3856 corde
1794 3803 2074 3866 tenebant,

481 3885 628 3940 aliud
663 3889 715 3941 in
748 3903 1001 3942 sermone
1032 3890 1451 3958 pollicebantur.
1485 3892 1747 3950 Pietatem
1780 3896 2078 3963 loqueban-

481 3989 590 4047 tur,
622 3992 670 4037 et
701 3982 1034 4054 impietatem
1062 3986 1335 4040 celabant.
1365 3985 1638 4042 Christum
1670 3988 1990 4057 loquuntur.
2024 3999 2080 4043 et

477 4075 761 4130 occultant
817 4077 1232 4134 Antichristum.
1291 4079 1487 4135 Sciunt
1536 4080 1684 4136 enim
1735 4083 1878 4152 quod
1917 4096 2078 4138 nemo

477 4169 650 4239 possit
700 4168 925 4236 induci,
974 4173 1018 4226 si
1079 4172 1354 4241 proferant
1408 4175 1826 4231 Anticltristum.
1877 4176 2076 4233 Lucem

480 4259 762 4330 proferunt
791 4303 808 4327 ,
839 4273 897 4318 ιιι
925 4266 1107 4319 celent
1134 4268 1391 4322 tenebras
1411 4310 1425 4330 ,
1458 4279 1515 4322 ut
1544 4284 1638 4338 per
1671 4269 1846 4323 lucem
1875 4269 2080 4325 ducant

479 4351 544 4406 ad
577 4354 855 4409 tenebras.
878 4355 1071 4429 Jud'gta
1103 4359 1244 4422 illos,
1278 4357 1440 4415 Deus.
1474 4361 1666 4416 Sciunt
1713 4371 1766 4418 te
1799 4362 2038 4431 judicem
2059 4406 2074 4430 ,

478 4444 658 4502 sciunt
682 4456 734 4500 te
764 4449 1036 4517 respicere
1067 4465 1155 4506 res
1179 4450 1463 4508 humanas.
1500 4453 1604 4522 Qui
1645 4454 1994 4523 judicaturus
2022 4457 2074 4510 in

479 4537 586 4596 line
615 4553 713 4605 es,
754 4543 916 4597 etiam
950 4545 1001 4598 in
1054 4547 1312 4615 prtesenti
1359 4546 1563 4615 judica.
1604 4546 1705 4615 Qui
1745 4548 2076 4617 generaliter

2256 3333 2323 3387 Et
2363 3333 2719 3404 gloriabuntur
2766 3332 2821 3386 in
2869 3339 2916 3386 te
2969 3347 3144 3386 omnes
3186 3331 3275 3402 qui
3319 3331 3550 3400 diligunt
3590 3345 3764 3384 nomen

2184 3438 2352 3482 tttnm.
2380 3427 2718 3495 Quit-umque
2765 3425 2941 3495 diligit
2987 3425 3158 3480 Deum
3187 3465 3201 3488 ,
3234 3423 3557 3493 gloriabitur
3585 3422 3634 3477 in
3666 3421 3766 3480 DD.-

2183 3519 2353 3573 mino.
2393 3519 2494 3586 Qui
2525 3518 2766 3591 diligunt.
2810 3517 2928 3573 Non
2961 3517 3117 3583 dixit,
3146 3516 3237 3588 qui
3265 3518 3490 3578 timent,
3521 3515 3643 3577 sed,
3677 3513 3765 3584 qui

2181 3609 2425 3681 diligunt.
2473 3611 2809 3679 Ubicumque
2861 3610 3007 3665 enim
3062 3609 3223 3663 timor
3257 3618 3380 3674 est,
3432 3607 3505 3662 ibi
3538 3624 3638 3663 non
3683 3613 3764 3660 est

2180 3703 2418 3758 dilectio.
2462 3702 2700 3773 Perfecta
2730 3703 2930 3773 quippe
2973 3703 3182 3757 dilectio
3229 3703 3374 3774 [oras
3422 3701 3577 3755 mittit
3622 3701 3761 3753 timo-

2180 3813 2307 3850 rem.
2373 3796 2699 3863 Quicumque
2744 3797 2881 3850 enim
2948 3795 3181 3866 diligunt
3249 3809 3454 3850 nomen
3509 3794 3758 3858 Domini,

2185 3889 2259 3944 illi
2287 3889 2686 3958 gloriabuntur.
2717 3887 3116 3942 Gloriabuntur.
3151 3885 3356 3942 Futura
3379 3897 3464 3941 e~t
3493 3883 3761 3941 heatitmlo

2184 3995 2366 4039 nostra
2404 4001 2416 4037 :
2454 3992 2622 4038 totum
2652 3984 2794 4051 quod
2829 3984 3166 4054 promittitur
3188 3981 3256 4037 de
3299 3981 3484 4036 futuro
3515 3990 3613 4037 est.
3659 3978 3759 4035 Alii

2182 4088 2428 4149 regnent;
2453 4077 2546 4132 alii
2579 4079 2925 4148 possideant;
2954 4077 3046 4132 alii
3070 4078 3399 4145 glorientur.
3428 4075 3540 4132 Nos
3565 4075 3648 4130 hic
3666 4090 3758 4126 stt-

2181 4187 2300 4227 mus
2346 4172 2571 4237 miseri,
2628 4183 2684 4226 ut
2738 4179 2923 4241 postea
2974 4170 3160 4226 felices
3218 4173 3416 4226 simus.
3471 4171 3760 4238 Sequuntur

2178 4265 2454 4322 Christum
2488 4267 2774 4322 Dominum
2811 4276 3083 4320 nostrum.
3119 4266 3221 4333 Qui
3243 4266 3373 4320 dicit
3396 4282 3450 4320 se
3475 4265 3529 4318 in
3559 4263 3759 4320 Christo

2181 4360 2405 4423 credere,
2431 4359 2579 4413 debet
2601 4359 2860 4430 quomodo
2890 4358 2984 4413 ille
3004 4357 3284 4412 ambulavit
3307 4400 3322 4424 ,
3355 4368 3402 4412 et
3428 4360 3535 4431 ipse
3558 4359 3627 4411 sic
3647 4372 3756 4409 aut-

2180 4455 2378 4509 butare.
2403 4453 2652 4510 Christus
2679 4455 2772 4510 Dei
2787 4453 2964 4510 Filius
2981 4469 3089 4509 non
3103 4455 3248 4509 venit
3262 4463 3322 4508 ιιι
3341 4453 3753 4515 ministraretur,

2180 4547 2276 4602 sed
2315 4557 2375 4602 ut
2405 4548 2763 4604 ministraret.
2799 4548 2913 4604 Non
2952 4548 3101 4603 venit
3134 4557 3191 4602 ut
3219 4533 3544 4618 imperaret,
3577 4545 3664 4601 sed
3697 4553 3757 4599 ut

418 4648 420 4652 '
469 4630 812 4704 judicaturus
853 4652 946 4702 es,
988 4609 1134 4694 nunc
1176 4655 1244 4695 ex
1293 4609 1450 4709 parte
1469 4609 1674 4708 judica.
1721 4609 1822 4708 Qui
1859 4650 2067 4711 patrem
2099 4609 2152 4670 Β
2177 4643 2429 4696 serviret.
2473 4639 2591 4696 Non
2622 4641 2776 4696 venit
2804 4651 2862 4695 ut
2894 4641 3206 4695 lavarentur
3238 4639 3314 4695 illi
3346 4639 3542 4710 pedes,
3586 4636 3671 4692 sed
3696 4643 3757 4690 ut

475 4728 684 4782 sentire
711 4729 925 4795 nolunt,
948 4735 1185 4786 sentiant
1205 4731 1475 4802 judicem.
1505 4731 1696 4789 Judica
1729 4733 1874 4799 illos,
1902 4733 2069 4788 Deus.

472 4819 688 4890 Quare?
713 4839 817 4894 qua
841 4823 911 4880 de
932 4825 1131 4880 causa?
1161 4825 1420 4896 Sequitur
1451 4843 1467 4880 :

455 4949 458 4951 -
547 4914 798 4971 Decidant
821 4935 852 4971 a
883 4918 1280 4987 cogitationibus
1301 4920 1430 4974 suis.
1462 4921 1517 4976 Si
1548 4921 1694 4976 enim
1725 4922 1776 4972 in
1810 4919 2068 4989 prmsenti

471 5010 776 5067 reddideris
808 5011 915 5067 illis
939 5012 1083 5084 quod
1110 5026 1412 5079 merentur,
1457 5014 1722 5083 incipiunt
1749 5013 2005 5068 recedere
2041 5029 2068 5066 a

470 5103 628 5158 malis
657 5103 1084 5174 cogitationibus
1114 5105 1228 5158 suis
1260 5121 1276 5160 :
1313 5105 1565 5172 quamdiu
1597 5113 1648 5159 te
1675 5104 1914 5173 judicent
1959 5120 2067 5158 nou

468 5196 733 5252 sentiunt.
771 5213 878 5252 non
910 5198 1122 5251 titnent.
1160 5196 1416 5251 Decidant
1449 5216 1477 5250 a
1507 5199 1904 5272 cogitationibus
1934 5199 2063 5254 suis.

468 5287 699 5361 Egregie
736 5291 906 5360 dixit,
947 5309 980 5346 a
1021 5293 1416 5366 cogitationibus
1445 5295 1578 5347 suis.
1624 5293 1880 5362 Quotidie
1917 5294 2064 5349 enim

469 5384 714 5441 lueretici
747 5388 1032 5443 immutant
1069 5391 1322 5458 dogmata
1355 5405 1472 5443 sua.
1517 5391 1757 5460 Denique
1791 5391 1837 5443 si
1869 5390 1950 5444 vir
1977 5405 2067 5446 cc-

464 5479 816 5536 clesiasticus
847 5480 916 5536 de
949 5481 1245 5550 Scripturis
1276 5482 1524 5538 eruditus
1555 5483 1900 5537 contenderit
1927 5498 2062 5537 (ξοην

465 5580 547 5628 tra
593 5589 711 5638 eos,
741 5584 796 5629 et
823 5573 1122 5646 Scripturis
1143 5578 1350 5630 sanctis
1379 5576 1694 5644 coarguerit
1721 5589 1818 5629 eos
1839 5616 1854 5639 ,
1881 5575 2065 5630 Statim

466 5666 779 5736 requirunt,
806 5669 1081 5740 quomodo
1114 5671 1258 5726 aliud
1294 5686 1490 5726 novum
1524 5669 1718 5742 dogma
1765 5670 2059 5738 reperiant.

459 5763 574 5820 Non
634 5780 886 5839 qmerunt
943 5771 1220 5841 quomodo
1269 5771 1574 5834 solventur,
1633 5765 1733 5825 sed
1783 5765 2061 5838 quomodo

453 5871 734 5930 superent.
768 5863 1064 5935 Propterea
1119 5880 1263 5922 nunc
1296 5865 1454 5921 dixit.
1511 5862 1778 5919 Decidant
1831 5876 1864 5916 a
1899 5862 2057 5932 cogi-

2179 4733 2385 4788 lavaret
2426 4733 2603 4803 pedes
2645 4733 3053 4805 discipulorum.
3091 4733 3206 4788 Non
3234 4733 3388 4788 venit
3421 4745 3478 4787 ut
3504 4731 3748 4795 caederet,

2178 4825 2274 4879 sed
2302 4837 2358 4880 ut
2392 4825 2716 4881 caederetur.
2765 4825 2882 4880 Non
2929 4826 3078 4880 dedit
3113 4826 3350 4891 alapam,
3395 4825 3491 4880 sed
3538 4821 3746 4891 accepit.

2178 4917 2292 4972 Non
2317 4917 2613 4985 crucifixit,
2646 4919 2740 4973 sed
2768 4919 3060 4974 crucifixus
3087 4929 3190 4974 est.
3222 4918 3340 4973 Non
3372 4921 3512 4973 alios
3540 4914 3750 4978 occidit,

2179 5009 2272 5064 Sed
2300 5011 2416 5080 ipse
2449 5024 2640 5080 passus
2663 5021 2765 5066 est.
2799 5012 3009 5077 Pauper
3034 5010 3155 5079 fuit,
3190 5021 3248 5066 ut
3276 5027 3376 5067 nos
3398 5011 3590 5066 divites
3615 5007 3748 5062 facc-

2180 5114 2284 5159 ret.
2329 5105 2423 5160 Ille
2445 5107 2654 5175 accepit
2685 5121 2784 5174 pro
2817 5106 2975 5161 nobis
3007 5106 3240 5176 plagam,
3269 5115 3330 5161 ut
3364 5123 3464 5161 nos
3493 5100 3747 5162 verberati

2179 5213 2285 5254 non
2324 5198 2661 5254 doleremus.
2695 5197 3160 5270 Quotiescumque
3205 5199 3489 5266 caedimur,
3522 5198 3741 5269 praebeao

2179 5311 2300 5351 mus
2357 5295 2634 5349 maxillam
2671 5336 2686 5358 ,
2747 5294 2976 5349 dorsum
3034 5308 3378 5365 opponamus
3415 5337 3429 5361 ,
3494 5293 3747 5348 imitentur

2175 5389 2473 5446 Christum.
2527 5389 2632 5456 Qui
2679 5388 2940 5454 czrditur,
3002 5389 3284 5443 Christum
3335 5390 3576 5444 imitatur
3618 5379 3742 5449 ειιυί

2175 5485 2356 5549 ctedit,
2394 5481 2810 5536 Anticltristum.
2840 5481 2954 5536 Hoc
2981 5488 3152 5536 totum
3200 5498 3374 5552 quare
3403 5481 3556 5536 dico?
3592 5476 3650 5535 Ut
3682 5474 3744 5528 in

2174 5573 2433 5648 prtesenti
2463 5574 2664 5628 sarculo
2691 5573 2833 5644 quod
2869 5574 3238 5641 sustinemus,
3272 5591 3372 5646 pro
3402 5575 3610 5630 Christo
3633 5568 3743 5640 glo-

2171 5672 2449 5728 rificetntts
2482 5685 2678 5724 nomen
2714 5669 2948 5724 Domini.
2985 5671 3118 5723 Dum
3167 5671 3458 5737 laquimur,
3481 5670 3598 5724 dum
3632 5678 3742 5716 am-

2165 5768 2439 5834 bulamus,
2491 5773 2719 5834 repente
2747 5761 3144 5818 subtrahimur.
3176 5762 3293 5834 Ego
3333 5765 3448 5834 ipse
3476 5763 3558 5831 qui
3599 5753 3738 5812 vobis

2161 5863 2326 5920 hodie
2354 5864 2582 5934 loquor,
2619 5857 2708 5915 die
2732 5856 2970 5912 crasdua
3008 5859 3097 5928 qui
3125 5857 3194 5913 de
3231 5873 3319 5915 me
3363 5857 3593 5914 futurum
3634 5847 3737 5916 sit,
