3944 6334
220 303 302 366 333
1076 290 1508 350 BREVlAltlliM
1555 293 1614 347 IN
1657 292 1737 351 es

1870 294 1986 349 IUS.
2032 292 2280 351 ιιεΑωι.
2329 293 2436 349 VII.

3341 295 3448 358 834

219 412 384 474 nescia.
405 409 454 463 Si
481 404 673 462 venerit
693 404 824 458 levis
843 404 1123 470 febricula,
1147 407 1237 462 ubi
1257 416 1342 462 est
1365 408 1461 462 ista
1488 409 1627 463 vox?
1651 407 1750 464 Ubi
1777 410 1828 469 Α
1857 409 2089 463 animam
2118 425 2294 465 meam
2325 425 2446 480 quae
2475 417 2560 464 est
2587 409 2907 464 conturbata
2938 409 3312 479 vehementer,
3345 427 3450 467 non

217 517 283 564 est
306 499 558 574 superbia?
583 497 824 566 Repente
848 500 1080 554 vertitur
1098 499 1152 554 in
1182 499 1445 556 cinerem.
1465 500 1603 568 Quid
1625 501 1742 572 glo-

212 598 354 654 riatur
380 603 508 648 terra
537 597 590 645 et
629 587 801 644 cinis?
843 589 1156 645 Secundum
1188 593 1438 662 corporis
1467 602 1740 659 naturam,

216 703 327 748 terra
353 697 399 744 et
435 685 567 741 cinis
610 699 817 738 sumus.
851 683 1020 740 Terra
1062 699 1156 751 es,
1188 696 1243 740 et
1288 687 1339 740 in
1374 694 1574 742 terram
1606 686 1739 752 ibis;

211 795 255 842 et
285 793 407 838 terra
441 776 690 850 gloriatur
733 788 921 832 contra
965 775 1227 834 factorem
1255 794 1433 834 suum.
1463 778 1739 849 Sequitur.

270 877 495 944 Quoniam
526 881 578 926 tu
605 871 871 928 benedices
891 875 1064 945 justo.
1107 873 1164 929 In
1198 871 1434 929 futurum
1475 889 1608 945 ergo
1637 872 1743 929 dif-

209 972 350 1029 fertur
371 967 648 1024 beatitudo.

269 1063 480 1132 Domine,
511 1071 562 1116 ut
590 1070 735 1116 scuto
758 1061 905 1117 bona:
926 1061 1225 1127 voluntatis,
1255 1070 1365 1119 etc.
1390 1061 1546 1134 Apud
1570 1077 1742 1118 sacu-

209 1159 293 1216 Itnn
328 1156 456 1211 aliud
485 1164 567 1211 est
594 1166 831 1223 scutum,
859 1156 1004 1212 aliud
1052 1172 1256 1212 corona
1306 1175 1319 1210 :
1378 1159 1520 1230 apud
1571 1159 1736 1213 Drutn

206 1265 310 1306 vero
338 1251 440 1318 ipse
465 1257 543 1302 est
567 1259 803 1312 scutum,
838 1249 953 1320 ipse
983 1257 1070 1304 est
1087 1258 1144 1305 et
1169 1264 1392 1314 corona,
1424 1248 1579 1320 quasi
1615 1265 1739 1304 scu-

203 1355 291 1401 tum
316 1343 551 1413 protegit,
580 1340 738 1411 quasi
763 1343 906 1396 Deus
947 1352 1170 1398 coronat
1196 1385 1211 1410 ,
1246 1343 1361 1413 ipse
1387 1352 1473 1398 est
1517 1353 1734 1400 scutum

202 1447 423 1500 nostrum,
455 1435 567 1504 ipse
590 1446 673 1491 est
700 1443 756 1490 et
776 1451 976 1491 corona
1005 1449 1188 1492 ucstra
1218 1455 1230 1490 :
1259 1447 1313 1493 et
1333 1437 1403 1491 ob
1434 1437 1537 1492 hoc
1562 1437 1693 1492 dicit
1721 1455 1734 1492 :

199 1531 399 1598 Domine,
429 1541 482 1585 ut
519 1541 670 1585 scuto
701 1530 848 1586 bona?
875 1531 1153 1587 voluntatis
1181 1542 1280 1587 tua:
1319 1533 1578 1587 coronasti
1618 1549 1734 1588 nos.

201 1627 441 1684 Protexisti
491 1641 591 1680 nos
633 1636 790 1682 scuto
842 1638 934 1682 tuo
963 1670 977 1695 ,
1011 1636 1066 1683 et
1096 1628 1359 1698 prou-ctio
1401 1637 1486 1684 tua
1533 1642 1732 1682 coxona

197 1730 348 1776 nostra
371 1719 483 1784 l'uit.
509 1719 610 1774 hoc
630 1730 736 1786 est,
760 1736 965 1776 corona
989 1732 1170 1777 nostra
1194 1734 1406 1777 scutum
1432 1733 1581 1777 ttttttn
1612 1722 1732 1784 fuit.

1851 502 2036 572 eripis,
2073 519 2178 557 non
2205 503 2457 572 corrigis,
2494 519 2598 557 non
2629 503 2929 559 emendas?

1919 593 2259 665 Convertere,
2303 595 2560 666 Domine,
2589 607 2640 652 et
2670 599 2814 669 eripe
2856 599 3087 653 animant
3118 614 3303 654 meam.
3337 597 3452 654 Nisi

1846 687 2083 743 animam
2115 702 2358 745 nostram
2390 699 2521 745 ante
2548 691 2891 746 converterit
2917 731 2933 756 ,
2976 707 3083 746 non
3125 705 3245 747 eam
3277 698 3453 762 potest

1845 797 2042 839 eruere
2071 782 2140 838 de
2161 783 2427 856 periculo.
2459 783 2560 840 Vel
2590 784 2721 841 illud
2749 803 2761 840 :
2800 784 3047 857 Domine,
3075 787 3165 856 qui
3199 787 3448 842 avertisti

1844 876 2056 932 vultum
2092 887 2244 932 tuum
2271 893 2297 931 a
2331 879 2488 934 nobis
2514 921 2530 947 ,
2560 889 2888 938 convertere
2914 891 2971 938 et
3013 896 3114 938 nos
3146 880 3334 940 videre
3363 881 3446 938 di-

1843 985 2032 1040 gnare,
2064 979 2121 1025 et
2145 986 2281 1027 erue
2307 973 2542 1026 animam
2569 982 2834 1032 nostram.

1919 1063 2179 1132 Quoniam
2209 1082 2314 1119 non
2341 1074 2415 1119 est
2455 1067 2506 1122 in
2557 1077 2718 1123 morte
2757 1069 2845 1136 qui
2885 1086 3078 1125 memor
3099 1071 3169 1126 sit
3199 1071 3296 1126 tui.
3325 1069 3441 1127 Non

1844 1157 1989 1211 enim
2021 1160 2218 1213 mortui
2250 1158 2550 1216 laudabunt
2580 1169 2654 1227 te,
2689 1162 2950 1228 Domine,
2984 1163 3082 1219 sed
3114 1179 3214 1219 nos
3239 1164 3328 1233 qui
3361 1165 3442 1220 vi-

1843 1257 2040 1304 ventes
2089 1266 2308 1315 sumus,
2350 1252 2477 1322 quia
2503 1269 2609 1307 non
2639 1263 2721 1308 est
2769 1253 2914 1310 Dens
2945 1266 3305 1321 mortuorum,
3347 1257 3442 1312 sed

1845 1341 2118 1398 vivorum.
2150 1342 2218 1398 In
2251 1346 2453 1417 inferno
2483 1357 2652 1401 autem
2684 1348 2799 1416 quis
2825 1349 3150 1420 conﬁtebitur
3169 1349 3297 1406 tibi?
3325 1349 3440 1406 Non

1842 1453 1942 1509 pro
1992 1439 2337 1506 impossibili,
2395 1441 2490 1496 sed
2543 1457 2640 1512 pro
2684 1457 2808 1498 raro
2857 1443 3058 1513 posuit.
3099 1445 3152 1499 ln
3182 1442 3439 1500 omnibus

1840 1529 1985 1586 enim
2016 1530 2110 1587 Dei
2136 1531 2353 1603 judiciis
2379 1532 2684 1588 delectatur
2727 1545 2971 1604 sanctus,
3003 1545 3060 1591 et
3084 1536 3268 1592 laudat
3292 1536 3442 1607 judi-

1841 1624 1920 1679 cia
1945 1625 2084 1694 ejus.

1913 1715 2167 1772 Laborat'i
2191 1719 2240 1772 in
2260 1720 2453 1791 gemitu
2483 1737 2614 1775 meo.
2646 1720 2902 1777 Miserere
2929 1722 3056 1787 mei,
3087 1722 3211 1794 quia
3242 1723 3358 1780 haec
3385 1733 3439 1778 et

197 1813 239 1870 id
267 1824 353 1880 est,
386 1825 560 1869 nostra
590 1813 842 1869 victoria.
877 1815 1089 1870 corona
1120 1819 1266 1872 enim
1297 1817 1524 1872 victoria
1568 1818 1738 1871 inter-
1771 1793 1813 1854 Β
1843 1811 1959 1868 hinc
1984 1829 2103 1882 quze
2129 1825 2454 1886 sequuntur,
2488 1815 2609 1871 feci.
2644 1815 2850 1870 Lavabo
2882 1833 2974 1886 per
3010 1817 3248 1888 singulas
3271 1828 3441 1873 noctes

194 1917 416 1980 pretatur.
451 1909 666 1964 Gratias
688 1924 914 1979 agamus
939 1910 1069 1976 Deo,
1101 1919 1157 1966 et
1177 1911 1536 1982 deprecemur
1559 1912 1732 1981 illum,

193 2008 240 2055 ut
261 2000 303 2053 in
331 2001 454 2054 bona
484 2003 764 2057 voluntate
791 2019 885 2057 sua
930 2003 1045 2073 ipse
1092 2005 1162 2058 sit
1192 2015 1402 2060 scutum
1437 2019 1489 2060 et
1533 2021 1737 2061 corona

191 2105 360 2163 nostra,
390 2104 445 2150 ut
473 2112 764 2168 numquam
795 2097 1112 2154 recedamus
1141 2099 1208 2154 ab
1239 2114 1326 2162 eo.
1361 2110 1419 2154 ιιι
1445 2115 1738 2169 sequamur

191 2186 328 2255 illum,
357 2199 405 2244 et
423 2190 666 2245 dicamus
687 2207 809 2246 cum
834 2190 1066 2248 Jeremia
1100 2211 1114 2248 :
1143 2193 1208 2247 Et
1232 2205 1344 2263 post
1366 2203 1412 2249 te
1433 2196 1736 2265 subsequens

189 2295 270 2335 non
310 2282 526 2337 laboravi
547 2324 565 2352 ,
598 2283 844 2351 Domine,
879 2297 934 2340 ut
955 2295 1103 2341 scuto
1145 2288 1288 2343 bona:
1329 2287 1606 2344 voluntatis
1635 2299 1738 2345 tute

188 2378 408 2430 toronasti
433 2395 524 2433 nos
555 2378 574 2452 (
610 2377 805 2435 Tltren.
842 2381 905 2452 ι).
935 2382 1103 2436 Scuto
1133 2383 1502 2454 protegimur,
1528 2391 1584 2438 et
1611 2399 1736 2440 cum

186 2468 374 2536 perfecti
404 2469 682 2539 fuerimus,
709 2485 1054 2526 coronamur.

682 2584 824 2641 PSA
847 2585 1057 2644 LMUS
1098 2587 1194 2643 Vl.

184 2692 400 2775 In_ﬁnem
438 2718 531 2769 pro
562 2705 879 2758 carminibus
918 2721 1011 2773 pro
1055 2716 1233 2758 octava
1264 2705 1494 2775 psalmus
1543 2705 1733 2762 David.

237 2767 330 2826 l~te
353 2783 404 2826 et
424 2767 746 2829 undecimus
778 2767 1040 2845 psalmus,
1074 2792 1172 2847 pro
1201 2767 1394 2833 octava
1425 2779 1738 2848 inscriptio-

237 2848 565 2918 netnbabent
591 2892 605 2915 ,
653 2850 1076 2903 reSnrrectiouis
1103 2893 1116 2913 ,
1161 2863 1209 2904 et
1248 2852 1581 2918 paenitentia:
1607 2891 1622 2916 ,
1675 2866 1737 2906 ac

236 2930 319 2984 per
344 2915 440 2992 hoc
461 2919 662 2973 salutis
688 2930 890 2975 nostrae
919 2915 1645 2992 mysteriumcontinentes.
1683 2923 1738 2978 In

236 3003 325 3064 quo
351 2988 646 3064 humanum
675 2988 1136 3064 genusipos'tulat,
1171 3006 1221 3046 ιιι
1253 2993 1594 3064 corrigamur
1617 2996 1734 3060 qui—

233 3056 336 3111 dem
365 3074 414 3115 et
440 3063 758 3129 judicetnur
793 3077 825 3116 a
857 3063 992 3127 ῡυιι,
1017 3056 1251 3119 εεάνιιιιιι
1278 3065 1332 3119 in
1368 3056 1444 3119 ira
1471 3075 1525 3120 et
1566 3065 1619 3120 in
1640 3056 1738 3119 ln-

234 3133 494 3207 τίπτε-ιδίας.
532 3134 779 3204 Longum
819 3142 906 3189 e~t
952 3137 1022 3192 de
1050 3150 1396 3190 sat-ramento
1440 3138 1598 3207 hujus
1632 3155 1734 3193 nu-

1843 1903 2028 1960 lectum
2064 1922 2254 1960 meum.
2301 1907 2402 1976 Qui
2432 1909 2682 1978 quotidie
2727 1909 2985 1982 lacrymis
3017 1919 3246 1966 stratum
3281 1912 3440 1982 rigat,

1843 2013 1948 2054 non
1972 2009 2152 2069 potest
2182 1998 2235 2054 in
2267 2001 2602 2072 Cogitatione
2623 2001 2743 2072 ejus
2774 2001 3061 2057 libidinum
3098 2017 3292 2074 pompa
3321 2017 3445 2058 sur-

1841 2108 2059 2163 reperc.
2129 2093 2196 2148 In
2249 2095 2496 2167 lacrymis
2561 2097 2684 2151 meis
2735 2106 2961 2151 stratum
3021 2114 3190 2152 meum
3237 2098 3439 2172 rigabo.

1840 2184 2053 2252 Quanta
2083 2185 2373 2241 multitudo
2405 2189 2800 2261 Iacrymarum,
2842 2198 2900 2243 ut
2947 2179 3441 2272 stratumveiuw-

1841 2278 2041 2349 crymi~
2074 2277 2304 2350 rigatum
2338 2281 2426 2334 sit.

1911 2371 2172 2429 Turbatus
2208 2386 2281 2429 est
2311 2392 2343 2427 a
2374 2376 2550 2444 furore
2574 2377 2755 2431 oculus
2794 2393 2952 2431 meus.
2989 2375 3092 2433 Ubi
3123 2386 3249 2432 sunt
3279 2378 3442 2434 amici

1842 2465 2076 2522 littera)?
2099 2465 2258 2522 Certe
2286 2467 2478 2523 oculus
2516 2470 2620 2525 iste
2659 2483 2962 2540 corporeus
2997 2468 3070 2525 ibi
3113 2470 3182 2524 ab
3221 2470 3301 2525 ira
3334 2487 3441 2526 non

1838 2559 2217 2620 conturbatur,
2251 2560 2351 2614 nisi
2384 2560 2524 2615 forte
2547 2562 2598 2616 in
2629 2569 2836 2616 tantam
2867 2561 3075 2617 rabiem
3103 2561 3442 2630 extollimur,

1841 2662 1899 2708 ut
1917 2655 2095 2709 vultus
2125 2668 2344 2725 quoque
2380 2655 2550 2710 nostri
2593 2665 2648 2711 et
2670 2669 2762 2710 ora
2795 2663 3094 2710 mutentur.
3130 2654 3224 2710 Ille
3259 2655 3441 2726 itaque

1839 2747 2088 2803 turbatur
2136 2750 2328 2803 oculus
2367 2765 2380 2803 :
2420 2749 2513 2819 qui
2543 2749 2590 2805 si
2639 2748 3040 2805 scandalizatus
3071 2749 3256 2818 fuerit,
3283 2765 3442 2806 erue-

1841 2851 1949 2896 tur.
2008 2842 2124 2897 Non
2175 2851 2357 2897 autem
2405 2842 2532 2897 ait:
2565 2842 2646 2898 Ab
2694 2843 2770 2898 ira
2819 2858 2940 2899 mea
2969 2843 3221 2898 turbatur
3245 2843 3437 2898 oculus

1839 2951 1994 2992 meus
2027 2953 2041 2993 :
2070 2936 2189 3005 sed,
2219 2937 2286 2992 ab
2319 2939 2396 2991 ira
2426 2947 2535 2991 tua.
2566 2936 2612 2993 Ο
2643 2937 2784 2992 Οειιε
2809 2977 2824 3004 ,
2859 2953 2954 3009 per
2980 2953 3142 3010 quem
3173 2937 3438 3008 supplicia

1839 3031 1973 3086 mihi
2003 3033 2173 3086 timeo
2200 3040 2500 3101 praeparata
2529 3049 2541 3084 :
2577 3030 2790 3086 turbata
2817 3040 2902 3086 est
2933 3045 3091 3086 mens
3114 3045 3255 3098 mea,
3281 3038 3336 3086 et
3358 3040 3438 3087 to-

1841 3132 1950 3178 tum
1983 3124 2164 3180 cordis
2206 3123 2316 3179 mei
2345 3122 2644 3194 principale
2679 3126 3033 3179 contremuit.
3065 3122 3357 3178 lnveteravi
3383 3123 3438 3178 in

237 3203 352 3257 meri
370 3188 512 3272 plura
528 3188 785 3280 exempla
810 3207 1454 3280 revocare.0et0aninue
1475 3188 1734 3280 itigressa:
1763 3188 1806 3249 (δ
1841 3217 2074 3272 omnibus
2103 3217 2328 3272 inimicis
2361 3217 2508 3271 meis.
2548 3215 2666 3272 Non
2713 3232 2849 3273 nova
2894 3217 3183 3274 adversum
3211 3233 3299 3274 me
3333 3216 3440 3273 ini-

232 3284 344 3346 sunt
371 3281 419 3328 in
457 3281 656 3332 Arcam
689 3279 822 3346 Noe,
856 3294 981 3346 qua:
1011 3279 1061 3333 in
1091 3280 1298 3334 diluvio
1328 3279 1551 3335 salvataé
1583 3292 1730 3336 sunt.

231 3343 448 3402 Occisus
480 3349 632 3404 lilins
655 3343 817 3404 ,Ιεεεε
841 3343 1006 3403 David
1040 3351 1161 3416 fuit,
1194 3351 1286 3421 qui
1327 3360 1382 3406 et
1411 3353 1735 3421 desperatur

201 3430 256 3469 .a
285 3429 459 3492 patre,
493 3431 549 3477 et
601 3440 630 3474 ιι
663 3421 772 3476 Duo
798 3424 948 3476 solus
973 3422 1212 3492 eligitur.
1243 3427 1452 3478 Uctavo
1495 3427 1583 3480 die
1627 3427 1736 3480 cir-

229 3491 600 3547 cumciduntur
623 3494 1000 3560 primogenita,
1031 3491 1087 3548 et
1112 3495 1389 3552 immunda
1411 3511 1534 3551 esse
1557 3496 1737 3552 desis-

233 3569 356 3615 tunt.
399 3561 708 3635 Zacharias
727 3581 944 3634 quoque
971 3574 1125 3635 pater
1163 3565 1392 3621 JOannis
1415 3580 1605 3622 octava
1647 3569 1736 3624 die

227 3635 652 3710 circmncisionis
683 3634 777 3691 (itii
809 3639 891 3690 sui
931 3634 1190 3710 tequitur.
1215 3637 1283 3692 Et
1315 3650 1440 3710 post
1468 3643 1584 3694 dies
1610 3653 1736 3696 octo

227 3705 329 3782 sive
361 3722 455 3782 sex
470 3709 828 3782 Δ(ιιινιιιιιίιιιε
859 3705 1013 3763 ειιίιιι
1045 3713 1096 3764 in
1127 3705 1364 3765 diversis
1389 3712 1738 3782 evangelistis

231 3773 432 3848 legitur)
468 3773 750 3834 Dominus
770 3782 996 3835 transfo-
1017 3792 1192 3835 matur
1224 3789 1275 3836 in
1302 3792 1484 3838 monte
1511 3773 1618 3847 ,vut
1656 3784 1739 3840 sic

227 3854 531 3924 octonarius
560 3867 615 3906 in
640 3863 797 3905 sexto
822 3867 1049 3907 numero
1069 3855 1436 3922 contineatur,
1463 3857 1739 3924 quoinodo

227 3933 356 3975 nunc
375 3922 427 3976 in
449 3937 613 3979 sexto
636 3924 873 3994 psalmo,
899 3926 1184 3994 inscriptio
1207 3929 1426 3996 ponitur
1450 3922 1733 3997 ogdiizidts.

228 4057 458 4128 Domine,
490 4080 558 4118 ne
583 4064 638 4117 in
661 4065 843 4134 furore
870 4072 958 4118 tuo
983 4080 1176 4135 arguas
1205 4081 1306 4129 me,
1333 4075 1438 4120 etc.
1464 4063 1740 4120 Paeniten-

169 4148 242 4205 tiz
266 4155 504 4222 psalmus
529 4166 638 4224 est,
674 4169 726 4212 et
759 4175 865 4212 non
899 4158 1180 4214 emendari
1213 4160 1414 4214 refutat
1435 4170 1490 4214 et
1510 4159 1734 4229 corripi,

164 4248 244 4300 sed
269 4246 317 4302 in
347 4249 542 4307 furore
572 4259 629 4308 et
661 4253 710 4306 in
744 4255 846 4318 ira,
877 4255 1005 4323 quia
1032 4253 1281 4308 inﬁrmus
1313 4253 1405 4317 sit,
1433 4261 1491 4308 et
1528 4253 1740 4309 turbata

165 4336 259 4394 sint
281 4358 396 4396 ossa
433 4344 578 4416 t'jlls.
615 4346 679 4401 Et
711 4345 1005 4416 aliquatth
1036 4347 1188 4418 prius
1223 4345 1373 4401 furor
1404 4353 1508 4413 est,
1560 4358 1612 4401 et
1643 4361 1744 4416 po-

161 4439 264 4487 Stea
289 4433 397 4502 ira;
420 4440 520 4493 sed
549 4439 790 4495 maxime
813 4455 980 4495 unum
994 4447 1099 4496 est.
1126 4438 1332 4496 Tamen
1354 4437 1574 4494 l'urorin
1602 4454 1742 4510 prte-

162 4525 308 4595 senti,
347 4529 430 4584 ira
457 4533 510 4584 in
538 4529 747 4588 futuro.

1837 3311 1963 3366 mici
2000 3311 2137 3367 bella
2162 3319 2394 3381 gerunt,
2421 3324 2577 3366 meus
2607 3311 2782 3366 hostis
2811 3314 3065 3381 antiquus
3084 3319 3188 3366 est.
3221 3309 3393 3364 Aliter
3426 3326 3438 3362 τ

1838 3402 2186 3460 Pubertatem
2236 3405 2359 3474 ejus
2402 3403 2642 3460 hominis
2690 3404 2780 3474 qui
2822 3413 3120 3460 renovatur
3165 3402 3234 3459 de
3263 3403 3355 3460 die
3382 3402 3437 3457 in

1837 3497 2003 3561 diem.
2055 3513 2161 3552 non
2219 3513 2440 3566 possum
2484 3498 2786 3568 consequi:
2818 3498 2945 3570 quia
2973 3507 3218 3555 veterem
3256 3497 3436 3553 homi-

1839 3605 1962 3646 nem
1991 3606 2116 3647 cum
2147 3592 2294 3647 vitiis
2321 3599 2378 3648 et
2403 3591 2862 3662 concupiscentiis
2891 3592 3010 3664 ejus
3040 3592 3274 3650 inimicis
3306 3592 3442 3650 meis

1839 3683 2128 3740 adversum
2162 3701 2247 3741 me
2280 3695 2443 3756 porto
2466 3685 2852 3757 pugnantibus.

1916 3779 2174 3835 Discedite
2221 3798 2253 3833 a
2304 3796 2384 3836 me
2435 3796 2612 3836 omnes
2637 3783 2725 3851 qui
2756 3781 3041 3854 operamini
3089 3781 3443 3854 iniquitatem.

1841 3872 2136 3941 Postquam
2169 3875 2288 3944 ipse
2312 3873 2746 3929 miscricordiam
2772 3883 3102 3930 consecutus
3145 3885 3250 3940 est,
3281 3884 3446 3932 ca'te-

1841 3980 1934 4020 ros
1961 3965 2147 4031 docet,
2182 3966 2266 4021 vel
2293 3964 2638 4032 cohortatur,
2671 3977 2725 4021 ut
2750 3981 2779 4020 a
2802 3981 2862 4022 se
2890 3967 3110 4022 abeant.
3143 3967 3258 4023 Non
3295 3968 3441 4025 enim

1840 4058 2290 4128 vultiniquorum
2320 4059 2525 4116 habere
2546 4061 2908 4117 consortium.
2950 4060 3126 4117 Simul
3169 4072 3350 4118 autem
3391 4071 3448 4120 et

1842 4148 1974 4205 illud
2022 4152 2315 4207 notandum
2361 4163 2466 4221 est,
2523 4154 2666 4226 quod
2691 4153 2804 4224 jam
2855 4156 3107 4225 superius
3156 4155 3440 4212 diximus:

1844 4242 1991 4314 quod
2014 4258 2122 4299 non
2156 4259 2250 4300 eos
2271 4245 2365 4315 qui
2412 4244 2626 4316 operati
2660 4256 2786 4301 sunt
2817 4244 3198 4318 iniquitatem;
3229 4247 3328 4305 sed
3350 4247 3446 4322 qui

1845 4348 2162 4408 Operantttr,
2191 4353 2221 4391 a
2253 4353 2312 4394 se
2331 4337 2521 4409 iubeat
2546 4338 2824 4398 recedere.

1919 4431 2301 4488 Convertuntur
2321 4442 2368 4488 et
2397 4433 2698 4489 erubescant
2719 4434 2874 4489 valde
2891 4433 3151 4491 velociter.
3175 4433 3292 4491 Non
3315 4451 3448 4492 con-

1848 4536 1930 4582 tra
1963 4528 2239 4595 inimicos,
2270 4527 2368 4584 sed
2401 4546 2498 4601 pro
2547 4531 2786 4586 inimicis
2815 4539 2938 4587 orat
2971 4549 2986 4586 :
3019 4545 3074 4587 ιιι
3127 4543 3448 4590 romertan-

221 4616 465 4680 Miserere
486 4626 616 4696 mei,
633 4622 876 4682 Domine,
898 4625 1013 4683 vox
1035 4625 1318 4683 Ecclesia),
1339 4626 1739 4695 Misereremei,
1770 4591 1820 4652 θ
1852 4628 1938 4676 tur
1963 4629 2018 4676 ct
2047 4621 2374 4678 erubescant
2401 4638 2429 4676 ει
2459 4623 2696 4693 peccatis
2719 4622 2835 4680 suis
2862 4641 2875 4680 :
2905 4634 2959 4681 et
2981 4625 3310 4682 erubescant
3339 4642 3446 4684 non

158 4708 269 4779 quia
297 4714 466 4772 miser
498 4733 647 4773 sum.
678 4717 746 4774 Et
777 4719 892 4790 ipsc
931 4719 1364 4776 misericordiam
1394 4719 1492 4775 Dei
1516 4721 1741 4784 invenit,

156 4805 236 4873 qui
270 4822 329 4865 se
371 4812 648 4868 miserum
686 4813 1001 4870 c0nﬂtetur.
1035 4814 1294 4881 Quoniam
1323 4815 1562 4884 infirmus
1601 4831 1742 4883 sum,

156 4912 270 4953 sana
313 4921 424 4970 me,
457 4903 710 4962 Domine.
740 4910 816 4964 Ac
847 4911 892 4963 si
935 4907 1080 4963 dicat
1123 4927 1136 4963 :
1196 4909 1443 4964 inﬁrmus
1473 4924 1593 4964 sum
1647 4925 1742 4980 pro

153 5007 360 5064 peccato
391 5019 406 5056 :
437 5016 579 5059 sana
610 5017 718 5068 me,
741 5001 867 5074 quia
901 5001 1143 5058 medicus
1172 5017 1252 5058 es.
1281 5002 1393 5073 Ego
1413 5018 1532 5058 sum
1562 5018 1741 5074 aegro-

155 5095 253 5158 tus,
273 5103 327 5150 tu
359 5112 420 5153 es
446 5097 715 5154 medicus.
745 5098 857 5170 Ego
881 5098 1055 5156 habeo
1084 5098 1472 5167 inﬁrmitatem,
1502 5108 1554 5154 tu
1579 5100 1744 5155 habes

150 5189 448 5246 sanitatem.
474 5192 598 5261 Ego
619 5208 742 5249 sum
776 5193 1023 5250 inﬁrmus
1053 5209 1153 5265 per
1191 5204 1498 5265 peccatum,
1533 5203 1586 5248 tu
1615 5209 1745 5250 sana

153 5291 241 5350 per
266 5284 728 5342 misericordiam.

218 5377 482 5444 Quoniam
522 5381 832 5436 conturbata
875 5391 992 5436 sunt
1039 5381 1215 5436 omnia
1263 5397 1380 5436 ossa
1418 5398 1552 5437 mea.
1593 5383 1670 5436 Ac
1699 5381 1745 5437 si

150 5463 284 5523 dicat
315 5489 328 5526 :
358 5485 565 5526 omnes
589 5471 835 5540 virtutes,
855 5489 974 5545 quae
999 5489 1120 5529 ossa
1150 5474 1462 5544 appellavit.
1487 5473 1542 5528 in
1573 5475 1747 5544 primo

147 5556 362 5619 homine
393 5575 762 5637 transgressae
792 5577 918 5622 sunt
942 5609 955 5632 ,
987 5569 1107 5624 sive
1134 5571 1380 5639 perditae.
1414 5569 1605 5623 Anima
1635 5584 1748 5623 mea

149 5654 326 5711 exinde
375 5658 596 5714 turbata
645 5669 739 5715 est.
794 5659 900 5716 Per
948 5664 1326 5735 paenitentiam
1382 5673 1437 5717 ut
1489 5661 1748 5718 emende-

144 5763 279 5809 mur.

216 5847 282 5904 Et
332 5860 415 5922 tu,
475 5850 726 5924 Domine,
757 5868 1039 5926 usquequo.
1086 5853 1438 5928 Subauditur,
1470 5868 1748 5930 usquequo

1850 4712 2068 4781 leviter,
2099 4714 2197 4771 sed
2221 4716 2614 4773 vehementer:
2649 4730 2751 4772 nec
2778 4717 3143 4775 recrastinato
3176 4730 3443 4791 tempore,

1843 4805 1941 4862 sed
1971 4806 2104 4862 cito.

2422 4879 2739 4938 PSALMUS
2777 4883 2890 4939 Vll.

1847 4989 2095 5046 Psttlmns
2148 4991 2352 5059 Dauid,
2399 5010 2547 5060 quem
2594 4996 2817 5050 cantavit
2858 4995 3083 5052 Domino
3135 5013 3230 5060 pro
3280 4997 3447 5053 verbis

1926 5014 2095 5046 tttmus
2148 5014 2352 5059 uaria,
2399 5014 2547 5060 quem
2594 5014 2817 5050 cantavu
2858 5014 3083 5052 uonttno
3172 5014 3230 5051 ro
3280 5014 3442 5053 verbis

1922 5063 2084 5118 Chusi
2109 5063 2207 5133 filii
2226 5063 2439 5119 Jemint.
2475 5066 2749 5136 Plerique,
2778 5080 2834 5123 et
2858 5068 3097 5124 maxime
3134 5014 3189 5122 iii
3220 5071 3310 5135 qui
3336 5070 3442 5125 lle-

1922 5136 2050 5190 btaai
2080 5152 2349 5213 sermonis
2396 5139 2674 5192 scientiam
2718 5153 2825 5194 non
2867 5138 3090 5204 habent,
3122 5141 3265 5194 hunc
3295 5141 3442 5213 psal-

1923 5223 2069 5278 mum
2099 5208 2434 5263 arbitrantur
2457 5224 2523 5264 eo
2556 5219 2800 5278 tempore
2844 5225 2966 5266 esse
3007 5208 3311 5276 cantatum;
3336 5229 3444 5277 quo

1923 5277 2084 5334 (.husi
2105 5278 2248 5334 titius
2278 5281 2726 5346 Arachi,amicus
2753 5281 2943 5340 David.
2971 5282 3437 5338 de~truxitconsi-

1923 5349 2054 5405 liutn
2089 5352 2409 5424 Αειιὶιομιιει
2439 5370 2452 5406 :
2483 5363 2538 5407 et
2565 5355 2631 5406 ad
2661 5369 2782 5408 eum
2813 5353 3034 5408 nuntios
3060 5355 3206 5409 niisit
3237 5397 3253 5424 ,
3288 5371 3358 5412 ne
3387 5358 3439 5411 in

1925 5438 2110 5508 eremo
2139 5423 2546 5508 ultrasederct.
2575 5425 2666 5479 sed
2701 5425 2888 5508 procul
2912 5426 3142 5497 fugeret,
3161 5423 3443 5508 _ne0ppri-

1923 5506 2164 5550 tneretur
2191 5512 2220 5551 a
2251 5497 2382 5551 lilio.
2416 5495 2614 5550 Verum
2644 5495 2921 5552 sciendum
2968 5495 3048 5551 est
3089 5495 3445 5554 vehementer

1920 5583 2128 5640 errare.
2165 5569 2434 5636 Primum,
2473 5568 2614 5639 quod
2650 5583 2845 5640 nomen
2891 5568 3056 5624 Cltusi
3102 5585 3198 5640 per
3237 5571 3444 5626 sameclt

1923 5639 2158 5694 litteram
2185 5647 2446 5710 scriptum
2479 5649 2562 5694 est
2606 5658 2620 5693 :
2667 5639 2756 5696 htc
2804 5655 2934 5697 vero
2963 5657 3058 5711 per
3084 5639 3184 5696 sin.
3239 5641 3444 5698 Deinde

1923 5711 2064 5781 quod
2098 5728 2390 5782 numquam
2428 5712 2590 5766 David
2619 5713 2709 5776 qui
2730 5711 2866 5767 .loab
2895 5724 2948 5768 et
2975 5715 3187 5768 caeteris
3212 5713 3444 5768 ducibus

1921 5787 2194 5838 exercitus
2242 5787 2323 5838 sui
2375 5797 2729 5852 praeceperat,
2763 5785 2952 5841 dicens
2985 5802 2998 5839 :
3030 5783 3240 5839 Parcite
3284 5802 3443 5852 puero

1923 5855 2207 5913 Abessalon
2253 5854 2321 5930 (ll
2349 5856 2480 5926 Reg.
2515 5853 2696 5927 svnt),
2743 5857 2814 5916 de
2859 5867 3040 5918 morte
3077 5856 3170 5916 ﬁlii
3200 5856 3453 5930 loquere-

3399 2275 3779 2360 \K‘K
