  <div class='ocr_page' id='page_1' title='image "/cluster/home/n/w/nwhite01/storage/ocr_20150623/26/hvd.32044015471402/425.png"; bbox 0 0 3944 6334; ppageno 0'>
   <div class='ocr_carea' id='block_1_1' title="bbox 1262 223 2065 292">
    <p class='ocr_par' dir='ltr' id='par_1_1' title="bbox 1262 227 2032 292">
     <span class='ocr_line' id='line_1_1' title="bbox 1262 227 2032 292; baseline -0.005 -2"><span class='ocrx_word' id='word_1_1' title='bbox 1262 229 1611 292; x_wconf 81' lang='lat' dir='ltr'><strong>APPENDIX</strong></span> <span class='ocrx_word' id='word_1_2' title='bbox 1651 232 1745 289; x_wconf 81' lang='lat' dir='ltr'><strong>AD</strong></span> <span class='ocrx_word' id='word_1_3' title='bbox 1784 229 1824 286; x_wconf 85' lang='grc' dir='ltr'>Τ</span> <span class='ocrx_word' id='word_1_4' title='bbox 1829 227 1926 288; x_wconf 83' lang='grc' dir='ltr'>ΟΜ</span> <span class='ocrx_word' id='word_1_5' title='bbox 1937 227 2032 287; x_wconf 76' lang='lat' dir='ltr'><strong>UM</strong></span> 
     </span>
    </p>
   </div>
   <div class='ocr_carea' id='block_1_2' title="bbox 2178 223 3720 292">
    <p class='ocr_par' dir='ltr' id='par_1_2' title="bbox 2178 223 3720 292">
     <span class='ocr_line' id='line_1_2' title="bbox 2178 223 3720 292; baseline 0.006 -11"><span class='ocrx_word' id='word_1_6' title='bbox 2178 224 2428 284; x_wconf 70' lang='lat' dir='ltr'><strong>PTlllllM</strong></span> <span class='ocrx_word' id='word_1_7' title='bbox 2468 225 2526 286; x_wconf 90' lang='lat' dir='ltr'><strong>S.</strong></span> <span class='ocrx_word' id='word_1_8' title='bbox 2581 223 2989 285; x_wconf 75' lang='lat' dir='ltr'><strong>HIERONYMI.</strong></span> <span class='ocrx_word' id='word_1_9' title='bbox 3634 229 3720 292; x_wconf 60' lang='lat'><strong>840</strong></span> 
     </span>
    </p>
   </div>
   <div class='ocr_carea' id='block_1_3' title="bbox 479 339 3715 422">
    <p class='ocr_par' dir='ltr' id='par_1_3' title="bbox 479 339 3715 422">
     <span class='ocr_line' id='line_1_3' title="bbox 479 339 3715 422; baseline -0.002 -12"><span class='ocrx_word' id='word_1_10' title='bbox 479 352 804 421; x_wconf 78' lang='lat' dir='ltr'><strong>templanles</strong></span> <span class='ocrx_word' id='word_1_11' title='bbox 836 350 1082 409; x_wconf 72' lang='lat' dir='ltr'><strong>cmicstia</strong></span> <span class='ocrx_word' id='word_1_12' title='bbox 1109 367 1122 404; x_wconf 89' lang='lat'><strong>:</strong></span> <span class='ocrx_word' id='word_1_13' title='bbox 1155 349 1298 406; x_wconf 90' lang='lat' dir='ltr'><strong>inter</strong></span> <span class='ocrx_word' id='word_1_14' title='bbox 1315 351 1480 422; x_wconf 86' lang='lat' dir='ltr'><strong>hujus</strong></span> <span class='ocrx_word' id='word_1_15' title='bbox 1511 349 1698 406; x_wconf 83' lang='lat' dir='ltr'><strong>saeculi</strong></span> <span class='ocrx_word' id='word_1_16' title='bbox 1726 349 1923 404; x_wconf 82' lang='lat' dir='ltr'><strong>ﬂuctus</strong></span> <span class='ocrx_word' id='word_1_17' title='bbox 1969 362 2070 417; x_wconf 87' lang='lat' dir='ltr'><strong>pu-</strong></span> <span class='ocrx_word' id='word_1_18' title='bbox 2100 344 2145 404; x_wconf 82' lang='lat' dir='ltr'><strong>A</strong></span> <span class='ocrx_word' id='word_1_19' title='bbox 2177 343 2425 415; x_wconf 76' lang='lat' dir='ltr'><strong>quamvis</strong></span> <span class='ocrx_word' id='word_1_20' title='bbox 2454 345 2505 398; x_wconf 91' lang='lat' dir='ltr'><strong>in</strong></span> <span class='ocrx_word' id='word_1_21' title='bbox 2537 345 2831 414; x_wconf 84' lang='lat' dir='ltr'><strong>semetipsa</strong></span> <span class='ocrx_word' id='word_1_22' title='bbox 2857 343 3010 413; x_wconf 87' lang='lat' dir='ltr'><strong>plura</strong></span> <span class='ocrx_word' id='word_1_23' title='bbox 3034 340 3162 396; x_wconf 89' lang='lat' dir='ltr'><strong>sint.</strong></span> <span class='ocrx_word' id='word_1_24' title='bbox 3191 339 3291 396; x_wconf 84' lang='lat' dir='ltr'><strong>Vel</strong></span> <span class='ocrx_word' id='word_1_25' title='bbox 3321 341 3540 396; x_wconf 78' lang='lat' dir='ltr'><strong>narrabo</strong></span> <span class='ocrx_word' id='word_1_26' title='bbox 3559 348 3715 402; x_wconf 81' lang='lat' dir='ltr'><strong>omnia</strong></span> 
     </span>
    </p>
   </div>
   <div class='ocr_carea' id='block_1_4' title="bbox 479 449 1257 504">
    <p class='ocr_par' dir='ltr' id='par_1_4' title="bbox 479 449 1257 504">
     <span class='ocr_line' id='line_1_4' title="bbox 479 449 1257 504; baseline -0.003 -2"><span class='ocrx_word' id='word_1_27' title='bbox 479 458 591 503; x_wconf 90' lang='lat' dir='ltr'><strong>tant</strong></span> <span class='ocrx_word' id='word_1_28' title='bbox 626 463 748 504; x_wconf 85' lang='lat' dir='ltr'><strong>esse</strong></span> <span class='ocrx_word' id='word_1_29' title='bbox 777 449 942 502; x_wconf 80' lang='lat' dir='ltr'><strong>vitam</strong></span> <span class='ocrx_word' id='word_1_30' title='bbox 973 456 1257 503; x_wconf 65' lang='lat' dir='ltr'><strong>aeternam.</strong></span> 
     </span>
    </p>
   </div>
   <div class='ocr_carea' id='block_1_5' title="bbox 553 538 2070 611">
    <p class='ocr_par' dir='ltr' id='par_1_5' title="bbox 553 538 2070 611">
     <span class='ocr_line' id='line_1_5' title="bbox 553 538 2070 611; baseline -0.004 -15"><span class='ocrx_word' id='word_1_31' title='bbox 553 539 772 597; x_wconf 80' lang='lat' dir='ltr'><strong>Domine</strong></span> <span class='ocrx_word' id='word_1_32' title='bbox 802 539 1054 596; x_wconf 76' lang='lat' dir='ltr'><strong>Dominus</strong></span> <span class='ocrx_word' id='word_1_33' title='bbox 1086 550 1278 604; x_wconf 82' lang='lat' dir='ltr'><strong>noster,</strong></span> <span class='ocrx_word' id='word_1_34' title='bbox 1304 556 1457 611; x_wconf 85' lang='lat' dir='ltr'><strong>quam</strong></span> <span class='ocrx_word' id='word_1_35' title='bbox 1498 538 1804 593; x_wconf 75' lang='lat' dir='ltr'><strong>admirabile</strong></span> <span class='ocrx_word' id='word_1_36' title='bbox 1845 546 1939 604; x_wconf 88' lang='lat' dir='ltr'><strong>est,</strong></span> <span class='ocrx_word' id='word_1_37' title='bbox 1961 543 2070 590; x_wconf 89' lang='lat' dir='ltr'><strong>etc.</strong></span> 
     </span>
    </p>
   </div>
   <div class='ocr_carea' id='block_1_6' title="bbox 478 631 2070 706">
    <p class='ocr_par' dir='ltr' id='par_1_6' title="bbox 478 631 2070 706">
     <span class='ocr_line' id='line_1_6' title="bbox 478 631 2070 706; baseline -0.006 -12"><span class='ocrx_word' id='word_1_38' title='bbox 478 633 559 694; x_wconf 88' lang='lat' dir='ltr'><strong>De</strong></span> <span class='ocrx_word' id='word_1_39' title='bbox 587 635 925 693; x_wconf 76' lang='lat' dir='ltr'><strong>beatitudine</strong></span> <span class='ocrx_word' id='word_1_40' title='bbox 968 634 1196 706; x_wconf 84' lang='lat' dir='ltr'><strong>incipit,</strong></span> <span class='ocrx_word' id='word_1_41' title='bbox 1248 635 1334 691; x_wconf 94' lang='lat' dir='ltr'><strong>vel</strong></span> <span class='ocrx_word' id='word_1_42' title='bbox 1366 635 1434 690; x_wconf 92' lang='lat' dir='ltr'><strong>de</strong></span> <span class='ocrx_word' id='word_1_43' title='bbox 1463 633 1620 690; x_wconf 85' lang='lat' dir='ltr'><strong>laude</strong></span> <span class='ocrx_word' id='word_1_44' title='bbox 1666 642 1721 688; x_wconf 88' lang='lat' dir='ltr'><strong>et</strong></span> <span class='ocrx_word' id='word_1_45' title='bbox 1765 633 1819 688; x_wconf 91' lang='lat' dir='ltr'><strong>in</strong></span> <span class='ocrx_word' id='word_1_46' title='bbox 1852 631 2070 687; x_wconf 89' lang='lat' dir='ltr'><strong>laudem</strong></span> 
     </span>
    </p>
   </div>
   <div class='ocr_carea' id='block_1_7' title="bbox 478 724 2070 795">
    <p class='ocr_par' dir='ltr' id='par_1_7' title="bbox 478 724 2070 795">
     <span class='ocr_line' id='line_1_7' title="bbox 478 724 2070 795; baseline -0.005 -9"><span class='ocrx_word' id='word_1_47' title='bbox 478 729 825 786; x_wconf 85' lang='lat' dir='ltr'><strong>terminatur.</strong></span> <span class='ocrx_word' id='word_1_48' title='bbox 884 729 1001 784; x_wconf 92' lang='lat' dir='ltr'><strong>lloc</strong></span> <span class='ocrx_word' id='word_1_49' title='bbox 1065 728 1371 785; x_wconf 89' lang='lat' dir='ltr'><strong>admiratur</strong></span> <span class='ocrx_word' id='word_1_50' title='bbox 1446 727 1735 788; x_wconf 77' lang='lat' dir='ltr'><strong>Ecclesia.</strong></span> <span class='ocrx_word' id='word_1_51' title='bbox 1796 724 2070 795; x_wconf 90' lang='lat' dir='ltr'><strong>quomodo</strong></span> 
     </span>
    </p>
   </div>
   <div class='ocr_carea' id='block_1_8' title="bbox 476 817 2068 890">
    <p class='ocr_par' dir='ltr' id='par_1_8' title="bbox 476 817 2068 890">
     <span class='ocr_line' id='line_1_8' title="bbox 476 817 2068 890; baseline -0.005 -12"><span class='ocrx_word' id='word_1_52' title='bbox 476 822 647 878; x_wconf 86' lang='lat' dir='ltr'><strong>sancti</strong></span> <span class='ocrx_word' id='word_1_53' title='bbox 677 819 968 876; x_wconf 82' lang='lat' dir='ltr'><strong>voluntarii</strong></span> <span class='ocrx_word' id='word_1_54' title='bbox 1001 836 1100 890; x_wconf 91' lang='lat' dir='ltr'><strong>pro</strong></span> <span class='ocrx_word' id='word_1_55' title='bbox 1127 819 1349 876; x_wconf 86' lang='lat' dir='ltr'><strong>nomine</strong></span> <span class='ocrx_word' id='word_1_56' title='bbox 1375 817 1580 875; x_wconf 81' lang='lat' dir='ltr'><strong>Christi</strong></span> <span class='ocrx_word' id='word_1_57' title='bbox 1631 819 1946 890; x_wconf 88' lang='lat' dir='ltr'><strong>patiuntur,</strong></span> <span class='ocrx_word' id='word_1_58' title='bbox 1982 817 2068 872; x_wconf 87' lang='lat' dir='ltr'><strong>vel</strong></span> 
     </span>
    </p>
   </div>
   <div class='ocr_carea' id='block_1_9' title="bbox 475 909 2066 986">
    <p class='ocr_par' dir='ltr' id='par_1_9' title="bbox 475 909 2066 986">
     <span class='ocr_line' id='line_1_9' title="bbox 475 909 2066 986; baseline -0.004 -18"><span class='ocrx_word' id='word_1_59' title='bbox 475 912 753 986; x_wconf 91' lang='lat' dir='ltr'><strong>quomodo</strong></span> <span class='ocrx_word' id='word_1_60' title='bbox 782 928 971 969; x_wconf 91' lang='lat' dir='ltr'><strong>sumus</strong></span> <span class='ocrx_word' id='word_1_61' title='bbox 993 927 1187 969; x_wconf 88' lang='lat' dir='ltr'><strong>omnes</strong></span> <span class='ocrx_word' id='word_1_62' title='bbox 1207 927 1239 967; x_wconf 90' lang='lat' dir='ltr'><strong>a</strong></span> <span class='ocrx_word' id='word_1_63' title='bbox 1265 911 1528 968; x_wconf 90' lang='lat' dir='ltr'><strong>Creatore</strong></span> <span class='ocrx_word' id='word_1_64' title='bbox 1559 909 1745 966; x_wconf 87' lang='lat' dir='ltr'><strong>mundi</strong></span> <span class='ocrx_word' id='word_1_65' title='bbox 1774 910 2066 980; x_wconf 85' lang='lat' dir='ltr'><strong>redempti.</strong></span> 
     </span>
    </p>
   </div>
   <div class='ocr_carea' id='block_1_10' title="bbox 1042 1047 1494 1106">
    <p class='ocr_par' dir='ltr' id='par_1_10' title="bbox 1042 1047 1494 1106">
     <span class='ocr_line' id='line_1_10' title="bbox 1042 1047 1494 1106; baseline -0.007 0"><span class='ocrx_word' id='word_1_66' title='bbox 1042 1047 1360 1106; x_wconf 77' lang='lat' dir='ltr'><strong>PSALMUS</strong></span> <span class='ocrx_word' id='word_1_67' title='bbox 1400 1047 1494 1103; x_wconf 83' lang='lat' dir='ltr'><strong>IX.</strong></span> 
     </span>
    </p>
   </div>
   <div class='ocr_carea' id='block_1_11' title="bbox 476 1141 2070 1217">
    <p class='ocr_par' dir='ltr' id='par_1_11' title="bbox 476 1141 2070 1217">
     <span class='ocr_line' id='line_1_11' title="bbox 476 1141 2070 1217; baseline 0.001 -19"><span class='ocrx_word' id='word_1_68' title='bbox 476 1141 545 1199; x_wconf 84' lang='lat' dir='ltr'><strong>In</strong></span> <span class='ocrx_word' id='word_1_69' title='bbox 571 1143 728 1217; x_wconf 79' lang='lat' dir='ltr'><strong>ﬁnem</strong></span> <span class='ocrx_word' id='word_1_70' title='bbox 762 1161 860 1217; x_wconf 85' lang='lat' dir='ltr'><strong>pro</strong></span> <span class='ocrx_word' id='word_1_71' title='bbox 894 1142 1347 1217; x_wconf 74' lang='lat' dir='ltr'><strong>absconditis/itii</strong></span> <span class='ocrx_word' id='word_1_72' title='bbox 1367 1184 1408 1217; x_wconf 89' lang='lat'><strong>,_</strong></span> <span class='ocrx_word' id='word_1_73' title='bbox 1429 1144 1661 1217; x_wconf 84' lang='lat' dir='ltr'><strong>psalmus</strong></span> <span class='ocrx_word' id='word_1_74' title='bbox 1688 1141 1879 1198; x_wconf 79' lang='lat' dir='ltr'><strong>David.</strong></span> <span class='ocrx_word' id='word_1_75' title='bbox 1919 1145 2070 1200; x_wconf 87' lang='lat' dir='ltr'><strong>Licet</strong></span> 
     </span>
    </p>
   </div>
   <div class='ocr_carea' id='block_1_12' title="bbox 550 1213 2069 1287">
    <p class='ocr_par' dir='ltr' id='par_1_12' title="bbox 550 1213 2069 1287">
     <span class='ocr_line' id='line_1_12' title="bbox 550 1213 2069 1287; baseline -0.001 -16"><span class='ocrx_word' id='word_1_76' title='bbox 550 1213 891 1287; x_wconf 49' lang='lat' dir='ltr'><strong>Aquila&#39;pro</strong></span> <span class='ocrx_word' id='word_1_77' title='bbox 948 1213 1261 1287; x_wconf 75' lang='lat' dir='ltr'><strong>absconditis</strong></span> <span class='ocrx_word' id='word_1_78' title='bbox 1310 1215 1438 1284; x_wconf 89' lang='lat' dir='ltr'><strong>ﬁlii,</strong></span> <span class='ocrx_word' id='word_1_79' title='bbox 1502 1216 1907 1287; x_wconf 76' lang='lat' dir='ltr'><strong>adolescentiam</strong></span> <span class='ocrx_word' id='word_1_80' title='bbox 1967 1217 2069 1283; x_wconf 79' lang='lat' dir='ltr'><strong>lilii</strong></span> 
     </span>
    </p>
   </div>
   <div class='ocr_carea' id='block_1_13' title="bbox 546 1286 2066 1356">
    <p class='ocr_par' dir='ltr' id='par_1_13' title="bbox 546 1286 2066 1356">
     <span class='ocr_line' id='line_1_13' title="bbox 546 1286 2066 1356; baseline -0.001 -13"><span class='ocrx_word' id='word_1_81' title='bbox 546 1286 789 1356; x_wconf 81' lang='lat' dir='ltr'><strong>posuerit</strong></span> <span class='ocrx_word' id='word_1_82' title='bbox 819 1304 833 1343; x_wconf 94' lang='lat'><strong>:</strong></span> <span class='ocrx_word' id='word_1_83' title='bbox 868 1301 1046 1342; x_wconf 90' lang='lat' dir='ltr'><strong>tamen</strong></span> <span class='ocrx_word' id='word_1_84' title='bbox 1074 1286 1354 1342; x_wconf 91' lang='lat' dir='ltr'><strong>sciendum</strong></span> <span class='ocrx_word' id='word_1_85' title='bbox 1388 1287 1442 1340; x_wconf 91' lang='lat' dir='ltr'><strong>in</strong></span> <span class='ocrx_word' id='word_1_86' title='bbox 1479 1287 1707 1342; x_wconf 68' lang='lat' dir='ltr'><strong>llehraao</strong></span> <span class='ocrx_word' id='word_1_87' title='bbox 1730 1286 1940 1354; x_wconf 88' lang='lat' dir='ltr'><strong>haberi,</strong></span> <span class='ocrx_word' id='word_1_88' title='bbox 1973 1303 2066 1355; x_wconf 87' lang='lat' dir='ltr'><strong>pro</strong></span> 
     </span>
    </p>
   </div>
   <div class='ocr_carea' id='block_1_14' title="bbox 546 1357 2066 1430">
    <p class='ocr_par' dir='ltr' id='par_1_14' title="bbox 546 1357 2066 1430">
     <span class='ocr_line' id='line_1_14' title="bbox 546 1357 2066 1430; baseline 0 -16"><span class='ocrx_word' id='word_1_89' title='bbox 546 1367 710 1414; x_wconf 85' lang='lat' dir='ltr'><strong>marte</strong></span> <span class='ocrx_word' id='word_1_90' title='bbox 751 1357 870 1428; x_wconf 84' lang='lat' dir='ltr'><strong>ﬁlii.</strong></span> <span class='ocrx_word' id='word_1_91' title='bbox 905 1360 1144 1430; x_wconf 75' lang='lat' dir='ltr'><strong>Denique</strong></span> <span class='ocrx_word' id='word_1_92' title='bbox 1187 1369 1241 1413; x_wconf 89' lang='lat' dir='ltr'><strong>et</strong></span> <span class='ocrx_word' id='word_1_93' title='bbox 1275 1358 1638 1429; x_wconf 86' lang='lat' dir='ltr'><strong>Symmachus</strong></span> <span class='ocrx_word' id='word_1_94' title='bbox 1674 1361 1726 1412; x_wconf 91' lang='lat' dir='ltr'><strong>in</strong></span> <span class='ocrx_word' id='word_1_95' title='bbox 1769 1361 1912 1430; x_wconf 88' lang='lat' dir='ltr'><strong>hunc</strong></span> <span class='ocrx_word' id='word_1_96' title='bbox 1950 1375 2066 1414; x_wconf 89' lang='lat' dir='ltr'><strong>rno-</strong></span> 
     </span>
    </p>
   </div>
   <div class='ocr_carea' id='block_1_15' title="bbox 546 1429 2062 1500">
    <p class='ocr_par' dir='ltr' id='par_1_15' title="bbox 546 1429 2062 1500">
     <span class='ocr_line' id='line_1_15' title="bbox 546 1429 2062 1500; baseline -0.001 -14"><span class='ocrx_word' id='word_1_97' title='bbox 546 1431 674 1487; x_wconf 88' lang='lat' dir='ltr'><strong>dum</strong></span> <span class='ocrx_word' id='word_1_98' title='bbox 718 1431 1023 1497; x_wconf 83' lang='lat' dir='ltr'><strong>transtulit,</strong></span> <span class='ocrx_word' id='word_1_99' title='bbox 1058 1429 1152 1499; x_wconf 74' lang='lat' dir='ltr'><strong>pro</strong></span> <span class='ocrx_word' id='word_1_100' title='bbox 1173 1430 1386 1484; x_wconf 87' lang='lat' dir='ltr'><strong>victoria</strong></span> <span class='ocrx_word' id='word_1_101' title='bbox 1425 1431 1488 1485; x_wconf 89' lang='lat' dir='ltr'><strong>de</strong></span> <span class='ocrx_word' id='word_1_102' title='bbox 1515 1439 1679 1484; x_wconf 89' lang='lat' dir='ltr'><strong>marte</strong></span> <span class='ocrx_word' id='word_1_103' title='bbox 1721 1429 1840 1500; x_wconf 84' lang='lat' dir='ltr'><strong>ﬁlii.</strong></span> <span class='ocrx_word' id='word_1_104' title='bbox 1893 1431 2062 1486; x_wconf 89' lang='lat' dir='ltr'><strong>Totus</strong></span> 
     </span>
    </p>
   </div>
   <div class='ocr_carea' id='block_1_16' title="bbox 545 1501 2064 1574">
    <p class='ocr_par' dir='ltr' id='par_1_16' title="bbox 545 1501 2064 1574">
     <span class='ocr_line' id='line_1_16' title="bbox 545 1501 2064 1574; baseline 0 -17"><span class='ocrx_word' id='word_1_105' title='bbox 545 1504 711 1574; x_wconf 89' lang='lat' dir='ltr'><strong>igitur</strong></span> <span class='ocrx_word' id='word_1_106' title='bbox 752 1506 994 1574; x_wconf 89' lang='lat' dir='ltr'><strong>psalmus</strong></span> <span class='ocrx_word' id='word_1_107' title='bbox 1033 1501 1517 1574; x_wconf 17' lang='lat' dir='ltr'><strong>pergtropologiam</strong></span> <span class='ocrx_word' id='word_1_108' title='bbox 1547 1501 1614 1555; x_wconf 88' lang='lat' dir='ltr'><strong>ad</strong></span> <span class='ocrx_word' id='word_1_109' title='bbox 1644 1503 1850 1574; x_wconf 73' lang='lat' dir='ltr'><strong>Christi</strong></span> <span class='ocrx_word' id='word_1_110' title='bbox 1896 1504 2064 1571; x_wconf 90' lang='lat' dir='ltr'><strong>perti-</strong></span> 
     </span>
    </p>
   </div>
   <div class='ocr_carea' id='block_1_17' title="bbox 541 1571 2056 1644">
    <p class='ocr_par' dir='ltr' id='par_1_17' title="bbox 541 1571 2056 1644">
     <span class='ocr_line' id='line_1_17' title="bbox 541 1571 2056 1644; baseline -0.001 -12"><span class='ocrx_word' id='word_1_111' title='bbox 541 1571 637 1632; x_wconf 50' lang='lat' dir='ltr'><strong>n&#39;ct</strong></span> <span class='ocrx_word' id='word_1_112' title='bbox 667 1571 1092 1632; x_wconf 75' lang='lat' dir='ltr'><strong>sacramentum.</strong></span> <span class='ocrx_word' id='word_1_113' title='bbox 1128 1571 1282 1629; x_wconf 88' lang='lat' dir='ltr'><strong>Unde</strong></span> <span class='ocrx_word' id='word_1_114' title='bbox 1311 1584 1367 1628; x_wconf 89' lang='lat' dir='ltr'><strong>et</strong></span> <span class='ocrx_word' id='word_1_115' title='bbox 1387 1571 1752 1644; x_wconf 78' lang='lat' dir='ltr'><strong>Septuaginta</strong></span> <span class='ocrx_word' id='word_1_116' title='bbox 1785 1573 2056 1643; x_wconf 36' lang='lat' dir='ltr'><strong>interpres</strong></span> 
     </span>
    </p>
   </div>
   <div class='ocr_carea' id='block_1_18' title="bbox 548 1646 2058 1717">
    <p class='ocr_par' dir='ltr' id='par_1_18' title="bbox 548 1646 2058 1717">
     <span class='ocr_line' id='line_1_18' title="bbox 548 1646 2058 1717; baseline -0.001 -17"><span class='ocrx_word' id='word_1_117' title='bbox 548 1657 665 1709; x_wconf 86' lang='lat' dir='ltr'><strong>tes.</strong></span> <span class='ocrx_word' id='word_1_118' title='bbox 705 1647 910 1702; x_wconf 83' lang='lat' dir='ltr'><strong>Christi</strong></span> <span class='ocrx_word' id='word_1_119' title='bbox 942 1646 1254 1717; x_wconf 55' lang='lat' dir='ltr'><strong>passionem</strong></span> <span class='ocrx_word' id='word_1_120' title='bbox 1303 1655 1358 1700; x_wconf 91' lang='lat' dir='ltr'><strong>et</strong></span> <span class='ocrx_word' id='word_1_121' title='bbox 1406 1647 1900 1710; x_wconf 76' lang='lat' dir='ltr'><strong>resurrectionem,</strong></span> <span class='ocrx_word' id='word_1_122' title='bbox 1939 1662 2058 1717; x_wconf 85' lang='lat' dir='ltr'><strong>quae</strong></span> 
     </span>
    </p>
   </div>
   <div class='ocr_carea' id='block_1_19' title="bbox 545 1715 2059 1789">
    <p class='ocr_par' dir='ltr' id='par_1_19' title="bbox 545 1715 2059 1789">
     <span class='ocr_line' id='line_1_19' title="bbox 545 1715 2059 1789; baseline 0 -16"><span class='ocrx_word' id='word_1_123' title='bbox 545 1719 724 1789; x_wconf 86' lang='lat' dir='ltr'><strong>ignota</strong></span> <span class='ocrx_word' id='word_1_124' title='bbox 757 1720 902 1788; x_wconf 88' lang='lat' dir='ltr'><strong>prius</strong></span> <span class='ocrx_word' id='word_1_125' title='bbox 927 1715 1127 1771; x_wconf 85' lang='lat' dir='ltr'><strong>mnmlo</strong></span> <span class='ocrx_word' id='word_1_126' title='bbox 1155 1715 1290 1784; x_wconf 87' lang='lat' dir='ltr'><strong>fuit,</strong></span> <span class='ocrx_word' id='word_1_127' title='bbox 1319 1733 1411 1784; x_wconf 86' lang='lat' dir='ltr'><strong>per</strong></span> <span class='ocrx_word' id='word_1_128' title='bbox 1434 1718 1653 1789; x_wconf 81' lang='lat' dir='ltr'><strong>verbum</strong></span> <span class='ocrx_word' id='word_1_129' title='bbox 1680 1715 2059 1773; x_wconf 75' lang='lat' dir='ltr'><strong>absconsionis</strong></span> 
     </span>
    </p>
   </div>
   <div class='ocr_carea' id='block_1_20' title="bbox 545 1788 2060 1858">
    <p class='ocr_par' dir='ltr' id='par_1_20' title="bbox 545 1788 2060 1858">
     <span class='ocr_line' id='line_1_20' title="bbox 545 1788 2060 1858; baseline -0.002 -13"><span class='ocrx_word' id='word_1_130' title='bbox 545 1788 726 1846; x_wconf 84' lang='lat' dir='ltr'><strong>celare</strong></span> <span class='ocrx_word' id='word_1_131' title='bbox 754 1789 1085 1854; x_wconf 87' lang='lat' dir='ltr'><strong>voluerunt,</strong></span> <span class='ocrx_word' id='word_1_132' title='bbox 1116 1806 1182 1842; x_wconf 90' lang='lat' dir='ltr'><strong>ne</strong></span> <span class='ocrx_word' id='word_1_133' title='bbox 1211 1803 1241 1841; x_wconf 91' lang='lat' dir='ltr'><strong>a</strong></span> <span class='ocrx_word' id='word_1_134' title='bbox 1267 1789 1524 1858; x_wconf 79' lang='lat' dir='ltr'><strong>gentibus</strong></span> <span class='ocrx_word' id='word_1_135' title='bbox 1555 1788 1648 1842; x_wconf 91' lang='lat' dir='ltr'><strong>illo</strong></span> <span class='ocrx_word' id='word_1_136' title='bbox 1693 1798 1938 1858; x_wconf 84' lang='lat' dir='ltr'><strong>tempore</strong></span> <span class='ocrx_word' id='word_1_137' title='bbox 1981 1791 2060 1842; x_wconf 89' lang='lat' dir='ltr'><strong>l&#39;a-</strong></span> 
     </span>
    </p>
   </div>
   <div class='ocr_carea' id='block_1_21' title="bbox 550 1859 2061 1928">
    <p class='ocr_par' dir='ltr' id='par_1_21' title="bbox 550 1859 2061 1928">
     <span class='ocr_line' id='line_1_21' title="bbox 550 1859 2061 1928; baseline -0.002 -11"><span class='ocrx_word' id='word_1_138' title='bbox 550 1864 657 1918; x_wconf 90' lang='lat' dir='ltr'><strong>cile</strong></span> <span class='ocrx_word' id='word_1_139' title='bbox 696 1859 1040 1916; x_wconf 74' lang='lat' dir='ltr'><strong>nasceretur.</strong></span> <span class='ocrx_word' id='word_1_140' title='bbox 1087 1860 1182 1915; x_wconf 89' lang='lat' dir='ltr'><strong>Hic</strong></span> <span class='ocrx_word' id='word_1_141' title='bbox 1227 1861 1295 1914; x_wconf 90' lang='lat' dir='ltr'><strong>de</strong></span> <span class='ocrx_word' id='word_1_142' title='bbox 1324 1860 1428 1914; x_wconf 84' lang='lat' dir='ltr'><strong>isto</strong></span> <span class='ocrx_word' id='word_1_143' title='bbox 1454 1861 1564 1913; x_wconf 90' lang='lat' dir='ltr'><strong>lilio</strong></span> <span class='ocrx_word' id='word_1_144' title='bbox 1611 1862 1752 1926; x_wconf 86' lang='lat' dir='ltr'><strong>quod</strong></span> <span class='ocrx_word' id='word_1_145' title='bbox 1810 1862 2061 1928; x_wconf 83' lang='lat' dir='ltr'><strong>snperins</strong></span> 
     </span>
    </p>
   </div>
   <div class='ocr_carea' id='block_1_22' title="bbox 548 1930 2060 1998">
    <p class='ocr_par' dir='ltr' id='par_1_22' title="bbox 548 1930 2060 1998">
     <span class='ocr_line' id='line_1_22' title="bbox 548 1930 2060 1998; baseline -0.001 -11"><span class='ocrx_word' id='word_1_146' title='bbox 548 1934 713 1998; x_wconf 80' lang='lat' dir='ltr'><strong>dixit,</strong></span> <span class='ocrx_word' id='word_1_147' title='bbox 748 1950 854 1988; x_wconf 90' lang='lat' dir='ltr'><strong>non</strong></span> <span class='ocrx_word' id='word_1_148' title='bbox 888 1935 954 1986; x_wconf 81' lang='lat' dir='ltr'><strong>de</strong></span> <span class='ocrx_word' id='word_1_149' title='bbox 984 1932 1080 1986; x_wconf 90' lang='lat' dir='ltr'><strong>illo</strong></span> <span class='ocrx_word' id='word_1_150' title='bbox 1109 1932 1525 1987; x_wconf 88' lang='lat' dir='ltr'><strong>tiliosecundum</strong></span> <span class='ocrx_word' id='word_1_151' title='bbox 1553 1930 1834 1986; x_wconf 88' lang='lat' dir='ltr'><strong>historiam</strong></span> <span class='ocrx_word' id='word_1_152' title='bbox 1864 1933 2060 1998; x_wconf 80' lang='lat' dir='ltr'><strong>David,</strong></span> 
     </span>
    </p>
   </div>
   <div class='ocr_carea' id='block_1_23' title="bbox 546 2004 2057 2074">
    <p class='ocr_par' dir='ltr' id='par_1_23' title="bbox 546 2004 2057 2074">
     <span class='ocr_line' id='line_1_23' title="bbox 546 2004 2057 2074; baseline -0.001 -14"><span class='ocrx_word' id='word_1_153' title='bbox 546 2005 600 2060; x_wconf 89' lang='lat' dir='ltr'><strong>id</strong></span> <span class='ocrx_word' id='word_1_154' title='bbox 624 2016 703 2060; x_wconf 90' lang='lat' dir='ltr'><strong>est</strong></span> <span class='ocrx_word' id='word_1_155' title='bbox 729 2004 1030 2060; x_wconf 90' lang='lat' dir='ltr'><strong>Abessalon</strong></span> <span class='ocrx_word' id='word_1_156' title='bbox 1061 2004 1236 2059; x_wconf 87' lang='lat' dir='ltr'><strong>dicit:</strong></span> <span class='ocrx_word' id='word_1_157' title='bbox 1279 2005 1433 2072; x_wconf 87' lang='lat' dir='ltr'><strong>cujus</strong></span> <span class='ocrx_word' id='word_1_158' title='bbox 1461 2019 1626 2074; x_wconf 84' lang='lat' dir='ltr'><strong>opera</strong></span> <span class='ocrx_word' id='word_1_159' title='bbox 1674 2019 1780 2057; x_wconf 91' lang='lat' dir='ltr'><strong>non</strong></span> <span class='ocrx_word' id='word_1_160' title='bbox 1827 2005 2057 2067; x_wconf 86' lang='lat' dir='ltr'><strong>occulta,</strong></span> 
     </span>
    </p>
   </div>
   <div class='ocr_carea' id='block_1_24' title="bbox 545 2074 2060 2144">
    <p class='ocr_par' dir='ltr' id='par_1_24' title="bbox 545 2074 2060 2144">
     <span class='ocr_line' id='line_1_24' title="bbox 545 2074 2060 2144; baseline 0 -13"><span class='ocrx_word' id='word_1_161' title='bbox 545 2077 643 2132; x_wconf 90' lang='lat' dir='ltr'><strong>sed</strong></span> <span class='ocrx_word' id='word_1_162' title='bbox 667 2075 950 2132; x_wconf 79' lang='lat' dir='ltr'><strong>marnt‘esta</strong></span> <span class='ocrx_word' id='word_1_163' title='bbox 974 2087 1028 2130; x_wconf 90' lang='lat' dir='ltr'><strong>et</strong></span> <span class='ocrx_word' id='word_1_164' title='bbox 1057 2076 1197 2128; x_wconf 91' lang='lat' dir='ltr'><strong>mala</strong></span> <span class='ocrx_word' id='word_1_165' title='bbox 1222 2074 1440 2130; x_wconf 83' lang='lat' dir='ltr'><strong>fuerunt</strong></span> <span class='ocrx_word' id='word_1_166' title='bbox 1469 2083 1656 2129; x_wconf 90' lang='lat' dir='ltr'><strong>contra</strong></span> <span class='ocrx_word' id='word_1_167' title='bbox 1689 2085 1891 2144; x_wconf 83' lang='lat' dir='ltr'><strong>patrem</strong></span> <span class='ocrx_word' id='word_1_168' title='bbox 1918 2095 1929 2127; x_wconf 90' lang='lat'>:</span> <span class='ocrx_word' id='word_1_169' title='bbox 1963 2077 2060 2130; x_wconf 91' lang='lat' dir='ltr'><strong>sed</strong></span> 
     </span>
    </p>
   </div>
   <div class='ocr_carea' id='block_1_25' title="bbox 546 2146 2060 2218">
    <p class='ocr_par' dir='ltr' id='par_1_25' title="bbox 546 2146 2060 2218">
     <span class='ocr_line' id='line_1_25' title="bbox 546 2146 2060 2218; baseline 0 -14"><span class='ocrx_word' id='word_1_170' title='bbox 546 2150 652 2204; x_wconf 86' lang='lat' dir='ltr'><strong>hoc</strong></span> <span class='ocrx_word' id='word_1_171' title='bbox 687 2149 753 2202; x_wconf 83' lang='lat' dir='ltr'><strong>de</strong></span> <span class='ocrx_word' id='word_1_172' title='bbox 780 2146 1070 2218; x_wconf 77' lang='lat' dir='ltr'><strong>Unigenilo</strong></span> <span class='ocrx_word' id='word_1_173' title='bbox 1111 2147 1417 2216; x_wconf 27' lang='lat' dir='ltr'><strong>Dei‘patris</strong></span> <span class='ocrx_word' id='word_1_174' title='bbox 1460 2147 1795 2216; x_wconf 86' lang='lat' dir='ltr'><strong>intelligitur.</strong></span> <span class='ocrx_word' id='word_1_175' title='bbox 1844 2146 2060 2204; x_wconf 87' lang='lat' dir='ltr'><strong>Scimus</strong></span> 
     </span>
    </p>
   </div>
   <div class='ocr_carea' id='block_1_26' title="bbox 546 2218 2062 2288">
    <p class='ocr_par' dir='ltr' id='par_1_26' title="bbox 546 2218 2062 2288">
     <span class='ocr_line' id='line_1_26' title="bbox 546 2218 2062 2288; baseline 0 -13"><span class='ocrx_word' id='word_1_176' title='bbox 546 2221 686 2275; x_wconf 88' lang='lat' dir='ltr'><strong>duos</strong></span> <span class='ocrx_word' id='word_1_177' title='bbox 735 2219 1020 2288; x_wconf 83' lang='lat' dir='ltr'><strong>adventus,</strong></span> <span class='ocrx_word' id='word_1_178' title='bbox 1079 2221 1309 2286; x_wconf 87' lang='lat' dir='ltr'><strong>primum</strong></span> <span class='ocrx_word' id='word_1_179' title='bbox 1338 2227 1392 2273; x_wconf 87' lang='lat' dir='ltr'><strong>et</strong></span> <span class='ocrx_word' id='word_1_180' title='bbox 1434 2218 1757 2273; x_wconf 86' lang='lat' dir='ltr'><strong>secundum.</strong></span> <span class='ocrx_word' id='word_1_181' title='bbox 1790 2218 1848 2272; x_wconf 87' lang='lat' dir='ltr'><strong>In</strong></span> <span class='ocrx_word' id='word_1_182' title='bbox 1885 2224 2062 2288; x_wconf 91' lang='lat' dir='ltr'><strong>primo</strong></span> 
     </span>
    </p>
   </div>
   <div class='ocr_carea' id='block_1_27' title="bbox 547 2290 2064 2356">
    <p class='ocr_par' dir='ltr' id='par_1_27' title="bbox 547 2290 2064 2356">
     <span class='ocr_line' id='line_1_27' title="bbox 547 2290 2064 2356; baseline 0 -11"><span class='ocrx_word' id='word_1_183' title='bbox 547 2293 788 2346; x_wconf 84' lang='lat' dir='ltr'><strong>adventu</strong></span> <span class='ocrx_word' id='word_1_184' title='bbox 811 2334 826 2356; x_wconf 93' lang='lat'><strong>,</strong></span> <span class='ocrx_word' id='word_1_185' title='bbox 860 2303 914 2347; x_wconf 87' lang='lat' dir='ltr'><strong>et</strong></span> <span class='ocrx_word' id='word_1_186' title='bbox 953 2290 1276 2346; x_wconf 81' lang='lat' dir='ltr'><strong>manifestus</strong></span> <span class='ocrx_word' id='word_1_187' title='bbox 1307 2302 1362 2346; x_wconf 88' lang='lat' dir='ltr'><strong>et</strong></span> <span class='ocrx_word' id='word_1_188' title='bbox 1407 2291 1656 2346; x_wconf 86' lang='lat' dir='ltr'><strong>occultus</strong></span> <span class='ocrx_word' id='word_1_189' title='bbox 1683 2292 1856 2344; x_wconf 76' lang='lat' dir='ltr'><strong>Venit.</strong></span> <span class='ocrx_word' id='word_1_190' title='bbox 1894 2292 2064 2347; x_wconf 84' lang='lat' dir='ltr'><strong>Matti-</strong></span> 
     </span>
    </p>
   </div>
   <div class='ocr_carea' id='block_1_28' title="bbox 547 2361 2062 2432">
    <p class='ocr_par' dir='ltr' id='par_1_28' title="bbox 547 2361 2062 2432">
     <span class='ocr_line' id='line_1_28' title="bbox 547 2361 2062 2432; baseline 0.001 -16"><span class='ocrx_word' id='word_1_191' title='bbox 547 2363 718 2419; x_wconf 85' lang='lat' dir='ltr'><strong>lestus</strong></span> <span class='ocrx_word' id='word_1_192' title='bbox 747 2378 940 2432; x_wconf 85' lang='lat' dir='ltr'><strong>carne,</strong></span> <span class='ocrx_word' id='word_1_193' title='bbox 969 2373 1023 2418; x_wconf 90' lang='lat' dir='ltr'><strong>et</strong></span> <span class='ocrx_word' id='word_1_194' title='bbox 1044 2362 1291 2418; x_wconf 82' lang='lat' dir='ltr'><strong>occultus</strong></span> <span class='ocrx_word' id='word_1_195' title='bbox 1314 2363 1623 2417; x_wconf 80' lang='lat' dir='ltr'><strong>divinitate.</strong></span> <span class='ocrx_word' id='word_1_196' title='bbox 1643 2361 1708 2416; x_wconf 86' lang='lat' dir='ltr'><strong>Et</strong></span> <span class='ocrx_word' id='word_1_197' title='bbox 1741 2365 1792 2416; x_wconf 95' lang='lat' dir='ltr'><strong>in</strong></span> <span class='ocrx_word' id='word_1_198' title='bbox 1821 2363 2062 2418; x_wconf 90' lang='lat' dir='ltr'><strong>secundo</strong></span> 
     </span>
    </p>
   </div>
   <div class='ocr_carea' id='block_1_29' title="bbox 547 2434 2063 2499">
    <p class='ocr_par' dir='ltr' id='par_1_29' title="bbox 547 2434 2063 2499">
     <span class='ocr_line' id='line_1_29' title="bbox 547 2434 2063 2499; baseline 0 -10"><span class='ocrx_word' id='word_1_199' title='bbox 547 2436 780 2491; x_wconf 85' lang='lat' dir='ltr'><strong>adventu</strong></span> <span class='ocrx_word' id='word_1_200' title='bbox 801 2477 815 2499; x_wconf 87' lang='lat'><strong>,</strong></span> <span class='ocrx_word' id='word_1_201' title='bbox 847 2447 900 2490; x_wconf 87' lang='lat' dir='ltr'><strong>et</strong></span> <span class='ocrx_word' id='word_1_202' title='bbox 922 2435 1170 2491; x_wconf 90' lang='lat' dir='ltr'><strong>occultus</strong></span> <span class='ocrx_word' id='word_1_203' title='bbox 1191 2445 1244 2488; x_wconf 89' lang='lat' dir='ltr'><strong>et</strong></span> <span class='ocrx_word' id='word_1_204' title='bbox 1281 2434 1600 2490; x_wconf 81' lang='lat' dir='ltr'><strong>manifestus</strong></span> <span class='ocrx_word' id='word_1_205' title='bbox 1628 2435 1834 2488; x_wconf 83' lang='lat' dir='ltr'><strong>veniet.</strong></span> <span class='ocrx_word' id='word_1_206' title='bbox 1865 2434 2063 2490; x_wconf 86' lang='lat' dir='ltr'><strong>Occul-</strong></span> 
     </span>
    </p>
   </div>
   <div class='ocr_carea' id='block_1_30' title="bbox 547 2505 2064 2578">
    <p class='ocr_par' dir='ltr' id='par_1_30' title="bbox 547 2505 2064 2578">
     <span class='ocr_line' id='line_1_30' title="bbox 547 2505 2064 2578; baseline -0.001 -16"><span class='ocrx_word' id='word_1_207' title='bbox 547 2515 662 2575; x_wconf 89' lang='lat' dir='ltr'><strong>tus,</strong></span> <span class='ocrx_word' id='word_1_208' title='bbox 695 2511 820 2578; x_wconf 83' lang='lat' dir='ltr'><strong>quia</strong></span> <span class='ocrx_word' id='word_1_209' title='bbox 854 2509 1129 2562; x_wconf 84' lang='lat' dir='ltr'><strong>nescimus</strong></span> <span class='ocrx_word' id='word_1_210' title='bbox 1158 2506 1303 2560; x_wconf 84' lang='lat' dir='ltr'><strong>diem</strong></span> <span class='ocrx_word' id='word_1_211' title='bbox 1351 2522 1527 2578; x_wconf 89' lang='lat' dir='ltr'><strong>neque</strong></span> <span class='ocrx_word' id='word_1_212' title='bbox 1563 2505 1780 2578; x_wconf 60' lang='lat' dir='ltr'><strong>horam.</strong></span> <span class='ocrx_word' id='word_1_213' title='bbox 1810 2507 2064 2562; x_wconf 80' lang='lat' dir='ltr'><strong>Manifes-</strong></span> 
     </span>
    </p>
   </div>
   <div class='ocr_carea' id='block_1_31' title="bbox 549 2576 2059 2649">
    <p class='ocr_par' dir='ltr' id='par_1_31' title="bbox 549 2576 2059 2649">
     <span class='ocr_line' id='line_1_31' title="bbox 549 2576 2059 2649; baseline -0.001 -16"><span class='ocrx_word' id='word_1_214' title='bbox 549 2589 656 2643; x_wconf 91' lang='lat' dir='ltr'><strong>tus,</strong></span> <span class='ocrx_word' id='word_1_215' title='bbox 688 2576 814 2649; x_wconf 79' lang='lat' dir='ltr'><strong>quia</strong></span> <span class='ocrx_word' id='word_1_216' title='bbox 837 2578 1046 2635; x_wconf 82' lang='lat' dir='ltr'><strong>videbit</strong></span> <span class='ocrx_word' id='word_1_217' title='bbox 1066 2594 1188 2633; x_wconf 88' lang='lat' dir='ltr'><strong>eum</strong></span> <span class='ocrx_word' id='word_1_218' title='bbox 1216 2577 1394 2633; x_wconf 87' lang='lat' dir='ltr'><strong>omnis</strong></span> <span class='ocrx_word' id='word_1_219' title='bbox 1423 2578 1637 2632; x_wconf 86' lang='lat' dir='ltr'><strong>oculus.</strong></span> <span class='ocrx_word' id='word_1_220' title='bbox 1672 2576 1743 2649; x_wconf 77' lang='lat' dir='ltr'><strong>Et</strong></span> <span class='ocrx_word' id='word_1_221' title='bbox 1767 2578 1875 2632; x_wconf 87' lang='lat' dir='ltr'><strong>alio</strong></span> <span class='ocrx_word' id='word_1_222' title='bbox 1901 2579 2059 2632; x_wconf 88' lang='lat' dir='ltr'><strong>modo</strong></span> 
     </span>
    </p>
   </div>
   <div class='ocr_carea' id='block_1_32' title="bbox 546 2647 2058 2721">
    <p class='ocr_par' dir='ltr' id='par_1_32' title="bbox 546 2647 2058 2721">
     <span class='ocr_line' id='line_1_32' title="bbox 546 2647 2058 2721; baseline -0.003 -15"><span class='ocrx_word' id='word_1_223' title='bbox 546 2647 791 2706; x_wconf 85' lang='lat' dir='ltr'><strong>occulius</strong></span> <span class='ocrx_word' id='word_1_224' title='bbox 811 2695 828 2721; x_wconf 89' lang='lat'><strong>,</strong></span> <span class='ocrx_word' id='word_1_225' title='bbox 856 2652 980 2721; x_wconf 92' lang='lat' dir='ltr'><strong>quia</strong></span> <span class='ocrx_word' id='word_1_226' title='bbox 1013 2650 1288 2705; x_wconf 87' lang='lat' dir='ltr'><strong>nescimus</strong></span> <span class='ocrx_word' id='word_1_227' title='bbox 1313 2651 1585 2704; x_wconf 88' lang='lat' dir='ltr'><strong>occultum</strong></span> <span class='ocrx_word' id='word_1_228' title='bbox 1627 2647 1892 2718; x_wconf 80' lang='lat' dir='ltr'><strong>judicium</strong></span> <span class='ocrx_word' id='word_1_229' title='bbox 1924 2650 2018 2705; x_wconf 87' lang='lat' dir='ltr'><strong>Dei</strong></span> <span class='ocrx_word' id='word_1_230' title='bbox 2046 2668 2058 2702; x_wconf 85' lang='lat'><strong>:</strong></span> 
     </span>
    </p>
   </div>
   <div class='ocr_carea' id='block_1_33' title="bbox 549 2721 2062 2794">
    <p class='ocr_par' dir='ltr' id='par_1_33' title="bbox 549 2721 2062 2794">
     <span class='ocr_line' id='line_1_33' title="bbox 549 2721 2062 2794; baseline -0.001 -18"><span class='ocrx_word' id='word_1_231' title='bbox 549 2724 651 2778; x_wconf 86' lang='lat' dir='ltr'><strong>hoc</strong></span> <span class='ocrx_word' id='word_1_232' title='bbox 690 2724 965 2794; x_wconf 15' lang='lat' dir='ltr'><strong>est,rquia</strong></span> <span class='ocrx_word' id='word_1_233' title='bbox 997 2722 1263 2794; x_wconf 76' lang='lat' dir='ltr'><strong>repudiati</strong></span> <span class='ocrx_word' id='word_1_234' title='bbox 1299 2730 1428 2775; x_wconf 90' lang='lat' dir='ltr'><strong>sunt</strong></span> <span class='ocrx_word' id='word_1_235' title='bbox 1464 2721 1670 2789; x_wconf 60' lang='lat' dir='ltr'><strong>Judaei,</strong></span> <span class='ocrx_word' id='word_1_236' title='bbox 1701 2721 1891 2776; x_wconf 75' lang='lat' dir='ltr'><strong>elecue</strong></span> <span class='ocrx_word' id='word_1_237' title='bbox 1929 2731 2062 2776; x_wconf 86' lang='lat' dir='ltr'><strong>sunt</strong></span> 
     </span>
    </p>
   </div>
   <div class='ocr_carea' id='block_1_34' title="bbox 545 2793 2062 2866">
    <p class='ocr_par' dir='ltr' id='par_1_34' title="bbox 545 2793 2062 2866">
     <span class='ocr_line' id='line_1_34' title="bbox 545 2793 2062 2866; baseline 0 -20"><span class='ocrx_word' id='word_1_238' title='bbox 545 2809 760 2866; x_wconf 85' lang='lat' dir='ltr'><strong>gentes.</strong></span> <span class='ocrx_word' id='word_1_239' title='bbox 810 2793 989 2850; x_wconf 83' lang='lat' dir='ltr'><strong>Aliter</strong></span> <span class='ocrx_word' id='word_1_240' title='bbox 1030 2811 1043 2846; x_wconf 90' lang='lat'><strong>:</strong></span> <span class='ocrx_word' id='word_1_241' title='bbox 1097 2793 1354 2866; x_wconf 79' lang='lat' dir='ltr'><strong>Videmus</strong></span> <span class='ocrx_word' id='word_1_242' title='bbox 1407 2804 1627 2848; x_wconf 89' lang='lat' dir='ltr'><strong>sanctos</strong></span> <span class='ocrx_word' id='word_1_243' title='bbox 1675 2794 2062 2866; x_wconf 87' lang='lat' dir='ltr'><strong>tribulari,_et</strong></span> 
     </span>
    </p>
   </div>
   <div class='ocr_carea' id='block_1_35' title="bbox 548 2864 2060 2935">
    <p class='ocr_par' dir='ltr' id='par_1_35' title="bbox 548 2864 2060 2935">
     <span class='ocr_line' id='line_1_35' title="bbox 548 2864 2060 2935; baseline -0.003 -13"><span class='ocrx_word' id='word_1_244' title='bbox 548 2864 826 2922; x_wconf 79' lang='lat' dir='ltr'><strong>nescimus</strong></span> <span class='ocrx_word' id='word_1_245' title='bbox 869 2882 935 2920; x_wconf 92' lang='lat' dir='ltr'><strong>an</strong></span> <span class='ocrx_word' id='word_1_246' title='bbox 995 2880 1096 2935; x_wconf 92' lang='lat' dir='ltr'><strong>pro</strong></span> <span class='ocrx_word' id='word_1_247' title='bbox 1127 2865 1485 2933; x_wconf 81' lang='lat' dir='ltr'><strong>probatione,</strong></span> <span class='ocrx_word' id='word_1_248' title='bbox 1537 2879 1605 2918; x_wconf 90' lang='lat' dir='ltr'><strong>an</strong></span> <span class='ocrx_word' id='word_1_249' title='bbox 1653 2881 1750 2933; x_wconf 91' lang='lat' dir='ltr'><strong>pro</strong></span> <span class='ocrx_word' id='word_1_250' title='bbox 1799 2864 2060 2919; x_wconf 88' lang='lat' dir='ltr'><strong>emenda—</strong></span> 
     </span>
    </p>
   </div>
   <div class='ocr_carea' id='block_1_36' title="bbox 549 2936 2064 3006">
    <p class='ocr_par' dir='ltr' id='par_1_36' title="bbox 549 2936 2064 3006">
     <span class='ocr_line' id='line_1_36' title="bbox 549 2936 2064 3006; baseline -0.001 -13"><span class='ocrx_word' id='word_1_251' title='bbox 549 2938 698 2993; x_wconf 91' lang='lat' dir='ltr'><strong>tione</strong></span> <span class='ocrx_word' id='word_1_252' title='bbox 722 2980 738 3004; x_wconf 95' lang='lat'><strong>,</strong></span> <span class='ocrx_word' id='word_1_253' title='bbox 766 2946 825 2992; x_wconf 90' lang='lat' dir='ltr'><strong>ut</strong></span> <span class='ocrx_word' id='word_1_254' title='bbox 854 2939 920 2992; x_wconf 72' lang='lat' dir='ltr'><strong>ail</strong></span> <span class='ocrx_word' id='word_1_255' title='bbox 952 2936 1150 2991; x_wconf 90' lang='lat' dir='ltr'><strong>melius</strong></span> <span class='ocrx_word' id='word_1_256' title='bbox 1190 2945 1402 2991; x_wconf 81' lang='lat' dir='ltr'><strong>crescat</strong></span> <span class='ocrx_word' id='word_1_257' title='bbox 1444 2951 1631 2990; x_wconf 89' lang='lat' dir='ltr'><strong>eorum</strong></span> <span class='ocrx_word' id='word_1_258' title='bbox 1673 2937 1868 3006; x_wconf 80' lang='lat' dir='ltr'><strong>gloria.</strong></span> <span class='ocrx_word' id='word_1_259' title='bbox 1903 2936 2064 2991; x_wconf 84' lang='lat' dir='ltr'><strong>Vide-</strong></span> 
     </span>
    </p>
   </div>
   <div class='ocr_carea' id='block_1_37' title="bbox 549 3007 2062 3078">
    <p class='ocr_par' dir='ltr' id='par_1_37' title="bbox 549 3007 2062 3078">
     <span class='ocr_line' id='line_1_37' title="bbox 549 3007 2062 3078; baseline -0.003 -12"><span class='ocrx_word' id='word_1_260' title='bbox 549 3026 669 3066; x_wconf 91' lang='lat' dir='ltr'><strong>mns</strong></span> <span class='ocrx_word' id='word_1_261' title='bbox 695 3010 831 3066; x_wconf 90' lang='lat' dir='ltr'><strong>alios</strong></span> <span class='ocrx_word' id='word_1_262' title='bbox 859 3008 1137 3069; x_wconf 79' lang='lat' dir='ltr'><strong>tribulari,</strong></span> <span class='ocrx_word' id='word_1_263' title='bbox 1186 3023 1415 3078; x_wconf 90' lang='lat' dir='ltr'><strong>quorum</strong></span> <span class='ocrx_word' id='word_1_264' title='bbox 1451 3022 1607 3078; x_wconf 72' lang='lat' dir='ltr'><strong>ptena</strong></span> <span class='ocrx_word' id='word_1_265' title='bbox 1641 3007 1725 3061; x_wconf 89' lang='lat' dir='ltr'><strong>hic</strong></span> <span class='ocrx_word' id='word_1_266' title='bbox 1757 3008 1978 3078; x_wconf 83' lang='lat' dir='ltr'><strong>incipit,</strong></span> <span class='ocrx_word' id='word_1_267' title='bbox 2008 3017 2062 3062; x_wconf 89' lang='lat' dir='ltr'><strong>et</strong></span> 
     </span>
    </p>
   </div>
   <div class='ocr_carea' id='block_1_38' title="bbox 551 3079 2061 3150">
    <p class='ocr_par' dir='ltr' id='par_1_38' title="bbox 551 3079 2061 3150">
     <span class='ocr_line' id='line_1_38' title="bbox 551 3079 2061 3150; baseline -0.002 -13"><span class='ocrx_word' id='word_1_268' title='bbox 551 3083 604 3137; x_wconf 93' lang='lat' dir='ltr'><strong>in</strong></span> <span class='ocrx_word' id='word_1_269' title='bbox 637 3084 818 3137; x_wconf 89' lang='lat' dir='ltr'><strong>l&#39;uturo</strong></span> <span class='ocrx_word' id='word_1_270' title='bbox 849 3096 972 3135; x_wconf 89' lang='lat' dir='ltr'><strong>cum</strong></span> <span class='ocrx_word' id='word_1_271' title='bbox 999 3079 1131 3148; x_wconf 90' lang='lat' dir='ltr'><strong>ipsis</strong></span> <span class='ocrx_word' id='word_1_272' title='bbox 1161 3089 1468 3150; x_wconf 82' lang='lat' dir='ltr'><strong>permanet.</strong></span> <span class='ocrx_word' id='word_1_273' title='bbox 1501 3079 1759 3150; x_wconf 88' lang='lat' dir='ltr'><strong>Videmus</strong></span> <span class='ocrx_word' id='word_1_274' title='bbox 1789 3079 1927 3132; x_wconf 86' lang='lat' dir='ltr'><strong>alios</strong></span> <span class='ocrx_word' id='word_1_275' title='bbox 1963 3093 2061 3134; x_wconf 88' lang='lat' dir='ltr'><strong>nec</strong></span> 
     </span>
    </p>
   </div>
   <div class='ocr_carea' id='block_1_39' title="bbox 2179 434 3719 506">
    <p class='ocr_par' dir='ltr' id='par_1_39' title="bbox 2179 434 3719 506">
     <span class='ocr_line' id='line_1_39' title="bbox 2179 434 3719 506; baseline 0.003 -15"><span class='ocrx_word' id='word_1_276' title='bbox 2179 437 2450 492; x_wconf 89' lang='lat' dir='ltr'><strong>mirabilia</strong></span> <span class='ocrx_word' id='word_1_277' title='bbox 2487 449 2608 504; x_wconf 90' lang='lat' dir='ltr'><strong>tua,</strong></span> <span class='ocrx_word' id='word_1_278' title='bbox 2655 453 2763 492; x_wconf 91' lang='lat' dir='ltr'><strong>non</strong></span> <span class='ocrx_word' id='word_1_279' title='bbox 2813 436 2906 491; x_wconf 89' lang='lat' dir='ltr'><strong>illa</strong></span> <span class='ocrx_word' id='word_1_280' title='bbox 2941 444 3150 490; x_wconf 90' lang='lat' dir='ltr'><strong>tantum</strong></span> <span class='ocrx_word' id='word_1_281' title='bbox 3181 434 3327 506; x_wconf 92' lang='lat' dir='ltr'><strong>quod</strong></span> <span class='ocrx_word' id='word_1_282' title='bbox 3373 437 3559 492; x_wconf 86' lang='lat' dir='ltr'><strong>mortui</strong></span> <span class='ocrx_word' id='word_1_283' title='bbox 3592 454 3719 495; x_wconf 88' lang='lat' dir='ltr'><strong>resu-</strong></span> 
     </span>
    </p>
   </div>
   <div class='ocr_carea' id='block_1_40' title="bbox 2177 528 3722 596">
    <p class='ocr_par' dir='ltr' id='par_1_40' title="bbox 2177 528 3722 596">
     <span class='ocr_line' id='line_1_40' title="bbox 2177 528 3722 596; baseline 0.001 -12"><span class='ocrx_word' id='word_1_284' title='bbox 2177 529 2465 596; x_wconf 88' lang='lat' dir='ltr'><strong>scitantur,</strong></span> <span class='ocrx_word' id='word_1_285' title='bbox 2499 529 2630 585; x_wconf 85' lang='lat' dir='ltr'><strong>caeci</strong></span> <span class='ocrx_word' id='word_1_286' title='bbox 2680 528 3090 593; x_wconf 88' lang='lat' dir='ltr'><strong>illuminantur,</strong></span> <span class='ocrx_word' id='word_1_287' title='bbox 3137 528 3224 584; x_wconf 89' lang='lat' dir='ltr'><strong>vel</strong></span> <span class='ocrx_word' id='word_1_288' title='bbox 3279 536 3499 594; x_wconf 81' lang='lat' dir='ltr'><strong>caetera;</strong></span> <span class='ocrx_word' id='word_1_289' title='bbox 3549 531 3633 588; x_wconf 86' lang='lat' dir='ltr'><strong>sed</strong></span> <span class='ocrx_word' id='word_1_290' title='bbox 3677 543 3722 590; x_wconf 86' lang='lat' dir='ltr'><strong>et</strong></span> 
     </span>
    </p>
   </div>
   <div class='ocr_carea' id='block_1_41' title="bbox 2177 623 3724 696">
    <p class='ocr_par' dir='ltr' id='par_1_41' title="bbox 2177 623 3724 696">
     <span class='ocr_line' id='line_1_41' title="bbox 2177 623 3724 696; baseline 0.005 -18"><span class='ocrx_word' id='word_1_291' title='bbox 2177 623 2322 695; x_wconf 89' lang='lat' dir='ltr'><strong>quod</strong></span> <span class='ocrx_word' id='word_1_292' title='bbox 2366 640 2461 694; x_wconf 88' lang='lat' dir='ltr'><strong>per</strong></span> <span class='ocrx_word' id='word_1_293' title='bbox 2501 633 2555 680; x_wconf 89' lang='lat' dir='ltr'><strong>te</strong></span> <span class='ocrx_word' id='word_1_294' title='bbox 2576 625 2771 680; x_wconf 84' lang='lat' dir='ltr'><strong>animae</strong></span> <span class='ocrx_word' id='word_1_295' title='bbox 2813 623 3071 695; x_wconf 85' lang='lat' dir='ltr'><strong>perditae,</strong></span> <span class='ocrx_word' id='word_1_296' title='bbox 3118 624 3281 679; x_wconf 86' lang='lat' dir='ltr'><strong>saluti</strong></span> <span class='ocrx_word' id='word_1_297' title='bbox 3313 624 3584 696; x_wconf 68' lang='lat' dir='ltr'><strong>insperata:</strong></span> <span class='ocrx_word' id='word_1_298' title='bbox 3620 629 3724 686; x_wconf 90' lang='lat' dir='ltr'><strong>red-</strong></span> 
     </span>
    </p>
   </div>
   <div class='ocr_carea' id='block_1_42' title="bbox 2177 716 2398 772">
    <p class='ocr_par' dir='ltr' id='par_1_42' title="bbox 2177 716 2398 772">
     <span class='ocr_line' id='line_1_42' title="bbox 2177 716 2398 772; baseline -0.005 0"><span class='ocrx_word' id='word_1_299' title='bbox 2177 716 2398 772; x_wconf 91' lang='lat' dir='ltr'><strong>duntur.</strong></span> 
     </span>
    </p>
   </div>
   <div class='ocr_carea' id='block_1_43' title="bbox 2253 809 3723 881">
    <p class='ocr_par' dir='ltr' id='par_1_43' title="bbox 2253 809 3723 881">
     <span class='ocr_line' id='line_1_43' title="bbox 2253 809 3723 881; baseline 0.005 -18"><span class='ocrx_word' id='word_1_300' title='bbox 2253 809 2492 864; x_wconf 72' lang='lat' dir='ltr'><strong>Lmtabor</strong></span> <span class='ocrx_word' id='word_1_301' title='bbox 2540 821 2586 865; x_wconf 86' lang='lat' dir='ltr'><strong>et</strong></span> <span class='ocrx_word' id='word_1_302' title='bbox 2637 811 2906 868; x_wconf 73' lang='lat' dir='ltr'><strong>exsultaba</strong></span> <span class='ocrx_word' id='word_1_303' title='bbox 2944 811 3003 866; x_wconf 88' lang='lat' dir='ltr'><strong>in</strong></span> <span class='ocrx_word' id='word_1_304' title='bbox 3045 819 3110 865; x_wconf 90' lang='lat' dir='ltr'><strong>te.</strong></span> <span class='ocrx_word' id='word_1_305' title='bbox 3158 809 3430 879; x_wconf 69' lang='lat' dir='ltr'><strong>Lartabor,</strong></span> <span class='ocrx_word' id='word_1_306' title='bbox 3471 810 3520 865; x_wconf 90' lang='lat' dir='ltr'><strong>in</strong></span> <span class='ocrx_word' id='word_1_307' title='bbox 3552 826 3654 881; x_wconf 87' lang='lat' dir='ltr'><strong>spe,</strong></span> <span class='ocrx_word' id='word_1_308' title='bbox 3679 825 3723 870; x_wconf 86' lang='lat' dir='ltr'><strong>et</strong></span> 
     </span>
    </p>
   </div>
   <div class='ocr_carea' id='block_1_44' title="bbox 2176 902 3725 976">
    <p class='ocr_par' dir='ltr' id='par_1_44' title="bbox 2176 902 3725 976">
     <span class='ocr_line' id='line_1_44' title="bbox 2176 902 3725 976; baseline 0.005 -20"><span class='ocrx_word' id='word_1_309' title='bbox 2176 902 2489 968; x_wconf 73' lang='lat' dir='ltr'><strong>exsultabo,</strong></span> <span class='ocrx_word' id='word_1_310' title='bbox 2531 903 2587 959; x_wconf 88' lang='lat' dir='ltr'><strong>in</strong></span> <span class='ocrx_word' id='word_1_311' title='bbox 2627 920 2728 960; x_wconf 87' lang='lat' dir='ltr'><strong>re:</strong></span> <span class='ocrx_word' id='word_1_312' title='bbox 2766 904 2917 976; x_wconf 81' lang='lat' dir='ltr'><strong>juxta</strong></span> <span class='ocrx_word' id='word_1_313' title='bbox 2953 903 3082 958; x_wconf 91' lang='lat' dir='ltr'><strong>illud</strong></span> <span class='ocrx_word' id='word_1_314' title='bbox 3117 903 3395 974; x_wconf 79' lang='lat' dir='ltr'><strong>Aposmli:</strong></span> <span class='ocrx_word' id='word_1_315' title='bbox 3435 902 3529 972; x_wconf 86' lang='lat' dir='ltr'><strong>Qui</strong></span> <span class='ocrx_word' id='word_1_316' title='bbox 3559 904 3725 976; x_wconf 83' lang='lat' dir='ltr'><strong>gloria-</strong></span> 
     </span>
    </p>
   </div>
   <div class='ocr_carea' id='block_1_45' title="bbox 2177 995 3725 1071">
    <p class='ocr_par' dir='ltr' id='par_1_45' title="bbox 2177 995 3725 1071">
     <span class='ocr_line' id='line_1_45' title="bbox 2177 995 3725 1071; baseline 0.003 -20"><span class='ocrx_word' id='word_1_317' title='bbox 2177 1005 2284 1063; x_wconf 88' lang='lat' dir='ltr'><strong>tur,</strong></span> <span class='ocrx_word' id='word_1_318' title='bbox 2317 997 2368 1052; x_wconf 92' lang='lat' dir='ltr'><strong>in</strong></span> <span class='ocrx_word' id='word_1_319' title='bbox 2397 997 2630 1054; x_wconf 90' lang='lat' dir='ltr'><strong>Domino</strong></span> <span class='ocrx_word' id='word_1_320' title='bbox 2653 998 2920 1070; x_wconf 88' lang='lat' dir='ltr'><strong>glorietur</strong></span> <span class='ocrx_word' id='word_1_321' title='bbox 2949 997 3034 1071; x_wconf 94' lang='grc'><strong>(11</strong></span> <span class='ocrx_word' id='word_1_322' title='bbox 3055 995 3176 1053; x_wconf 89' lang='lat' dir='ltr'><strong>Cor.</strong></span> <span class='ocrx_word' id='word_1_323' title='bbox 3210 995 3304 1068; x_wconf 69' lang='grc' dir='ltr'><strong>χ),</strong></span> <span class='ocrx_word' id='word_1_324' title='bbox 3330 996 3399 1050; x_wconf 78' lang='lat' dir='ltr'><strong>Et</strong></span> <span class='ocrx_word' id='word_1_325' title='bbox 3421 997 3622 1068; x_wconf 80' lang='lat' dir='ltr'><strong>psallam</strong></span> <span class='ocrx_word' id='word_1_326' title='bbox 3646 1017 3725 1055; x_wconf 84' lang='lat' dir='ltr'><strong>no-</strong></span> 
     </span>
    </p>
   </div>
   <div class='ocr_carea' id='block_1_46' title="bbox 2175 1087 3725 1164">
    <p class='ocr_par' dir='ltr' id='par_1_46' title="bbox 2175 1087 3725 1164">
     <span class='ocr_line' id='line_1_46' title="bbox 2175 1087 3725 1164; baseline 0.005 -25"><span class='ocrx_word' id='word_1_327' title='bbox 2175 1087 2301 1142; x_wconf 85' lang='lat' dir='ltr'><strong>mini</strong></span> <span class='ocrx_word' id='word_1_328' title='bbox 2317 1098 2427 1158; x_wconf 88' lang='lat' dir='ltr'><strong>tua,</strong></span> <span class='ocrx_word' id='word_1_329' title='bbox 2451 1089 2741 1146; x_wconf 80' lang='lat' dir='ltr'><strong>Altissime.</strong></span> <span class='ocrx_word' id='word_1_330' title='bbox 2768 1089 3033 1164; x_wconf 76' lang='lat' dir='ltr'><strong>Psallam,</strong></span> <span class='ocrx_word' id='word_1_331' title='bbox 3048 1104 3214 1160; x_wconf 90' lang='lat' dir='ltr'><strong>opere</strong></span> <span class='ocrx_word' id='word_1_332' title='bbox 3227 1088 3545 1159; x_wconf 69' lang='lat' dir='ltr'><strong>compleant,</strong></span> <span class='ocrx_word' id='word_1_333' title='bbox 3562 1093 3725 1147; x_wconf 82' lang='lat' dir='ltr'><strong>nomini</strong></span> 
     </span>
    </p>
   </div>
   <div class='ocr_carea' id='block_1_47' title="bbox 2174 1180 3728 1254">
    <p class='ocr_par' dir='ltr' id='par_1_47' title="bbox 2174 1180 3728 1254">
     <span class='ocr_line' id='line_1_47' title="bbox 2174 1180 3728 1254; baseline 0.005 -21"><span class='ocrx_word' id='word_1_334' title='bbox 2174 1190 2283 1234; x_wconf 90' lang='lat' dir='ltr'><strong>tuo.</strong></span> <span class='ocrx_word' id='word_1_335' title='bbox 2325 1180 2532 1236; x_wconf 88' lang='lat' dir='ltr'><strong>Nomen</strong></span> <span class='ocrx_word' id='word_1_336' title='bbox 2577 1182 2750 1238; x_wconf 87' lang='lat' dir='ltr'><strong>Patris</strong></span> <span class='ocrx_word' id='word_1_337' title='bbox 2795 1182 2963 1238; x_wconf 88' lang='lat' dir='ltr'><strong>Filius</strong></span> <span class='ocrx_word' id='word_1_338' title='bbox 3010 1192 3130 1249; x_wconf 90' lang='lat' dir='ltr'><strong>est,</strong></span> <span class='ocrx_word' id='word_1_339' title='bbox 3173 1181 3485 1237; x_wconf 83' lang='lat' dir='ltr'><strong>Altissimus</strong></span> <span class='ocrx_word' id='word_1_340' title='bbox 3522 1182 3625 1254; x_wconf 91' lang='lat' dir='ltr'><strong>ipse</strong></span> <span class='ocrx_word' id='word_1_341' title='bbox 3660 1194 3728 1240; x_wconf 85' lang='lat' dir='ltr'><strong>est</strong></span> 
     </span>
    </p>
   </div>
   <div class='ocr_carea' id='block_1_48' title="bbox 2173 1273 3722 1349">
    <p class='ocr_par' dir='ltr' id='par_1_48' title="bbox 2173 1273 3722 1349">
     <span class='ocr_line' id='line_1_48' title="bbox 2173 1273 3722 1349; baseline 0.006 -21"><span class='ocrx_word' id='word_1_342' title='bbox 2173 1273 2336 1330; x_wconf 87' lang='lat' dir='ltr'><strong>Deus.</strong></span> <span class='ocrx_word' id='word_1_343' title='bbox 2375 1275 2488 1344; x_wconf 84' lang='lat' dir='ltr'><strong>Vel,</strong></span> <span class='ocrx_word' id='word_1_344' title='bbox 2524 1277 2741 1345; x_wconf 83' lang='lat' dir='ltr'><strong>psallam</strong></span> <span class='ocrx_word' id='word_1_345' title='bbox 2771 1279 2967 1332; x_wconf 81' lang='lat' dir='ltr'><strong>nomini</strong></span> <span class='ocrx_word' id='word_1_346' title='bbox 2998 1287 3086 1331; x_wconf 87' lang='lat' dir='ltr'><strong>tuo</strong></span> <span class='ocrx_word' id='word_1_347' title='bbox 3108 1292 3127 1331; x_wconf 92' lang='lat'><strong>:</strong></span> <span class='ocrx_word' id='word_1_348' title='bbox 3159 1276 3247 1332; x_wconf 88' lang='lat' dir='ltr'><strong>hic</strong></span> <span class='ocrx_word' id='word_1_349' title='bbox 3277 1278 3391 1332; x_wconf 85' lang='lat' dir='ltr'><strong>laus</strong></span> <span class='ocrx_word' id='word_1_350' title='bbox 3419 1292 3536 1332; x_wconf 90' lang='lat' dir='ltr'><strong>cum</strong></span> <span class='ocrx_word' id='word_1_351' title='bbox 3565 1294 3722 1349; x_wconf 88' lang='lat' dir='ltr'><strong>opere.</strong></span> 
     </span>
    </p>
   </div>
   <div class='ocr_carea' id='block_1_49' title="bbox 2244 1367 3726 1438">
    <p class='ocr_par' dir='ltr' id='par_1_49' title="bbox 2244 1367 3726 1438">
     <span class='ocr_line' id='line_1_49' title="bbox 2244 1367 3726 1438; baseline 0.005 -17"><span class='ocrx_word' id='word_1_352' title='bbox 2244 1367 2309 1422; x_wconf 85' lang='lat' dir='ltr'><strong>In</strong></span> <span class='ocrx_word' id='word_1_353' title='bbox 2337 1369 2674 1424; x_wconf 83' lang='lat' dir='ltr'><strong>convertenda</strong></span> <span class='ocrx_word' id='word_1_354' title='bbox 2693 1370 2964 1424; x_wconf 89' lang='lat' dir='ltr'><strong>inimicum</strong></span> <span class='ocrx_word' id='word_1_355' title='bbox 3000 1387 3169 1423; x_wconf 88' lang='lat' dir='ltr'><strong>meum</strong></span> <span class='ocrx_word' id='word_1_356' title='bbox 3209 1380 3503 1425; x_wconf 85' lang='lat' dir='ltr'><strong>retrorsum.</strong></span> <span class='ocrx_word' id='word_1_357' title='bbox 3535 1370 3726 1438; x_wconf 88' lang='lat' dir='ltr'><strong>Qualem</strong></span> 
     </span>
    </p>
   </div>
   <div class='ocr_carea' id='block_1_50' title="bbox 2168 1460 3725 1536">
    <p class='ocr_par' dir='ltr' id='par_1_50' title="bbox 2168 1460 3725 1536">
     <span class='ocr_line' id='line_1_50' title="bbox 2168 1460 3725 1536; baseline 0.004 -21"><span class='ocrx_word' id='word_1_358' title='bbox 2168 1460 2446 1518; x_wconf 89' lang='lat' dir='ltr'><strong>inimicum</strong></span> <span class='ocrx_word' id='word_1_359' title='bbox 2470 1503 2485 1530; x_wconf 90' lang='lat'><strong>,</strong></span> <span class='ocrx_word' id='word_1_360' title='bbox 2517 1463 2569 1518; x_wconf 91' lang='lat' dir='ltr'><strong>id</strong></span> <span class='ocrx_word' id='word_1_361' title='bbox 2615 1473 2698 1519; x_wconf 91' lang='lat' dir='ltr'><strong>est</strong></span> <span class='ocrx_word' id='word_1_362' title='bbox 2722 1506 2735 1526; x_wconf 87' lang='lat'>.</span> <span class='ocrx_word' id='word_1_363' title='bbox 2779 1464 3053 1520; x_wconf 87' lang='lat' dir='ltr'><strong>diabolum</strong></span> <span class='ocrx_word' id='word_1_364' title='bbox 3083 1483 3095 1519; x_wconf 90' lang='lat'><strong>:</strong></span> <span class='ocrx_word' id='word_1_365' title='bbox 3124 1465 3249 1536; x_wconf 88' lang='lat' dir='ltr'><strong>quia</strong></span> <span class='ocrx_word' id='word_1_366' title='bbox 3296 1465 3549 1520; x_wconf 88' lang='lat' dir='ltr'><strong>Dominus</strong></span> <span class='ocrx_word' id='word_1_367' title='bbox 3571 1467 3686 1522; x_wconf 83' lang='lat' dir='ltr'><strong>dixit</strong></span> <span class='ocrx_word' id='word_1_368' title='bbox 3712 1486 3725 1522; x_wconf 88' lang='lat'><strong>:</strong></span> 
     </span>
    </p>
   </div>
   <div class='ocr_carea' id='block_1_51' title="bbox 2175 1555 3727 1630">
    <p class='ocr_par' dir='ltr' id='par_1_51' title="bbox 2175 1555 3727 1630">
     <span class='ocr_line' id='line_1_51' title="bbox 2175 1555 3727 1630; baseline 0.004 -20"><span class='ocrx_word' id='word_1_369' title='bbox 2175 1555 2485 1625; x_wconf 82' lang='lat' dir='ltr'><strong>Vaderetro,</strong></span> <span class='ocrx_word' id='word_1_370' title='bbox 2508 1558 2916 1627; x_wconf 83' lang='lat' dir='ltr'><strong>Satana(Marc.</strong></span> <span class='ocrx_word' id='word_1_371' title='bbox 2936 1558 3076 1630; x_wconf 83' lang='lat' dir='ltr'><strong>vni).</strong></span> <span class='ocrx_word' id='word_1_372' title='bbox 3099 1560 3239 1614; x_wconf 82' lang='lat' dir='ltr'><strong>Ante</strong></span> <span class='ocrx_word' id='word_1_373' title='bbox 3257 1560 3541 1616; x_wconf 82' lang='lat' dir='ltr'><strong>adventum</strong></span> <span class='ocrx_word' id='word_1_374' title='bbox 3553 1558 3727 1617; x_wconf 87' lang='lat' dir='ltr'><strong>Christi</strong></span> 
     </span>
    </p>
   </div>
   <div class='ocr_carea' id='block_1_52' title="bbox 2165 1648 3728 1722">
    <p class='ocr_par' dir='ltr' id='par_1_52' title="bbox 2165 1648 3728 1722">
     <span class='ocr_line' id='line_1_52' title="bbox 2165 1648 3728 1722; baseline 0.004 -20"><span class='ocrx_word' id='word_1_375' title='bbox 2165 1648 2415 1705; x_wconf 86' lang='lat' dir='ltr'><strong>diabolus</strong></span> <span class='ocrx_word' id='word_1_376' title='bbox 2439 1649 2549 1704; x_wconf 89' lang='lat' dir='ltr'><strong>dux</strong></span> <span class='ocrx_word' id='word_1_377' title='bbox 2581 1651 2793 1707; x_wconf 90' lang='lat' dir='ltr'><strong>itineris</strong></span> <span class='ocrx_word' id='word_1_378' title='bbox 2837 1652 3028 1707; x_wconf 85' lang='lat' dir='ltr'><strong>mortis</strong></span> <span class='ocrx_word' id='word_1_379' title='bbox 3070 1650 3168 1705; x_wconf 87' lang='lat' dir='ltr'><strong>l‘uit</strong></span> <span class='ocrx_word' id='word_1_380' title='bbox 3199 1669 3214 1709; x_wconf 91' lang='lat'><strong>:</strong></span> <span class='ocrx_word' id='word_1_381' title='bbox 3247 1652 3343 1707; x_wconf 90' lang='lat' dir='ltr'><strong>sed</strong></span> <span class='ocrx_word' id='word_1_382' title='bbox 3387 1662 3569 1722; x_wconf 89' lang='lat' dir='ltr'><strong>postea</strong></span> <span class='ocrx_word' id='word_1_383' title='bbox 3607 1661 3728 1709; x_wconf 87' lang='lat' dir='ltr'><strong>retro</strong></span> 
     </span>
    </p>
   </div>
   <div class='ocr_carea' id='block_1_53' title="bbox 2095 1741 3732 1816">
    <p class='ocr_par' dir='ltr' id='par_1_53' title="bbox 2095 1741 3732 1816">
     <span class='ocr_line' id='line_1_53' title="bbox 2095 1741 3732 1816; baseline 0.005 -21"><span class='ocrx_word' id='word_1_384' title='bbox 2095 1751 2139 1809; x_wconf 83' lang='grc' dir='ltr'><strong>Β</strong></span> <span class='ocrx_word' id='word_1_385' title='bbox 2172 1741 2469 1798; x_wconf 86' lang='lat' dir='ltr'><strong>Ecclesiam</strong></span> <span class='ocrx_word' id='word_1_386' title='bbox 2505 1759 2768 1814; x_wconf 90' lang='lat' dir='ltr'><strong>sequens,</strong></span> <span class='ocrx_word' id='word_1_387' title='bbox 2804 1755 2890 1800; x_wconf 85' lang='lat' dir='ltr'><strong>est</strong></span> <span class='ocrx_word' id='word_1_388' title='bbox 2926 1745 3081 1816; x_wconf 90' lang='lat' dir='ltr'><strong>quasi</strong></span> <span class='ocrx_word' id='word_1_389' title='bbox 3107 1746 3281 1802; x_wconf 85' lang='lat' dir='ltr'><strong>canis.</strong></span> <span class='ocrx_word' id='word_1_390' title='bbox 3317 1745 3472 1802; x_wconf 90' lang='lat' dir='ltr'><strong>Unde</strong></span> <span class='ocrx_word' id='word_1_391' title='bbox 3511 1747 3627 1802; x_wconf 89' lang='lat' dir='ltr'><strong>alibi</strong></span> <span class='ocrx_word' id='word_1_392' title='bbox 3663 1747 3732 1803; x_wconf 89' lang='lat' dir='ltr'><strong>di-</strong></span> 
     </span>
    </p>
   </div>
   <div class='ocr_carea' id='block_1_54' title="bbox 2167 1834 3730 1906">
    <p class='ocr_par' dir='ltr' id='par_1_54' title="bbox 2167 1834 3730 1906">
     <span class='ocr_line' id='line_1_54' title="bbox 2167 1834 3730 1906; baseline 0.006 -19"><span class='ocrx_word' id='word_1_393' title='bbox 2167 1835 2239 1888; x_wconf 89' lang='lat' dir='ltr'><strong>cit</strong></span> <span class='ocrx_word' id='word_1_394' title='bbox 2270 1853 2281 1887; x_wconf 91' lang='lat'><strong>:</strong></span> <span class='ocrx_word' id='word_1_395' title='bbox 2310 1834 2388 1888; x_wconf 86' lang='lat' dir='ltr'><strong>Tu</strong></span> <span class='ocrx_word' id='word_1_396' title='bbox 2417 1845 2647 1891; x_wconf 80' lang='lat' dir='ltr'><strong>conteres</strong></span> <span class='ocrx_word' id='word_1_397' title='bbox 2687 1849 2846 1906; x_wconf 82' lang='lat' dir='ltr'><strong>caput</strong></span> <span class='ocrx_word' id='word_1_398' title='bbox 2876 1838 3022 1892; x_wconf 86' lang='lat' dir='ltr'><strong>illius</strong></span> <span class='ocrx_word' id='word_1_399' title='bbox 3045 1880 3059 1903; x_wconf 93' lang='lat'><strong>,</strong></span> <span class='ocrx_word' id='word_1_400' title='bbox 3097 1848 3145 1893; x_wconf 80' lang='lat' dir='ltr'><strong>et</strong></span> <span class='ocrx_word' id='word_1_401' title='bbox 3173 1837 3265 1893; x_wconf 82' lang='lat' dir='ltr'><strong>ille</strong></span> <span class='ocrx_word' id='word_1_402' title='bbox 3285 1840 3579 1894; x_wconf 85' lang='lat' dir='ltr'><strong>calcaneum</strong></span> <span class='ocrx_word' id='word_1_403' title='bbox 3607 1850 3730 1896; x_wconf 83' lang='lat' dir='ltr'><strong>tuum</strong></span> 
     </span>
    </p>
   </div>
   <div class='ocr_carea' id='block_1_55' title="bbox 2166 1929 3734 2004">
    <p class='ocr_par' dir='ltr' id='par_1_55' title="bbox 2166 1929 3734 2004">
     <span class='ocr_line' id='line_1_55' title="bbox 2166 1929 3734 2004; baseline 0.004 -22"><span class='ocrx_word' id='word_1_404' title='bbox 2166 1929 2453 1983; x_wconf 78' lang='lat' dir='ltr'><strong>observabit</strong></span> <span class='ocrx_word' id='word_1_405' title='bbox 2475 1929 2688 2004; x_wconf 86' lang='lat' dir='ltr'><strong>(Geues.</strong></span> <span class='ocrx_word' id='word_1_406' title='bbox 2726 1933 2809 1998; x_wconf 92' lang='grc' dir='ltr'><strong>ιιι)</strong></span> <span class='ocrx_word' id='word_1_407' title='bbox 2841 1948 2856 1986; x_wconf 94' lang='lat'><strong>:</strong></span> <span class='ocrx_word' id='word_1_408' title='bbox 2892 1933 2993 1986; x_wconf 94' lang='lat' dir='ltr'><strong>hoc</strong></span> <span class='ocrx_word' id='word_1_409' title='bbox 3014 1941 3129 1998; x_wconf 85' lang='lat' dir='ltr'><strong>est,</strong></span> <span class='ocrx_word' id='word_1_410' title='bbox 3157 1933 3317 1987; x_wconf 89' lang='lat' dir='ltr'><strong>linem</strong></span> <span class='ocrx_word' id='word_1_411' title='bbox 3351 1933 3480 1988; x_wconf 69' lang='lat' dir='ltr'><strong>vita:</strong></span> <span class='ocrx_word' id='word_1_412' title='bbox 3509 1934 3734 1990; x_wconf 86' lang='lat' dir='ltr'><strong>uniuscu-</strong></span> 
     </span>
    </p>
   </div>
   <div class='ocr_carea' id='block_1_56' title="bbox 2160 2021 3732 2096">
    <p class='ocr_par' dir='ltr' id='par_1_56' title="bbox 2160 2021 3732 2096">
     <span class='ocr_line' id='line_1_56' title="bbox 2160 2021 3732 2096; baseline 0.003 -20"><span class='ocrx_word' id='word_1_413' title='bbox 2160 2021 2379 2093; x_wconf 80' lang='lat' dir='ltr'><strong>jusque.</strong></span> <span class='ocrx_word' id='word_1_414' title='bbox 2414 2024 2609 2080; x_wconf 89' lang='lat' dir='ltr'><strong>Mulier</strong></span> <span class='ocrx_word' id='word_1_415' title='bbox 2639 2024 2884 2080; x_wconf 86' lang='lat' dir='ltr'><strong>Ecclesia</strong></span> <span class='ocrx_word' id='word_1_416' title='bbox 2906 2071 2920 2094; x_wconf 90' lang='lat'><strong>,</strong></span> <span class='ocrx_word' id='word_1_417' title='bbox 2954 2039 3178 2095; x_wconf 85' lang='lat' dir='ltr'><strong>serpens</strong></span> <span class='ocrx_word' id='word_1_418' title='bbox 3209 2025 3486 2081; x_wconf 90' lang='lat' dir='ltr'><strong>diabolus.</strong></span> <span class='ocrx_word' id='word_1_419' title='bbox 3511 2025 3732 2096; x_wconf 81' lang='lat' dir='ltr'><strong>Inﬁrma-</strong></span> 
     </span>
    </p>
   </div>
   <div class='ocr_carea' id='block_1_57' title="bbox 2167 2113 3733 2188">
    <p class='ocr_par' dir='ltr' id='par_1_57' title="bbox 2167 2113 3733 2188">
     <span class='ocr_line' id='line_1_57' title="bbox 2167 2113 3733 2188; baseline 0.003 -20"><span class='ocrx_word' id='word_1_420' title='bbox 2167 2113 2358 2168; x_wconf 86' lang='lat' dir='ltr'><strong>buntur</strong></span> <span class='ocrx_word' id='word_1_421' title='bbox 2380 2124 2428 2170; x_wconf 87' lang='lat' dir='ltr'><strong>et</strong></span> <span class='ocrx_word' id='word_1_422' title='bbox 2449 2115 2690 2188; x_wconf 83' lang='lat' dir='ltr'><strong>peribunt</strong></span> <span class='ocrx_word' id='word_1_423' title='bbox 2713 2135 2744 2169; x_wconf 91' lang='lat' dir='ltr'><strong>a</strong></span> <span class='ocrx_word' id='word_1_424' title='bbox 2766 2117 2902 2188; x_wconf 85' lang='lat' dir='ltr'><strong>facie</strong></span> <span class='ocrx_word' id='word_1_425' title='bbox 2925 2126 3033 2172; x_wconf 85' lang='lat' dir='ltr'><strong>tua.</strong></span> <span class='ocrx_word' id='word_1_426' title='bbox 3065 2117 3219 2188; x_wconf 88' lang='lat' dir='ltr'><strong>lmpii</strong></span> <span class='ocrx_word' id='word_1_427' title='bbox 3252 2118 3443 2187; x_wconf 87' lang='lat' dir='ltr'><strong>utique</strong></span> <span class='ocrx_word' id='word_1_428' title='bbox 3468 2119 3533 2174; x_wconf 86' lang='lat' dir='ltr'><strong>ab</strong></span> <span class='ocrx_word' id='word_1_429' title='bbox 3569 2118 3733 2185; x_wconf 69' lang='lat' dir='ltr'><strong>impieo</strong></span> 
     </span>
    </p>
   </div>
   <div class='ocr_carea' id='block_1_58' title="bbox 2167 2208 3732 2279">
    <p class='ocr_par' dir='ltr' id='par_1_58' title="bbox 2167 2208 3732 2279">
     <span class='ocr_line' id='line_1_58' title="bbox 2167 2208 3732 2279; baseline 0.002 -19"><span class='ocrx_word' id='word_1_430' title='bbox 2167 2214 2278 2262; x_wconf 86' lang='lat' dir='ltr'><strong>tate</strong></span> <span class='ocrx_word' id='word_1_431' title='bbox 2307 2223 2404 2262; x_wconf 87' lang='lat' dir='ltr'><strong>sua</strong></span> <span class='ocrx_word' id='word_1_432' title='bbox 2439 2209 2711 2277; x_wconf 89' lang='lat' dir='ltr'><strong>peribunt.</strong></span> <span class='ocrx_word' id='word_1_433' title='bbox 2754 2208 2846 2264; x_wconf 89' lang='lat' dir='ltr'><strong>Vel</strong></span> <span class='ocrx_word' id='word_1_434' title='bbox 2878 2210 3018 2263; x_wconf 88' lang='lat' dir='ltr'><strong>sicut</strong></span> <span class='ocrx_word' id='word_1_435' title='bbox 3059 2211 3314 2279; x_wconf 88' lang='lat' dir='ltr'><strong>superius</strong></span> <span class='ocrx_word' id='word_1_436' title='bbox 3353 2208 3491 2264; x_wconf 75' lang='lat' dir='ltr'><strong>dixit</strong></span> <span class='ocrx_word' id='word_1_437' title='bbox 3521 2210 3732 2278; x_wconf 82' lang='lat' dir='ltr'><strong>singula-</strong></span> 
     </span>
    </p>
   </div>
   <div class='ocr_carea' id='block_1_59' title="bbox 2166 2300 3735 2369">
    <p class='ocr_par' dir='ltr' id='par_1_59' title="bbox 2166 2300 3735 2369">
     <span class='ocr_line' id='line_1_59' title="bbox 2166 2300 3735 2369; baseline 0.003 -14"><span class='ocrx_word' id='word_1_438' title='bbox 2166 2300 2320 2369; x_wconf 88' lang='lat' dir='ltr'><strong>riter,</strong></span> <span class='ocrx_word' id='word_1_439' title='bbox 2355 2301 2424 2354; x_wconf 90' lang='lat' dir='ltr'><strong>ita</strong></span> <span class='ocrx_word' id='word_1_440' title='bbox 2455 2313 2510 2356; x_wconf 88' lang='lat' dir='ltr'><strong>et</strong></span> <span class='ocrx_word' id='word_1_441' title='bbox 2552 2302 2638 2357; x_wconf 92' lang='lat' dir='ltr'><strong>hic</strong></span> <span class='ocrx_word' id='word_1_442' title='bbox 2683 2303 2967 2367; x_wconf 85' lang='lat' dir='ltr'><strong>pluraliter</strong></span> <span class='ocrx_word' id='word_1_443' title='bbox 2990 2345 3005 2368; x_wconf 88' lang='lat'><strong>,</strong></span> <span class='ocrx_word' id='word_1_444' title='bbox 3036 2303 3084 2357; x_wconf 90' lang='lat' dir='ltr'><strong>id</strong></span> <span class='ocrx_word' id='word_1_445' title='bbox 3125 2310 3242 2369; x_wconf 87' lang='lat' dir='ltr'><strong>est,</strong></span> <span class='ocrx_word' id='word_1_446' title='bbox 3271 2316 3465 2358; x_wconf 91' lang='lat' dir='ltr'><strong>omnes</strong></span> <span class='ocrx_word' id='word_1_447' title='bbox 3501 2303 3735 2359; x_wconf 84' lang='lat' dir='ltr'><strong>satellites</strong></span> 
     </span>
    </p>
   </div>
   <div class='ocr_carea' id='block_1_60' title="bbox 2165 2394 3734 2466">
    <p class='ocr_par' dir='ltr' id='par_1_60' title="bbox 2165 2394 3734 2466">
     <span class='ocr_line' id='line_1_60' title="bbox 2165 2394 3734 2466; baseline 0.004 -19"><span class='ocrx_word' id='word_1_448' title='bbox 2165 2407 2299 2447; x_wconf 91' lang='lat' dir='ltr'><strong>suos</strong></span> <span class='ocrx_word' id='word_1_449' title='bbox 2330 2394 2549 2450; x_wconf 87' lang='lat' dir='ltr'><strong>insimul</strong></span> <span class='ocrx_word' id='word_1_450' title='bbox 2578 2395 3024 2465; x_wconf 89' lang='lat' dir='ltr'><strong>comprehendit,</strong></span> <span class='ocrx_word' id='word_1_451' title='bbox 3058 2397 3148 2466; x_wconf 86' lang='lat' dir='ltr'><strong>qui</strong></span> <span class='ocrx_word' id='word_1_452' title='bbox 3180 2395 3409 2466; x_wconf 88' lang='lat' dir='ltr'><strong>perituri</strong></span> <span class='ocrx_word' id='word_1_453' title='bbox 3441 2406 3562 2451; x_wconf 90' lang='lat' dir='ltr'><strong>sunt</strong></span> <span class='ocrx_word' id='word_1_454' title='bbox 3591 2397 3636 2452; x_wconf 91' lang='lat' dir='ltr'><strong>in</strong></span> <span class='ocrx_word' id='word_1_455' title='bbox 3661 2397 3734 2453; x_wconf 89' lang='lat' dir='ltr'><strong>die</strong></span> 
     </span>
    </p>
   </div>
   <div class='ocr_carea' id='block_1_61' title="bbox 2161 2487 3736 2560">
    <p class='ocr_par' dir='ltr' id='par_1_61' title="bbox 2161 2487 3736 2560">
     <span class='ocr_line' id='line_1_61' title="bbox 2161 2487 3736 2560; baseline 0.001 -18"><span class='ocrx_word' id='word_1_456' title='bbox 2161 2487 2371 2557; x_wconf 85' lang='lat' dir='ltr'><strong>judicii.</strong></span> <span class='ocrx_word' id='word_1_457' title='bbox 2396 2491 2576 2555; x_wconf 81' lang='lat' dir='ltr'><strong>Quare</strong></span> <span class='ocrx_word' id='word_1_458' title='bbox 2600 2489 3052 2545; x_wconf 81' lang='lat' dir='ltr'><strong>inﬁrmabuntur?</strong></span> <span class='ocrx_word' id='word_1_459' title='bbox 3074 2489 3198 2560; x_wconf 88' lang='lat' dir='ltr'><strong>quia</strong></span> <span class='ocrx_word' id='word_1_460' title='bbox 3234 2489 3383 2558; x_wconf 91' lang='lat' dir='ltr'><strong>prius</strong></span> <span class='ocrx_word' id='word_1_461' title='bbox 3414 2489 3580 2546; x_wconf 82' lang='lat' dir='ltr'><strong>fortes</strong></span> <span class='ocrx_word' id='word_1_462' title='bbox 3601 2498 3736 2545; x_wconf 87' lang='lat' dir='ltr'><strong>erant</strong></span> 
     </span>
    </p>
   </div>
   <div class='ocr_carea' id='block_1_62' title="bbox 2167 2583 3736 2653">
    <p class='ocr_par' dir='ltr' id='par_1_62' title="bbox 2167 2583 3736 2653">
     <span class='ocr_line' id='line_1_62' title="bbox 2167 2583 3736 2653; baseline 0.001 -17"><span class='ocrx_word' id='word_1_463' title='bbox 2167 2590 2390 2653; x_wconf 89' lang='lat' dir='ltr'><strong>propter</strong></span> <span class='ocrx_word' id='word_1_464' title='bbox 2413 2594 2631 2652; x_wconf 80' lang='lat' dir='ltr'><strong>peccata</strong></span> <span class='ocrx_word' id='word_1_465' title='bbox 2663 2593 2844 2640; x_wconf 89' lang='lat' dir='ltr'><strong>nostra</strong></span> <span class='ocrx_word' id='word_1_466' title='bbox 2873 2600 2888 2640; x_wconf 90' lang='lat'><strong>:</strong></span> <span class='ocrx_word' id='word_1_467' title='bbox 2916 2584 3010 2639; x_wconf 88' lang='lat' dir='ltr'><strong>sed</strong></span> <span class='ocrx_word' id='word_1_468' title='bbox 3032 2583 3194 2638; x_wconf 92' lang='lat' dir='ltr'><strong>modo</strong></span> <span class='ocrx_word' id='word_1_469' title='bbox 3220 2583 3513 2638; x_wconf 79' lang='lat' dir='ltr'><strong>inﬁrmitas</strong></span> <span class='ocrx_word' id='word_1_470' title='bbox 3539 2583 3624 2638; x_wconf 88' lang='lat' dir='ltr'><strong>Dei</strong></span> <span class='ocrx_word' id='word_1_471' title='bbox 3651 2595 3736 2637; x_wconf 86' lang='lat' dir='ltr'><strong>nos</strong></span> 
     </span>
    </p>
   </div>
   <div class='ocr_carea' id='block_1_63' title="bbox 2166 2677 3735 2749">
    <p class='ocr_par' dir='ltr' id='par_1_63' title="bbox 2166 2677 3735 2749">
     <span class='ocr_line' id='line_1_63' title="bbox 2166 2677 3735 2749; baseline 0.004 -20"><span class='ocrx_word' id='word_1_472' title='bbox 2166 2677 2292 2733; x_wconf 85' lang='lat' dir='ltr'><strong>fecit</strong></span> <span class='ocrx_word' id='word_1_473' title='bbox 2335 2679 2523 2743; x_wconf 58' lang='lat' dir='ltr'><strong>fortes,</strong></span> <span class='ocrx_word' id='word_1_474' title='bbox 2567 2687 2620 2732; x_wconf 86' lang='lat' dir='ltr'><strong>et</strong></span> <span class='ocrx_word' id='word_1_475' title='bbox 2653 2679 2774 2733; x_wconf 91' lang='lat' dir='ltr'><strong>illos</strong></span> <span class='ocrx_word' id='word_1_476' title='bbox 2823 2679 3107 2734; x_wconf 81' lang='lat' dir='ltr'><strong>inﬁrmos:</strong></span> <span class='ocrx_word' id='word_1_477' title='bbox 3147 2686 3205 2732; x_wconf 90' lang='lat' dir='ltr'><strong>ut</strong></span> <span class='ocrx_word' id='word_1_478' title='bbox 3233 2677 3367 2732; x_wconf 92' lang='lat' dir='ltr'><strong>dicit</strong></span> <span class='ocrx_word' id='word_1_479' title='bbox 3422 2679 3735 2749; x_wconf 85' lang='lat' dir='ltr'><strong>Apostolus:</strong></span> 
     </span>
    </p>
   </div>
   <div class='ocr_carea' id='block_1_64' title="bbox 2168 2769 3732 2843">
    <p class='ocr_par' dir='ltr' id='par_1_64' title="bbox 2168 2769 3732 2843">
     <span class='ocr_line' id='line_1_64' title="bbox 2168 2769 3732 2843; baseline 0.003 -21"><span class='ocrx_word' id='word_1_480' title='bbox 2168 2769 2319 2834; x_wconf 84' lang='lat' dir='ltr'><strong>Quod</strong></span> <span class='ocrx_word' id='word_1_481' title='bbox 2343 2771 2609 2840; x_wconf 86' lang='lat' dir='ltr'><strong>inﬁrmum</strong></span> <span class='ocrx_word' id='word_1_482' title='bbox 2632 2781 2707 2826; x_wconf 84' lang='lat' dir='ltr'><strong>est</strong></span> <span class='ocrx_word' id='word_1_483' title='bbox 2733 2771 2848 2834; x_wconf 88' lang='lat' dir='ltr'><strong>Dei,</strong></span> <span class='ocrx_word' id='word_1_484' title='bbox 2866 2773 3055 2843; x_wconf 81' lang='lat' dir='ltr'><strong>fortius</strong></span> <span class='ocrx_word' id='word_1_485' title='bbox 3079 2779 3155 2826; x_wconf 86' lang='lat' dir='ltr'><strong>est</strong></span> <span class='ocrx_word' id='word_1_486' title='bbox 3177 2773 3532 2843; x_wconf 85' lang='lat' dir='ltr'><strong>haminibus(l</strong></span> <span class='ocrx_word' id='word_1_487' title='bbox 3555 2771 3732 2842; x_wconf 67' lang='lat' dir='ltr'><strong>Cant).</strong></span> 
     </span>
    </p>
   </div>
   <div class='ocr_carea' id='block_1_65' title="bbox 2243 2862 3738 2936">
    <p class='ocr_par' dir='ltr' id='par_1_65' title="bbox 2243 2862 3738 2936">
     <span class='ocr_line' id='line_1_65' title="bbox 2243 2862 3738 2936; baseline 0.004 -21"><span class='ocrx_word' id='word_1_488' title='bbox 2243 2862 2504 2930; x_wconf 85' lang='lat' dir='ltr'><strong>Quantam</strong></span> <span class='ocrx_word' id='word_1_489' title='bbox 2536 2865 2705 2936; x_wconf 75' lang='lat' dir='ltr'><strong>fecisti</strong></span> <span class='ocrx_word' id='word_1_490' title='bbox 2721 2866 2982 2936; x_wconf 85' lang='lat' dir='ltr'><strong>judicium</strong></span> <span class='ocrx_word' id='word_1_491' title='bbox 3011 2882 3202 2919; x_wconf 79' lang='lat' dir='ltr'><strong>nteant.</strong></span> <span class='ocrx_word' id='word_1_492' title='bbox 3239 2865 3352 2920; x_wconf 78' lang='lat' dir='ltr'><strong>Vox</strong></span> <span class='ocrx_word' id='word_1_493' title='bbox 3388 2865 3658 2932; x_wconf 66' lang='lat' dir='ltr'><strong>Ecclesiae,</strong></span> <span class='ocrx_word' id='word_1_494' title='bbox 3684 2881 3738 2921; x_wconf 87' lang='lat' dir='ltr'><strong>ac</strong></span> 
     </span>
    </p>
   </div>
   <div class='ocr_carea' id='block_1_66' title="bbox 2164 2955 3741 3028">
    <p class='ocr_par' dir='ltr' id='par_1_66' title="bbox 2164 2955 3741 3028">
     <span class='ocr_line' id='line_1_66' title="bbox 2164 2955 3741 3028; baseline 0.002 -19"><span class='ocrx_word' id='word_1_495' title='bbox 2164 2955 2212 3010; x_wconf 89' lang='lat' dir='ltr'><strong>si</strong></span> <span class='ocrx_word' id='word_1_496' title='bbox 2246 2956 2390 3009; x_wconf 87' lang='lat' dir='ltr'><strong>dicat</strong></span> <span class='ocrx_word' id='word_1_497' title='bbox 2423 2972 2438 3010; x_wconf 86' lang='lat'><strong>:</strong></span> <span class='ocrx_word' id='word_1_498' title='bbox 2473 2957 2674 3022; x_wconf 79' lang='lat' dir='ltr'><strong>Aperte</strong></span> <span class='ocrx_word' id='word_1_499' title='bbox 2713 2970 2904 3028; x_wconf 86' lang='lat' dir='ltr'><strong>gentes</strong></span> <span class='ocrx_word' id='word_1_500' title='bbox 2933 2958 3179 3028; x_wconf 85' lang='lat' dir='ltr'><strong>elegisti,</strong></span> <span class='ocrx_word' id='word_1_501' title='bbox 3219 2968 3272 3013; x_wconf 88' lang='lat' dir='ltr'><strong>et</strong></span> <span class='ocrx_word' id='word_1_502' title='bbox 3311 2956 3536 3014; x_wconf 72' lang='lat' dir='ltr'><strong>Judmos</strong></span> <span class='ocrx_word' id='word_1_503' title='bbox 3574 2973 3741 3028; x_wconf 88' lang='lat' dir='ltr'><strong>repro-</strong></span> 
     </span>
    </p>
   </div>
   <div class='ocr_carea' id='block_1_67' title="bbox 2166 3047 3742 3121">
    <p class='ocr_par' dir='ltr' id='par_1_67' title="bbox 2166 3047 3742 3121">
     <span class='ocr_line' id='line_1_67' title="bbox 2166 3047 3742 3121; baseline 0.003 -22"><span class='ocrx_word' id='word_1_504' title='bbox 2166 3047 2324 3103; x_wconf 83' lang='lat' dir='ltr'><strong>basti.</strong></span> <span class='ocrx_word' id='word_1_505' title='bbox 2366 3049 2594 3115; x_wconf 82' lang='lat' dir='ltr'><strong>Quando</strong></span> <span class='ocrx_word' id='word_1_506' title='bbox 2635 3050 2804 3120; x_wconf 89' lang='lat' dir='ltr'><strong>dicit,</strong></span> <span class='ocrx_word' id='word_1_507' title='bbox 2845 3051 3112 3121; x_wconf 83' lang='lat' dir='ltr'><strong>judicium</strong></span> <span class='ocrx_word' id='word_1_508' title='bbox 3142 3066 3308 3104; x_wconf 86' lang='lat' dir='ltr'><strong>meum</strong></span> <span class='ocrx_word' id='word_1_509' title='bbox 3339 3065 3361 3106; x_wconf 91' lang='lat'><strong>:</strong></span> <span class='ocrx_word' id='word_1_510' title='bbox 3407 3051 3494 3106; x_wconf 89' lang='lat' dir='ltr'><strong>hic</strong></span> <span class='ocrx_word' id='word_1_511' title='bbox 3540 3059 3742 3120; x_wconf 88' lang='lat' dir='ltr'><strong>apparet</strong></span> 
     </span>
    </p>
   </div>
   <div class='ocr_carea' id='block_1_68' title="bbox 549 3143 3740 3221">
    <p class='ocr_par' dir='ltr' id='par_1_68' title="bbox 549 3143 3740 3221">
     <span class='ocr_line' id='line_1_68' title="bbox 549 3143 3740 3221; baseline -0.003 -12"><span class='ocrx_word' id='word_1_512' title='bbox 549 3155 794 3209; x_wconf 88' lang='lat' dir='ltr'><strong>trihulari</strong></span> <span class='ocrx_word' id='word_1_513' title='bbox 818 3194 833 3220; x_wconf 96' lang='lat'><strong>,</strong></span> <span class='ocrx_word' id='word_1_514' title='bbox 865 3167 969 3208; x_wconf 88' lang='lat' dir='ltr'><strong>nec</strong></span> <span class='ocrx_word' id='word_1_515' title='bbox 997 3143 1248 3221; x_wconf 74' lang='lat' dir='ltr'><strong>injuriam</strong></span> <span class='ocrx_word' id='word_1_516' title='bbox 1280 3153 1388 3221; x_wconf 91' lang='lat' dir='ltr'><strong>pati</strong></span> <span class='ocrx_word' id='word_1_517' title='bbox 1424 3168 1436 3205; x_wconf 93' lang='lat'><strong>:</strong></span> <span class='ocrx_word' id='word_1_518' title='bbox 1470 3149 1570 3207; x_wconf 87' lang='lat' dir='ltr'><strong>sed</strong></span> <span class='ocrx_word' id='word_1_519' title='bbox 1603 3165 1768 3205; x_wconf 87' lang='lat' dir='ltr'><strong>sanos</strong></span> <span class='ocrx_word' id='word_1_520' title='bbox 1795 3165 2058 3217; x_wconf 83' lang='lat' dir='ltr'><strong>corpore,</strong></span> <span class='ocrx_word' id='word_1_521' title='bbox 2087 3143 2132 3208; x_wconf 87' lang='lat' dir='ltr'>C</span> <span class='ocrx_word' id='word_1_522' title='bbox 2165 3143 2310 3214; x_wconf 86' lang='lat' dir='ltr'><strong>quod</strong></span> <span class='ocrx_word' id='word_1_523' title='bbox 2347 3143 2584 3198; x_wconf 80' lang='lat' dir='ltr'><strong>Ecclesia</strong></span> <span class='ocrx_word' id='word_1_524' title='bbox 2616 3162 2679 3198; x_wconf 80' lang='lat' dir='ltr'><strong>ex</strong></span> <span class='ocrx_word' id='word_1_525' title='bbox 2719 3145 2972 3216; x_wconf 80' lang='lat' dir='ltr'><strong>gentibus</strong></span> <span class='ocrx_word' id='word_1_526' title='bbox 2999 3145 3170 3200; x_wconf 84' lang='lat' dir='ltr'><strong>venit.</strong></span> <span class='ocrx_word' id='word_1_527' title='bbox 3216 3143 3284 3198; x_wconf 85' lang='lat' dir='ltr'><strong>Et</strong></span> <span class='ocrx_word' id='word_1_528' title='bbox 3319 3161 3533 3201; x_wconf 84' lang='lat' dir='ltr'><strong>causam</strong></span> <span class='ocrx_word' id='word_1_529' title='bbox 3573 3161 3740 3199; x_wconf 87' lang='lat' dir='ltr'><strong>meam.</strong></span> 
     </span>
    </p>
   </div>
   <div class='ocr_carea' id='block_1_69' title="bbox 549 3221 2061 3294">
    <p class='ocr_par' dir='ltr' id='par_1_69' title="bbox 549 3221 2061 3294">
     <span class='ocr_line' id='line_1_69' title="bbox 549 3221 2061 3294; baseline -0.003 -14"><span class='ocrx_word' id='word_1_530' title='bbox 549 3226 737 3281; x_wconf 66' lang='lat' dir='ltr'><strong>laetitia</strong></span> <span class='ocrx_word' id='word_1_531' title='bbox 761 3223 1052 3294; x_wconf 88' lang='lat' dir='ltr'><strong>temporali</strong></span> <span class='ocrx_word' id='word_1_532' title='bbox 1081 3223 1332 3294; x_wconf 83' lang='lat' dir='ltr'><strong>omnibus</strong></span> <span class='ocrx_word' id='word_1_533' title='bbox 1355 3222 1656 3277; x_wconf 85' lang='lat' dir='ltr'><strong>abundare.</strong></span> <span class='ocrx_word' id='word_1_534' title='bbox 1685 3221 1942 3294; x_wconf 15' lang='lat' dir='ltr'><strong>Istiitales</strong></span> <span class='ocrx_word' id='word_1_535' title='bbox 1972 3237 2061 3293; x_wconf 73' lang='lat' dir='ltr'><strong>pe~</strong></span> 
     </span>
    </p>
   </div>
   <div class='ocr_carea' id='block_1_70' title="bbox 549 3293 2063 3366">
    <p class='ocr_par' dir='ltr' id='par_1_70' title="bbox 549 3293 2063 3366">
     <span class='ocr_line' id='line_1_70' title="bbox 549 3293 2063 3366; baseline -0.002 -14"><span class='ocrx_word' id='word_1_536' title='bbox 549 3297 771 3354; x_wconf 86' lang='lat' dir='ltr'><strong>riculosi</strong></span> <span class='ocrx_word' id='word_1_537' title='bbox 802 3293 930 3350; x_wconf 87' lang='lat' dir='ltr'><strong>sunt</strong></span> <span class='ocrx_word' id='word_1_538' title='bbox 957 3295 1117 3363; x_wconf 89' lang='lat' dir='ltr'><strong>:quia</strong></span> <span class='ocrx_word' id='word_1_539' title='bbox 1149 3293 1422 3350; x_wconf 91' lang='lat' dir='ltr'><strong>credimus</strong></span> <span class='ocrx_word' id='word_1_540' title='bbox 1443 3294 1585 3366; x_wconf 89' lang='lat' dir='ltr'><strong>quod</strong></span> <span class='ocrx_word' id='word_1_541' title='bbox 1615 3295 1762 3361; x_wconf 74' lang='lat' dir='ltr'><strong>ip505</strong></span> <span class='ocrx_word' id='word_1_542' title='bbox 1784 3293 1928 3348; x_wconf 85' lang='lat' dir='ltr'><strong>Deus</strong></span> <span class='ocrx_word' id='word_1_543' title='bbox 1957 3310 2063 3349; x_wconf 92' lang='lat' dir='ltr'><strong>non</strong></span> 
     </span>
    </p>
   </div>
   <div class='ocr_carea' id='block_1_71' title="bbox 548 3366 2067 3436">
    <p class='ocr_par' dir='ltr' id='par_1_71' title="bbox 548 3366 2067 3436">
     <span class='ocr_line' id='line_1_71' title="bbox 548 3366 2067 3436; baseline -0.001 -14"><span class='ocrx_word' id='word_1_544' title='bbox 548 3367 763 3433; x_wconf 85' lang='lat' dir='ltr'><strong>visitat,</strong></span> <span class='ocrx_word' id='word_1_545' title='bbox 809 3367 933 3435; x_wconf 88' lang='lat' dir='ltr'><strong>quia</strong></span> <span class='ocrx_word' id='word_1_546' title='bbox 966 3383 1072 3421; x_wconf 91' lang='lat' dir='ltr'><strong>non</strong></span> <span class='ocrx_word' id='word_1_547' title='bbox 1125 3377 1253 3421; x_wconf 87' lang='lat' dir='ltr'><strong>sunt</strong></span> <span class='ocrx_word' id='word_1_548' title='bbox 1295 3367 1444 3436; x_wconf 81' lang='lat' dir='ltr'><strong>digni</strong></span> <span class='ocrx_word' id='word_1_549' title='bbox 1473 3366 1710 3432; x_wconf 59' lang='lat' dir='ltr'><strong>\‘isitari,</strong></span> <span class='ocrx_word' id='word_1_550' title='bbox 1743 3375 1800 3421; x_wconf 89' lang='lat' dir='ltr'><strong>ut</strong></span> <span class='ocrx_word' id='word_1_551' title='bbox 1831 3377 2067 3433; x_wconf 73' lang='lat' dir='ltr'><strong>postmo~</strong></span> 
     </span>
    </p>
   </div>
   <div class='ocr_carea' id='block_1_72' title="bbox 551 3437 2064 3509">
    <p class='ocr_par' dir='ltr' id='par_1_72' title="bbox 551 3437 2064 3509">
     <span class='ocr_line' id='line_1_72' title="bbox 551 3437 2064 3509; baseline -0.003 -13"><span class='ocrx_word' id='word_1_552' title='bbox 551 3439 680 3496; x_wconf 87' lang='lat' dir='ltr'><strong>dum</strong></span> <span class='ocrx_word' id='word_1_553' title='bbox 709 3440 830 3496; x_wconf 87' lang='lat' dir='ltr'><strong>sine</strong></span> <span class='ocrx_word' id='word_1_554' title='bbox 863 3438 974 3494; x_wconf 82' lang='lat' dir='ltr'><strong>line</strong></span> <span class='ocrx_word' id='word_1_555' title='bbox 1025 3438 1337 3507; x_wconf 85' lang='lat' dir='ltr'><strong>puniantur.</strong></span> <span class='ocrx_word' id='word_1_556' title='bbox 1384 3437 1490 3492; x_wconf 87' lang='lat' dir='ltr'><strong>Iste</strong></span> <span class='ocrx_word' id='word_1_557' title='bbox 1517 3439 1759 3509; x_wconf 74' lang='lat' dir='ltr'><strong>psnlmus</strong></span> <span class='ocrx_word' id='word_1_558' title='bbox 1809 3447 1951 3493; x_wconf 84' lang='lat' dir='ltr'><strong>totus</strong></span> <span class='ocrx_word' id='word_1_559' title='bbox 2012 3441 2064 3492; x_wconf 91' lang='lat' dir='ltr'><strong>in</strong></span> 
     </span>
    </p>
   </div>
   <div class='ocr_carea' id='block_1_73' title="bbox 552 3509 2068 3583">
    <p class='ocr_par' dir='ltr' id='par_1_73' title="bbox 552 3509 2068 3583">
     <span class='ocr_line' id='line_1_73' title="bbox 552 3509 2068 3583; baseline -0.001 -15"><span class='ocrx_word' id='word_1_560' title='bbox 552 3528 783 3583; x_wconf 79' lang='lat' dir='ltr'><strong>persona</strong></span> <span class='ocrx_word' id='word_1_561' title='bbox 830 3510 1092 3567; x_wconf 79' lang='lat' dir='ltr'><strong>Ecclesia:</strong></span> <span class='ocrx_word' id='word_1_562' title='bbox 1137 3527 1233 3581; x_wconf 88' lang='lat' dir='ltr'><strong>per</strong></span> <span class='ocrx_word' id='word_1_563' title='bbox 1268 3509 1594 3582; x_wconf 88' lang='lat' dir='ltr'><strong>praphetam</strong></span> <span class='ocrx_word' id='word_1_564' title='bbox 1629 3510 1698 3565; x_wconf 90' lang='lat' dir='ltr'><strong>de</strong></span> <span class='ocrx_word' id='word_1_565' title='bbox 1727 3510 2068 3566; x_wconf 87' lang='lat' dir='ltr'><strong>Antichristo</strong></span> 
     </span>
    </p>
   </div>
   <div class='ocr_carea' id='block_1_74' title="bbox 549 3594 821 3642">
    <p class='ocr_par' dir='ltr' id='par_1_74' title="bbox 549 3594 821 3642">
     <span class='ocr_line' id='line_1_74' title="bbox 549 3594 821 3642; baseline -0.018 0"><span class='ocrx_word' id='word_1_566' title='bbox 549 3594 821 3642; x_wconf 81' lang='lat' dir='ltr'><strong>cantatur.</strong></span> 
     </span>
    </p>
   </div>
   <div class='ocr_carea' id='block_1_75' title="bbox 548 3701 2068 3773">
    <p class='ocr_par' dir='ltr' id='par_1_75' title="bbox 548 3701 2068 3773">
     <span class='ocr_line' id='line_1_75' title="bbox 548 3701 2068 3773; baseline -0.001 -14"><span class='ocrx_word' id='word_1_567' title='bbox 548 3701 844 3773; x_wconf 80' lang='lat' dir='ltr'><strong>Conﬁtebar</strong></span> <span class='ocrx_word' id='word_1_568' title='bbox 865 3703 989 3773; x_wconf 88' lang='lat' dir='ltr'><strong>tibi,</strong></span> <span class='ocrx_word' id='word_1_569' title='bbox 1025 3701 1274 3770; x_wconf 86' lang='lat' dir='ltr'><strong>Domine,</strong></span> <span class='ocrx_word' id='word_1_570' title='bbox 1305 3712 1410 3760; x_wconf 88' lang='lat' dir='ltr'><strong>etc.</strong></span> <span class='ocrx_word' id='word_1_571' title='bbox 1443 3702 1560 3759; x_wconf 86' lang='lat' dir='ltr'><strong>Vox</strong></span> <span class='ocrx_word' id='word_1_572' title='bbox 1593 3702 1872 3759; x_wconf 82' lang='lat' dir='ltr'><strong>Ecclesiae.</strong></span> <span class='ocrx_word' id='word_1_573' title='bbox 1904 3701 2068 3758; x_wconf 89' lang='lat' dir='ltr'><strong>Trina</strong></span> 
     </span>
    </p>
   </div>
   <div class='ocr_carea' id='block_1_76' title="bbox 477 3799 2066 3870">
    <p class='ocr_par' dir='ltr' id='par_1_76' title="bbox 477 3799 2066 3870">
     <span class='ocr_line' id='line_1_76' title="bbox 477 3799 2066 3870; baseline -0.006 -11"><span class='ocrx_word' id='word_1_574' title='bbox 477 3800 756 3859; x_wconf 80' lang='lat' dir='ltr'><strong>confessio</strong></span> <span class='ocrx_word' id='word_1_575' title='bbox 778 3799 867 3856; x_wconf 88' lang='lat' dir='ltr'><strong>hic</strong></span> <span class='ocrx_word' id='word_1_576' title='bbox 890 3811 1049 3857; x_wconf 90' lang='lat' dir='ltr'><strong>sonat</strong></span> <span class='ocrx_word' id='word_1_577' title='bbox 1077 3817 1091 3855; x_wconf 91' lang='lat'><strong>:</strong></span> <span class='ocrx_word' id='word_1_578' title='bbox 1123 3800 1174 3856; x_wconf 90' lang='lat' dir='ltr'><strong>id</strong></span> <span class='ocrx_word' id='word_1_579' title='bbox 1205 3807 1319 3867; x_wconf 91' lang='lat' dir='ltr'><strong>est,</strong></span> <span class='ocrx_word' id='word_1_580' title='bbox 1350 3809 1717 3870; x_wconf 88' lang='lat' dir='ltr'><strong>peccatorum,</strong></span> <span class='ocrx_word' id='word_1_581' title='bbox 1743 3808 2066 3870; x_wconf 87' lang='lat' dir='ltr'><strong>martyrum,</strong></span> 
     </span>
    </p>
   </div>
   <div class='ocr_carea' id='block_1_77' title="bbox 475 3891 2068 3966">
    <p class='ocr_par' dir='ltr' id='par_1_77' title="bbox 475 3891 2068 3966">
     <span class='ocr_line' id='line_1_77' title="bbox 475 3891 2068 3966; baseline -0.005 -14"><span class='ocrx_word' id='word_1_582' title='bbox 475 3894 856 3952; x_wconf 81' lang='lat' dir='ltr'><strong>confessomtn</strong></span> <span class='ocrx_word' id='word_1_583' title='bbox 903 3911 916 3950; x_wconf 91' lang='lat'><strong>:</strong></span> <span class='ocrx_word' id='word_1_584' title='bbox 961 3894 1256 3966; x_wconf 89' lang='lat' dir='ltr'><strong>gratiarum</strong></span> <span class='ocrx_word' id='word_1_585' title='bbox 1314 3893 1490 3959; x_wconf 89' lang='lat' dir='ltr'><strong>actio,</strong></span> <span class='ocrx_word' id='word_1_586' title='bbox 1544 3894 1663 3948; x_wconf 85' lang='lat' dir='ltr'><strong>sive</strong></span> <span class='ocrx_word' id='word_1_587' title='bbox 1716 3893 1870 3958; x_wconf 77' lang='lat' dir='ltr'><strong>laus,</strong></span> <span class='ocrx_word' id='word_1_588' title='bbox 1918 3900 1976 3945; x_wconf 89' lang='lat' dir='ltr'><strong>ut</strong></span> <span class='ocrx_word' id='word_1_589' title='bbox 2017 3891 2068 3945; x_wconf 91' lang='lat' dir='ltr'><strong>in</strong></span> 
     </span>
    </p>
   </div>
   <div class='ocr_carea' id='block_1_78' title="bbox 476 3985 2071 4060">
    <p class='ocr_par' dir='ltr' id='par_1_78' title="bbox 476 3985 2071 4060">
     <span class='ocr_line' id='line_1_78' title="bbox 476 3985 2071 4060; baseline -0.004 -15"><span class='ocrx_word' id='word_1_590' title='bbox 476 3987 774 4060; x_wconf 87' lang='lat' dir='ltr'><strong>Evangelio</strong></span> <span class='ocrx_word' id='word_1_591' title='bbox 813 4003 827 4042; x_wconf 89' lang='lat'><strong>:</strong></span> <span class='ocrx_word' id='word_1_592' title='bbox 870 3987 1131 4059; x_wconf 86' lang='lat' dir='ltr'><strong>Conﬁteor</strong></span> <span class='ocrx_word' id='word_1_593' title='bbox 1190 3986 1314 4056; x_wconf 87' lang='lat' dir='ltr'><strong>tibi,</strong></span> <span class='ocrx_word' id='word_1_594' title='bbox 1368 3985 1532 4041; x_wconf 84' lang='lat' dir='ltr'><strong>Pater</strong></span> <span class='ocrx_word' id='word_1_595' title='bbox 1590 3985 1812 4040; x_wconf 85' lang='lat' dir='ltr'><strong>Domine</strong></span> <span class='ocrx_word' id='word_1_596' title='bbox 1861 3985 1972 4040; x_wconf 67' lang='lat' dir='ltr'><strong>caeli</strong></span> <span class='ocrx_word' id='word_1_597' title='bbox 2026 3994 2071 4039; x_wconf 83' lang='lat' dir='ltr'><strong>et</strong></span> 
     </span>
    </p>
   </div>
   <div class='ocr_carea' id='block_1_79' title="bbox 475 4079 2067 4154">
    <p class='ocr_par' dir='ltr' id='par_1_79' title="bbox 475 4079 2067 4154">
     <span class='ocr_line' id='line_1_79' title="bbox 475 4079 2067 4154; baseline -0.003 -16"><span class='ocrx_word' id='word_1_598' title='bbox 475 4092 626 4140; x_wconf 77' lang='lat' dir='ltr'><strong>terrte</strong></span> <span class='ocrx_word' id='word_1_599' title='bbox 667 4080 886 4154; x_wconf 78' lang='lat' dir='ltr'><strong>(Matth.</strong></span> <span class='ocrx_word' id='word_1_600' title='bbox 929 4085 1031 4151; x_wconf 73' lang='grc' dir='ltr'><strong>ιιι),</strong></span> <span class='ocrx_word' id='word_1_601' title='bbox 1065 4079 1228 4136; x_wconf 88' lang='lat' dir='ltr'><strong>ethic</strong></span> <span class='ocrx_word' id='word_1_602' title='bbox 1265 4082 1407 4134; x_wconf 91' lang='lat' dir='ltr'><strong>trina</strong></span> <span class='ocrx_word' id='word_1_603' title='bbox 1447 4079 1670 4135; x_wconf 88' lang='lat' dir='ltr'><strong>dilectio</strong></span> <span class='ocrx_word' id='word_1_604' title='bbox 1703 4079 2022 4150; x_wconf 86' lang='lat' dir='ltr'><strong>intelligitur</strong></span> <span class='ocrx_word' id='word_1_605' title='bbox 2056 4098 2067 4133; x_wconf 89' lang='lat'><strong>:</strong></span> 
     </span>
    </p>
   </div>
   <div class='ocr_carea' id='block_1_80' title="bbox 477 4174 2073 4249">
    <p class='ocr_par' dir='ltr' id='par_1_80' title="bbox 477 4174 2073 4249">
     <span class='ocr_line' id='line_1_80' title="bbox 477 4174 2073 4249; baseline -0.003 -14"><span class='ocrx_word' id='word_1_606' title='bbox 477 4177 534 4234; x_wconf 90' lang='lat' dir='ltr'><strong>id</strong></span> <span class='ocrx_word' id='word_1_607' title='bbox 563 4188 649 4235; x_wconf 88' lang='lat' dir='ltr'><strong>est</strong></span> <span class='ocrx_word' id='word_1_608' title='bbox 671 4217 685 4239; x_wconf 92' lang='lat'><strong>.</strong></span> <span class='ocrx_word' id='word_1_609' title='bbox 717 4176 915 4249; x_wconf 88' lang='lat' dir='ltr'><strong>diliges</strong></span> <span class='ocrx_word' id='word_1_610' title='bbox 944 4176 1241 4231; x_wconf 89' lang='lat' dir='ltr'><strong>Dominum</strong></span> <span class='ocrx_word' id='word_1_611' title='bbox 1271 4175 1436 4231; x_wconf 92' lang='lat' dir='ltr'><strong>Deum</strong></span> <span class='ocrx_word' id='word_1_612' title='bbox 1471 4183 1622 4230; x_wconf 85' lang='lat' dir='ltr'><strong>tuum</strong></span> <span class='ocrx_word' id='word_1_613' title='bbox 1653 4191 1719 4230; x_wconf 84' lang='lat' dir='ltr'><strong>ex</strong></span> <span class='ocrx_word' id='word_1_614' title='bbox 1753 4184 1866 4230; x_wconf 90' lang='lat' dir='ltr'><strong>toto</strong></span> <span class='ocrx_word' id='word_1_615' title='bbox 1909 4174 2073 4230; x_wconf 90' lang='lat' dir='ltr'><strong>corde</strong></span> 
     </span>
    </p>
   </div>
   <div class='ocr_carea' id='block_1_81' title="bbox 476 4267 2072 4339">
    <p class='ocr_par' dir='ltr' id='par_1_81' title="bbox 476 4267 2072 4339">
     <span class='ocr_line' id='line_1_81' title="bbox 476 4267 2072 4339; baseline -0.003 -12"><span class='ocrx_word' id='word_1_616' title='bbox 476 4278 598 4327; x_wconf 88' lang='lat' dir='ltr'><strong>tuo:</strong></span> <span class='ocrx_word' id='word_1_617' title='bbox 631 4277 688 4326; x_wconf 88' lang='lat' dir='ltr'><strong>et</strong></span> <span class='ocrx_word' id='word_1_618' title='bbox 716 4286 786 4326; x_wconf 84' lang='lat' dir='ltr'><strong>ex</strong></span> <span class='ocrx_word' id='word_1_619' title='bbox 815 4278 931 4326; x_wconf 90' lang='lat' dir='ltr'><strong>tota</strong></span> <span class='ocrx_word' id='word_1_620' title='bbox 973 4269 1152 4324; x_wconf 87' lang='lat' dir='ltr'><strong>anima</strong></span> <span class='ocrx_word' id='word_1_621' title='bbox 1197 4279 1283 4324; x_wconf 84' lang='lat' dir='ltr'><strong>tua</strong></span> <span class='ocrx_word' id='word_1_622' title='bbox 1306 4313 1321 4339; x_wconf 97' lang='lat'><strong>,</strong></span> <span class='ocrx_word' id='word_1_623' title='bbox 1352 4277 1409 4324; x_wconf 92' lang='lat' dir='ltr'><strong>et</strong></span> <span class='ocrx_word' id='word_1_624' title='bbox 1447 4284 1513 4324; x_wconf 70' lang='lat' dir='ltr'><strong>ex</strong></span> <span class='ocrx_word' id='word_1_625' title='bbox 1557 4269 1684 4324; x_wconf 87' lang='lat' dir='ltr'><strong>totis</strong></span> <span class='ocrx_word' id='word_1_626' title='bbox 1721 4267 1926 4323; x_wconf 85' lang='lat' dir='ltr'><strong>viribus</strong></span> <span class='ocrx_word' id='word_1_627' title='bbox 1966 4267 2072 4323; x_wconf 89' lang='lat' dir='ltr'><strong>tuis</strong></span> 
     </span>
    </p>
   </div>
   <div class='ocr_carea' id='block_1_82' title="bbox 477 4359 2074 4434">
    <p class='ocr_par' dir='ltr' id='par_1_82' title="bbox 477 4359 2074 4434">
     <span class='ocr_line' id='line_1_82' title="bbox 477 4359 2074 4434; baseline 0.001 -17"><span class='ocrx_word' id='word_1_628' title='bbox 477 4359 700 4434; x_wconf 78' lang='lat' dir='ltr'><strong>(Matth.</strong></span> <span class='ocrx_word' id='word_1_629' title='bbox 729 4361 885 4434; x_wconf 82' lang='lat' dir='ltr'><strong>nu).</strong></span> <span class='ocrx_word' id='word_1_630' title='bbox 912 4360 1156 4416; x_wconf 87' lang='lat' dir='ltr'><strong>Narrabo</strong></span> <span class='ocrx_word' id='word_1_631' title='bbox 1176 4363 1352 4416; x_wconf 86' lang='lat' dir='ltr'><strong>omnia</strong></span> <span class='ocrx_word' id='word_1_632' title='bbox 1374 4363 1635 4418; x_wconf 87' lang='lat' dir='ltr'><strong>mirabilia</strong></span> <span class='ocrx_word' id='word_1_633' title='bbox 1657 4373 1764 4417; x_wconf 87' lang='lat' dir='ltr'><strong>tua.</strong></span> <span class='ocrx_word' id='word_1_634' title='bbox 1790 4361 2074 4431; x_wconf 88' lang='lat' dir='ltr'><strong>Quomodo</strong></span> 
     </span>
    </p>
   </div>
   <div class='ocr_carea' id='block_1_83' title="bbox 475 4455 2074 4528">
    <p class='ocr_par' dir='ltr' id='par_1_83' title="bbox 475 4455 2074 4528">
     <span class='ocr_line' id='line_1_83' title="bbox 475 4455 2074 4528; baseline 0 -14"><span class='ocrx_word' id='word_1_635' title='bbox 475 4455 640 4525; x_wconf 89' lang='lat' dir='ltr'><strong>dicit,</strong></span> <span class='ocrx_word' id='word_1_636' title='bbox 677 4472 736 4512; x_wconf 88' lang='lat' dir='ltr'><strong>se</strong></span> <span class='ocrx_word' id='word_1_637' title='bbox 766 4456 947 4512; x_wconf 90' lang='lat' dir='ltr'><strong>omnia</strong></span> <span class='ocrx_word' id='word_1_638' title='bbox 978 4456 1244 4512; x_wconf 88' lang='lat' dir='ltr'><strong>mirabilia</strong></span> <span class='ocrx_word' id='word_1_639' title='bbox 1279 4457 1372 4513; x_wconf 90' lang='lat' dir='ltr'><strong>Dei</strong></span> <span class='ocrx_word' id='word_1_640' title='bbox 1407 4473 1632 4514; x_wconf 89' lang='lat' dir='ltr'><strong>narrare</strong></span> <span class='ocrx_word' id='word_1_641' title='bbox 1667 4476 1678 4511; x_wconf 89' lang='lat'><strong>:</strong></span> <span class='ocrx_word' id='word_1_642' title='bbox 1724 4458 1849 4528; x_wconf 85' lang='lat' dir='ltr'><strong>quia</strong></span> <span class='ocrx_word' id='word_1_643' title='bbox 1891 4458 2074 4514; x_wconf 89' lang='lat' dir='ltr'><strong>nullus</strong></span> 
     </span>
    </p>
   </div>
   <div class='ocr_carea' id='block_1_84' title="bbox 2169 3235 3745 3306">
    <p class='ocr_par' dir='ltr' id='par_1_84' title="bbox 2169 3235 3745 3306">
     <span class='ocr_line' id='line_1_84' title="bbox 2169 3235 3745 3306; baseline 0.001 -16"><span class='ocrx_word' id='word_1_644' title='bbox 2169 3239 2246 3291; x_wconf 85' lang='lat' dir='ltr'><strong>Ac</strong></span> <span class='ocrx_word' id='word_1_645' title='bbox 2275 3237 2320 3291; x_wconf 92' lang='lat' dir='ltr'><strong>si</strong></span> <span class='ocrx_word' id='word_1_646' title='bbox 2349 3235 2497 3292; x_wconf 88' lang='lat' dir='ltr'><strong>dicat</strong></span> <span class='ocrx_word' id='word_1_647' title='bbox 2526 3237 2788 3293; x_wconf 76' lang='lat' dir='ltr'><strong>Ecclesia.</strong></span> <span class='ocrx_word' id='word_1_648' title='bbox 2817 3235 3064 3293; x_wconf 88' lang='lat' dir='ltr'><strong>Causasti</strong></span> <span class='ocrx_word' id='word_1_649' title='bbox 3099 3253 3194 3306; x_wconf 89' lang='lat' dir='ltr'><strong>pro</strong></span> <span class='ocrx_word' id='word_1_650' title='bbox 3223 3252 3312 3294; x_wconf 91' lang='lat' dir='ltr'><strong>me</strong></span> <span class='ocrx_word' id='word_1_651' title='bbox 3350 3249 3545 3293; x_wconf 89' lang='lat' dir='ltr'><strong>contra</strong></span> <span class='ocrx_word' id='word_1_652' title='bbox 3572 3239 3745 3292; x_wconf 74' lang='lat' dir='ltr'><strong>adver-</strong></span> 
     </span>
    </p>
   </div>
   <div class='ocr_carea' id='block_1_85' title="bbox 2170 3331 3743 3400">
    <p class='ocr_par' dir='ltr' id='par_1_85' title="bbox 2170 3331 3743 3400">
     <span class='ocr_line' id='line_1_85' title="bbox 2170 3331 3743 3400; baseline -0.001 -14"><span class='ocrx_word' id='word_1_653' title='bbox 2170 3333 2369 3395; x_wconf 89' lang='lat' dir='ltr'><strong>sarios,</strong></span> <span class='ocrx_word' id='word_1_654' title='bbox 2414 3341 2469 3386; x_wconf 92' lang='lat' dir='ltr'><strong>et</strong></span> <span class='ocrx_word' id='word_1_655' title='bbox 2498 3332 2785 3388; x_wconf 76' lang='lat' dir='ltr'><strong>vindicasu</strong></span> <span class='ocrx_word' id='word_1_656' title='bbox 2826 3349 2944 3400; x_wconf 90' lang='lat' dir='ltr'><strong>me;</strong></span> <span class='ocrx_word' id='word_1_657' title='bbox 3000 3343 3055 3388; x_wconf 87' lang='lat' dir='ltr'><strong>et</strong></span> <span class='ocrx_word' id='word_1_658' title='bbox 3102 3331 3281 3389; x_wconf 81' lang='lat' dir='ltr'><strong>fecisti</strong></span> <span class='ocrx_word' id='word_1_659' title='bbox 3333 3349 3557 3388; x_wconf 88' lang='lat' dir='ltr'><strong>causam</strong></span> <span class='ocrx_word' id='word_1_660' title='bbox 3589 3346 3743 3387; x_wconf 87' lang='lat' dir='ltr'><strong>meam</strong></span> 
     </span>
    </p>
   </div>
   <div class='ocr_carea' id='block_1_86' title="bbox 2171 3425 3740 3499">
    <p class='ocr_par' dir='ltr' id='par_1_86' title="bbox 2171 3425 3740 3499">
     <span class='ocr_line' id='line_1_86' title="bbox 2171 3425 3740 3499; baseline -0.001 -18"><span class='ocrx_word' id='word_1_661' title='bbox 2171 3425 2391 3481; x_wconf 86' lang='lat' dir='ltr'><strong>bonam.</strong></span> <span class='ocrx_word' id='word_1_662' title='bbox 2418 3425 2613 3482; x_wconf 86' lang='lat' dir='ltr'><strong>Sedisti</strong></span> <span class='ocrx_word' id='word_1_663' title='bbox 2638 3445 2794 3499; x_wconf 81' lang='lat' dir='ltr'><strong>super</strong></span> <span class='ocrx_word' id='word_1_664' title='bbox 2817 3428 3083 3482; x_wconf 87' lang='lat' dir='ltr'><strong>thronum.</strong></span> <span class='ocrx_word' id='word_1_665' title='bbox 3106 3427 3363 3483; x_wconf 85' lang='lat' dir='ltr'><strong>Thronus</strong></span> <span class='ocrx_word' id='word_1_666' title='bbox 3391 3428 3635 3484; x_wconf 86' lang='lat' dir='ltr'><strong>Gra-cum</strong></span> <span class='ocrx_word' id='word_1_667' title='bbox 3654 3433 3740 3491; x_wconf 72' lang='lat' dir='ltr'><strong>est,</strong></span> 
     </span>
    </p>
   </div>
   <div class='ocr_carea' id='block_1_87' title="bbox 2169 3518 3745 3594">
    <p class='ocr_par' dir='ltr' id='par_1_87' title="bbox 2169 3518 3745 3594">
     <span class='ocr_line' id='line_1_87' title="bbox 2169 3518 3745 3594; baseline -0.003 -18"><span class='ocrx_word' id='word_1_668' title='bbox 2169 3521 2361 3577; x_wconf 89' lang='lat' dir='ltr'><strong>Latine</strong></span> <span class='ocrx_word' id='word_1_669' title='bbox 2392 3523 2592 3578; x_wconf 91' lang='lat' dir='ltr'><strong>sedes:</strong></span> <span class='ocrx_word' id='word_1_670' title='bbox 2632 3523 2756 3594; x_wconf 91' lang='lat' dir='ltr'><strong>quia</strong></span> <span class='ocrx_word' id='word_1_671' title='bbox 2807 3523 3180 3594; x_wconf 87' lang='lat' dir='ltr'><strong>unusquisque</strong></span> <span class='ocrx_word' id='word_1_672' title='bbox 3219 3530 3444 3579; x_wconf 89' lang='lat' dir='ltr'><strong>sanctus</strong></span> <span class='ocrx_word' id='word_1_673' title='bbox 3480 3521 3634 3577; x_wconf 87' lang='lat' dir='ltr'><strong>sedes</strong></span> <span class='ocrx_word' id='word_1_674' title='bbox 3661 3518 3745 3574; x_wconf 75' lang='grc' dir='ltr'><strong>ΙΜ</strong></span> 
     </span>
    </p>
   </div>
   <div class='ocr_carea' id='block_1_88' title="bbox 2171 3615 3743 3690">
    <p class='ocr_par' dir='ltr' id='par_1_88' title="bbox 2171 3615 3743 3690">
     <span class='ocr_line' id='line_1_88' title="bbox 2171 3615 3743 3690; baseline -0.003 -19"><span class='ocrx_word' id='word_1_675' title='bbox 2171 3627 2294 3672; x_wconf 89' lang='lat' dir='ltr'><strong>est:</strong></span> <span class='ocrx_word' id='word_1_676' title='bbox 2339 3627 2397 3672; x_wconf 91' lang='lat' dir='ltr'><strong>ut</strong></span> <span class='ocrx_word' id='word_1_677' title='bbox 2437 3617 2558 3686; x_wconf 87' lang='lat' dir='ltr'><strong>ipse</strong></span> <span class='ocrx_word' id='word_1_678' title='bbox 2582 3621 2677 3673; x_wconf 91' lang='lat' dir='ltr'><strong>ait.</strong></span> <span class='ocrx_word' id='word_1_679' title='bbox 2709 3617 2904 3674; x_wconf 75' lang='lat' dir='ltr'><strong>Caelum</strong></span> <span class='ocrx_word' id='word_1_680' title='bbox 2939 3620 3067 3673; x_wconf 82' lang='lat' dir='ltr'><strong>mihi</strong></span> <span class='ocrx_word' id='word_1_681' title='bbox 3105 3619 3248 3673; x_wconf 85' lang='lat' dir='ltr'><strong>sedes</strong></span> <span class='ocrx_word' id='word_1_682' title='bbox 3290 3627 3363 3672; x_wconf 84' lang='lat' dir='ltr'><strong>est</strong></span> <span class='ocrx_word' id='word_1_683' title='bbox 3407 3615 3562 3690; x_wconf 80' lang='lat' dir='ltr'><strong>(Isai.</strong></span> <span class='ocrx_word' id='word_1_684' title='bbox 3590 3618 3743 3681; x_wconf 78' lang='lat' dir='ltr'><strong>mi).</strong></span> 
     </span>
    </p>
   </div>
   <div class='ocr_carea' id='block_1_89' title="bbox 2174 3705 3746 3782">
    <p class='ocr_par' dir='ltr' id='par_1_89' title="bbox 2174 3705 3746 3782">
     <span class='ocr_line' id='line_1_89' title="bbox 2174 3705 3746 3782; baseline -0.004 -18"><span class='ocrx_word' id='word_1_685' title='bbox 2174 3709 2240 3764; x_wconf 87' lang='lat' dir='ltr'><strong>Et</strong></span> <span class='ocrx_word' id='word_1_686' title='bbox 2270 3709 2443 3767; x_wconf 88' lang='lat' dir='ltr'><strong>alibi:</strong></span> <span class='ocrx_word' id='word_1_687' title='bbox 2479 3710 2666 3765; x_wconf 80' lang='lat' dir='ltr'><strong>Anima</strong></span> <span class='ocrx_word' id='word_1_688' title='bbox 2697 3712 2832 3782; x_wconf 81' lang='lat' dir='ltr'><strong>justi</strong></span> <span class='ocrx_word' id='word_1_689' title='bbox 2852 3713 3001 3765; x_wconf 83' lang='lat' dir='ltr'><strong>sedes</strong></span> <span class='ocrx_word' id='word_1_690' title='bbox 3037 3721 3110 3765; x_wconf 86' lang='lat' dir='ltr'><strong>est</strong></span> <span class='ocrx_word' id='word_1_691' title='bbox 3147 3711 3421 3780; x_wconf 75' lang='lat' dir='ltr'><strong>sapientia:</strong></span> <span class='ocrx_word' id='word_1_692' title='bbox 3452 3709 3604 3781; x_wconf 71' lang='grc' dir='ltr'><strong>(δίῳ.</strong></span> <span class='ocrx_word' id='word_1_693' title='bbox 3645 3705 3746 3776; x_wconf 89' lang='lat' dir='ltr'><strong>vn).</strong></span> 
     </span>
    </p>
   </div>
   <div class='ocr_carea' id='block_1_90' title="bbox 2174 3800 3748 3874">
    <p class='ocr_par' dir='ltr' id='par_1_90' title="bbox 2174 3800 3748 3874">
     <span class='ocr_line' id='line_1_90' title="bbox 2174 3800 3748 3874; baseline -0.004 -18"><span class='ocrx_word' id='word_1_694' title='bbox 2174 3801 2314 3856; x_wconf 89' lang='lat' dir='ltr'><strong>Dicit</strong></span> <span class='ocrx_word' id='word_1_695' title='bbox 2379 3819 2521 3858; x_wconf 82' lang='lat' dir='ltr'><strong>utins</strong></span> <span class='ocrx_word' id='word_1_696' title='bbox 2575 3803 2806 3859; x_wconf 85' lang='lat' dir='ltr'><strong>thronus</strong></span> <span class='ocrx_word' id='word_1_697' title='bbox 2851 3820 2916 3859; x_wconf 74' lang='lat' dir='ltr'><strong>ex</strong></span> <span class='ocrx_word' id='word_1_698' title='bbox 2963 3804 3127 3874; x_wconf 92' lang='lat' dir='ltr'><strong>ipsis,</strong></span> <span class='ocrx_word' id='word_1_699' title='bbox 3177 3803 3228 3858; x_wconf 91' lang='lat' dir='ltr'><strong>id</strong></span> <span class='ocrx_word' id='word_1_700' title='bbox 3264 3814 3370 3870; x_wconf 71' lang='grc' dir='ltr'><strong>ρει,</strong></span> <span class='ocrx_word' id='word_1_701' title='bbox 3416 3801 3650 3858; x_wconf 83' lang='lat' dir='ltr'><strong>Paulus:</strong></span> <span class='ocrx_word' id='word_1_702' title='bbox 3681 3800 3748 3851; x_wconf 80' lang='lat' dir='ltr'><strong>An</strong></span> 
     </span>
    </p>
   </div>
   <div class='ocr_carea' id='block_1_91' title="bbox 2173 3890 3753 3968">
    <p class='ocr_par' dir='ltr' id='par_1_91' title="bbox 2173 3890 3753 3968">
     <span class='ocr_line' id='line_1_91' title="bbox 2173 3890 3753 3968; baseline -0.003 -21"><span class='ocrx_word' id='word_1_703' title='bbox 2173 3894 2580 3963; x_wconf 76' lang='lat' dir='ltr'><strong>experimentum</strong></span> <span class='ocrx_word' id='word_1_704' title='bbox 2614 3899 2726 3968; x_wconf 89' lang='lat' dir='ltr'><strong>ejus</strong></span> <span class='ocrx_word' id='word_1_705' title='bbox 2756 3897 3017 3967; x_wconf 74' lang='lat' dir='ltr'><strong>quwritis,</strong></span> <span class='ocrx_word' id='word_1_706' title='bbox 3049 3896 3138 3966; x_wconf 88' lang='lat' dir='ltr'><strong>qui</strong></span> <span class='ocrx_word' id='word_1_707' title='bbox 3165 3895 3220 3948; x_wconf 86' lang='lat' dir='ltr'><strong>in</strong></span> <span class='ocrx_word' id='word_1_708' title='bbox 3251 3912 3328 3948; x_wconf 89' lang='lat' dir='ltr'><strong>me</strong></span> <span class='ocrx_word' id='word_1_709' title='bbox 3355 3893 3594 3965; x_wconf 87' lang='lat' dir='ltr'><strong>loquitur</strong></span> <span class='ocrx_word' id='word_1_710' title='bbox 3620 3890 3753 3944; x_wconf 82' lang='lat' dir='ltr'><strong>Chri-</strong></span> 
     </span>
    </p>
   </div>
   <div class='ocr_carea' id='block_1_92' title="bbox 2175 3987 3749 4061">
    <p class='ocr_par' dir='ltr' id='par_1_92' title="bbox 2175 3987 3749 4061">
     <span class='ocr_line' id='line_1_92' title="bbox 2175 3987 3749 4061; baseline -0.003 -19"><span class='ocrx_word' id='word_1_711' title='bbox 2175 3999 2284 4042; x_wconf 82' lang='lat' dir='ltr'><strong>stus</strong></span> <span class='ocrx_word' id='word_1_712' title='bbox 2308 3988 2325 4060; x_wconf 93' lang='lat'><strong>(</strong></span> <span class='ocrx_word' id='word_1_713' title='bbox 2351 3987 2394 4043; x_wconf 90' lang='lat' dir='ltr'><strong>ll</strong></span> <span class='ocrx_word' id='word_1_714' title='bbox 2423 3990 2544 4044; x_wconf 77' lang='lat' dir='ltr'><strong>Cor.</strong></span> <span class='ocrx_word' id='word_1_715' title='bbox 2575 3991 2730 4061; x_wconf 75' lang='lat' dir='ltr'><strong>sin)?</strong></span> <span class='ocrx_word' id='word_1_716' title='bbox 2763 3990 2867 4057; x_wconf 87' lang='lat' dir='ltr'><strong>Qui</strong></span> <span class='ocrx_word' id='word_1_717' title='bbox 2899 3990 3113 4060; x_wconf 87' lang='lat' dir='ltr'><strong>judicas</strong></span> <span class='ocrx_word' id='word_1_718' title='bbox 3153 3991 3477 4060; x_wconf 67' lang='lat' dir='ltr'><strong>(equitatem.</strong></span> <span class='ocrx_word' id='word_1_719' title='bbox 3511 3989 3617 4042; x_wconf 92' lang='lat' dir='ltr'><strong>lloc</strong></span> <span class='ocrx_word' id='word_1_720' title='bbox 3643 3994 3749 4054; x_wconf 91' lang='lat' dir='ltr'><strong>cst,</strong></span> 
     </span>
    </p>
   </div>
   <div class='ocr_carea' id='block_1_93' title="bbox 2171 4079 3750 4153">
    <p class='ocr_par' dir='ltr' id='par_1_93' title="bbox 2171 4079 3750 4153">
     <span class='ocr_line' id='line_1_93' title="bbox 2171 4079 3750 4153; baseline -0.003 -18"><span class='ocrx_word' id='word_1_721' title='bbox 2171 4079 2486 4150; x_wconf 83' lang='lat' dir='ltr'><strong>justitiam:</strong></span> <span class='ocrx_word' id='word_1_722' title='bbox 2524 4081 2783 4150; x_wconf 83' lang='lat' dir='ltr'><strong>judicain</strong></span> <span class='ocrx_word' id='word_1_723' title='bbox 2810 4082 2959 4153; x_wconf 90' lang='lat' dir='ltr'><strong>juste</strong></span> <span class='ocrx_word' id='word_1_724' title='bbox 2992 4092 3048 4138; x_wconf 93' lang='lat' dir='ltr'><strong>tu</strong></span> <span class='ocrx_word' id='word_1_725' title='bbox 3088 4083 3269 4150; x_wconf 88' lang='lat' dir='ltr'><strong>Pater,</strong></span> <span class='ocrx_word' id='word_1_726' title='bbox 3303 4097 3528 4139; x_wconf 84' lang='lat' dir='ltr'><strong>causam</strong></span> <span class='ocrx_word' id='word_1_727' title='bbox 3561 4094 3750 4141; x_wconf 84' lang='lat' dir='ltr'><strong>meam,</strong></span> 
     </span>
    </p>
   </div>
   <div class='ocr_carea' id='block_1_94' title="bbox 2179 4173 3754 4247">
    <p class='ocr_par' dir='ltr' id='par_1_94' title="bbox 2179 4173 3754 4247">
     <span class='ocr_line' id='line_1_94' title="bbox 2179 4173 3754 4247; baseline -0.003 -19"><span class='ocrx_word' id='word_1_728' title='bbox 2179 4182 2236 4228; x_wconf 89' lang='lat' dir='ltr'><strong>ut</strong></span> <span class='ocrx_word' id='word_1_729' title='bbox 2261 4189 2346 4229; x_wconf 91' lang='lat' dir='ltr'><strong>me</strong></span> <span class='ocrx_word' id='word_1_730' title='bbox 2396 4175 2756 4231; x_wconf 88' lang='lat' dir='ltr'><strong>resuscitares</strong></span> <span class='ocrx_word' id='word_1_731' title='bbox 2799 4191 2814 4231; x_wconf 92' lang='lat'><strong>:</strong></span> <span class='ocrx_word' id='word_1_732' title='bbox 2865 4177 2991 4246; x_wconf 89' lang='lat' dir='ltr'><strong>quia</strong></span> <span class='ocrx_word' id='word_1_733' title='bbox 3037 4176 3240 4247; x_wconf 89' lang='lat' dir='ltr'><strong>injuste</strong></span> <span class='ocrx_word' id='word_1_734' title='bbox 3295 4190 3385 4232; x_wconf 90' lang='lat' dir='ltr'><strong>me</strong></span> <span class='ocrx_word' id='word_1_735' title='bbox 3432 4173 3754 4230; x_wconf 86' lang='lat' dir='ltr'><strong>tradiderunt</strong></span> 
     </span>
    </p>
   </div>
   <div class='ocr_carea' id='block_1_95' title="bbox 2180 4268 2370 4325">
    <p class='ocr_par' dir='ltr' id='par_1_95' title="bbox 2180 4268 2370 4325">
     <span class='ocr_line' id='line_1_95' title="bbox 2180 4268 2370 4325; baseline -0.005 -2"><span class='ocrx_word' id='word_1_736' title='bbox 2180 4268 2370 4325; x_wconf 82' lang='lat' dir='ltr'><strong>morti.</strong></span> 
     </span>
    </p>
   </div>
   <div class='ocr_carea' id='block_1_96' title="bbox 2249 4358 3755 4436">
    <p class='ocr_par' dir='ltr' id='par_1_96' title="bbox 2249 4358 3755 4436">
     <span class='ocr_line' id='line_1_96' title="bbox 2249 4358 3755 4436; baseline -0.004 -19"><span class='ocrx_word' id='word_1_737' title='bbox 2249 4362 2544 4435; x_wconf 83' lang='lat' dir='ltr'><strong>Increpasti</strong></span> <span class='ocrx_word' id='word_1_738' title='bbox 2593 4373 2788 4435; x_wconf 81' lang='lat' dir='ltr'><strong>gentes.</strong></span> <span class='ocrx_word' id='word_1_739' title='bbox 2856 4364 2959 4420; x_wconf 85' lang='lat' dir='ltr'><strong>Per</strong></span> <span class='ocrx_word' id='word_1_740' title='bbox 3018 4363 3446 4436; x_wconf 64' lang='lat' dir='ltr'><strong>praedicatores,</strong></span> <span class='ocrx_word' id='word_1_741' title='bbox 3493 4363 3583 4431; x_wconf 91' lang='lat' dir='ltr'><strong>qui</strong></span> <span class='ocrx_word' id='word_1_742' title='bbox 3629 4358 3755 4415; x_wconf 87' lang='lat' dir='ltr'><strong>idola</strong></span> 
     </span>
    </p>
   </div>
   <div class='ocr_carea' id='block_1_97' title="bbox 2179 4454 3761 4528">
    <p class='ocr_par' dir='ltr' id='par_1_97' title="bbox 2179 4454 3761 4528">
     <span class='ocr_line' id='line_1_97' title="bbox 2179 4454 3761 4528; baseline -0.002 -18"><span class='ocrx_word' id='word_1_743' title='bbox 2179 4455 2512 4524; x_wconf 86' lang='lat' dir='ltr'><strong>adorabant,</strong></span> <span class='ocrx_word' id='word_1_744' title='bbox 2547 4457 2687 4528; x_wconf 83' lang='lat' dir='ltr'><strong>ligna</strong></span> <span class='ocrx_word' id='word_1_745' title='bbox 2711 4467 2767 4513; x_wconf 89' lang='lat' dir='ltr'><strong>et</strong></span> <span class='ocrx_word' id='word_1_746' title='bbox 2799 4456 3027 4527; x_wconf 90' lang='lat' dir='ltr'><strong>lapides.</strong></span> <span class='ocrx_word' id='word_1_747' title='bbox 3055 4455 3122 4511; x_wconf 84' lang='lat' dir='ltr'><strong>Et</strong></span> <span class='ocrx_word' id='word_1_748' title='bbox 3153 4457 3304 4528; x_wconf 81' lang='lat' dir='ltr'><strong>periit</strong></span> <span class='ocrx_word' id='word_1_749' title='bbox 3334 4457 3556 4528; x_wconf 83' lang='lat' dir='ltr'><strong>impius.</strong></span> <span class='ocrx_word' id='word_1_750' title='bbox 3586 4454 3761 4511; x_wconf 87' lang='lat' dir='ltr'><strong>Diabo-</strong></span> 
     </span>
    </p>
   </div>
   <div class='ocr_carea' id='block_1_98' title="bbox 476 4544 3750 4622">
    <p class='ocr_par' dir='ltr' id='par_1_98' title="bbox 476 4544 3750 4622">
     <span class='ocr_line' id='line_1_98' title="bbox 476 4544 3750 4622; baseline -0.002 -15"><span class='ocrx_word' id='word_1_751' title='bbox 476 4550 642 4608; x_wconf 84' lang='lat' dir='ltr'><strong>homo</strong></span> <span class='ocrx_word' id='word_1_752' title='bbox 665 4560 846 4622; x_wconf 87' lang='lat' dir='ltr'><strong>potest</strong></span> <span class='ocrx_word' id='word_1_753' title='bbox 869 4566 970 4607; x_wconf 91' lang='lat' dir='ltr'><strong>nec</strong></span> <span class='ocrx_word' id='word_1_754' title='bbox 999 4550 1206 4618; x_wconf 90' lang='lat' dir='ltr'><strong>videre,</strong></span> <span class='ocrx_word' id='word_1_755' title='bbox 1238 4567 1340 4606; x_wconf 90' lang='lat' dir='ltr'><strong>nec</strong></span> <span class='ocrx_word' id='word_1_756' title='bbox 1363 4551 1835 4622; x_wconf 89' lang='lat' dir='ltr'><strong>comprehendere</strong></span> <span class='ocrx_word' id='word_1_757' title='bbox 1861 4552 2067 4607; x_wconf 88' lang='lat' dir='ltr'><strong>Deum?</strong></span> <span class='ocrx_word' id='word_1_758' title='bbox 2099 4549 2150 4612; x_wconf 89' lang='lat' dir='ltr'><strong>D</strong></span> <span class='ocrx_word' id='word_1_759' title='bbox 2173 4548 2259 4606; x_wconf 90' lang='lat' dir='ltr'><strong>lus</strong></span> <span class='ocrx_word' id='word_1_760' title='bbox 2298 4550 2388 4622; x_wconf 92' lang='lat' dir='ltr'><strong>qui</strong></span> <span class='ocrx_word' id='word_1_761' title='bbox 2440 4551 2491 4605; x_wconf 92' lang='lat' dir='ltr'><strong>in</strong></span> <span class='ocrx_word' id='word_1_762' title='bbox 2535 4549 2667 4620; x_wconf 86' lang='lat' dir='ltr'><strong>ipsis</strong></span> <span class='ocrx_word' id='word_1_763' title='bbox 2701 4550 2859 4622; x_wconf 84' lang='lat' dir='ltr'><strong>lignis</strong></span> <span class='ocrx_word' id='word_1_764' title='bbox 2900 4550 2990 4606; x_wconf 85' lang='lat' dir='ltr'><strong>vel</strong></span> <span class='ocrx_word' id='word_1_765' title='bbox 3024 4549 3295 4620; x_wconf 88' lang='lat' dir='ltr'><strong>lapidibus</strong></span> <span class='ocrx_word' id='word_1_766' title='bbox 3323 4549 3594 4605; x_wconf 84' lang='lat' dir='ltr'><strong>adorator</strong></span> <span class='ocrx_word' id='word_1_767' title='bbox 3625 4565 3635 4599; x_wconf 93' lang='lat'><strong>:</strong></span> <span class='ocrx_word' id='word_1_768' title='bbox 3674 4544 3750 4600; x_wconf 86' lang='lat' dir='ltr'><strong>vel</strong></span> 
     </span>
    </p>
   </div>
   <div class='ocr_carea' id='block_1_99' title="bbox 473 4645 2072 4732">
    <p class='ocr_par' dir='ltr' id='par_1_99' title="bbox 473 4645 2072 4732">
     <span class='ocr_line' id='line_1_99' title="bbox 473 4645 2072 4732; baseline -0.001 -28"><span class='ocrx_word' id='word_1_769' title='bbox 473 4645 814 4732; x_wconf 43' lang='lat' dir='ltr'><strong>Namgrmnia</strong></span> <span class='ocrx_word' id='word_1_770' title='bbox 838 4645 1107 4701; x_wconf 86' lang='lat' dir='ltr'><strong>mirabilia</strong></span> <span class='ocrx_word' id='word_1_771' title='bbox 1130 4646 1225 4701; x_wconf 88' lang='lat' dir='ltr'><strong>Dei</strong></span> <span class='ocrx_word' id='word_1_772' title='bbox 1242 4647 1284 4700; x_wconf 91' lang='lat' dir='ltr'><strong>si</strong></span> <span class='ocrx_word' id='word_1_773' title='bbox 1313 4661 1543 4702; x_wconf 89' lang='lat' dir='ltr'><strong>narrare</strong></span> <span class='ocrx_word' id='word_1_774' title='bbox 1566 4647 1795 4702; x_wconf 89' lang='lat' dir='ltr'><strong>velimus</strong></span> <span class='ocrx_word' id='word_1_775' title='bbox 1819 4647 2072 4716; x_wconf 86' lang='lat' dir='ltr'><strong>impossi-</strong></span> 
     </span>
    </p>
   </div>
   <div class='ocr_carea' id='block_1_100' title="bbox 475 4739 2071 4811">
    <p class='ocr_par' dir='ltr' id='par_1_100' title="bbox 475 4739 2071 4811">
     <span class='ocr_line' id='line_1_100' title="bbox 475 4739 2071 4811; baseline -0.001 -13"><span class='ocrx_word' id='word_1_776' title='bbox 475 4739 584 4798; x_wconf 82' lang='lat' dir='ltr'><strong>bile</strong></span> <span class='ocrx_word' id='word_1_777' title='bbox 611 4751 715 4796; x_wconf 75' lang='grc' dir='ltr'><strong>εει.</strong></span> <span class='ocrx_word' id='word_1_778' title='bbox 752 4740 860 4794; x_wconf 86' lang='lat' dir='ltr'><strong>Cur</strong></span> <span class='ocrx_word' id='word_1_779' title='bbox 891 4756 998 4796; x_wconf 89' lang='lat' dir='ltr'><strong>non</strong></span> <span class='ocrx_word' id='word_1_780' title='bbox 1041 4741 1377 4810; x_wconf 74' lang='lat' dir='ltr'><strong>possumus?</strong></span> <span class='ocrx_word' id='word_1_781' title='bbox 1421 4740 1546 4811; x_wconf 90' lang='lat' dir='ltr'><strong>quia</strong></span> <span class='ocrx_word' id='word_1_782' title='bbox 1579 4740 1688 4795; x_wconf 90' lang='lat' dir='ltr'><strong>alio</strong></span> <span class='ocrx_word' id='word_1_783' title='bbox 1735 4741 1858 4796; x_wconf 91' lang='lat' dir='ltr'><strong>loco</strong></span> <span class='ocrx_word' id='word_1_784' title='bbox 1887 4741 2020 4796; x_wconf 90' lang='lat' dir='ltr'><strong>dicit</strong></span> <span class='ocrx_word' id='word_1_785' title='bbox 2050 4757 2071 4796; x_wconf 90' lang='lat'><strong><em>:</em></strong></span> 
     </span>
    </p>
   </div>
   <div class='ocr_carea' id='block_1_101' title="bbox 477 4831 2067 4906">
    <p class='ocr_par' dir='ltr' id='par_1_101' title="bbox 477 4831 2067 4906">
     <span class='ocr_line' id='line_1_101' title="bbox 477 4831 2067 4906; baseline 0 -17"><span class='ocrx_word' id='word_1_786' title='bbox 477 4831 838 4890; x_wconf 84' lang='lat' dir='ltr'><strong>Pronuntiabo</strong></span> <span class='ocrx_word' id='word_1_787' title='bbox 876 4835 1049 4888; x_wconf 83' lang='lat' dir='ltr'><strong>omnia</strong></span> <span class='ocrx_word' id='word_1_788' title='bbox 1064 4833 1276 4906; x_wconf 89' lang='lat' dir='ltr'><strong>judicia</strong></span> <span class='ocrx_word' id='word_1_789' title='bbox 1319 4832 1495 4901; x_wconf 69' lang='lat' dir='ltr'><strong>(Ps-al.</strong></span> <span class='ocrx_word' id='word_1_790' title='bbox 1531 4834 1707 4904; x_wconf 85' lang='lat' dir='ltr'><strong>xvtn).</strong></span> <span class='ocrx_word' id='word_1_791' title='bbox 1740 4833 1850 4890; x_wconf 84' lang='lat' dir='ltr'><strong>Nec</strong></span> <span class='ocrx_word' id='word_1_792' title='bbox 1893 4836 2067 4904; x_wconf 88' lang='lat' dir='ltr'><strong>ipsum</strong></span> 
     </span>
    </p>
   </div>
   <div class='ocr_carea' id='block_1_102' title="bbox 477 4926 2073 4998">
    <p class='ocr_par' dir='ltr' id='par_1_102' title="bbox 477 4926 2073 4998">
     <span class='ocr_line' id='line_1_102' title="bbox 477 4926 2073 4998; baseline 0.001 -18"><span class='ocrx_word' id='word_1_793' title='bbox 477 4935 661 4998; x_wconf 86' lang='lat' dir='ltr'><strong>potest</strong></span> <span class='ocrx_word' id='word_1_794' title='bbox 686 4926 866 4982; x_wconf 82' lang='lat' dir='ltr'><strong>facere</strong></span> <span class='ocrx_word' id='word_1_795' title='bbox 891 4930 1073 4980; x_wconf 85' lang='lat' dir='ltr'><strong>homo.</strong></span> <span class='ocrx_word' id='word_1_796' title='bbox 1106 4927 1393 4992; x_wconf 86' lang='lat' dir='ltr'><strong>Quomodo</strong></span> <span class='ocrx_word' id='word_1_797' title='bbox 1423 4942 1527 4982; x_wconf 93' lang='lat' dir='ltr'><strong>non</strong></span> <span class='ocrx_word' id='word_1_798' title='bbox 1563 4929 1780 4996; x_wconf 83' lang='lat' dir='ltr'><strong>potest?</strong></span> <span class='ocrx_word' id='word_1_799' title='bbox 1809 4929 1936 4998; x_wconf 85' lang='lat' dir='ltr'><strong>quia</strong></span> <span class='ocrx_word' id='word_1_800' title='bbox 1969 4929 2073 4982; x_wconf 89' lang='lat' dir='ltr'><strong>Do-</strong></span> 
     </span>
    </p>
   </div>
   <div class='ocr_carea' id='block_1_103' title="bbox 477 5018 2067 5090">
    <p class='ocr_par' dir='ltr' id='par_1_103' title="bbox 477 5018 2067 5090">
     <span class='ocr_line' id='line_1_103' title="bbox 477 5018 2067 5090; baseline 0.001 -14"><span class='ocrx_word' id='word_1_801' title='bbox 477 5018 656 5076; x_wconf 87' lang='lat' dir='ltr'><strong>minus</strong></span> <span class='ocrx_word' id='word_1_802' title='bbox 676 5018 810 5074; x_wconf 87' lang='lat' dir='ltr'><strong>dicit</strong></span> <span class='ocrx_word' id='word_1_803' title='bbox 839 5037 851 5072; x_wconf 88' lang='lat'><strong>:</strong></span> <span class='ocrx_word' id='word_1_804' title='bbox 898 5018 1089 5072; x_wconf 86' lang='lat' dir='ltr'><strong>Omnia</strong></span> <span class='ocrx_word' id='word_1_805' title='bbox 1115 5035 1451 5090; x_wconf 62' lang='lat' dir='ltr'><strong>quacumque</strong></span> <span class='ocrx_word' id='word_1_806' title='bbox 1481 5020 1661 5074; x_wconf 77' lang='lat' dir='ltr'><strong>audivi</strong></span> <span class='ocrx_word' id='word_1_807' title='bbox 1689 5038 1721 5074; x_wconf 91' lang='lat' dir='ltr'><strong>a</strong></span> <span class='ocrx_word' id='word_1_808' title='bbox 1753 5020 1911 5075; x_wconf 88' lang='lat' dir='ltr'><strong>Patre</strong></span> <span class='ocrx_word' id='word_1_809' title='bbox 1934 5039 2067 5089; x_wconf 90' lang='lat' dir='ltr'><strong>meo,</strong></span> 
     </span>
    </p>
   </div>
   <div class='ocr_carea' id='block_1_104' title="bbox 476 5111 2072 5186">
    <p class='ocr_par' dir='ltr' id='par_1_104' title="bbox 476 5111 2072 5186">
     <span class='ocr_line' id='line_1_104' title="bbox 476 5111 2072 5186; baseline 0.001 -17"><span class='ocrx_word' id='word_1_810' title='bbox 476 5125 604 5169; x_wconf 85' lang='lat' dir='ltr'><strong>nota</strong></span> <span class='ocrx_word' id='word_1_811' title='bbox 642 5113 742 5185; x_wconf 80' lang='lat' dir='ltr'><strong>feci</strong></span> <span class='ocrx_word' id='word_1_812' title='bbox 769 5112 911 5168; x_wconf 86' lang='lat' dir='ltr'><strong>vobis</strong></span> <span class='ocrx_word' id='word_1_813' title='bbox 943 5111 1129 5186; x_wconf 82' lang='lat' dir='ltr'><strong>(Jaan.</strong></span> <span class='ocrx_word' id='word_1_814' title='bbox 1177 5115 1288 5183; x_wconf 84' lang='lat' dir='ltr'><strong>xv).</strong></span> <span class='ocrx_word' id='word_1_815' title='bbox 1319 5112 1430 5168; x_wconf 90' lang='lat' dir='ltr'><strong>Sed</strong></span> <span class='ocrx_word' id='word_1_816' title='bbox 1474 5129 1644 5184; x_wconf 90' lang='lat' dir='ltr'><strong>quare</strong></span> <span class='ocrx_word' id='word_1_817' title='bbox 1675 5130 1784 5170; x_wconf 89' lang='lat' dir='ltr'><strong>non</strong></span> <span class='ocrx_word' id='word_1_818' title='bbox 1830 5118 2072 5171; x_wconf 85' lang='lat' dir='ltr'><strong>narravit</strong></span> 
     </span>
    </p>
   </div>
   <div class='ocr_carea' id='block_1_105' title="bbox 476 5205 2074 5274">
    <p class='ocr_par' dir='ltr' id='par_1_105' title="bbox 476 5205 2074 5274">
     <span class='ocr_line' id='line_1_105' title="bbox 476 5205 2074 5274; baseline 0.001 -12"><span class='ocrx_word' id='word_1_819' title='bbox 476 5205 622 5262; x_wconf 90' lang='lat' dir='ltr'><strong>diem</strong></span> <span class='ocrx_word' id='word_1_820' title='bbox 640 5205 834 5274; x_wconf 88' lang='lat' dir='ltr'><strong>judicii</strong></span> <span class='ocrx_word' id='word_1_821' title='bbox 863 5246 878 5270; x_wconf 97' lang='lat'><strong>,</strong></span> <span class='ocrx_word' id='word_1_822' title='bbox 906 5205 1000 5260; x_wconf 89' lang='lat' dir='ltr'><strong>sed</strong></span> <span class='ocrx_word' id='word_1_823' title='bbox 1037 5205 1216 5263; x_wconf 79' lang='lat' dir='ltr'><strong>dixit:</strong></span> <span class='ocrx_word' id='word_1_824' title='bbox 1253 5205 1377 5260; x_wconf 81' lang='lat' dir='ltr'><strong>Non</strong></span> <span class='ocrx_word' id='word_1_825' title='bbox 1412 5216 1488 5260; x_wconf 84' lang='lat' dir='ltr'><strong>est</strong></span> <span class='ocrx_word' id='word_1_826' title='bbox 1517 5216 1739 5262; x_wconf 82' lang='lat' dir='ltr'><strong>vestrum</strong></span> <span class='ocrx_word' id='word_1_827' title='bbox 1775 5225 1922 5264; x_wconf 81' lang='lat' dir='ltr'><strong>nosse</strong></span> <span class='ocrx_word' id='word_1_828' title='bbox 1948 5220 2074 5263; x_wconf 90' lang='lat' dir='ltr'><strong>tem-</strong></span> 
     </span>
    </p>
   </div>
   <div class='ocr_carea' id='block_1_106' title="bbox 477 5298 2073 5375">
    <p class='ocr_par' dir='ltr' id='par_1_106' title="bbox 477 5298 2073 5375">
     <span class='ocr_line' id='line_1_106' title="bbox 477 5298 2073 5375; baseline 0.002 -20"><span class='ocrx_word' id='word_1_829' title='bbox 477 5317 607 5375; x_wconf 80' lang='lat' dir='ltr'><strong>pora</strong></span> <span class='ocrx_word' id='word_1_830' title='bbox 627 5302 706 5355; x_wconf 86' lang='lat' dir='ltr'><strong>vel</strong></span> <span class='ocrx_word' id='word_1_831' title='bbox 736 5309 999 5356; x_wconf 85' lang='lat' dir='ltr'><strong>momenta</strong></span> <span class='ocrx_word' id='word_1_832' title='bbox 1019 5343 1035 5366; x_wconf 90' lang='lat'><strong>,</strong></span> <span class='ocrx_word' id='word_1_833' title='bbox 1069 5317 1184 5372; x_wconf 68' lang='lat' dir='ltr'><strong>quae</strong></span> <span class='ocrx_word' id='word_1_834' title='bbox 1220 5298 1379 5354; x_wconf 84' lang='lat' dir='ltr'><strong>Pater</strong></span> <span class='ocrx_word' id='word_1_835' title='bbox 1408 5303 1578 5372; x_wconf 81' lang='lat' dir='ltr'><strong>posuit</strong></span> <span class='ocrx_word' id='word_1_836' title='bbox 1605 5303 1658 5356; x_wconf 90' lang='lat' dir='ltr'><strong>in</strong></span> <span class='ocrx_word' id='word_1_837' title='bbox 1698 5321 1792 5357; x_wconf 85' lang='lat' dir='ltr'><strong>sua</strong></span> <span class='ocrx_word' id='word_1_838' title='bbox 1822 5314 2073 5372; x_wconf 86' lang='lat' dir='ltr'><strong>potestate</strong></span> 
     </span>
    </p>
   </div>
   <div class='ocr_carea' id='block_1_107' title="bbox 476 5391 2070 5465">
    <p class='ocr_par' dir='ltr' id='par_1_107' title="bbox 476 5391 2070 5465">
     <span class='ocr_line' id='line_1_107' title="bbox 476 5391 2070 5465; baseline 0.003 -17"><span class='ocrx_word' id='word_1_839' title='bbox 476 5391 678 5465; x_wconf 75' lang='lat' dir='ltr'><strong>(Actor.</strong></span> <span class='ocrx_word' id='word_1_840' title='bbox 705 5393 804 5465; x_wconf 79' lang='lat' dir='ltr'><strong>n)?</strong></span> <span class='ocrx_word' id='word_1_841' title='bbox 851 5392 960 5450; x_wconf 83' lang='lat' dir='ltr'><strong>Sed</strong></span> <span class='ocrx_word' id='word_1_842' title='bbox 993 5395 1047 5448; x_wconf 94' lang='lat' dir='ltr'><strong>in</strong></span> <span class='ocrx_word' id='word_1_843' title='bbox 1084 5393 1186 5450; x_wconf 92' lang='lat' dir='ltr'><strong>hoc</strong></span> <span class='ocrx_word' id='word_1_844' title='bbox 1228 5394 1461 5448; x_wconf 89' lang='lat' dir='ltr'><strong>solvitur</strong></span> <span class='ocrx_word' id='word_1_845' title='bbox 1511 5395 1626 5449; x_wconf 84' lang='lat' dir='ltr'><strong>haec</strong></span> <span class='ocrx_word' id='word_1_846' title='bbox 1655 5397 1918 5465; x_wconf 75' lang='lat' dir='ltr'><strong>quaestio,</strong></span> <span class='ocrx_word' id='word_1_847' title='bbox 1947 5412 2070 5452; x_wconf 94' lang='lat' dir='ltr'><strong>cum</strong></span> 
     </span>
    </p>
   </div>
   <div class='ocr_carea' id='block_1_108' title="bbox 477 5488 2071 5560">
    <p class='ocr_par' dir='ltr' id='par_1_108' title="bbox 477 5488 2071 5560">
     <span class='ocr_line' id='line_1_108' title="bbox 477 5488 2071 5560; baseline 0.003 -15"><span class='ocrx_word' id='word_1_848' title='bbox 477 5488 788 5559; x_wconf 78' lang='lat' dir='ltr'><strong>subjunxit.</strong></span> <span class='ocrx_word' id='word_1_849' title='bbox 819 5489 1002 5545; x_wconf 89' lang='lat' dir='ltr'><strong>omnia</strong></span> <span class='ocrx_word' id='word_1_850' title='bbox 1030 5489 1234 5559; x_wconf 84' lang='lat' dir='ltr'><strong>judicia</strong></span> <span class='ocrx_word' id='word_1_851' title='bbox 1262 5507 1277 5545; x_wconf 90' lang='lat'><strong>:</strong></span> <span class='ocrx_word' id='word_1_852' title='bbox 1310 5498 1498 5560; x_wconf 90' lang='lat' dir='ltr'><strong>postea</strong></span> <span class='ocrx_word' id='word_1_853' title='bbox 1521 5490 1680 5553; x_wconf 92' lang='lat' dir='ltr'><strong>dicit,</strong></span> <span class='ocrx_word' id='word_1_854' title='bbox 1711 5493 1827 5546; x_wconf 91' lang='lat' dir='ltr'><strong>oris</strong></span> <span class='ocrx_word' id='word_1_855' title='bbox 1857 5493 1930 5546; x_wconf 93' lang='lat' dir='ltr'><strong>tui</strong></span> <span class='ocrx_word' id='word_1_856' title='bbox 1962 5508 1977 5546; x_wconf 89' lang='lat'><strong>:</strong></span> <span class='ocrx_word' id='word_1_857' title='bbox 2009 5508 2071 5549; x_wconf 87' lang='lat' dir='ltr'><strong>ac</strong></span> 
     </span>
    </p>
   </div>
   <div class='ocr_carea' id='block_1_109' title="bbox 476 5580 2067 5653">
    <p class='ocr_par' dir='ltr' id='par_1_109' title="bbox 476 5580 2067 5653">
     <span class='ocr_line' id='line_1_109' title="bbox 476 5580 2067 5653; baseline 0.001 -15"><span class='ocrx_word' id='word_1_858' title='bbox 476 5580 527 5638; x_wconf 84' lang='lat' dir='ltr'><strong>si</strong></span> <span class='ocrx_word' id='word_1_859' title='bbox 549 5582 696 5637; x_wconf 89' lang='lat' dir='ltr'><strong>dicat</strong></span> <span class='ocrx_word' id='word_1_860' title='bbox 715 5582 976 5652; x_wconf 89' lang='lat' dir='ltr'><strong>propheta</strong></span> <span class='ocrx_word' id='word_1_861' title='bbox 1002 5583 1090 5638; x_wconf 90' lang='lat' dir='ltr'><strong>vel</strong></span> <span class='ocrx_word' id='word_1_862' title='bbox 1114 5583 1486 5652; x_wconf 88' lang='lat' dir='ltr'><strong>unusquisque</strong></span> <span class='ocrx_word' id='word_1_863' title='bbox 1510 5591 1765 5641; x_wconf 87' lang='lat' dir='ltr'><strong>sanctus:</strong></span> <span class='ocrx_word' id='word_1_864' title='bbox 1796 5584 2067 5653; x_wconf 89' lang='lat' dir='ltr'><strong>Quantum</strong></span> 
     </span>
    </p>
   </div>
   <div class='ocr_carea' id='block_1_110' title="bbox 478 5675 2068 5748">
    <p class='ocr_par' dir='ltr' id='par_1_110' title="bbox 478 5675 2068 5748">
     <span class='ocr_line' id='line_1_110' title="bbox 478 5675 2068 5748; baseline 0.001 -15"><span class='ocrx_word' id='word_1_865' title='bbox 478 5690 567 5733; x_wconf 89' lang='lat' dir='ltr'><strong>me</strong></span> <span class='ocrx_word' id='word_1_866' title='bbox 600 5675 869 5743; x_wconf 86' lang='lat' dir='ltr'><strong>docuisti,</strong></span> <span class='ocrx_word' id='word_1_867' title='bbox 907 5686 1116 5732; x_wconf 86' lang='lat' dir='ltr'><strong>tantum</strong></span> <span class='ocrx_word' id='word_1_868' title='bbox 1145 5677 1378 5734; x_wconf 87' lang='lat' dir='ltr'><strong>narrabo</strong></span> <span class='ocrx_word' id='word_1_869' title='bbox 1408 5692 1424 5734; x_wconf 95' lang='lat'><strong>:</strong></span> <span class='ocrx_word' id='word_1_870' title='bbox 1453 5677 1577 5748; x_wconf 89' lang='lat' dir='ltr'><strong>quia</strong></span> <span class='ocrx_word' id='word_1_871' title='bbox 1609 5677 1654 5732; x_wconf 93' lang='lat' dir='ltr'><strong>si</strong></span> <span class='ocrx_word' id='word_1_872' title='bbox 1699 5687 1904 5733; x_wconf 86' lang='lat' dir='ltr'><strong>tantum</strong></span> <span class='ocrx_word' id='word_1_873' title='bbox 1939 5695 2068 5735; x_wconf 84' lang='lat' dir='ltr'><strong>nar-</strong></span> 
     </span>
    </p>
   </div>
   <div class='ocr_carea' id='block_1_111' title="bbox 480 5772 2066 5847">
    <p class='ocr_par' dir='ltr' id='par_1_111' title="bbox 480 5772 2066 5847">
     <span class='ocr_line' id='line_1_111' title="bbox 480 5772 2066 5847; baseline -0.001 -18"><span class='ocrx_word' id='word_1_874' title='bbox 480 5786 574 5830; x_wconf 87' lang='lat' dir='ltr'><strong>ras</strong></span> <span class='ocrx_word' id='word_1_875' title='bbox 600 5783 862 5844; x_wconf 88' lang='lat' dir='ltr'><strong>quantum</strong></span> <span class='ocrx_word' id='word_1_876' title='bbox 894 5772 1188 5845; x_wconf 78' lang='lat' dir='ltr'><strong>intelligis,</strong></span> <span class='ocrx_word' id='word_1_877' title='bbox 1218 5775 1399 5830; x_wconf 86' lang='lat' dir='ltr'><strong>omnia</strong></span> <span class='ocrx_word' id='word_1_878' title='bbox 1432 5772 1702 5830; x_wconf 90' lang='lat' dir='ltr'><strong>mirabilia</strong></span> <span class='ocrx_word' id='word_1_879' title='bbox 1726 5773 1824 5830; x_wconf 90' lang='lat' dir='ltr'><strong>Dei</strong></span> <span class='ocrx_word' id='word_1_880' title='bbox 1855 5775 2066 5847; x_wconf 79' lang='lat' dir='ltr'><strong>narras,</strong></span> 
     </span>
    </p>
   </div>
   <div class='ocr_carea' id='block_1_112' title="bbox 2177 4643 3763 4716">
    <p class='ocr_par' dir='ltr' id='par_1_112' title="bbox 2177 4643 3763 4716">
     <span class='ocr_line' id='line_1_112' title="bbox 2177 4643 3763 4716; baseline -0.004 -17"><span class='ocrx_word' id='word_1_881' title='bbox 2177 4658 2276 4714; x_wconf 89' lang='lat' dir='ltr'><strong>per</strong></span> <span class='ocrx_word' id='word_1_882' title='bbox 2341 4643 2790 4714; x_wconf 64' lang='lat' dir='ltr'><strong>praedicationem</strong></span> <span class='ocrx_word' id='word_1_883' title='bbox 2854 4645 3226 4715; x_wconf 89' lang='lat' dir='ltr'><strong>Apostolicam</strong></span> <span class='ocrx_word' id='word_1_884' title='bbox 3279 4645 3587 4716; x_wconf 77' lang='lat' dir='ltr'><strong>increpatze</strong></span> <span class='ocrx_word' id='word_1_885' title='bbox 3650 4648 3763 4698; x_wconf 90' lang='lat' dir='ltr'><strong>sunt</strong></span> 
     </span>
    </p>
   </div>
   <div class='ocr_carea' id='block_1_113' title="bbox 2177 4736 3762 4809">
    <p class='ocr_par' dir='ltr' id='par_1_113' title="bbox 2177 4736 3762 4809">
     <span class='ocr_line' id='line_1_113' title="bbox 2177 4736 3762 4809; baseline -0.006 -16"><span class='ocrx_word' id='word_1_886' title='bbox 2177 4745 2370 4808; x_wconf 81' lang='lat' dir='ltr'><strong>gentes</strong></span> <span class='ocrx_word' id='word_1_887' title='bbox 2391 4779 2405 4803; x_wconf 94' lang='lat'><strong>,</strong></span> <span class='ocrx_word' id='word_1_888' title='bbox 2435 4746 2492 4792; x_wconf 91' lang='lat' dir='ltr'><strong>et</strong></span> <span class='ocrx_word' id='word_1_889' title='bbox 2521 4737 2589 4792; x_wconf 91' lang='lat' dir='ltr'><strong>ab</strong></span> <span class='ocrx_word' id='word_1_890' title='bbox 2619 4737 2788 4808; x_wconf 90' lang='lat' dir='ltr'><strong>impio</strong></span> <span class='ocrx_word' id='word_1_891' title='bbox 2819 4737 2996 4794; x_wconf 83' lang='lat' dir='ltr'><strong>lactus</strong></span> <span class='ocrx_word' id='word_1_892' title='bbox 3030 4748 3115 4794; x_wconf 90' lang='lat' dir='ltr'><strong>est</strong></span> <span class='ocrx_word' id='word_1_893' title='bbox 3149 4738 3318 4809; x_wconf 86' lang='lat' dir='ltr'><strong>prius.</strong></span> <span class='ocrx_word' id='word_1_894' title='bbox 3347 4736 3560 4792; x_wconf 85' lang='lat' dir='ltr'><strong>Nomen</strong></span> <span class='ocrx_word' id='word_1_895' title='bbox 3603 4747 3762 4790; x_wconf 83' lang='lat' dir='ltr'><strong>eorum</strong></span> 
     </span>
    </p>
   </div>
   <div class='ocr_carea' id='block_1_114' title="bbox 2179 4827 3760 4898">
    <p class='ocr_par' dir='ltr' id='par_1_114' title="bbox 2179 4827 3760 4898">
     <span class='ocr_line' id='line_1_114' title="bbox 2179 4827 3760 4898; baseline -0.002 -15"><span class='ocrx_word' id='word_1_896' title='bbox 2179 4829 2362 4884; x_wconf 85' lang='lat' dir='ltr'><strong>delesti</strong></span> <span class='ocrx_word' id='word_1_897' title='bbox 2404 4831 2457 4884; x_wconf 89' lang='lat' dir='ltr'><strong>in</strong></span> <span class='ocrx_word' id='word_1_898' title='bbox 2497 4843 2765 4885; x_wconf 61' lang='lat' dir='ltr'><strong>aeternum.</strong></span> <span class='ocrx_word' id='word_1_899' title='bbox 2807 4830 2865 4886; x_wconf 92' lang='lat' dir='ltr'><strong>ld</strong></span> <span class='ocrx_word' id='word_1_900' title='bbox 2896 4841 3020 4898; x_wconf 89' lang='lat' dir='ltr'><strong>est,</strong></span> <span class='ocrx_word' id='word_1_901' title='bbox 3054 4830 3370 4887; x_wconf 88' lang='lat' dir='ltr'><strong>memoriam</strong></span> <span class='ocrx_word' id='word_1_902' title='bbox 3409 4845 3627 4887; x_wconf 88' lang='lat' dir='ltr'><strong>eorum.</strong></span> <span class='ocrx_word' id='word_1_903' title='bbox 3657 4827 3760 4882; x_wconf 84' lang='lat' dir='ltr'><strong>Non</strong></span> 
     </span>
    </p>
   </div>
   <div class='ocr_carea' id='block_1_115' title="bbox 2181 4922 3761 4996">
    <p class='ocr_par' dir='ltr' id='par_1_115' title="bbox 2181 4922 3761 4996">
     <span class='ocr_line' id='line_1_115' title="bbox 2181 4922 3761 4996; baseline -0.003 -18"><span class='ocrx_word' id='word_1_904' title='bbox 2181 4923 2573 4980; x_wconf 85' lang='lat' dir='ltr'><strong>memorabitur</strong></span> <span class='ocrx_word' id='word_1_905' title='bbox 2614 4928 2665 4979; x_wconf 93' lang='lat' dir='ltr'><strong>in</strong></span> <span class='ocrx_word' id='word_1_906' title='bbox 2700 4925 2782 4980; x_wconf 91' lang='lat' dir='ltr'><strong>his</strong></span> <span class='ocrx_word' id='word_1_907' title='bbox 2821 4925 2958 4980; x_wconf 91' lang='lat' dir='ltr'><strong>ultra</strong></span> <span class='ocrx_word' id='word_1_908' title='bbox 3010 4941 3206 4982; x_wconf 90' lang='lat' dir='ltr'><strong>nomen</strong></span> <span class='ocrx_word' id='word_1_909' title='bbox 3250 4925 3555 4996; x_wconf 86' lang='lat' dir='ltr'><strong>impietatis</strong></span> <span class='ocrx_word' id='word_1_910' title='bbox 3589 4939 3604 4981; x_wconf 90' lang='lat'><strong>:</strong></span> <span class='ocrx_word' id='word_1_911' title='bbox 3647 4922 3761 4991; x_wconf 86' lang='lat' dir='ltr'><strong>quia</strong></span> 
     </span>
    </p>
   </div>
   <div class='ocr_carea' id='block_1_116' title="bbox 2178 5016 3761 5088">
    <p class='ocr_par' dir='ltr' id='par_1_116' title="bbox 2178 5016 3761 5088">
     <span class='ocr_line' id='line_1_116' title="bbox 2178 5016 3761 5088; baseline -0.003 -16"><span class='ocrx_word' id='word_1_912' title='bbox 2178 5016 2470 5072; x_wconf 90' lang='lat' dir='ltr'><strong>credentes</strong></span> <span class='ocrx_word' id='word_1_913' title='bbox 2521 5017 2574 5072; x_wconf 91' lang='lat' dir='ltr'><strong>in</strong></span> <span class='ocrx_word' id='word_1_914' title='bbox 2619 5026 2670 5074; x_wconf 90' lang='lat' dir='ltr'><strong>te</strong></span> <span class='ocrx_word' id='word_1_915' title='bbox 2715 5029 3046 5088; x_wconf 86' lang='lat' dir='ltr'><strong>acceperunt</strong></span> <span class='ocrx_word' id='word_1_916' title='bbox 3085 5034 3284 5075; x_wconf 90' lang='lat' dir='ltr'><strong>nomen</strong></span> <span class='ocrx_word' id='word_1_917' title='bbox 3337 5028 3494 5072; x_wconf 91' lang='lat' dir='ltr'><strong>tuum</strong></span> <span class='ocrx_word' id='word_1_918' title='bbox 3540 5029 3761 5078; x_wconf 86' lang='lat' dir='ltr'><strong>novum,</strong></span> 
     </span>
    </p>
   </div>
   <div class='ocr_carea' id='block_1_117' title="bbox 2179 5114 3011 5184">
    <p class='ocr_par' dir='ltr' id='par_1_117' title="bbox 2179 5114 3011 5184">
     <span class='ocr_line' id='line_1_117' title="bbox 2179 5114 3011 5184; baseline 0.002 -18"><span class='ocrx_word' id='word_1_919' title='bbox 2179 5114 2320 5184; x_wconf 88' lang='lat' dir='ltr'><strong>quod</strong></span> <span class='ocrx_word' id='word_1_920' title='bbox 2360 5114 2718 5170; x_wconf 89' lang='lat' dir='ltr'><strong>benedicetur</strong></span> <span class='ocrx_word' id='word_1_921' title='bbox 2747 5115 2798 5170; x_wconf 91' lang='lat' dir='ltr'><strong>in</strong></span> <span class='ocrx_word' id='word_1_922' title='bbox 2829 5116 3011 5171; x_wconf 90' lang='lat' dir='ltr'><strong>terris.</strong></span> 
     </span>
    </p>
   </div>
   <div class='ocr_carea' id='block_1_118' title="bbox 2250 5205 3762 5281">
    <p class='ocr_par' dir='ltr' id='par_1_118' title="bbox 2250 5205 3762 5281">
     <span class='ocr_line' id='line_1_118' title="bbox 2250 5205 3762 5281; baseline -0.001 -21"><span class='ocrx_word' id='word_1_923' title='bbox 2250 5207 2463 5262; x_wconf 85' lang='lat' dir='ltr'><strong>Inimici</strong></span> <span class='ocrx_word' id='word_1_924' title='bbox 2493 5209 2787 5280; x_wconf 83' lang='lat' dir='ltr'><strong>defecerunt</strong></span> <span class='ocrx_word' id='word_1_925' title='bbox 2827 5210 3040 5281; x_wconf 71' lang='lat' dir='ltr'><strong>frontem</strong></span> <span class='ocrx_word' id='word_1_926' title='bbox 3081 5209 3137 5263; x_wconf 90' lang='lat' dir='ltr'><strong>in</strong></span> <span class='ocrx_word' id='word_1_927' title='bbox 3163 5209 3339 5279; x_wconf 82' lang='lat' dir='ltr'><strong>ﬁnem.</strong></span> <span class='ocrx_word' id='word_1_928' title='bbox 3369 5206 3546 5275; x_wconf 82' lang='lat' dir='ltr'><strong>Quasi</strong></span> <span class='ocrx_word' id='word_1_929' title='bbox 3591 5205 3762 5260; x_wconf 86' lang='lat' dir='ltr'><strong>dicat:</strong></span> 
     </span>
    </p>
   </div>
   <div class='ocr_carea' id='block_1_119' title="bbox 2179 5300 3761 5372">
    <p class='ocr_par' dir='ltr' id='par_1_119' title="bbox 2179 5300 3761 5372">
     <span class='ocr_line' id='line_1_119' title="bbox 2179 5300 3761 5372; baseline -0.005 -16"><span class='ocrx_word' id='word_1_930' title='bbox 2179 5317 2331 5356; x_wconf 91' lang='lat' dir='ltr'><strong>arma</strong></span> <span class='ocrx_word' id='word_1_931' title='bbox 2357 5300 2594 5367; x_wconf 89' lang='lat' dir='ltr'><strong>diaboli,</strong></span> <span class='ocrx_word' id='word_1_932' title='bbox 2619 5318 2739 5371; x_wconf 70' lang='lat' dir='ltr'><strong>quae</strong></span> <span class='ocrx_word' id='word_1_933' title='bbox 2763 5312 2921 5358; x_wconf 87' lang='lat' dir='ltr'><strong>erant</strong></span> <span class='ocrx_word' id='word_1_934' title='bbox 2951 5302 3330 5372; x_wconf 78' lang='lat' dir='ltr'><strong>peccatoribus</strong></span> <span class='ocrx_word' id='word_1_935' title='bbox 3359 5301 3613 5357; x_wconf 90' lang='lat' dir='ltr'><strong>membra</strong></span> <span class='ocrx_word' id='word_1_936' title='bbox 3647 5311 3761 5361; x_wconf 86' lang='lat' dir='ltr'><strong>sua,</strong></span> 
     </span>
    </p>
   </div>
   <div class='ocr_carea' id='block_1_120' title="bbox 2180 5396 3762 5468">
    <p class='ocr_par' dir='ltr' id='par_1_120' title="bbox 2180 5396 3762 5468">
     <span class='ocr_line' id='line_1_120' title="bbox 2180 5396 3762 5468; baseline -0.004 -17"><span class='ocrx_word' id='word_1_937' title='bbox 2180 5412 2277 5466; x_wconf 89' lang='lat' dir='ltr'><strong>per</strong></span> <span class='ocrx_word' id='word_1_938' title='bbox 2311 5411 2450 5467; x_wconf 90' lang='lat' dir='ltr'><strong>quos</strong></span> <span class='ocrx_word' id='word_1_939' title='bbox 2473 5396 2722 5453; x_wconf 90' lang='lat' dir='ltr'><strong>diabolus</strong></span> <span class='ocrx_word' id='word_1_940' title='bbox 2763 5399 2900 5453; x_wconf 89' lang='lat' dir='ltr'><strong>alios</strong></span> <span class='ocrx_word' id='word_1_941' title='bbox 2932 5399 3381 5468; x_wconf 87' lang='lat' dir='ltr'><strong>persequebatur,</strong></span> <span class='ocrx_word' id='word_1_942' title='bbox 3428 5397 3762 5452; x_wconf 77' lang='lat' dir='ltr'><strong>defecerunt.</strong></span> 
     </span>
    </p>
   </div>
   <div class='ocr_carea' id='block_1_121' title="bbox 2181 5490 3761 5562">
    <p class='ocr_par' dir='ltr' id='par_1_121' title="bbox 2181 5490 3761 5562">
     <span class='ocr_line' id='line_1_121' title="bbox 2181 5490 3761 5562; baseline 0.004 -16"><span class='ocrx_word' id='word_1_943' title='bbox 2181 5491 2280 5547; x_wconf 90' lang='lat' dir='ltr'><strong>Vel</strong></span> <span class='ocrx_word' id='word_1_944' title='bbox 2312 5493 2473 5546; x_wconf 87' lang='lat' dir='ltr'><strong>aliter</strong></span> <span class='ocrx_word' id='word_1_945' title='bbox 2501 5507 2517 5547; x_wconf 90' lang='lat'><strong>:</strong></span> <span class='ocrx_word' id='word_1_946' title='bbox 2548 5490 2759 5548; x_wconf 85' lang='lat' dir='ltr'><strong>Inimici</strong></span> <span class='ocrx_word' id='word_1_947' title='bbox 2788 5493 3100 5549; x_wconf 81' lang='lat' dir='ltr'><strong>defecerunt</strong></span> <span class='ocrx_word' id='word_1_948' title='bbox 3143 5495 3374 5559; x_wconf 89' lang='lat' dir='ltr'><strong>lramea,</strong></span> <span class='ocrx_word' id='word_1_949' title='bbox 3408 5491 3574 5562; x_wconf 82' lang='lat' dir='ltr'><strong>quasi</strong></span> <span class='ocrx_word' id='word_1_950' title='bbox 3601 5490 3761 5552; x_wconf 81' lang='lat' dir='ltr'><strong>dicat.</strong></span> 
     </span>
    </p>
   </div>
   <div class='ocr_carea' id='block_1_122' title="bbox 2178 5583 3765 5658">
    <p class='ocr_par' dir='ltr' id='par_1_122' title="bbox 2178 5583 3765 5658">
     <span class='ocr_line' id='line_1_122' title="bbox 2178 5583 3765 5658; baseline -0.004 -18"><span class='ocrx_word' id='word_1_951' title='bbox 2178 5585 2246 5641; x_wconf 91' lang='lat' dir='ltr'><strong>de</strong></span> <span class='ocrx_word' id='word_1_952' title='bbox 2276 5588 2510 5654; x_wconf 80' lang='lat' dir='ltr'><strong>framea,</strong></span> <span class='ocrx_word' id='word_1_953' title='bbox 2534 5587 2676 5658; x_wconf 89' lang='lat' dir='ltr'><strong>quod</strong></span> <span class='ocrx_word' id='word_1_954' title='bbox 2717 5597 2800 5644; x_wconf 90' lang='lat' dir='ltr'><strong>est</strong></span> <span class='ocrx_word' id='word_1_955' title='bbox 2827 5588 3053 5644; x_wconf 90' lang='lat' dir='ltr'><strong>verbum</strong></span> <span class='ocrx_word' id='word_1_956' title='bbox 3086 5587 3210 5653; x_wconf 89' lang='lat' dir='ltr'><strong>Dei,</strong></span> <span class='ocrx_word' id='word_1_957' title='bbox 3249 5588 3300 5641; x_wconf 93' lang='lat' dir='ltr'><strong>in</strong></span> <span class='ocrx_word' id='word_1_958' title='bbox 3343 5587 3533 5642; x_wconf 80' lang='lat' dir='ltr'><strong>futuro</strong></span> <span class='ocrx_word' id='word_1_959' title='bbox 3569 5583 3765 5656; x_wconf 87' lang='lat' dir='ltr'><strong>judicio</strong></span> 
     </span>
    </p>
   </div>
   <div class='ocr_carea' id='block_1_123' title="bbox 2179 5679 3761 5752">
    <p class='ocr_par' dir='ltr' id='par_1_123' title="bbox 2179 5679 3761 5752">
     <span class='ocr_line' id='line_1_123' title="bbox 2179 5679 3761 5752; baseline -0.006 -18"><span class='ocrx_word' id='word_1_960' title='bbox 2179 5679 2462 5749; x_wconf 82' lang='lat' dir='ltr'><strong>deﬁcient,</strong></span> <span class='ocrx_word' id='word_1_961' title='bbox 2485 5683 2701 5752; x_wconf 90' lang='lat' dir='ltr'><strong>quando</strong></span> <span class='ocrx_word' id='word_1_962' title='bbox 2725 5698 2820 5751; x_wconf 89' lang='lat' dir='ltr'><strong>per</strong></span> <span class='ocrx_word' id='word_1_963' title='bbox 2837 5683 3012 5752; x_wconf 89' lang='lat' dir='ltr'><strong>ipsum</strong></span> <span class='ocrx_word' id='word_1_964' title='bbox 3038 5683 3262 5738; x_wconf 84' lang='lat' dir='ltr'><strong>verbum</strong></span> <span class='ocrx_word' id='word_1_965' title='bbox 3285 5680 3574 5751; x_wconf 88' lang='lat' dir='ltr'><strong>judicandi</strong></span> <span class='ocrx_word' id='word_1_966' title='bbox 3594 5683 3761 5734; x_wconf 89' lang='lat' dir='ltr'><strong>cruat.</strong></span> 
     </span>
    </p>
   </div>
   <div class='ocr_carea' id='block_1_124' title="bbox 2179 5776 3760 5847">
    <p class='ocr_par' dir='ltr' id='par_1_124' title="bbox 2179 5776 3760 5847">
     <span class='ocr_line' id='line_1_124' title="bbox 2179 5776 3760 5847; baseline -0.006 -14"><span class='ocrx_word' id='word_1_967' title='bbox 2179 5776 2250 5833; x_wconf 84' lang='lat' dir='ltr'><strong>Et</strong></span> <span class='ocrx_word' id='word_1_968' title='bbox 2295 5777 2522 5833; x_wconf 77' lang='lat' dir='ltr'><strong>civitates</strong></span> <span class='ocrx_word' id='word_1_969' title='bbox 2579 5794 2757 5834; x_wconf 89' lang='lat' dir='ltr'><strong>eorum</strong></span> <span class='ocrx_word' id='word_1_970' title='bbox 2807 5778 3130 5834; x_wconf 72' lang='lat' dir='ltr'><strong>destruxisti.</strong></span> <span class='ocrx_word' id='word_1_971' title='bbox 3184 5777 3240 5834; x_wconf 90' lang='lat' dir='ltr'><strong>ld</strong></span> <span class='ocrx_word' id='word_1_972' title='bbox 3299 5785 3382 5833; x_wconf 90' lang='lat' dir='ltr'><strong>est</strong></span> <span class='ocrx_word' id='word_1_973' title='bbox 3435 5784 3760 5847; x_wconf 84' lang='lat' dir='ltr'><strong>peccatores.</strong></span> 
     </span>
    </p>
   </div>
  </div>
