3944 6334
206 307 283 366 8H

203 424 318 490 Quot
336 425 449 473 sunt
475 413 601 469 vitia
632 420 976 485 peccatorum
996 457 1009 481 ,
1037 423 1199 472 tanta:
1228 427 1282 473 et
1310 417 1584 484 civitates,
1629 417 1734 474 hoc
1760 423 1809 482 Α

204 524 298 580 est,
325 510 662 577 munitiones,
697 509 750 565 in
780 509 978 581 quibus
1028 510 1281 567 diabolus
1318 512 1618 581 regnabat:
1677 527 1741 567 ac

201 609 237 664 si
255 607 378 663 dicat
400 621 414 660 :
443 601 758 658 Defeccrunt
789 618 885 673 per
908 612 1029 659 tuos
1061 603 1475 676 prredicatores.

258 699 400 754 Periit
427 697 663 751 memoria
693 712 870 751 eorum
899 713 1016 751 cum
1045 699 1239 753 sonitu.
1274 699 1450 755 Sonns
1477 697 1743 755 doctrina:

199 792 401 857 illorum,
428 788 510 844 vel
534 787 915 844 haereticorum
944 790 1084 846 mala
1117 805 1239 846 cum
1271 791 1404 861 ipsis
1433 791 1616 861 periit.
1645 790 1744 846 Vel

199 900 297 942 cum
332 882 527 948 sonitu,
579 880 633 937 id
664 891 777 951 est,
832 898 862 937 a
909 882 1298 954 praedicatione
1338 881 1641 952 Evangelii.
1678 880 1746 935 Et

199 974 413 1031 Dominus
441 974 490 1027 in
520 981 768 1028 teternum
802 983 1086 1045 permanet.
1121 974 1189 1030 Et
1228 975 1343 1046 ipse
1378 984 1430 1031 et
1457 975 1541 1030 sui
1569 974 1744 1029 sancti

198 1083 297 1123 cum
317 1066 720 1122 tumultuatione
750 1080 846 1122 sua
881 1067 1167 1137 peribunt,
1198 1068 1250 1124 in
1280 1069 1478 1124 saacula
1514 1067 1747 1124 Domino

197 1172 530 1236 permanente,
561 1171 620 1218 ut
644 1162 902 1229 diximus,
933 1171 988 1219 et
1015 1162 1128 1218 suis
1156 1165 1384 1219 sanctis.

253 1255 446 1311 Paravit
470 1256 524 1309 in
553 1255 776 1322 iudicio,
799 1264 906 1311 etc.
939 1254 1112 1312 Omne
1138 1255 1281 1311 enim
1306 1254 1572 1326 judicium
1601 1253 1752 1310 dedit

196 1349 325 1406 Filio.
361 1347 565 1404 Paravit
593 1349 646 1402 in
664 1347 869 1419 judicio
897 1347 1070 1403 sedem
1099 1365 1249 1402 suam
1275 1363 1293 1402 :
1325 1347 1377 1402 id
1419 1355 1529 1414 est,
1567 1347 1751 1402 Eccle-

197 1443 338 1498 siain:
365 1441 430 1498 de
455 1456 556 1511 qua
589 1441 706 1512 ipse
730 1441 994 1512 iudicabit
1020 1442 1208 1498 orbem
1233 1449 1392 1497 terrae
1411 1484 1425 1510 ,
1454 1440 1595 1511 quod
1626 1448 1753 1496 sunt

194 1550 354 1591 omnes
392 1541 598 1606 gentes.
645 1533 712 1588 In
752 1535 996 1604 aequitate
1027 1533 1285 1604 iudicabit
1315 1532 1559 1604 populos.
1594 1530 1749 1600 Quod

192 1638 260 1684 est
284 1629 516 1699 :equitas,
543 1626 649 1683 hoc
680 1635 765 1683 est
791 1636 847 1682 et
871 1627 1106 1697 justitia,
1136 1625 1188 1682 id
1216 1634 1322 1694 est,
1356 1624 1627 1684 Christus.
1652 1623 1752 1680 Vel

190 1721 356 1777 iterato
384 1720 592 1777 scilicet
630 1720 865 1776 adventu
899 1735 1021 1776 cum
1062 1718 1227 1791 justis
1253 1719 1500 1790 prtemia,
1535 1717 1752 1789 iniustis

189 1814 424 1871 infernum
457 1823 514 1872 et
540 1829 786 1886 poenam.

242 1909 302 1965 Et
347 1912 515 1982 factus
563 1919 639 1965 est
691 1908 945 1964 Dominus
998 1908 1258 1982 refugium
1313 1909 1553 1980 pauperi.
1601 1906 1750 1964 Inter

185 2015 446 2074 pauperem
474 2009 533 2058 et
559 2000 960 2067 adversarium,
991 2002 1094 2056 hoc
1124 1999 1558 2067 est,'diabolnm,
1585 1998 1751 2068 jndex

184 2096 270 2151 erit
289 2095 563 2151 Christus:
586 2097 677 2167 qui
697 2093 962 2166 iudicabit
985 2095 1125 2150 inter
1147 2093 1449 2150 Ecclesiam
1479 2103 1534 2148 et
1556 2091 1751 2147 adver-

181 2187 385 2256 sarium,
414 2190 521 2244 hoc
550 2197 672 2254 est,
705 2186 1004 2243 diabolum.
1037 2185 1193 2243 Unde
1235 2195 1291 2242 et
1330 2187 1381 2240 in
1427 2183 1753 2256 Apocalypsi

180 2280 388 2337 dicitur:
427 2281 532 2349 Qui
564 2290 650 2337 est
681 2289 968 2336 accusator
1009 2279 1241 2335 fratrum’
1281 2288 1618 2334 nostrorum.
1653 2275 1755 2332 Vel

178 2373 241 2429 illi
270 2389 537 2446 pauperes
557 2417 572 2441 ,
601 2373 694 2444 qui
731 2383 953 2444 propter
979 2388 1104 2428 eum
1137 2386 1406 2443 pauperes
1434 2371 1556 2426 facti
1576 2411 1592 2438 ,
1616 2369 1755 2425 divi-

177 2467 262 2524 tias
288 2484 406 2524 suas
448 2469 504 2524 in
555 2469 710 2524 cibos
739 2467 1073 2523 distribuunt
1097 2481 1421 2538 pauperum.
1449 2463 1673 2536 Adjutor
1700 2464 1754 2518 in

175 2561 655 2630 opportunitatibus.
689 2559 922 2631 Adjutor
953 2569 1040 2615 est
1068 2556 1328 2614 Ecclesia:
1379 2571 1512 2612 suae.
1547 2553 1615 2610 In
1658 2555 1755 2610 tri-

177 2652 432 2712 bulatione.
457 2654 696 2724 Quando
717 2664 1086 2726 opportunum
1116 2663 1221 2721 est,
1248 2660 1307 2707 ιιι
1327 2652 1404 2707 ait
1427 2651 1754 2720 Apostolus.

171 2747 351 2804 Fidelis
380 2750 535 2805 Deus
577 2748 668 2820 qui
717 2762 824 2804 non
856 2747 1093 2818 patietur
1118 2759 1218 2801 vos
1263 2743 1465 2800 tentari
1508 2756 1673 2813 supra
1705 2739 1760 2796 id

169 2839 291 2908 quod
320 2841 557 2910 potestis
584 2857 599 2895 :
630 2840 727 2896 sed
755 2837 920 2895 faciet
942 2853 1065 2894 cum
1102 2836 1402 2893 tentatione
1432 2835 1600 2890 etiam
1633 2849 1762 2904 pro-

164 2942 388 3002 ventum,
420 2944 485 2989 ut
520 2931 747 3004 possitis
768 2931 1045 2987 sustinere
1075 2949 1088 2985 :
1130 2945 1200 2987 ne
1223 2945 1350 2986 cum
1377 2925 1759 3000 peccatoribus

165 3022 211 3078 in
236 3025 500 3094 supplicio
529 3025 854 3080 damnentur
882 3033 1090 3079 aeterno
1123 3020 1180 3095 (Ι
1211 3021 1332 3077 Cor.
1366 3023 1458 3092 ιι).

223 3117 442 3190 Sperettt
473 3119 534 3174 in
565 3130 634 3174 te.
661 3117 718 3174 ld
744 3126 861 3185 est,
891 3133 1001 3173 non
1031 3117 1084 3172 in
1111 3130 1206 3184 se,
1241 3115 1338 3173 sed
1367 3114 1426 3171 in
1460 3123 1533 3184 te,
1567 3121 1624 3171 et
1652 3130 1759 3170 non

1111 297 1541 357 BllEVIARlUM
1584 297 1648 356 IN
1690 295 2023 360 I’SALMOS.
2065 298 2316 359 PSALM.
2360 300 2454 359 IX.

3333 303 3441 360 842

1912 419 2161 475 Miserere
2182 421 2312 490 mei,
2343 418 2585 474 Domine.
2623 417 2736 474 Vox
2762 417 3023 476 Ecclesiae
3051 437 3061 472 :
3104 417 3240 476 Vide
3269 421 3443 476 humi—

1844 513 2044 571 litatem
2089 533 2253 571 meam
2293 515 2358 570 de
2400 515 2627 570 inimicis
2674 515 2848 569 meis:
2895 515 2982 585 qui
3021 516 3223 570 exultas
3260 533 3338 571 me
3381 516 3446 571 de

1846 607 2009 677 portis
2037 609 2217 662 mortis
2237 651 2251 676 ,
2281 615 2390 663 etc.
2419 605 2601 662 Portm
2634 606 2828 662 mortis
2868 616 2996 662 sunt
3033 607 3210 662 studia
3244 624 3443 678 paren-

1848 709 1957 754 tum
1977 741 1992 766 ,
2022 700 2114 770 qui
2143 698 2394 755 colebant
2423 698 2672 755 diversos
2701 697 2834 756 deos
2884 698 3302 755 dzemoniorum.
3337 699 3450 770 Ipsi

1848 801 2006 848 erant
2051 801 2224 864 porta:
2273 792 2500 860 mortis,
2548 807 2782 864 quorum
2831 792 3080 849 doctrina
3110 792 3178 849 ad
3213 800 3447 849 mortem

1848 885 2096 944 ducebat.
2133 888 2347 945 Aliter:
2381 887 2562 944 Porta:
2599 888 2788 946 mortis
2813 929 2830 957 ,
2881 888 3264 945 haereticorum
3309 888 3445 946 doc-

1851 981 2018 1048 trina,
2062 981 2129 1038 de
2175 982 2372 1054 quibus
2420 983 2596 1053 portis
2645 984 2884 1039 exaltata
2937 993 3023 1040 est
3070 983 3356 1040 Ecclesia:
3395 993 3452 1040 et

1851 1073 2016 1129 missa
2045 1084 2130 1130 est
2163 1075 2215 1130 in
2248 1082 2434 1146 portas
2460 1074 2588 1130 ﬁlia:
2617 1075 2771 1144 Sion,
2798 1091 2919 1147 qua:
2941 1085 3070 1132 sunt
3097 1084 3269 1146 porta:
3299 1076 3452 1132 vitze.

1850 1165 2002 1221 Sicut
2031 1182 2126 1237 per
2157 1166 2357 1222 malam
2388 1166 2691 1223 doctrinam
2728 1167 2883 1238 quasi
2913 1174 3102 1239 portas
3144 1167 3338 1224 mortis
3364 1168 3450 1222 in-

1855 1258 2182 1330 telligimus,
2229 1274 2350 1329 quae
2398 1273 2500 1314 nos
2544 1259 2612 1314 ad
2654 1259 2934 1314 interitum
2981 1257 3233 1316 ducunt:
3285 1261 3356 1314 ita
3399 1270 3455 1316 et

1855 1359 2040 1421 portas
2062 1351 2185 1407 vita:
2214 1350 2565 1422 intelligimus
2593 1351 2767 1408 bonos
2797 1351 3206 1423 praedicatores,
3231 1353 3324 1424 qui
3351 1368 3451 1408 nos

1856 1459 1953 1515 per
1974 1460 2126 1500 suam
2151 1445 2458 1500 doctrinam
2487 1445 2555 1500 ad
2585 1445 2751 1501 vitam
2782 1455 3046 1502 aeternam
3077 1447 3305 1503 ducunt.

1926 1538 2227 1593 Exsultabo
2254 1539 2307 1592 in
2336 1539 2557 1594 salutari
2584 1548 2694 1594 tuo.
2727 1537 3050 1607 Exsultabo,
3081 1538 3133 1594 id
3163 1548 3282 1607 est,
3316 1554 3453 1611 gau-

1856 1629 1996 1687 debo
2025 1651 2035 1684 :
2070 1630 2136 1684 In
2166 1631 2388 1686 salutari
2418 1639 2528 1700 tuo,
2558 1631 2608 1684 in
2632 1628 2852 1686 Christo
2878 1640 2991 1687 tuo.

1931 1722 2121 1794 Inﬁxae
2151 1733 2273 1778 sunt
2315 1732 2489 1797 gentes
2518 1723 2571 1776 in
2608 1723 2818 1777 interitu
2862 1738 3012 1794 quem
3040 1727 3295 1796 fecerunt.
3339 1723 3457 1782 Hoc

1783 1816 1832 1878 Β
1861 1825 1966 1883 est,
1990 1817 2044 1873 in
2073 1816 2235 1872 malis
2261 1817 2519 1886 operibus
2545 1831 2667 1888 quae
2689 1817 2961 1884 fecerunt,
2991 1815 3063 1872 ibi
3096 1815 3278 1872 infixae
3305 1827 3454 1886 sunt,

1852 1911 1922 1968 de
1970 1910 2170 1982 quibus
2220 1907 2532 1980 judicandzc
2578 1917 2726 1964 sunt.
2787 1907 2856 1963 In
2907 1909 3092 1980 laqueo
3145 1910 3247 1963 isto
3303 1925 3458 1979 quem

1852 2000 2255 2068 absconderant,
2287 2009 2395 2056 etc.
2429 1999 2566 2070 Quia
2599 2001 2977 2072 unusquisque
3014 2001 3266 2072 laqueum
3297 2016 3460 2071 quem

1853 2095 2013 2151 alteri
2038 2101 2195 2165 parat
2217 2093 2284 2149 ad
2316 2091 2646 2159 cadendum,
2677 2093 2796 2163 ipse
2823 2094 2975 2164 prius
3003 2094 3058 2148 in
3090 2109 3158 2148 eo
3184 2093 3364 2149 cadet.

1927 2185 2273 2258 Cognoscetur
2297 2183 2553 2239 Dominus
2590 2183 2797 2257 judicia
2825 2185 3046 2254 faciens.
3076 2182 3450 2254 Cognoscelur,

1856 2281 1962 2337 hoc
1983 2291 2088 2346 est,
2117 2279 2186 2336 ad
2211 2279 2501 2350 judicium.
2552 2277 2620 2332 In
2664 2277 2908 2347 operibus
2949 2295 3199 2334 manuum
3238 2296 3451 2334 suarum

1857 2372 2256 2444 comprehensus
2277 2381 2351 2427 est
2369 2380 2630 2444 peccator.
2649 2371 2785 2438 Quia
2810 2371 3182 2443 unusquisque
3199 2381 3457 2443 peccator

1857 2466 1979 2537 ipse
2013 2466 2124 2523 sibi
2153 2481 2338 2523 secum
2369 2474 2547 2536 portat
2585 2476 2639 2522 et
2668 2466 2859 2533 funes,
2893 2476 2948 2522 et
2977 2467 3226 2537 vincula,
3261 2477 3314 2523 et
3345 2477 3458 2523 tor-

1857 2568 2064 2626 menta,
2101 2558 2245 2614 unde
2287 2556 2552 2614 sustineat
2579 2559 2742 2613 mala.
2775 2557 2908 2613 Nam
2950 2559 3016 2615 ab
3056 2560 3182 2615 aliis
3227 2576 3337 2618 non
3366 2570 3456 2617 est

1858 2665 2087 2708 necesse
2115 2649 2412 2722 praeparari
2441 2649 2588 2705 unde
2635 2659 2981 2720 torqueatur,
3029 2666 3150 2708 cum
3183 2650 3301 2723 ipse
3347 2652 3451 2709 sibi

1859 2751 2132 2814 praeparet
2157 2758 2278 2814 qua:
2307 2742 2372 2798 ad
2397 2757 2616 2813 poenam
2647 2742 2962 2814 pertinent:

1930 2833 2310 2891 Convertuntur
2337 2844 2631 2907 peccatores
2676 2835 2730 2890 in
2760 2835 3044 2907 infernum.
3081 2836 3136 2892 ld
3167 2845 3282 2907 est,
3328 2840 3457 2910 quia

1859 2929 2006 2986 ultra
2051 2929 2214 2986 ﬁnem
2264 2928 2451 2985 szeculi
2482 2929 2668 2985 vivere
2715 2929 2928 2995 volunt,
2977 2939 3373 2987 convertantur
3402 2931 3458 2988 in

1863 3023 2158 3077 infernum.
2216 3019 2407 3074 Omnes
2455 3030 2630 3094 gentes
2677 3036 2796 3092 qua:
2843 3021 3221 3076 obliviscuntur
3271 3021 3458 3079 Deum.

1868 3115 1984 3171 Hoc
2013 3123 2119 3183 est,
2151 3113 2245 3184 qui
2283 3113 2474 3169 dicunt
2512 3112 2656 3184 quod
2681 3113 2828 3169 Deus
2856 3113 3236 3184 obliviscatur,
3270 3123 3326 3172 et
3353 3130 3461 3172 n0n

171 3207 216 3263 in
238 3211 705 3282 concupiscentiis
730 3210 936 3266 seaculi.
969 3209 1071 3277 Qui
1096 3218 1346 3265 noverant
1375 3223 1559 3262 nomen
1589 3217 1752 3261 tuum.
1788 3209 1835 3274 C
1867 3209 2067 3266 habeat
2106 3224 2291 3264 curam
2338 3209 2406 3263 de
2451 3207 2618 3264 rebus
2664 3209 2810 3275 suis,
2856 3207 2963 3278 ipsi
3011 3209 3403 3265 obliviscantur
3434 3227 3465 3266 a

161 3299 275 3359 Sive
329 3305 688 3374 potentiam,
747 3303 863 3358 sive
915 3301 1377 3374 magnificentiam
1437 3309 1606 3354 tuam.
1655 3297 1757 3353 Vel

160 3409 346 3453 nomen
379 3407 546 3454 tuum
575 3415 589 3452 :
639 3397 692 3453 id
736 3406 843 3464 est,
870 3395 1069 3452 Filium
1103 3405 1272 3451 tuum.
1307 3395 1493 3463 Quare
1535 3401 1760 3464 propter

160 3488 250 3545 hoc
295 3491 444 3562 quod
498 3491 793 3562 sequitur:
826 3489 1090 3556 Quoniam
1138 3505 1239 3542 non
1271 3485 1585 3557 dereliquisti
1612 3499 1757 3556 quee-

159 3594 312 3638 rentes
345 3595 430 3651 te,
466 3585 725 3640 Domine.
760 3582 889 3640 Ideo
927 3591 1153 3654 sperant
1184 3583 1236 3636 in
1271 3590 1323 3636 te
1353 3597 1366 3634 :
1403 3588 1463 3635 ιιι
1499 3577 1669 3633 illud:
1703 3578 1760 3634 Si

155 3690 340 3748 corpus
370 3677 683 3744 occidunt,
718 3677 962 3732 animam
991 3683 1170 3730 autem
1203 3688 1312 3729 non
1341 3679 1571 3743 possunt
1611 3669 1759 3726 occi-

157 3768 292 3827 dere.
325 3771 553 3829 Tamen
579 3769 848 3843 permittit
872 3768 999 3825 illos
1026 3766 1257 3834 tentari,
1291 3765 1387 3822 sed
1419 3780 1524 3820 non
1555 3777 1757 3834 usque,-

152 3877 379 3935 quaque.

217 3956 445 4014 Psatlite
473 3958 728 4015 Domino.
760 3955 820 4014 ld
855 3965 972 4025 est,
1006 3964 1220 4013 cantate
1260 3954 1520 4020 Domino,
1561 3948 1761 4023 praedi-

150 4061 291 4122 cate,
322 4069 509 4126 opere
537 4052 784 4123 implete.
822 4051 926 4120 Qui
954 4051 1149 4106 habitat
1176 4051 1229 4104 in
1261 4050 1414 4106 Sion.
1448 4047 1610 4116 Sion,
1640 4062 1760 4114 spe-

151 4149 283 4212 cula,
319 4148 375 4203 id
417 4156 536 4215 est,
566 4145 906 4211 Jerusalem,
941 4145 1186 4214 hoe,est,
1220 4143 1350 4198 visio
1375 4141 1562 4214 pacis:
1600 4138 1762 4195 modo

149 4238 401 4298 Ecclesia
445 4242 548 4298 hic
591 4239 936 4310 speculatio:
979 4238 1104 4309 quia
1135 4235 1448 4308 speculatur
1486 4234 1553 4290 de
1582 4232 1764 4288 futuro

145 4333 343 4403 judicio
365 4335 498 4391 Dei.
523 4332 636 4390 Sed
659 4347 783 4389 cum
800 4330 1014 4387 venerit
1037 4330 1105 4385 ad
1128 4328 1430 4385 Jerusalem
1457 4324 1758 4390 caelestem,

145 4443 248 4486 non
299 4429 419 4487 erit
481 4439 620 4486 tunc
668 4426 1016 4498 speculatio,
1066 4424 1165 4481 sed
1209 4422 1369 4478 visio.
1428 4419 1585 4476 Unde
1629 4417 1766 4474 dicit

144 4524 349 4581 Paulus
377 4546 393 4581 :
433 4525 712 4582 Videmus
741 4538 885 4578 nunc
912 4537 1008 4592 per
1039 4518 1323 4592 speculum
1357 4518 1409 4571 in
1442 4514 1760 4585 aenigmate,

1865 3302 2096 3358 Domino
2123 3319 2136 3356 :
2170 3301 2296 3372 quia
2326 3315 2435 3356 non
2466 3300 2652 3356 dicunt
2677 3316 2866 3357 verum
2890 3300 3038 3372 quod
3061 3300 3208 3358 Deus
3241 3301 3464 3359 oblivis-

1862 3406 2017 3452 catur
2046 3403 2328 3451 creaturas
2354 3407 2518 3460 suas;
2547 3394 2673 3465 q'uia
2703 3393 2838 3450 dicit
2863 3412 2876 3448 :

1939 3487 2204 3558 Quoniam
2237 3505 2340 3542 non
2363 3487 2416 3543 in
2455 3488 2610 3558 ﬁnem
2636 3488 2844 3559 oblivio,
2873 3496 2981 3546 etc.
3007 3489 3147 3559 Quia
3179 3490 3226 3548 si
3255 3491 3457 3561 ὤσει-1,

1862 3597 1971 3639 non
2009 3581 2196 3636 aufert
2225 3596 2383 3637 suum
2412 3581 2678 3637 auxilium
2704 3597 2734 3637 a
2765 3584 2971 3640 sanctis
3002 3585 3143 3639 suis.

1934 3672 2210 3745 Exsurge,
2242 3672 2485 3741 Domine,
2522 3691 2624 3729 non
2672 3675 2949 3745 prteraleat
2999 3675 3178 3733 homo.
3215 3677 3328 3733 Vox
3361 3677 3467 3734 Ec-

1861 3769 2045 3824 clesiae
2087 3776 2249 3824 sonat
2291 3777 2480 3822 contra
2511 3759 2950 3824 Anticitristum:
2985 3765 3257 3842 Exsurge,
3292 3770 3345 3824 in
3372 3771 3465 3840 ju-

1862 3862 2063 3919 dicium
2091 3880 2105 3917 :
2138 3879 2238 3917 non
2263 3860 2542 3933 prtevaleat
2564 3860 2718 3916 homo
2747 3877 2766 3916 :
2799 3861 2855 3916 id
2877 3870 2983 3928 est,
3015 3861 3178 3917 homo
3203 3871 3461 3933 peccator

1863 3954 2257 4012 Antichristus.
2320 3953 2637 4010 Judicentur
2678 3963 2853 4027 gentes
2907 3954 2961 4008 in
3008 3963 3287 4027 conspectu
3349 3965 3464 4011 tuo.

1867 4047 2085 4104 Duobus
2110 4047 2286 4103 modis
2328 4047 2565 4117 primum
2591 4046 2706 4118 jam
2737 4046 2794 4102 in
2825 4046 3170 4118 praescientia
3199 4047 3291 4103 Dei
3314 4047 3463 4118 judi-

1866 4139 1973 4196 cati
1999 4147 2145 4194 sunt.
2176 4138 2393 4206 Quare?
2419 4138 2554 4206 Quia
2584 4138 2648 4194 ad
2684 4138 2985 4195 Ecclesiam
3020 4155 3128 4196 non
3161 4139 3457 4210 pertinent,

1866 4231 1964 4287 sed
1994 4230 2063 4286 ad
2102 4229 2502 4287 Antichristum
2529 4246 2543 4285 :
2573 4231 2700 4301 quia
2726 4231 2936 4287 dictum
2964 4241 3048 4288 est
3075 4249 3087 4285 :
3131 4231 3234 4299 Qui
3281 4243 3463 4290 autem

1867 4341 1976 4382 non
2010 4324 2206 4393 credit,
2239 4325 2349 4396 jam
2375 4324 2648 4396 judicatus
2674 4333 2758 4381 est
2786 4325 2971 4398 (Joan.
2995 4326 3100 4396 ut).

1941 4416 2236 4489 Constitue,
2266 4417 2516 4486 Domine,
2562 4417 2911 4488 legislatorem
2937 4435 3093 4490 super
3116 4433 3223 4474 cos.
3257 4418 3312 4475 Id
3345 4427 3462 4490 est,

1869 4513 2292 4579 Antichristum,
2319 4511 2412 4584 qui
2439 4511 2581 4566 lator
2609 4510 2747 4581 legis
2777 4509 2937 4566 mala:
2972 4509 3234 4567 doctrina:
3260 4521 3342 4568 est
3362 4552 3376 4578 ,
3411 4523 3470 4568 ut

143 4627 266 4676 tunc
295 4631 504 4678 autem
535 4618 676 4674 facie
701 4616 768 4672 ad
799 4615 994 4672 faciem
1026 4613 1080 4687 (l
1104 4612 1226 4669 Cor.
1267 4611 1417 4685 sin).
1448 4608 1762 4665 Annuntiate
1788 4608 1842 4672 D
1867 4608 1942 4663 ait
1968 4605 2172 4662 Paulus
2197 4622 2210 4659 :
2242 4603 2548 4660 Noluerunt
2578 4603 2828 4673 recipere
2852 4603 3138 4660 veritatem
3159 4644 3173 4671 ,
3204 4604 3302 4660 sed
3329 4619 3466 4661 con-

141 4712 272 4767 inter
300 4725 503 4787 gentes
527 4711 700 4768 studia
729 4714 863 4782 ejus.
895 4707 1012 4764 Vox
1042 4707 1319 4780 propheta:
1341 4706 1602 4762 admonet
1625 4719 1762 4776 prte-

140 4802 431 4864 dicatores
463 4815 528 4862 ut
555 4803 878 4877 praedicent.
925 4802 1241 4857 Annuntiate
1269 4801 1442 4856 studia
1473 4801 1584 4868 eius
1612 4813 1628 4851 :
1660 4797 1767 4853 hoc

141 4907 251 4966 est,
301 4897 628 4970 praedicate
669 4895 926 4951 mandata
977 4893 1118 4964 ejus.
1149 4893 1403 4950 Forsitan
1437 4891 1515 4947 illi
1545 4891 1764 4947 dicent;

136 4987 458 5048 Horicmur
492 4990 538 5046 si
567 4989 636 5045 ad
667 4997 859 5060 gentes
884 4986 1378 5043 ambulaverimus:
1403 4985 1500 5042 sed
1528 4983 1770 5055 adjungit

135 5085 426 5154 propheta
471 5101 486 5136 :

209 5177 510 5248 Quoniam
531 5175 798 5248 requirens
819 5175 1125 5250 sanguinem
1147 5188 1345 5229 eorum.
1370 5170 1438 5227 Et
1462 5167 1728 5225 Dominus
1751 5184 1762 5221 :

128 5269 324 5328 Nolite
375 5271 638 5327 timere:
694 5270 821 5340 quia
870 5269 917 5324 si
967 5267 1229 5325 occidunt
1266 5280 1502 5337 corpus,
1532 5263 1771 5319 animam

127 5382 245 5423 non
277 5374 548 5439 possunt
571 5365 825 5422 occidere
865 5364 1026 5438 (Mat.
1066 5363 1154 5436 ιι).
1178 5363 1518 5419 -Memoratus
1558 5370 1628 5415 est
1657 5358 1772 5415 Do-

129 5461 316 5514 minus
345 5476 368 5513 :
409 5468 469 5513 et
505 5474 603 5512 non
649 5465 722 5512 est
753 5455 942 5511 oblitus
983 5457 1277 5511 orationem
1317 5453 1584 5527 pauperis.
1617 5454 1696 5508 Ac
1725 5449 1774 5508 si

125 5552 289 5610 dicat
320 5551 614 5626 propheta
641 5567 655 5606 :
687 5550 803 5606 Non
832 5559 916 5606 est
937 5549 1137 5605 oblitus
1159 5549 1436 5606 vindicare
1456 5546 1772 5619 sanguinem

120 5659 434 5705 vestrum.
469 5644 626 5702 Unde
654 5647 772 5716 ipse
795 5644 1058 5700 Dominus
1085 5642 1222 5699 dixit
1248 5660 1261 5696 :
1291 5642 1432 5698 Deus
1459 5649 1638 5696 autem
1665 5654 1776 5695 non

1866 4708 2157 4758 senserunt
2185 4697 2455 4769 iniquitati
2485 4695 2542 4769 (l
2573 4695 2758 4753 Thess.
2783 4694 2880 4768 ιι).

1943 4791 2125 4848 Sciant
2149 4799 2323 4863 gentes
2352 4789 2596 4860 quoniam
2621 4788 2854 4843 homines
2880 4797 3023 4845 sunt.
3047 4787 3183 4845 Cum
3208 4790 3468 4849 condem-

1871 4896 2012 4943 nata:
2036 4883 2261 4953 fuerint,
2298 4893 2426 4939 tunc
2454 4892 2788 4954 cognoscent
2815 4883 2943 4954 quia
2975 4900 3127 4956 spem
3159 4886 3210 4939 in
3242 4884 3467 4944 homine

1874 4987 2201 5050 posuerunt,
2250 4987 2300 5033 et
2355 4991 2464 5033 non
2518 4975 2573 5031 in
2630 4977 2803 5032 Deum
2838 5017 2853 5044 ,
2907 4979 3001 5049 qui
3052 4979 3204 5035 solus
3251 4979 3471 5038 salvaro

1914 5080 2079 5129 otest.

1914 5088 2079 5129 OIeSt.

1876 5088 1908 5144 ρ
1952 5161 2019 5220 Ut
2047 5162 2193 5234 quid,
2224 5161 2466 5230 Domine,
2497 5160 2752 5218 recessisti
2802 5161 2991 5234 longe?
3025 5161 3204 5232 Quare
3244 5164 3471 5237 elongas

1875 5259 2117 5315 salutare
2167 5267 2318 5314 tuum
2363 5272 2486 5314 cum
2542 5271 2644 5313 nos
2693 5255 3012 5312 inﬂammati
3043 5272 3232 5313 sumus
3270 5259 3339 5315 ab
3368 5275 3469 5316 ex-

1876 5358 2216 5431 Spectatione
2269 5356 2536 5413 adventus
2587 5354 2706 5410 tui?
2745 5353 2908 5411 Unde
2956 5353 3224 5412 Dominus
3255 5355 3390 5412 dixit
3418 5357 3475 5415 in

1881 5453 2174 5526 Evangelia
2199 5471 2212 5508 :
2241 5452 2355 5509 Nisi
2385 5451 2620 5510 breviali
2649 5450 2885 5506 fuissent
2905 5450 3023 5506 dies
3049 5449 3149 5518 illi,
3178 5465 3285 5506 non
3318 5450 3481 5508 ﬁeret

1880 5549 2029 5605 salva
2058 5547 2239 5605 omnis
2265 5562 2396 5604 caro
2419 5545 2638 5622 (Matth.
2671 5543 2852 5612 xxxv).
2879 5541 3117 5616 Despicis
3143 5545 3196 5598 in
3225 5554 3480 5617 opportu-

1879 5643 2152 5708 nitatibus,
2181 5651 2291 5700 etc.
2321 5642 2476 5698 Tune
2502 5640 2762 5698 videntur
2793 5639 3099 5711 despicere,
3131 5639 3351 5710 quando
3385 5656 3484 5714 op-

118 5740 312 5799 faciet
361 5738 680 5796 vindictam
723 5738 1020 5794 electorum
1066 5753 1289 5801 suorum
1333 5735 1685 5793 clamantium
1713 5732 1780 5790 ad
1886 5744 2185 5808 portunum
2234 5745 2451 5806 tempus
2483 5743 2566 5791 est
2595 5733 2861 5790 Ecclesiae
2909 5741 2968 5788 ut
3010 5731 3261 5804 adjuvet,
3295 5743 3488 5791 etnon

119 5851 188 5892 se
219 5835 327 5892 die
364 5849 445 5891 ac
484 5842 642 5890 nocte
675 5829 832 5904 (an.
863 5829 1039 5902 xvnt).

635 5926 911 5987 Ρηιιοι..
952 5923 1186 5988 XXVI.

1889 5830 2072 5889 statim
2103 5829 2343 5888 occurrit
2376 5828 2454 5886 illi
2494 5827 2548 5885 in
2597 5827 2973 5886 tribulatione.
3009 5827 3226 5896 Quare?
3257 5838 3313 5884 ut
3339 5827 3490 5886 illam

2896 5919 2977 5981 27
