3944 6334
484 283 594 345 845

1274 270 1627 335 APPENDIX
1663 266 1756 327 AD
1794 257 2038 325 TOMUM
2074 252 2434 317 SEPTIMUM
2472 257 2535 318 S.
2577 256 2986 321 HIERONYMI.

3664 248 3750 314 ειι

479 400 738 454 exerceat
768 392 1069 452 secundum
1103 403 1259 447 suam
1288 388 1628 445 voluntatem
1656 404 1671 438 :
1715 381 1843 455 quia
1880 386 2089 451 quanto
2112 373 2285 436 Arus
2326 385 2412 435 est
2460 394 2475 433 :
2520 379 2646 449 quia
2681 378 2812 435 dum
2857 384 3043 451 sperat
3082 374 3245 448 longe
3287 388 3350 432 se
3381 386 3504 432 esse
3529 385 3562 428 a
3584 385 3757 443 morte,

481 485 655 557 magis
680 483 895 552 diﬂ‘ert,
926 488 1080 538 tanto
1108 478 1282 551 magis
1324 476 1572 534 Ecclesia
1601 472 1871 535 dilatatur
1901 469 1954 524 in
1987 466 2085 523 de-

483 577 688 635 siderio
733 592 857 633 suo.

552 668 693 726 Dum
720 666 948 742 superbit
977 664 1172 739 impius
1198 705 1212 730 ,
1242 671 1351 719 etc.
1388 660 1527 716 Dum
1569 654 1819 730 superbit
1849 654 2049 726 impius
2069 693 2084 722 ,

479 761 897 822 Antichristus:
944 756 1244 815 accenditur
1284 769 1502 829 pauper,
1552 749 1795 807 Ecclesia
1827 750 1881 804 in
1911 746 2082 803 tribu-

477 857 705 921 latione,
738 870 767 910 a
799 851 1059 923 superbia
1106 847 1278 920 ipsius
1330 843 1685 903 Antichristi.
1733 840 2086 913 Comprehen-

480 950 678 1005 duntur
704 947 761 1002 in
786 942 1040 1013 consiliis,
1069 954 1179 1000 etc.
1215 941 1296 998 Ab
1324 937 1459 1012 ipsis
1486 937 1633 995 enim
1663 932 2087 1010 cogitationibus

479 1040 596 1098 suis
620 1039 938 1112 alligantur,
967 1036 1059 1109 qui
1086 1043 1278 1092 contra
1306 1032 1481 1090 Deum
1503 1039 1657 1087 sunt.

554 1131 815 1200 Quoniam
842 1129 1096 1186 laudatur
1122 1132 1366 1199 peccator
1409 1126 1467 1180 in
1515 1120 1823 1188 desideriis,
1854 1129 1963 1177 etc.
2005 1116 2090 1175 Ab

483 1223 901 1293 adulatoribus,
948 1230 1005 1278 et
1060 1236 1167 1276 non
1217 1235 1248 1274 a
1299 1217 1463 1289 justis
1514 1213 1768 1271 laudatur
1811 1220 2088 1285 peccator,

480 1327 614 1376 tunc
663 1316 885 1391 quando
938 1325 1199 1388 peccator
1256 1317 1605 1384 peccatorem
1663 1306 1888 1375 laudat,
1943 1305 2085 1361 alius

484 1410 652 1468 alium
677 1455 690 1481 ,
724 1409 851 1466 dum
880 1423 941 1465 se
964 1405 1197 1462 invicem
1225 1402 1473 1471 laudant,
1507 1399 1783 1457 occidunt.

558 1503 899 1560 Exacerbavit
924 1498 1213 1556 Dominum
1238 1503 1501 1570 peccator.
1529 1493 1652 1565 Ipse
1691 1489 2087 1550 Anticliristus.

486 1594 793 1654 Secundum
827 1591 1215 1648 multitudinem
1262 1589 1358 1645 ira:
1382 1601 1513 1642 suat.
1541 1585 1678 1655 Quia
1717 1583 1930 1657 ﬂagella
1970 1597 2094 1638 cor-

483 1689 751 1763 reptionis
805 1702 914 1745 non
972 1684 1208 1756 accepit.
1257 1680 1382 1737 Non
1431 1689 1643 1754 quteret.
1696 1675 1773 1734 Ut
1825 1692 1887 1732 se
1940 1672 2093 1746 quasi

2184 478 2312 528 tunc
2343 471 2666 543 repentinus
2689 472 2737 528 ci
2763 470 3117 542 superveniet
3140 468 3415 525 interitus.

2258 562 2406 619 Dixit
2459 562 2599 618 enim
2637 564 2691 620 in
2732 564 2886 620 corde
2911 580 3032 631 suo,
3064 561 3271 619 Oblitus
3301 571 3377 617 est
3407 558 3550 616 Deus
3579 575 3599 615 :
3642 576 3765 615 auer-

2188 656 2250 711 tit
2279 656 2467 729 {aciem
2508 673 2681 726 suam,
2732 674 2797 713 ne
2838 657 3010 713 videat
3037 672 3199 728 usque
3247 655 3302 711 in
3351 656 3531 725 ﬁnem.
3578 653 3765 710 Oblitus

2187 758 2272 804 est
2302 766 2316 804 :
2343 764 2408 805 ac
2440 748 2487 804 si
2513 748 2658 805 dicat
2687 768 2701 806 :
2731 749 2849 807 Mea
2882 758 3013 806 sunt
3041 750 3226 806 omnia
3255 748 3512 821 quamdiu
3535 746 3765 803 saeculum

2189 840 2378 910 fuerit,
2420 851 2475 898 et
2521 842 2576 898 in
2599 841 2879 900 oblivione
2908 842 3133 900 tradidit
3158 841 3250 898 illa
3276 842 3421 897 Deus
3450 858 3466 896 :
3501 855 3766 911 numquam

2190 950 2325 993 usus
2357 943 2441 991 est
2466 934 2574 992 illis
2603 953 2619 991 :
2646 936 2740 993 sed
2765 952 2884 993 mea
2912 945 3062 1006 sunt,
3085 936 3214 1011 quia
3242 950 3342 1009 ego
3363 935 3507 991 Deus
3531 949 3671 991 sum.

2266 1024 2524 1099 Exsurge,
2555 1026 2795 1085 Domine.
2843 1029 2958 1087 Hoc
2992 1036 3098 1094 est,
3128 1028 3195 1084 ad
3233 1027 3516 1098 judicium.
3550 1025 3770 1083 Ecclesia

2191 1117 2326 1175 dicit
2355 1127 2542 1176 contra
2592 1120 3019 1178 Antichristum.
3068 1119 3137 1175 Et
3166 1121 3426 1178 exaltetur
3455 1136 3639 1175 manus
3679 1128 3769 1174 tua.

2192 1210 2248 1267 Id
2278 1219 2384 1277 εει,
2415 1213 2657 1284 potentia
2696 1222 2784 1270 tua
2812 1232 2822 1267 :
2857 1214 2988 1271 dum
3018 1214 3388 1270 Anticltristus
3418 1227 3481 1269 se
3509 1212 3689 1268 taliter
3707 1213 3774 1284 ja-

2193 1314 2304 1363 ctat
2330 1307 2521 1362 omnia
2565 1307 2848 1376 possidere
2883 1308 3004 1365 sine
3031 1307 3161 1364 line.
3208 1304 3295 1363 Ne
3322 1305 3642 1363 obliviscaris
3668 1322 3776 1374 pauo

2197 1414 2380 1470 perum
2422 1398 2478 1453 in
2503 1398 2681 1469 linem.
2712 1400 2845 1456 Dum
2875 1400 2970 1456 ille
2999 1415 3061 1457 se
3097 1399 3231 1457 dicit
3267 1413 3502 1471 regnare
3540 1413 3706 1470 usque
3733 1399 3775 1452 in

2194 1491 2384 1548 tinem.
2417 1491 2648 1563 Propter
2677 1491 2781 1551 hoc
2811 1494 3070 1564 superius
3092 1491 3250 1550 dicit.

2266 1582 2506 1640 Irritavit
2529 1585 2722 1658 impius
2751 1585 2942 1642 Deum.
2977 1585 3038 1641 Id
3073 1595 3180 1658 est,
3206 1582 3605 1642 Antichristus.
3649 1580 3779 1638 Dixit

2196 1678 2334 1731 enim
2359 1676 2415 1731 in
2443 1677 2599 1733 corde
2613 1695 2732 1746 suo,
2770 1676 2897 1735 Non
2922 1678 3147 1749 requiret
3173 1676 3334 1733 Deus.
3359 1676 3503 1733 Dicit
3525 1675 3777 1732 Antichri-

485 1785 660 1842 Deum
690 1780 962 1837 adorent:
996 1777 1103 1832 hoc
1130 1782 1237 1842 est,
1270 1789 1381 1830 non
1412 1783 1501 1831 est
1526 1771 1726 1845 dignus
1754 1778 1813 1825 ut
1839 1767 2087 1838 requira-
2120 1767 2170 1828 B
2197 1778 2313 1827 stus
2343 1787 2358 1824 :
2388 1770 2505 1826 Non
2533 1780 2687 1827 curat
2708 1771 2854 1829 Deus
2872 1771 2943 1828 de
2975 1772 3085 1827 isto
3106 1771 3388 1842 praesenti.

492 1886 604 1943 tur,
634 1873 732 1931 sed
762 1882 820 1929 ut
847 1871 1132 1944 puniatur.

568 1965 692 2022 Non
745 1973 818 2021 est
873 1961 1011 2020 Deus
1056 1963 1112 2017 in
1164 1969 1442 2032 conspectu
1494 1959 1629 2030 ejus.
1678 1954 1819 2025 Quia
1872 1953 2006 2009 nihil
2051 1951 2099 2007 ei

492 2058 718 2133 dignum
768 2065 1052 2132 operatur.
1107 2053 1404 2127 Inquinatte
1450 2061 1571 2107 sunt
1616 2050 1713 2106 uite
1761 2045 1944 2113 illius,
1992 2053 2099 2102 etc.

495 2154 620 2212 Non
646 2151 793 2209 enim
821 2167 920 2225 per
947 2150 1091 2207 viam
1118 2160 1324 2207 rectam
1353 2145 1603 2221 graditur
1624 2185 1641 2215 ,
1673 2157 1794 2215 qua:
1829 2149 1915 2198 est
1938 2137 2099 2196 Chri-

505 2260 644 2306 stus.

569 2343 887 2415 Auferentur
909 2338 1117 2415 judicia
1162 2344 1285 2403 tua,
1320 2342 1425 2391 etc.
1458 2330 1599 2403 Quia
1626 2346 1735 2387 non
1762 2327 1939 2385 credit
1965 2326 2018 2381 in
2044 2340 2106 2383 se

494 2435 738 2491 futurum
790 2449 917 2490 esse
969 2429 1258 2504 judicium.
1316 2427 1567 2483 Omnium
1621 2421 1993 2489 inimicorum,
2050 2428 2106 2473 et

491 2528 934 2586 Christianorum
964 2527 1177 2597 utique,
1207 2521 1277 2579 ad
1302 2519 1646 2594 probandum
1672 2518 1767 2590 qui
1792 2531 1917 2573 eum
1947 2511 2105 2586 sequi

501 2629 889 2680 Contemnunt.

575 2715 724 2771 Dixit
754 2716 887 2770 enim
917 2711 974 2768 in
1000 2710 1157 2767 corde
1179 2751 1194 2777 ,
1225 2716 1334 2767 etc.
1379 2707 1613 2778 Semper
1658 2703 1801 2762 enim
1850 2702 2104 2760 seducatn

497 2809 785 2874 homines,
833 2817 891 2861 ut
940 2806 993 2861 in
1047 2804 1209 2859 malis
1241 2808 1679 2873 perseverantes,
1713 2795 1981 2852 voluntati
2010 2791 2107 2850 Dei

500 2903 785 2960 resistant.
831 2897 979 2954 Dixit
1029 2898 1189 2966 enim,
1236 2893 1342 2951 hoc
1367 2902 1483 2961 est,
1518 2889 1928 2947 Antichristus:
1973 2885 2109 2958 quid

501 2992 677 3051 dixit?
709 2991 831 3048 Non
877 2990 1117 3046 movebar
1164 3006 1197 3043 α
1240 2986 1574 3063 generatione
1621 2985 1678 3039 in
1722 2982 2111 3059 generationem

502 3091 614 3147 sine
643 3088 822 3145 malo:
856 3087 907 3142 id
940 3096 1059 3155 est,
1104 3094 1254 3140 tanta
1285 3082 1428 3139 mala
1462 3080 1655 3136 iaciam
1683 3080 1737 3134 in
1779 3092 1884 3133 una
1910 3084 2105 3148 gente,

2285 1864 2446 1919 Vides
2488 1865 2737 1938 quoniam
2767 1874 2823 1921 tu
2852 1865 3078 1921 laborem
3123 1873 3174 1919 et
3216 1863 3448 1920 dolorem
3476 1864 3778 1922 consideras.

2207 1956 2480 2028 Propheta
2502 1955 2742 2030 loquitur
2765 1956 2833 2013 ad
2868 1957 3076 2014 Deum:
3118 1954 3256 2024 Quia
3285 1954 3668 2013 Antichristus
3692 1972 3786 2012 me-

2207 2049 2411 2107 ditatur
2456 2058 2517 2106 ut
2560 2059 2772 2118 noceat,
2818 2058 2877 2107 tu
2930 2049 3271 2108 consideras.
3325 2049 3395 2107 Ut
3418 2050 3603 2108 tradas
3623 2067 3701 2106 eos
3741 2052 3785 2106 in

2207 2159 2392 2199 manus
2413 2150 2549 2199 tuas.
2584 2143 2773 2200 Manus
2808 2143 2902 2200 Dei
2932 2142 3010 2199 illi
3042 2142 3317 2211 dicuntur,
3339 2144 3431 2216 qui
3465 2143 3669 2216 justam
3692 2143 3790 2199 vin-

2206 2234 2408 2292 dictam
2438 2235 2534 2291 Dei
2566 2244 2833 2293 exercent
2869 2252 3036 2306 super
3074 2244 3415 2308 peccatores.
3444 2236 3678 2306 Propter
3700 2236 3790 2291 hoc

2208 2345 2425 2398 manus,
2473 2330 2601 2401 quia
2648 2346 2744 2402 per
2788 2331 2911 2386 illos
2941 2331 3256 2388 vindicatur
3282 2331 3446 2386 Deus.
3494 2329 3706 2387 Aliter:
3734 2330 3793 2387 Ut

2210 2423 2394 2481 tradas
2420 2439 2517 2481 eos
2547 2424 2600 2480 in
2642 2441 2837 2482 manus
2866 2436 3010 2495 tuas,
3050 2425 3104 2483 id
3132 2435 3239 2497 est,
3280 2425 3336 2481 in
3355 2425 3621 2497 operibus
3648 2426 3752 2479 suis
3778 2443 3789 2477 :

2209 2524 2273 2572 ut
2296 2516 2445 2588 digni
2480 2518 2589 2572 sint
2620 2516 2784 2584 tradi,
2814 2518 2907 2589 qui
2938 2516 3164 2589 indigna
3204 2528 3492 2589 gesserunt
3518 2535 3533 2574 :
3562 2517 3682 2590 quia
3707 2516 3795 2589 ipsi

2209 2608 2313 2663 sibi
2341 2608 2455 2664 suis
2486 2608 2722 2666 miseriis
2746 2609 3109 2679 tradiderunt,
3133 2617 3192 2667 et
3213 2609 3422 2666 dimisit
3449 2609 3584 2667 illos
3615 2610 3665 2664 in
3689 2625 3792 2664 om-

2212 2716 2307 2758 nes
2334 2701 2648 2757 voluntates
2676 2716 2826 2759 suas.
3058 2776 3063 2781 .

2286 2792 2401 2848 Tibi
2428 2793 2564 2848 enim
2590 2794 2869 2852 derelictus
2894 2804 2969 2851 est
3008 2812 3229 2870 pauper.
3282 2796 3341 2853 Id
3387 2806 3495 2866 εει,
3545 2796 3795 2853 Ecclesia.

2214 2886 2296 2943 Ac
2321 2886 2366 2942 si
2400 2886 2584 2943 dicat:
2616 2887 2731 2944 Tua
2763 2897 2848 2945 est
2873 2888 2941 2944 ad
2971 2889 3309 2946 salvandum.
3361 2889 3576 2961 Pupillp
3616 2897 3670 2943 tu
3708 2889 3799 2942 eris

2210 2980 2450 3046 adiutor.
2501 2980 2743 3052 Pupillus
2787 2982 3007 3050 dicitur,
3053 2983 3144 3054 qui
3197 2999 3304 3039 non
3350 2982 3513 3038 habet
3563 2995 3797 3055 patrem:

2211 3071 2514 3143 orphanus,
2542 3073 2633 3144 qui
2665 3088 2766 3129 nec
2797 3085 3004 3144 patrem
3033 3090 3136 3132 nec
3161 3084 3389 3131 matrem
3418 3075 3604 3131 habet.
3638 3073 3803 3145 Pupil-

504 3195 563 3241 ut
586 3194 878 3254 antequam
905 3179 1120 3236 veniam
1142 3176 1212 3233 ad
1232 3176 1462 3232 alteram
1482 3182 1725 3245 gentem,
1745 3181 1905 3226 antea
1925 3181 2104 3224 meam
2130 3157 2180 3227 C
2211 3162 2296 3219 lus
2325 3163 2546 3233 dicitur,
2572 3165 2665 3237 qui
2699 3176 2904 3238 patrem
2933 3167 3213 3224 diabolum
3260 3184 3367 3223 non
3418 3166 3607 3236 habet,
3656 3177 3709 3221 ιιι
3757 3167 3801 3220 in

509 3276 708 3333 famam
742 3273 971 3328 audiant
1006 3280 1065 3327 et
1094 3270 1347 3326 timeant.
1396 3267 1603 3322 Aliter:
1635 3264 1750 3320 Non
1795 3261 2054 3318 movebor
2079 3276 2111 3315 ιι

514 3368 873 3441 generatione
909 3364 1117 3421 carnali
1162 3364 1217 3418 in
1264 3345 1677 3435 generationem
1728 3353 2111 3428 Spiritualem:

513 3461 569 3517 id
591 3468 698 3528 est,
721 3460 790 3516 de
810 3470 956 3515 terra
980 3472 1104 3512 cum
1129 3469 1364 3528 corpore
1398 3454 1449 3507 in
1482 3450 1678 3506 culum
1704 3446 2068 3504 conscendam
2097 3462 2109 3496 :

515 3556 626 3609 sine
657 3552 817 3619 malo,
848 3566 912 3607 ac
937 3550 983 3606 si
1014 3548 1155 3605 dicat
1184 3590 1197 3615 ,
1227 3546 1349 3603 sine
1380 3544 1484 3600 ulla
1513 3542 1732 3612 injuria.
1763 3539 1899 3595 Cum
1929 3538 2115 3593 volue-

515 3647 588 3703 rit
630 3642 929 3701 ascendere
961 3640 1027 3697 ad
1057 3649 1301 3697 montem
1326 3635 1548 3702 Oliveti,
1586 3631 1852 3687 Dominus
1880 3645 2004 3685 eum
2034 3627 2117 3683 in-

496 3718 761 3793 .terliciet
804 3732 997 3806 spiritu
1028 3733 1139 3787 oris
1188 3728 1295 3785 sui.
1355 3726 1532 3782 Voluit
1584 3739 1722 3779 unus
1754 3724 1823 3779 de
1858 3720 2120 3777 membris

523 3830 639 3885 suis
682 3828 872 3886 Simon
922 3824 1108 3896 Magos
1156 3821 1357 3878 εαιιιιιιι
1409 3815 1788 3875 conscendere
1818 3856 1831 3878 ,
1883 3814 1977 3870 sed
2037 3813 2121 3868 in-

524 3921 692 3979 teriit.

599 4012 766 4086 Cujus
808 4026 865 4065 os
912 4006 1270 4063 maledictione
1318 4013 1368 4059 et
1412 4000 1760 4057 amaritudine
1782 3997 1990 4072 plenum
2027 4004 2121 4051 est.

527 4108 609 4164 Ac
634 4105 679 4161 si
704 4104 887 4161 dicat:
933 4100 1034 4168 Qui
1067 4114 1127 4155 se
1170 4113 1269 4155 sua
1314 4094 1525 4168 justitia
1566 4094 1735 4164 jactat
1777 4103 1834 4147 ut
1860 4092 1928 4148 sit
1957 4090 2124 4158 Deus,

531 4195 674 4267 apud
717 4196 888 4251 Deum
934 4189 1260 4248 maledictas
1307 4198 1409 4245 est.
1462 4187 1570 4245 Sub
1618 4187 1799 4260 lingua
1827 4185 1962 4256 ejus.
2016 4181 2129 4239 Sub

535 4289 700 4350 corde
726 4288 866 4359 ejus.
900 4286 1073 4341 Labor
1100 4295 1146 4340 et
1169 4282 1343 4339 dolor.
1371 4280 1533 4337 Dolor
1554 4277 1658 4336 sibi
1683 4290 1792 4347 εει,
1816 4287 1869 4334 ει
1897 4277 2128 4333 aliorum

538 4391 809 4456 temperat
830 4381 1073 4436 laborem
1108 4388 1160 4434 et
1194 4376 1465 4431 dolorem.

609 4476 767 4532 Sedet
795 4474 850 4528 in
877 4471 1083 4527 insidiis
1106 4487 1224 4525 cum
1244 4467 1510 4522 divitibus.
1547 4465 1605 4523 ld
1634 4477 1742 4538 est,
1772 4466 2022 4523 diabolus
2046 4465 2127 4521 iu-

2215 3255 2509 3328 Evangelin
2533 3274 2549 3312 :
2582 3257 2762 3314 Nolite
2790 3274 2987 3316 vocare
3015 3260 3170 3316 vobis
3201 3268 3408 3330 patrem
3433 3275 3599 3328 super
3621 3268 3803 3314 terram

2216 3347 2448 3423 (Matth.
2474 3350 2650 3423 χχιιι).
2680 3350 2741 3405 Ει
2769 3352 2857 3422 qui
2883 3367 2990 3408 non
3019 3351 3185 3408 habet
3208 3360 3464 3422 matrem,
3489 3351 3542 3407 id
3563 3360 3666 3419 est,
3690 3366 3805 3422 gen-

2218 3440 2491 3498 tilitatem.
2519 3442 2597 3497 Ac
2626 3443 2673 3499 si
2701 3443 2847 3498 dicat
2874 3462 2887 3499 :
2920 3443 2987 3499 ad
3016 3444 3176 3501 iSIum
3205 3444 3313 3499 eris
3341 3443 3580 3514 adjutor.

2291 3535 2571 3591 Conterens
2589 3535 2860 3590 brachium
2879 3536 3185 3608 peccatoris.
3210 3535 3315 3592 Ista
3332 3535 3399 3593 ad
3424 3538 3805 3595 Antichristum

2220 3626 2533 3699 pertinent:
2584 3628 2708 3700 quia
2755 3627 3060 3701 confringet
3115 3628 3375 3685 Dominus
3444 3630 3803 3687 fortitudinem

2221 3721 2358 3793 ejus.
2379 3719 2450 3775 Et
2470 3721 2707 3793 maligni.
2734 3721 2852 3792 Ipse
2872 3733 2958 3779 est
2976 3723 3263 3794 malignus.
3287 3720 3559 3792 Quteretur
3578 3726 3808 3781 delictum

2223 3816 2357 3887 ejus,
2390 3832 2482 3870 nec
2510 3815 2814 3871 invenietur.
2848 3816 2963 3872 Hoc
2990 3826 3095 3886 est,
3125 3818 3193 3874 ad
3218 3819 3663 3876 emendationem
3710 3836 3806 3874 non

2224 3916 2309 3963 est
2337 3905 2532 3978 dignus
2561 3908 2768 3962 venire.
2799 3907 2867 3962 Et
2893 3908 3093 3964 aliter:
3126 3908 3244 3966 Non
3272 3909 3603 3979 invenietur,
3636 3920 3691 3967 ut
3728 3910 3812 3964 ha.

2226 4000 2353 4056 beat
2392 4010 2671 4071 peccatum
2713 4019 2725 4055 :
2773 4000 2868 4057 sed
2917 4002 2990 4059 sit
3032 4001 3172 4061 sicut
3216 4003 3362 4061 Deus
3409 4005 3503 4077 qui
3546 4013 3809 4079 peccatum

2230 4108 2336 4150 non
2365 4092 2552 4162 habet,
2578 4104 2843 4167 quantum
2873 4096 3014 4168 apud
3047 4097 3244 4169 ipsum.

2304 4187 2557 4244 Dominus
2583 4190 2820 4262 regnabit
2845 4191 2899 4245 in
2923 4200 3171 4247 teternum
3194 4193 3307 4247 sine
3349 4194 3471 4263 ﬁne.
3518 4193 3658 4261 Quia
3704 4206 3816 4249 tunc

2233 4295 2456 4351 regnum
2486 4296 2607 4337 cum
2640 4281 3056 4355 tranquillitate,
3088 4291 3146 4339 ut
3173 4283 3375 4341 Paulus
3403 4287 3481 4343 ait
3506 4306 3517 4341 :
3545 4287 3682 4342 Cum
3712 4296 3815 4342 tra-

2234 4373 2435 4431 diderit
2463 4390 2689 4447 regnum
2718 4376 2828 4431 Deo
2856 4386 2912 4432 et
2938 4375 3111 4443 Patri,
3141 4377 3361 4448 quando
3391 4379 3497 4434 erit
3520 4379 3666 4435 Deus
3706 4393 3817 4433 om-

2237 4469 2324 4524 nia
2353 4469 2405 4524 in
2437 4470 2689 4524 omnibus
2717 4467 2771 4543 (Ι
2796 4469 2915 4525 Cor.
2945 4468 3060 4542 xv).
3090 4468 3356 4540 Peribitis,
3384 4484 3578 4548 gentes,
3612 4474 3677 4529 de
3697 4482 3820 4529 terra

540 4568 769 4625 sidiatur
798 4581 892 4636 per
916 4564 1162 4619 membra
1196 4559 1366 4615 suain
1396 4558 1592 4630 quibus
1623 4557 1902 4629 prazsidet,
1925 4569 1980 4613 et
2011 4556 2134 4612 aliis
2159 4549 2406 4618 Dillius.
2455 4561 2556 4630 Qui
2602 4562 2994 4619 Anticltristum
3052 4576 3373 4637 receperunt
3400 4609 3417 4635 ,
3468 4567 3721 4637 peribunt
3759 4564 3820 4618 ab

542 4668 724 4716 nocet.
761 4656 830 4713 Ut
860 4652 1138 4724 interﬁciat
1167 4652 1510 4706 innocentem.
1550 4650 1605 4705 Id
1641 4660 1750 4718 εει,
1773 4660 1832 4704 ιιι
1870 4650 1938 4705 de
1978 4650 2134 4704 inno-

541 4750 790 4809 centibus
817 4748 984 4804 faciat
1007 4753 1288 4813 nocentes,
1321 4755 1376 4800 et
1401 4744 1504 4799 sibi
1530 4744 1760 4814 primum
1786 4751 2000 4797 noceat.

619 4842 775 4899 Oculi
802 4842 934 4912 ejus.
984 4838 1038 4893 ld
1067 4850 1172 4903 εει,
1214 4837 1357 4892 oculi
1391 4835 1734 4891 Antichristi.
1763 4833 1830 4890 In
1853 4849 2134 4907 pauperem

541 4937 843 5011 respiciunt.
878 4933 993 4989 IIoc
1019 4941 1135 4998 est,
1189 4932 1242 4986 in
1285 4929 1588 4985 Ecclesium
1614 4971 1630 4997 ,
1681 4945 1800 5001 quae
1824 4938 1905 4985 est
1935 4941 2134 4999 corpus

540 5028 741 5088 Christi
784 5044 799 5083 :
841 5026 908 5082 ad
953 5023 1257 5081 nocendum
1290 5021 1607 5093 respicit,et
1631 5036 1737 5077 non
1768 5020 1833 5077 ad
1875 5021 2137 5093 adjuvan-

541 5125 692 5182 dum.
718 5120 1012 5177 Insidiatur
1027 5119 1082 5173 in
1101 5117 1324 5183 occulto,
1347 5116 1479 5170 sicut
1499 5116 1577 5170 leo
1600 5117 1652 5169 in
1682 5114 1839 5170 cubili
1862 5131 1977 5170 suo.
2010 5115 2137 5171 Dia-

538 5216 720 5281 bolus,
754 5225 809 5270 et
838 5213 945 5279 leo,
979 5222 1033 5267 et
1071 5210 1236 5265 draco
1286 5216 1464 5279 potest
1506 5205 1633 5263 dici.
1675 5205 1874 5274 Draco,
1917 5207 2135 5278 quando

541 5307 754 5364 occulte
796 5314 958 5361 nocet
1000 5321 1011 5357 :
1060 5312 1116 5357 et
1147 5301 1235 5357 leo
1255 5345 1268 5370 ,
1300 5298 1522 5372 quando
1551 5307 1741 5368 aperte
1772 5300 2133 5373 persequitur.

551 5399 619 5456 Ut
638 5398 809 5470 rapiat
838 5410 1146 5470 pauperem.
1171 5391 1228 5448 ιιι
1267 5401 1374 5459 εει,
1398 5390 1787 5447 Christianum.

613 5490 819 5564 Rapere
842 5503 1119 5561 pauperem
1145 5527 1159 5552 ,
1188 5486 1310 5539 dum
1335 5484 1552 5538 attrahit
1578 5500 1713 5538 eum.
1742 5481 1810 5538 In
1838 5485 2018 5557 laqueo
2040 5500 2137 5540 suo

543 5586 836 5642 humiliabit
880 5599 993 5638 eum
1023 5599 1040 5636 :
1072 5580 1339 5636 inclinabit
1368 5596 1442 5648 se,
1483 5587 1529 5634 et
1570 5578 1741 5647 cadet,
1774 5589 1879 5635 etc.
1914 5577 2138 5636 Videtur

542 5681 803 5738 inclinare
830 5692 892 5734 se
915 5676 1069 5749 quasi
1096 5673 1163 5731 ad
1188 5673 1575 5735 humilitatem.
1616 5682 1676 5727 ut
1706 5672 1955 5729 videatur
1982 5676 2133 5747 quasi

541 5775 688 5833 mitis
710 5784 764 5832 et
790 5778 1045 5840 sanctus,
1090 5777 1143 5825 et
1172 5782 1297 5826 cum
1321 5783 1383 5823 se
1414 5764 1784 5836 inclinaret-it,
1821 5774 1945 5824 tunc
1973 5780 2135 5825 casu-

2241 4656 2507 4722 Ecclesia,
2544 4658 2645 4713 hnc
2674 4666 2778 4724 est,
2817 4657 2886 4713 de
2931 4657 3217 4716 Ecclesia:
3268 4670 3531 4732 regnante
3572 4658 3821 4725 Christo,

2237 4764 2428 4826 gentes
2457 4756 2744 4812 criminum
2767 4769 2798 4810 a
2824 4771 3057 4828 corpore
3085 4757 3322 4813 humano
3348 4757 3671 4831 depereunt.

2310 4845 2641 4904 Desiderium
2680 4868 2967 4925 pauperum
3008 4850 3272 4906 exaudivit
3313 4849 3588 4907 Dominus.
3621 4849 3680 4907 Id
3709 4858 3821 4914 est,

2240 4928 2542 4996 Ecclesiam-
2582 4958 2734 4998 suam
2764 4942 3037 5000 exaudivit
3087 4942 3348 4998 Dominus
3398 4952 3461 5000 ut
3504 4941 3817 4998 vindicetur.

2239 5033 2546 5099 Exaudivit,
2574 5043 2634 5088 ut
2658 5035 2738 5090 eis
2768 5035 3028 5091 tribueret
3047 5049 3210 5106 regna
3238 5033 3520 5091 caelorum.
3543 5032 3824 5104 Praepara-

2236 5123 2424 5179 tionem
2454 5124 2628 5179 cordis
2660 5141 2836 5181 eorum
2860 5126 3060 5182 audivit
3086 5126 3230 5181 auris
3252 5135 3359 5181 tua.
3405 5127 3515 5182 Iloc
3560 5136 3671 5191 est,
3716 5126 3820 5180 cle-

2237 5214 2439 5270 mentia
2487 5223 2599 5270 tua.
2648 5214 2823 5272 Aures
2874 5216 3087 5273 Domini
3136 5218 3328 5275 audire
3376 5218 3667 5287 dicuntur,
3710 5231 3822 5273 cum

2234 5305 2494 5363 exaudire
2538 5306 2830 5379 dignatur:
2883 5308 2938 5364 id
2989 5321 3094 5377 est,
3143 5320 3406 5367 aeternam
3453 5312 3639 5380 vitam,
3674 5324 3822 5380 quam

2238 5395 2479 5453 Ecclesia
2506 5396 2801 5469 desiderat,
2843 5415 2965 5456 cum
3010 5417 3132 5458 eam
3181 5403 3233 5459 ei
3280 5404 3525 5462 dederit:
3581 5414 3642 5459 nt
3690 5401 3825 5474 quod

2242 5489 2518 5562 quondam
2567 5492 2915 5565 concupierat
2965 5493 3018 5549 in
3067 5497 3204 5567 ipse,
3253 5495 3470 5556 tandem
3515 5494 3735 5551 fruatur
3776 5495 3824 5549 in

2239 5585 2444 5657 specie.

2309 5678 2559 5736 Judicare
2578 5683 2779 5757 pupillo
2802 5695 2849 5739 et
2881 5685 3082 5742 humili.
3134 5686 3236 5744 Hic
3282 5687 3426 5743 enim
3469 5685 3678 5751 dativo,
3726 5701 3822 5739 nos

2238 5773 2548 5830 accusativo
2574 5789 2705 5833 casu
2732 5775 3009 5849 loquitur:
3040 5777 3143 5837 hoc
3168 5787 3276 5848 est,
3309 5794 3416 5837 non
3450 5786 3508 5837 ut
3552 5775 3822 5850 pupillum
