3944 6334
253 295 342 351 8ιὸ
1033 284 1460 343 BREVIABIUM
1500 283 1566 340 IN
1607 281 1868 344 PSALMG

1987 282 2231 342 PSALM.
2284 286 2328 341 X
2380 286 2468 342 ET
2521 287 2611 344 XI.
3410 299 3515 355 8m

250 409 446 480 iudicet,
477 401 568 458 sed
598 410 655 458 ut
679 401 953 473 iudicetur
979 402 1185 476 pupillo
1212 411 1267 460 et
1292 402 1518 470 humili,
1570 412 1630 459 ut
1667 403 1809 458 acci-
1835 402 1882 461 A
1917 400 2176 457 Dominus
2203 401 2258 458 in
2287 405 2492 474 templo
2527 412 2718 461 sancto
2762 420 2898 462 suo:
2946 408 3004 464 In
3059 407 3306 466 Ecclesia
3349 428 3512 482 quam

255 503 381 575 piant
415 498 567 553 vitam
595 505 878 580 asternam.
913 495 981 552 Ut
1005 514 1106 552 non
1131 507 1358 569 apponat
1388 495 1526 551 ultra
1561 498 1809 570 magniﬁ-
1913 491 2014 546 sibi
2053 492 2297 548 exhibuit
2345 506 2613 552 sanctam.
2665 495 2918 552 Dominus
2950 499 3004 553 in
3044 501 3170 556 mlo
3197 502 3348 559 sedes
3375 509 3510 578 ejus.

251 609 353 650 care
375 609 425 648 se
445 589 598 644 homo
624 605 777 660 super
799 598 1010 644 terram.
1040 588 1113 646 Ut
1145 605 1213 644 ex
1267 589 1368 644 hoc
1421 604 1525 644 non
1574 590 1814 659 erigatur
1914 586 1971 641 In
2001 587 2160 651 coelo,
2191 589 2294 644 hoc
2317 598 2422 655 est,
2454 590 2506 644 in
2534 600 2728 646 sancto
2755 590 3137 660 praedicatore.
3174 595 3330 654 Unde
3354 598 3518 654 dixit:

253 683 588 742 Antichristus
613 696 776 751 super
805 681 1010 736 electos
1046 680 1164 749 Dei,
1210 695 1386 751 neque
1432 690 1604 737 tentet
1648 681 1813 736 illos:
1915 679 2124 736 Ctelum
2154 681 2286 736 mihi
2316 682 2476 739 sedes
2505 693 2589 739 est
2617 682 2786 753 (Isai.
2817 686 2987 757 uvt),
3034 696 3089 742 et
3137 690 3316 745 anima
3360 692 3515 761 justi,

251 777 360 849 quia
383 790 664 846 oppressus
690 789 859 844 regno
881 772 1004 830 Filii
1036 773 1150 840 Dei,
1177 775 1410 844 amplius
1432 787 1538 830 non
1561 773 1683 830 erit.
1707 772 1816 830 Nos
1917 771 2080 828 sedes
2095 773 2380 843 sapientiae
2396 775 2638 832 inanima
2649 777 2800 848 justi.
2816 794 2937 850 quae
2954 780 3195 836 cmlestia
3211 783 3522 840 meditatur.

253 885 440 940 quoque
465 883 683 923 oremus
715 867 1028 934 Dominum,
1058 877 1116 922 ut
1144 881 1243 922 nos
1286 867 1356 924 ab
1401 867 1518 936 ejus
1561 867 1818 937 operibus
1995 864 2149 920 Oculi
2185 871 2299 940 ejus
2343 870 2398 922 in
2441 886 2718 942 pauperem
2765 873 3074 942 respiciunt.
3123 874 3276 931 Oculi
3321 876 3527 935 Christi

252 962 501 1018 custodire
522 961 772 1032 dignetur
801 961 1042 1017 illaesos:
1075 970 1135 1016 ut
1181 959 1252 1015 ab
1299 974 1366 1016 eo
1417 958 1602 1030 pupilli
1651 960 1818 1025 lacti,
1922 969 2146 1030 aspectu
2195 961 2504 1020 divinitatis
2546 965 2610 1020 ad
2661 965 2915 1036 populum
2965 967 3326 1025 christianum
3358 974 3534 1041 respi-

254 1064 437 1126 patrent
483 1051 755 1108 Christum
807 1053 1096 1109 Dominum
1145 1063 1536 1122 cognoscentes
1565 1094 1579 1120 ,
1645 1052 1820 1123 ipsum
1923 1051 2093 1108 ciunt.
2123 1054 2204 1109 Ad
2231 1055 2362 1125 quid
2392 1057 2730 1126 respiciunt?
2759 1057 2874 1114 Hoc
2904 1069 3008 1126 est,
3042 1060 3108 1116 ad
3139 1062 3528 1132 adjuvandum.

251 1163 520 1220 sequamur
545 1146 671 1214 ﬁde,
701 1148 877 1217 ipsum
908 1148 1241 1204 retineamus
1269 1147 1459 1213 corde,
1495 1147 1667 1216 ipsum
1709 1145 1822 1215 glo-
1927 1141 2199 1217 Palpebras
2225 1149 2337 1219 ejus
2365 1148 2687 1218 interrogant
2726 1150 2866 1221 ﬁlios
2906 1152 3196 1209 hominum.
3249 1155 3535 1210 Subtilitas

253 1243 498 1300 rilieetnus
524 1240 578 1296 in
605 1255 804 1312 opere:
837 1241 964 1312 quia
989 1241 1090 1312 ipsi
1122 1252 1208 1297 est
1239 1257 1363 1297 cum
1411 1254 1617 1300 mterno
1667 1240 1826 1297 Patre
1925 1236 2250 1302 divinitatis,
2282 1238 2335 1293 id
2361 1249 2466 1305 est,
2497 1240 2697 1308 judicia
2730 1243 2826 1298 Dei
2856 1245 3093 1311 occulta,
3123 1246 3176 1301 in
3205 1248 3404 1315 quibus
3435 1265 3536 1304 nos

252 1343 300 1388 et
333 1331 525 1404 Spiritu
567 1343 758 1390 sancto
789 1333 983 1403 honor,
1014 1341 1072 1391 et
1091 1333 1266 1406 gloria
1297 1335 1347 1390 in
1375 1335 1572 1390 saecula
1602 1334 1828 1392 saeculo-
1930 1328 2263 1400 interrogat:
2295 1331 2424 1400 quia
2458 1348 2554 1400 per
2585 1334 2688 1389 hoc
2717 1337 2998 1406 cognoscit
3021 1338 3151 1409 quid
3181 1338 3345 1397 habet
3373 1355 3539 1397 unus-

251 1440 378 1484 rum.
409 1424 606 1480 Amen.
1931 1422 2180 1492 quisque,
2209 1422 2335 1492 quia
2363 1423 2563 1494 judicia
2605 1425 2702 1481 Dei
2735 1429 2948 1484 occulta
3001 1439 3145 1486 sunt.
3195 1431 3348 1489 Sicut
3387 1434 3541 1489 Scri—

1933 1521 2088 1584 plura
2139 1515 2429 1584 aliquando
2480 1517 2843 1581 obscuratur,
2901 1531 2960 1575 ut
3008 1537 3108 1577 nos
3169 1524 3537 1581 inﬁrmitatem

1937 1616 2174 1664 nostram
2205 1621 2601 1678 cognoscamus
2624 1628 2640 1668 :
2675 1612 2872 1668 iterum
2898 1614 3221 1683 allevamur,
3248 1633 3317 1673 ne
3343 1619 3542 1691 deSpe-

1937 1717 2140 1757 remus.
2171 1703 2236 1757 Et
2254 1703 2361 1758 alio
2385 1703 2584 1760 modo:
2619 1706 2721 1760 Per
2751 1722 3010 1778 prospera
3029 1719 3084 1764 et
3109 1710 3340 1767 adversa
3375 1714 3544 1771 inter-

825 1516 948 1576 PSA
959 1516 1144 1576 LMUS
1173 1517 1242 1574 X.

255 1652 310 1708 In
352 1654 526 1723 ﬁnem,
559 1654 788 1720 psalmus
829 1653 1020 1710 Dauid.
1069 1656 1316 1710 Decimus
1365 1654 1601 1724 psolmus
1642 1663 1830 1710 contra

464 1727 777 1793 haereticos,
806 1735 866 1783 et
893 1727 1035 1783 male
1061 1726 1349 1784 credentes
1376 1726 1607 1782 canitur.

1861 1790 1912 1852 B
1938 1803 2119 1865 rogat:
2139 1793 2264 1864 quia
2288 1810 2386 1864 per
2407 1795 2511 1850 hoc
2528 1797 2721 1865 probat
2744 1797 2884 1854 Deus
2905 1801 3083 1870 qualis
3108 1804 3339 1873 quisque
3365 1803 3548 1860 fuerit.

316 1881 378 1937 In
402 1881 631 1936 Domino
663 1883 893 1952 conﬁdo.
929 1881 1041 1938 Vox
1076 1883 1355 1950 Ecclesia,
1387 1891 1574 1940 contra
1620 1882 1841 1938 hwrcti-

255 1989 366 2041 cos,
413 1975 533 2030 sive
574 1971 774 2028 Christi
821 1987 1012 2029 contra
1057 1973 1358 2030 tltetuones.
1404 1972 1743 2047 Transmigra
1791 1975 1844 2029 in

258 2078 462 2122 montem
489 2069 628 2123 sicut
648 2085 847 2140 passer.
877 2068 1001 2124 Vult
1023 2069 1228 2140 justqu
1254 2069 1320 2123 ad
1347 2068 1563 2124 deserta
1592 2070 1844 2140 migrare,

259 2170 308 2215 ut
335 2159 402 2213 ibi
432 2175 563 2216 eum
595 2159 809 2215 facilius
836 2160 1022 2216 elidat.
1072 2160 1165 2217 Vel
1215 2163 1341 2232 quia
1393 2160 1635 2218 haeretici
1673 2161 1847 2216 dolosi

1948 1888 2066 1942 Alio
2096 1887 2293 1943 modo:
2327 1888 2588 1946 Videmus
2614 1907 2774 1947 unam
2801 1904 3022 1964 gentem
3055 1896 3336 1966 ﬂagellari,
3368 1910 3420 1953 et
3448 1901 3556 1954 sci-

1947 1997 2066 2036 mus
2094 1997 2192 2051 pro
2217 1997 2321 2050 qua
2345 1996 2508 2038 causa
2541 1984 2885 2054 ﬂagellatur:
2914 1987 3001 2041 hic
3033 1989 3323 2044 manifesta
3351 1992 3554 2061 judicia

1947 2083 2093 2128 sunt.
2127 2073 2196 2129 Et
2219 2075 2328 2130 alio
2354 2075 2555 2132 modo:
2587 2076 2844 2134 Videmus
2873 2079 3162 2150 ﬂagellari,
3193 2093 3248 2137 et
3285 2086 3558 2140 nescimus

1952 2179 2049 2234 pro
2077 2181 2187 2235 qua
2214 2179 2400 2234 causa,
2435 2176 2492 2224 et
2520 2169 2606 2224 hic
2635 2170 2846 2226 occulta
2875 2171 3102 2240 judicia,
3137 2189 3234 2244 per
3262 2175 3376 2230 bmc
3401 2192 3562 2246 supe-

258 2263 392 2322 sunt,
436 2254 512 2309 de
558 2255 756 2325 quibus
801 2253 877 2311 ait
925 2253 1232 2327 propheta:
1289 2255 1378 2310 νω
1421 2256 1506 2311 IIIS
1536 2257 1624 2326 qui
1659 2255 1852 2311 dicunt
1951 2256 2063 2311 rius
2087 2256 2502 2330 comprehensa.

259 2345 403 2403 dulce
443 2362 721 2415 amarum,
769 2359 822 2404 et
867 2364 1113 2405 amarum
1160 2349 1319 2406 dulce
1369 2347 1534 2420 (Isai.
1586 2348 1676 2421 v):
1731 2350 1853 2405 ideo

262 2441 436 2496 volunt
453 2441 527 2497 ad
552 2457 611 2497 se
632 2442 898 2499 seducere
915 2443 1142 2514 justum,
1159 2442 1402 2498 dicentes
1422 2459 1434 2495 :
1452 2442 1534 2497 Ad
1559 2457 1657 2498 nos
1682 2455 1856 2498 trans.

263 2533 442 2605 migra.
496 2534 599 2603 Qui
631 2535 920 2606 rcSpondit
953 2535 1033 2590 eis
1058 2553 1070 2588 :
1098 2535 1156 2591 In
1185 2533 1415 2591 Domino
1445 2546 1528 2590 est
1557 2549 1682 2606 spes
1710 2549 1852 2591 mea.

261 2625 564 2694 Quomodo,
593 2627 785 2697 inquit,
815 2627 884 2682 ad
933 2639 1142 2684 vestros
1190 2642 1424 2693 montes,
1478 2627 1582 2684 hoc
1622 2638 1736 2693 est,
1789 2627 1855 2682 ad

262 2727 487 2775 vestram
525 2719 836 2790 superbiam
867 2719 1302 2792 transmigraho?
1332 2719 1484 2788 Quod
1527 2731 1709 2776 autem
1757 2722 1855 2787 ait,

261 2809 384 2865 sicut
427 2827 654 2883 passer:
682 2826 827 2882 saepe
856 2827 1129 2882 passerem
1168 2813 1285 2869 loco
1315 2811 1599 2884 prudentia
1628 2813 1752 2883 poni
1785 2812 1860 2868 le-

261 2905 448 2976 gimus.
481 2904 616 2961 Ideo
639 2905 726 2961 isti
747 2907 934 2962 dicunt
958 2922 974 2961 :
1003 2906 1195 2962 Transi
1219 2906 1284 2962 ad
1313 2921 1414 2963 nos
1436 2907 1579 2962 sieul
1602 2906 1858 2976 prudens,

262 3013 376 3053 cum
409 3015 606 3054 eorum
639 2999 926 3070 prudentia
953 2999 1022 3054 sit
1051 2999 1235 3055 stulta.

329 3093 596 3161 Quoniam
615 3110 730 3148 ecce
758 3102 1050 3166 peccatores
1076 3093 1409 3148 intenderunt
1440 3110 1638 3148 arcum.
1670 3092 1724 3149 Id
1754 3103 1860 3156 est,

2024 2347 2236 2403 Iustum
2274 2361 2318 2404 et
2344 2352 2559 2422 impium
2585 2353 2864 2424 interrogat
2892 2353 3166 2412 Dominus.
3201 2358 3256 2412 Id
3287 2373 3410 2424 est,
3447 2378 3563 2429 pro-

1958 2443 2066 2498 bat.
2104 2443 2207 2512 Qui
2234 2452 2404 2498 autem
2436 2445 2604 2515 diligit
2625 2446 2971 2516 iniquitatem,
3001 2450 3110 2504 odit
3134 2453 3363 2505 animum
3387 2471 3561 2509 suam.

1957 2535 2072 2591 Hoc
2101 2545 2204 2600 est,
2233 2537 2412 2604 perdit
2440 2537 2610 2592 illam.

2031 2626 2185 2682 Pluet
2206 2644 2362 2698 super
2387 2640 2680 2697 peccatores
2705 2631 2960 2702 laqueos:
2994 2634 3148 2706 ignis,
3180 2643 3286 2690 etc.
3322 2636 3432 2690 lloc
3482 2654 3572 2692 με·
3617 2637 3628 2651 ’

1959 2719 2198 2778 eundum
2246 2719 2532 2776 historiam
2581 2721 2780 2778 factum
2833 2724 2983 2780 fuit:
3034 2727 3255 2794 quando
3307 2730 3567 2785 Dominus

1965 2814 2099 2884 pluit
2123 2813 2354 2883 sulphur
2381 2823 2439 2869 et
2467 2819 2645 2884 ignem
2674 2829 2838 2886 super
2868 2817 3184 2873 Sudumam.
3222 2818 3290 2874 Ut
3319 2824 3396 2874 ait
3431 2839 3566 2890 apu-

1964 2905 2134 2960 stolus
2164 2903 2362 2973 ludas,
2395 2905 2449 2960 in
2482 2907 2789 2977 exemplum
2825 2908 2962 2978 ignis
2993 2910 3183 2965 aeterni
3215 2912 3409 2966 factum
3442 2913 3563 2968 fuit.

1970 3000 2123 3055 I‘luet
2150 3014 2317 3069 super
2349 3010 2683 3069 peccatores.
2735 3002 2959 3057 Duobus
2999 3003 3175 3059 modis
3222 3014 3277 3059 et
3328 3005 3571 3062 haeretici

1967 3091 2158 3160 pluunt
2186 3091 2326 3144 mala
2357 3089 2626 3146 doctrinm.
2653 3092 2719 3148 lit
2744 3092 2880 3148 sicut
2907 3110 3006 3147 una
3039 3094 3220 3160 pluvia
3246 3095 3434 3167 irrigat
3462 3108 3572 3153 ter-

264 3185 505 3243 lncretici
535 3201 631 3241 ora
662 3186 874 3242 illorum
926 3198 1118 3242 contra
1164 3186 1464 3242 Ecclesiam
1517 3186 1864 3241 intenderunt
1891 3173 1938 3238 C
1970 3197 2084 3236 ram
2111 3181 2400 3237 lecundam
2431 3191 2486 3238 et
2513 3183 2757 3238 aridam:
2791 3185 2869 3239 sic
2894 3196 2948 3238 et
2977 3202 3078 3241 una
3126 3187 3443 3256 praedicatio
3493 3202 3578 3246 est

261 3293 464 3348 arcum,
498 3275 800 3349 potentiam
823 3277 1170 3334 verbositatis
1192 3293 1324 3332 suos.
1353 3275 1681 3332 Paravernnl
1704 3278 1866 3348 sagit-
1966 3289 1997 3330 a
2025 3274 2158 3338 Deo,
2185 3290 2309 3346 qua:
2340 3274 2570 3329 infundit
2601 3284 2799 3331 terram
2835 3276 3056 3342 bonam,
3084 3279 3136 3333 id
3165 3289 3270 3347 est,
3301 3293 3526 3339 sanctos
3550 3298 3564 3337 :

263 3381 337 3427 tas
364 3389 532 3428 suas:
565 3371 668 3429 hoc
695 3382 797 3440 cst,
836 3372 1020 3427 verba.
1054 3369 1120 3425 In
1152 3369 1417 3444 pharetra,
1443 3369 1498 3426 in
1527 3369 1859 3442 semetipsis.

263 3463 390 3533 Quia
439 3465 551 3536 ipsi
600 3474 726 3520 sunt
771 3465 1075 3536 pharetrae:
1107 3464 1193 3520 ubi
1220 3465 1390 3519 verba
1421 3463 1624 3530 inania,
1655 3474 1711 3519 et
1734 3479 1864 3520 sen-

264 3558 456 3613 tentias
484 3571 790 3611 vcnenosas
821 3572 956 3626 quas
993 3557 1061 3611 de
1108 3555 1402 3627 Scripturis
1447 3557 1647 3612 sanctis
1692 3558 1866 3612 conti-

263 3653 430 3718 ciunt,
461 3651 711 3707 occultas
744 3651 996 3706 retinent.
1027 3647 1096 3705 Ut
1119 3649 1366 3721 sagittam
1388 3651 1442 3704 in
1463 3649 1679 3704 obscuro
1703 3660 1867 3704 rectos

262 3745 435 3799 corde.
488 3743 793 3814 Numquam
823 3743 970 3798 enim
999 3743 1050 3796 in
1082 3743 1200 3798 luce
1240 3752 1499 3814 pugnant,
1530 3741 1624 3796 sed
1650 3757 1868 3812 semper

262 3837 313 3892 in
347 3836 618 3893 tenebris.
650 3835 990 3906 Quapropter
1015 3834 1193 3905 justus
1219 3834 1435 3889 aiebat:
1479 3833 1723 3890 Lucerna
1772 3851 1866 3904 pc-

259 3927 417 3985 dibus
464 3929 628 3994 meis,
677 3929 898 3984 verbum
947 3935 1116 3994 tttttm,
1171 3927 1418 3983 Domine.
1454 3926 1523 3983 Ut
1543 3929 1786 3998 sagittent
1815 3927 1870 3981 in

263 4022 483 4077 obscuro
514 4032 682 4078 rectos
709 4021 862 4076 corde
911 4019 1094 4093 (Psal.
1122 4019 1347 4091 cxvut).
1379 4019 1450 4076 Ut
1478 4037 1598 4074 cum
1634 4019 1870 4075 viderint

260 4113 313 4169 in
341 4113 604 4170 Ecclesia
625 4113 904 4185 imperitos
932 4128 1196 4185 quosque,
1231 4112 1313 4169 vel
1337 4113 1634 4184 simplices,
1661 4111 1872 4183 laqueis

263 4211 472 4268 dolosis
502 4227 568 4267 ac
596 4211 826 4268 occultis
856 4210 1105 4266 illiciant.

334 4304 607 4371 Quoniam
632 4319 744 4371 qua
770 4314 825 4357 tu
862 4302 1122 4374 perfecisti
1171 4301 1556 4357 destruxerunt.
1605 4301 1743 4369 Quid
1788 4308 1874 4355 est

261 4396 408 4465 quod
440 4394 666 4453 fecisti?
695 4395 991 4451 Ecclesiam
1019 4405 1162 4450 tuam
1189 4394 1244 4450 in
1276 4394 1498 4449 unitate.
1527 4392 1679 4450 Unde
1705 4391 1869 4448 dicit:

261 4486 348 4542 Ea:
372 4505 468 4542 ore
495 4487 779 4559 infantium
809 4497 856 4541 et
889 4487 1190 4542 lactentium
1218 4486 1479 4558 perfecisti
1503 4483 1709 4540 laudent
1741 4484 1872 4558 (Ps.

1968 3373 2022 3422 et
2050 3375 2249 3420 terram
2281 3367 2504 3434 malam,
2535 3379 2870 3437 peccatores,
2913 3371 3109 3440 quibus
3149 3375 3426 3441 pertinent
3475 3377 3575 3430 ista

1967 3472 2086 3528 qua:
2113 3467 2448 3528 sequuntur:
2480 3459 2646 3530 Ignis,
2695 3462 2986 3532 cupiditas,
3037 3464 3289 3535 sulphur,
3348 3471 3578 3537 putredo

1971 3559 2337 3620 peccatorum,
2372 3552 2595 3622 Spiritus
2623 3556 3007 3624 procellarum,
3041 3557 3264 3627 spiritus
3289 3568 3578 3630 tempesta-

1971 3642 2055 3698 tis.
2091 3641 2326 3710 Spiritus
2355 3643 2738 3713 procellarum,
2775 3661 2986 3715 pmuant
3027 3653 3217 3703 atterni
3262 3650 3482 3720 judicii,
3522 3664 3578 3708 et

1972 3731 2196 3790 verbera
2217 3731 2420 3786 indicat
2447 3743 2810 3803 peccatorum,
2842 3751 2978 3806 quos
3020 3738 3158 3808 ignis
3197 3744 3394 3806 exurit,
3441 3753 3577 3798 tent-

1970 3832 2152 3892 pcstas
2174 3823 2466 3878 exanimat.
2493 3823 2562 3878 Et
2582 3825 2899 3894 prophetam
2929 3828 3095 3883 dicit:
3127 3829 3184 3883 In
3211 3833 3435 3887 circuitu
3461 3836 3580 3903 ejus

1971 3924 2264 3984 tempestas
2291 3913 2484 3970 valida.
2510 3914 2644 3970 Pars
2663 3918 2835 3972 colicis
2867 3935 3044 3973 eorum
3072 3920 3198 3990 (Ps.
3233 3926 3321 3993 XL)
3350 3941 3364 3976 :
3397 3924 3576 3992 Quare

1971 4005 2106 4061 dixit
2138 4007 2382 4076 partem?
2411 4007 2544 4073 Quia
2575 4009 2862 4078 unicuique
2887 4024 2984 4080 pro
3011 4021 3162 4079 parte
3183 4027 3302 4078 sua,
3335 4019 3485 4084 quasi
3507 4020 3574 4072 de

1971 4097 2158 4159 caliCe.
2188 4096 2240 4151 id
2271 4107 2373 4165 est,
2400 4097 2598 4167 justam
2633 4099 2920 4154 vindictam
2953 4102 3175 4172 recipiet
3212 4116 3370 4173 prout
3404 4121 3577 4178 gesut

1975 4190 2248 4245 miseriam
2271 4207 2422 4246 suam
2461 4207 2476 4245 :
2524 4201 2580 4247 ut
2605 4193 2679 4247 ait
2707 4193 2965 4262 propheta
2993 4211 3006 4250 :
3040 4193 3252 4252 Reddet
3282 4197 3425 4255 Deus
3456 4202 3576 4256 uui-

1973 4282 2168 4353 cuique
2191 4282 2494 4339 secundum
2527 4300 2692 4354 opera
2718 4300 2812 4340 sua
2843 4283 2974 4354 (Ps.
3007 4302 3124 4352 LXI,
3153 4286 3344 4345 Jerem.
3377 4296 3525 4363 xxv).

2051 4377 2305 4444 Quoniam
2322 4381 2496 4452 justus
2525 4377 2804 4447 Dominus,
2835 4390 2880 4435 et
2897 4382 3142 4454 justitias
3173 4386 3356 4441 dilexit
3377 4404 3395 4442 :
3416 4391 3578 4460 tequi-

1977 4478 2132 4524 tatcm
2172 4471 2296 4526 vidit
2334 4472 2502 4528 vultus
2526 4475 2658 4544 ejus.
2689 4472 2822 4540 Quia
2859 4474 3149 4546 unicuique
3177 4481 3333 4548 quasi
3365 4481 3422 4535 in
3455 4497 3579 4551 spes

262 4581 421 4652 vui).
474 4581 730 4638 Ilaeretici
778 4582 1059 4638 deStruere
1107 4584 1295 4637 volunt
1325 4581 1427 4637 hoc
1455 4589 1510 4636 et
1539 4581 1590 4636 in
1621 4594 1704 4648 se,
1739 4591 1789 4634 et
1822 4578 1868 4636 in

1980 4563 2128 4631 culo,
2155 4579 2276 4620 cum
2309 4565 2520 4620 venerit
2548 4563 2602 4620 in
2630 4579 2926 4636 conspecm
2957 4568 3097 4638 ejus,
3129 4571 3331 4628 videbit
3378 4573 3581 4644 iniqui-

261 4673 413 4744 aliis,
450 4675 578 4743 quia
609 4676 868 4731 unitatem
899 4675 1175 4731 scindunt.
1206 4673 1379 4731 Aliter
1405 4691 1420 4731 :
1449 4675 1620 4742 Quem
1652 4686 1708 4729 tu
1758 4690 1879 4744 per-

263 4765 475 4836 lecisti,
501 4766 779 4823 Christum
803 4768 870 4824 de
892 4768 1094 4838 Spiritu
1120 4777 1311 4823 sancto
1335 4778 1678 4838 conceptum,
1705 4764 1880 4822 Judaei

264 4864 623 4921 occiderunt.
645 4863 831 4920 Justus
858 4874 1030 4920 autem
1052 4865 1176 4936 quid
1201 4864 1358 4936 fecit?
1386 4861 1521 4920 Cum
1546 4863 1884 4920 calumniano

268 4964 360 5010 tur
390 4955 666 5025 haeretici,
699 4968 752 5013 et
781 4957 1095 5015 discordant
1125 4957 1266 5014 inter
1293 4973 1384 5024 se,
1439 4955 1543 5012 Itoc
1589 4955 1886 5026 respondet

267 5046 536 5107 Ecclesia
557 5051 609 5106 in
635 5067 866 5123 persona
892 5051 1164 5108 Ec:-lesia=:.
1191 5049 1337 5107 Inter
1356 5067 1454 5107 vos
1474 5051 1883 5117 discordamini,

265 5141 370 5200 sed
418 5143 494 5201 de
523 5144 675 5201 vobis
705 5143 956 5201 Christus
982 5160 1089 5201 non
1120 5153 1300 5200 tacet:
1332 5145 1458 5215 quia
1484 5143 1620 5198 dixit
1645 5161 1657 5197 :
1694 5143 1885 5197 Pacem

270 5253 454 5292 meam
496 5235 563 5290 do
609 5237 769 5305 vobis,
819 5253 996 5309 pacem
1045 5253 1211 5290 meam
1259 5235 1494 5307 relinquo
1527 5233 1661 5289 vobis
1689 5233 1883 5305 (Joan.

271 5330 420 5402 xrv).
460 5329 525 5385 Et
553 5329 749 5386 aliter:
782 5329 917 5398 Quid
947 5328 1305 5401 fecitjustus?
1343 5328 1456 5386 Hoc
1503 5337 1607 5394 est,
1657 5329 1888 5383 redemit

273 5419 577 5488 mundum,
610 5430 666 5477 et
692 5421 927 5493 seipsum
958 5421 1108 5477 dedit
1134 5437 1234 5492 pro
1263 5419 1481 5476 mundo.

359 5513 625 5568 Dominus
646 5512 698 5567 in
723 5514 912 5587 templo
935 5523 1115 5568 sancto
1135 5529 1249 5568 suo.
1271 5511 1350 5568 Ac
1371 5512 1415 5566 si
1433 5511 1576 5566 dicat
1599 5510 1893 5582 prOpheta:

275 5607 576 5676 Quamvis,
609 5623 705 5663 vos
726 5605 994 5676 haeretici,
1020 5606 1346 5663 aversemini
1377 5605 1692 5673 licclesiam,
1720 5615 1897 5661 tamen

278 5699 561 5757 Dominus
586 5702 640 5756 in
675 5702 873 5771 templo
901 5702 1028 5770 erit,
1065 5701 1165 5758 hoc
1194 5709 1300 5765 est,
1350 5701 1402 5755 in
1451 5697 1715 5754 Ecclesia.
1762 5697 1902 5753 Dicit

279 5793 636 5864 Apostolus:
670 5793 775 5852 Vos
806 5800 937 5852 estis
969 5792 1229 5866 templum
1263 5793 1356 5850 Dei
1389 5791 1497 5848 vivi
1531 5788 1602 5858 (ll
1640 5791 1756 5847 Cor.
1799 5789 1898 5863 v1).

1983 4666 2147 4714 tatem
2175 4674 2327 4712 suam
2352 4669 2406 4714 et
2429 4659 2544 4728 ipse
2569 4659 2826 4729 pra-videt
2853 4661 3191 4734 iniquitatem
3215 4665 3457 4722 illorum.
3486 4669 3580 4726 Vt'I

1985 4749 2275 4822 praesentia
2315 4750 2410 4806 Dei
2462 4750 2598 4806 vidit
2644 4765 2862 4808 snnctos
2911 4755 2977 4809 ad
3029 4758 3349 4826 regendum.
3399 4759 3585 4831 Diligit

1986 4842 2129 4898 enim
2150 4841 2450 4911 justitiam:
2486 4842 2608 4912 quia
2642 4860 3084 4916 untunquemque
3111 4851 3406 4905 srcundum
3446 4868 3585 4921 Oplts

1988 4934 2266 5006 proprium
2312 4933 2539 5004 judicat.
2594 4935 2926 5006 Equitatem
2970 4940 3108 4995 vidit
3135 4942 3316 4998 vultus
3341 4943 3497 5014 ejus:
3530 4957 3588 4998 ut

1989 5026 2190 5082 sanctis
2237 5029 2478 5096 praemia,
2531 5031 2907 5098 peccatoribus
2960 5034 3158 5089 tribuat
3203 5051 3438 5104 ptenatn.
3485 5037 3588 5105 Qui

1992 5135 2090 5176 nos
2134 5120 2420 5176 vocatione
2463 5136 2562 5177 sua
2611 5121 2867 5192 dignetur
2895 5124 3090 5197 dignos
3121 5128 3364 5194 elﬂccre,
3395 5142 3449 5184 et
3478 5147 3582 5184 nun

1989 5215 2288 5271 secundum
2315 5227 2530 5286 peccata
2560 5223 2744 5270 nostra
2771 5218 2924 5272 nobis
2949 5220 3212 5289 supplicia
3244 5219 3466 5290 inlerat,
3495 5224 3587 5278 scd

1992 5309 2287 5365 secundum
2313 5325 2560 5380 magnam
2588 5310 3023 5367 misericordiam
3057 5329 3207 5368 suam
3241 5317 3452 5370 veniam
3485 5318 3590 5372 lar-

1991 5403 2203 5474 giatur:
2235 5403 2357 5472 quia
2388 5403 2488 5473 ipsi
2533 5414 2615 5458 est
2656 5417 2778 5459 cum
2822 5415 3028 5460 wterno
3076 5405 3236 5461 Patre
3282 5416 3338 5462 et
3385 5408 3590 5480 Spiritu

1995 5504 2184 5552 sancto
2214 5494 2390 5551 honor
2415 5505 2466 5550 et
2491 5495 2660 5566 gloria
2693 5494 2748 5550 in
2779 5495 2978 5550 saecula
3007 5496 3349 5552 surculorum.
3396 5502 3588 5556 Amen.

2583 5649 2899 5710 PSALMUS
2941 5653 3030 5708 XI.

2005 5788 2072 5844 In
2105 5788 2257 5860 ﬁnem
2283 5806 2380 5861 pro
2413 5799 2612 5858 actura,
2643 5789 2872 5861 psalmus
2897 5787 3088 5846 Dauid.
3115 5789 3222 5850 Iste
3250 5793 3489 5864 psalmus
3527 5795 3590 5854 de
