3944 6334
442 268 544 327 847

1218 258 1566 320 ΑΡΡΕΝΒΙΧ
1605 260 1698 317 AD
1739 257 1982 316 'l'OMUM
2021 256 2378 315 SEPTIMUM
2419 258 2480 314 S.
2523 255 2922 315 lllERONYMI.

3633 255 3733 313 858

456 445 460 452 ι
515 379 764 453 passione
793 377 998 434 Christi
1026 383 1297 433 cantatur.
1326 377 1432 433 Pro
1461 384 1671 443 octava,
1701 374 1841 430 sicut
1879 387 2041 445 supe-
2065 375 2122 438 Α
2217 371 2419 428 Ponam
2448 373 2503 428 in
2542 371 2762 428 salutari
2791 389 2923 429 meo.
2960 371 3124 439 Dixit,
3157 370 3211 426 in
3240 369 3497 436 salutari,
3532 377 3591 426 et
3635 385 3738 424 non

514 451 629 508 rius
655 451 918 507 diximus.

514 544 730 602 Salvum
762 560 840 597 me
871 545 974 615 fac,
1006 540 1247 598 Domine.
1305 543 1418 598 Vox
1467 540 1669 598 Christi
1710 540 1776 596 ad
1824 540 2037 597 Patrem

435 655 536 710 pro
554 646 706 710 parte
724 636 904 693 carnis
927 635 979 690 in
1007 636 1284 706 passione.
1315 637 1570 704 Quoniam
1598 634 1785 706 defecit
1805 642 2034 689 sanctus.

435 733 642 788 Praeter
673 740 747 798 te,
774 746 882 786 non
913 739 1163 800 superest
1192 730 1282 796 qui
1313 730 1484 800 possit
1512 729 1748 784 salvare.
1776 727 2039 795 Quoniam

435 827 704 880 diminuta:
729 833 847 878 sunt
877 823 1120 879 veritates
1147 839 1179 876 a
1205 822 1329 892 ﬁliis
1359 821 1647 877 hominum.
1680 820 1859 889 Quare
1900 817 2039 874 dixit

435 921 716 985 veritates,
746 918 874 975 dum
902 933 1012 974 non
1041 918 1248 975 scimus
1277 917 1369 989 qui
1411 926 1497 974 est
1539 916 1768 982 veritas,
1817 921 1878 969 ut
1915 911 1990 968 ait
2019 929 2034 966 :

435 1015 549 1084 Ego
575 1029 694 1069 sum
722 1013 808 1068 via
834 1020 890 1069 et
912 1013 1113 1068 veritas
1139 1011 1333 1083 (Joan.
1369 1014 1503 1083 xtv).
1542 1010 1696 1066 Sicut
1721 1008 1905 1064 multa:
1936 1007 2039 1062 Ec-

431 1105 614 1160 clesiae
657 1114 714 1160 et
762 1120 868 1160 una
915 1103 1182 1173 Ecclesia,
1231 1104 1312 1159 sic
1359 1103 1544 1159 multa:
1584 1098 2037 1170 veritateszquia

429 1199 725 1256 multorum
741 1199 1006 1272 justorum
1031 1214 1218 1271 opera,
1231 1207 1286 1255 et
1302 1197 1453 1254 multi
1477 1197 1566 1269 qui
1589 1195 1794 1252 faciunt
1808 1194 2032 1249 bonum.

431 1292 538 1350 Sed
567 1308 738 1364 quare
767 1292 1086 1348 ditninutte?
1115 1292 1250 1358 Quia
1275 1300 1404 1346 ante
1449 1289 1744 1345 adventum
1787 1285 1992 1342 Christi
2016 1325 2034 1352 ,

426 1385 544 1441 sive
593 1383 894 1456 prophetae,
949 1385 1064 1440 sive
1102 1383 1449 1455 patriarchae,
1478 1391 1587 1438 tam
1615 1381 1774 1437 bona:
1805 1387 2033 1445 naturae,

424 1493 586 1548 quam
611 1477 704 1548 qui
732 1492 799 1533 ex
822 1487 976 1548 parte
997 1477 1194 1548 dejecti
1219 1476 1481 1532 videbant
1507 1475 1743 1541 servire,
1771 1473 1824 1528 in
1849 1471 2036 1527 multis

427 1571 606 1628 modis
632 1571 884 1626 diminuti
909 1580 1104 1629 erant:
1139 1570 1266 1640 quia
1297 1582 1482 1641 caput,
1525 1569 1578 1624 id
1626 1576 1733 1634 est,
1786 1564 1992 1623 veritas
2014 1602 2032 1633 ,

424 1666 517 1738 qui
543 1676 628 1722 est
649 1663 923 1733 Christus,
954 1664 1194 1720 nondum
1223 1674 1470 1721 venerat.
1500 1663 1740 1719 Membra
1767 1659 2035 1717 diminuta

2139 466 2297 535 dixit,
2324 467 2452 538 quid
2483 483 2678 539 ponam
2704 486 2717 522 :
2749 467 3093 537 subauditur,
3124 465 3351 523 salutem
3381 464 3649 537 gentium.
3677 463 3739 518 Et

2138 561 2317 617 adhuc
2360 561 2486 632 quid
2520 561 2752 631 ponam?
2795 558 2994 617 Contra
3041 559 3299 630 gemitum
3345 557 3592 614 laetitiam
3635 571 3649 610 :
3689 563 3739 610 et

2139 662 2325 708 contra
2359 661 2751 724 paupertatem,
2781 650 2996 708 divitias
3023 650 3356 722 spirituales.
3387 647 3739 703 Fiducialiter

2139 762 2291 817 agant
2320 745 2372 800 in
2412 761 2494 800 eo.
2531 743 2649 801 Vox
2682 743 2860 800 Patris
2899 743 2968 800 de
2997 743 3157 800 Filio.
3187 744 3267 798 Ac
3296 743 3343 799 si
3372 741 3522 798 dicat
3556 758 3571 796 :
3603 738 3735 796 Cum

2139 838 2335 896 liducia
2365 839 2545 894 omnia
2573 838 2714 894 iacio
2743 852 2840 909 per
2875 853 3000 895 eum
3035 836 3195 909 :quia
3222 836 3476 893 divinitas
3505 835 3741 891 ﬁrmavit

2139 931 2531 988 humanitatem
2561 948 2576 986 :
2608 939 2667 986 ut
2690 931 2954 1002 scriptum
2981 939 3088 998 est,
3122 930 3296 987 libere
3318 929 3450 1001 egit.

2209 1023 2433 1095 Eloquia
2475 1020 2708 1092 Domini,
2758 1023 2963 1094 eloquia
3010 1033 3172 1078 casta.
3223 1021 3521 1094 Utriusque
3551 1020 3738 1077 Testa-

2139 1116 2310 1173 menti
2339 1115 2646 1172 doctrinam
2687 1114 2910 1172 insimul
2937 1114 3375 1188 comprehendit.
3406 1114 3560 1171 Tunc
3589 1122 3738 1170 easta

2139 1219 2299 1280 sunt,
2331 1210 2379 1267 si
2419 1227 2450 1266 a
2497 1211 2660 1267 bonis
2687 1210 3136 1282 praedicatoribus
3167 1207 3659 1281 incorruptibiliter
3686 1215 3739 1265 et

2139 1305 2256 1361 sine
2316 1304 2671 1376 corruptione
2715 1303 3100 1376 praedicentur.
3159 1301 3310 1358 Tunc
3359 1301 3467 1359 erit
3523 1299 3676 1358 istud
3720 1316 3733 1354 :

2142 1397 2187 1453 si
2217 1397 2436 1467 quando
2457 1397 2756 1468 prmdicant
2780 1411 2888 1452 non
2916 1405 3197 1468 parentum
3220 1395 3498 1466 provocati
3527 1407 3735 1462 amore,

2147 1507 2255 1546 non
2327 1498 2609 1562 potentum
2674 1491 2871 1548 timore
2903 1531 2919 1560 ,
2972 1506 3084 1546 non
3136 1500 3360 1562 propter
3403 1489 3550 1547 dona
3600 1504 3739 1561 prm-

2143 1585 2358 1649 sentia,
2401 1599 2508 1641 non
2557 1600 2658 1656 pro
2704 1584 2913 1642 honore
2961 1599 3123 1641 vano.
3179 1583 3357 1641 Aliter
3411 1601 3428 1643 ;
3476 1583 3585 1652 Qui
3637 1598 3737 1640 nec

2138 1676 2345 1733 audent
2372 1676 2577 1734 addere
2608 1674 2813 1748 aliquid
2843 1677 3105 1749 amplius,
3131 1691 3231 1734 nec
3254 1677 3504 1734 minuere
3545 1685 3656 1732 tam
3688 1677 3736 1734 in

424 1769 601 1827 erant:
651 1773 933 1830 υείιιιθίιιιο
977 1766 1141 1830 Gal)ut
1186 1772 1397 1824 eorum:
1452 1754 1600 1827 (ιιιοά
1642 1763 1729 1810 εει
1755 1752 2027 1820 animus:
2057 1765 2106 1828 Β
2133 1769 2304 1827 veteri
2332 1785 2498 1842 quam
2527 1770 2585 1826 in
2614 1786 2758 1828 novo
2783 1770 3136 1828 Testamento
3159 1817 3174 1843 ,
3203 1770 3300 1828 sed
3335 1770 3576 1828 ﬁdeliter
3600 1785 3740 1843 prae-

425 1854 668 1911 advenit.

501 1948 654 2002 l’ana
700 1948 858 2004 locuti
904 1957 1049 2016 sunt,
1099 1957 1206 2005 etc.
1253 1946 1494 2003 Primum
1543 1945 1764 2014 Petrus,
1812 1940 2028 2014 quando

417 2042 585 2099 dixit:
611 2041 680 2098 Et
699 2043 744 2099 si
764 2043 1070 2115 oportuerit
1091 2059 1178 2100 me
1204 2043 1340 2100 mori
1365 2051 1562 2106 tecum,
1591 2056 1699 2105 non
1726 2050 1778 2096 te
1795 2038 2026 2111 negabo.

417 2134 680 2192 Similiter
702 2144 759 2192 et
782 2150 972 2192 omnes
1003 2136 1254 2208 discipuli
1279 2134 1533 2192 dixerunt
1563 2133 1795 2206 (Matth.
1828 2130 1982 2204 xxvi)
2009 2148 2024 2187 :

414 2227 513 2284 sed
557 2227 611 2283 hi
642 2243 833 2286 omnes
866 2244 1000 2285 vana
1031 2229 1196 2285 loculi
1224 2240 1367 2296 sunt,
1395 2228 1522 2285 dum
1552 2227 1853 2298 adimplere
1879 2224 2027 2297 quod

417 2331 840 2393 pr0posuerunt,
871 2337 979 2378 non
1011 2331 1326 2394 potuerunt.
1361 2323 1428 2378 Et
1455 2322 1720 2391 hatretici,
1755 2321 1882 2377 mali
1929 2320 2028 2377 (lo—-

415 2423 617 2482 ctores,
649 2413 742 2484 qui
771 2413 1073 2471 doctrinam
1102 2430 1413 2486 perversam
1440 2415 1664 2484 docent,
1692 2429 1827 2470 vana
1857 2413 2026 2471 locuti

412 2514 542 2560 sunt
590 2505 960 2576 unusquisque
990 2507 1057 2562 ad
1085 2508 1391 2578 proximum
1419 2522 1599 2563 suum.
1630 2505 1882 2562 Christus
1913 2505 2024 2561 Do-

409 2597 611 2667 minus,
639 2599 730 2670 qui
767 2599 884 2656 htec
907 2600 1166 2672 loquitur,
1198 2611 1281 2657 est
1308 2602 1551 2657 omnium
1579 2600 1862 2672 proximus
1888 2617 1899 2654 :
1929 2599 2025 2671 qui

408 2690 536 2747 fecit
569 2691 1028 2759 misericordiam,
1063 2705 1122 2748 ut
1150 2703 1326 2750 morte
1354 2711 1451 2751 sua
1501 2694 1753 2765 alligaret
1794 2694 2022 2749 vulnera

406 2801 620 2841 neStra.
651 2786 859 2841 Contra
887 2803 1047 2858 quem
1075 2787 1248 2844 Judaei
1281 2788 1333 2842 in
1353 2788 1667 2858 vaniloquio
1687 2785 2023 2844 exerceban-

407 2887 516 2934 tur.
546 2878 712 2933 Labia
735 2877 923 2933 dolosa
951 2881 1006 2933 in
1036 2881 1191 2935 corde
1220 2889 1267 2935 et
1295 2879 1450 2935 corde
1488 2879 1650 2935 locuti
1689 2891 1829 2934 sunt.
1878 2878 2023 2935 Sim-

405 2973 634 3031 machus
663 2975 735 3028 ita
769 2974 1044 3030 transtulit
1073 2973 1239 3029 Labia
1269 2975 1503 3039 lubrica,
1558 2975 1612 3030 in
1660 2973 1827 3029 corde
1871 2972 2021 3029 aliud

407 3075 512 3132 est,
546 3075 603 3122 et
644 3065 902 3136 loquitur.
951 3065 1119 3120 Labia
1165 3067 1371 3134 dolosa,
1417 3066 1686 3136 bilingues
1735 3065 2012 3135 dicuntur,

2132 1863 2334 1921 dicant.
2379 1863 2662 1936 Argentum
2701 1864 2819 1938 igne
2842 1866 3212 1921 examinatum.
3248 1865 3362 1922 lloc
3384 1873 3490 1933 est,
3528 1864 3735 1936 Spiritu

2130 1966 2322 2014 sancto
2366 1957 2681 2028 probatum.
2715 1957 2832 2014 Non
2879 1959 2955 2015 illi
2984 1959 3202 2031 eloquia
3236 1958 3418 2015 divina
3449 1958 3734 2030 probant:

2128 2050 2225 2107 sed
2253 2049 2492 2122 Spiritus
2515 2059 2737 2108 sanctus
2779 2052 2901 2108 illos
2925 2052 3232 2120 illuminat,
3267 2052 3358 2124 qui
3387 2051 3502 2123 ipsa
3536 2051 3736 2122 praedi-

2128 2155 2254 2202 cant
2287 2161 2299 2199 :
2333 2145 2473 2202 sicut
2501 2147 2558 2201 in
2588 2144 2729 2202 Isaia
2759 2145 2850 2203 ille
2870 2147 3118 2218 angelus,
3141 2145 3359 2218 quando
3384 2146 3600 2217 accepit
3627 2147 3738 2202 cal-

2128 2237 2312 2295 culum
2342 2237 2412 2294 ab
2438 2238 2622 2308 altari,
2665 2246 2721 2295 et
2749 2239 2924 2310 tetigit
2953 2239 3090 2294 labia
3117 2238 3233 2309 ejus
3258 2283 3274 2307 ,
3305 2239 3496 2295 dicens
3539 2254 3554 2294 :
3597 2240 3738 2297 Ecce

2129 2333 2278 2404 tetigi
2307 2331 2412 2389 hoc
2442 2332 2583 2389 labia
2613 2341 2700 2388 tua
2729 2373 2744 2400 ,
2789 2339 2848 2388 et
2885 2329 3170 2389 auferetur
3205 2330 3461 2402 iniquitas
3502 2341 3594 2388 tua
3615 2375 3636 2401 ,
3686 2341 3738 2389 et

2128 2437 2411 2498 peccatum
2458 2436 2607 2484 tuum
2651 2425 3021 2482 mandabitur.
3069 2425 3176 2481 Per
3225 2434 3535 2496 argentum,
3581 2435 3734 2484 vetus

2131 2520 2548 2578 Testamentum
2578 2539 2590 2575 :
2621 2535 2718 2591 per
2748 2536 2962 2586 aurum,
2995 2535 3217 2576 novum.
3240 2518 3330 2577 Sic
3357 2529 3446 2578 est
3476 2521 3660 2577 littera
3685 2529 3737 2578 et

2123 2615 2385 2686 spiritalis
2427 2615 2763 2681 intellectus,
2798 2615 2953 2687 quasi
3002 2631 3068 2672 ex
3112 2623 3342 2687 argento
3397 2615 3734 2688 producatur

2123 2726 2340 2766 aurum.
2390 2709 2680 2765 Probatum
2703 2718 2873 2776 terrae,
2904 2710 3008 2766 hoc
3037 2717 3142 2775 est,
3176 2708 3442 2766 Ecclesia.
3483 2709 3582 2766 Illa
3608 2711 3730 2767 elo-

2123 2805 2248 2875 quia
2269 2804 2450 2860 divina
2469 2803 2695 2874 probata
2718 2811 2837 2858 sunt
2863 2817 2959 2873 per
2987 2801 3249 2872 Spiritum
3267 2810 3540 2868 sanctum,
3561 2818 3728 2874 quem

2121 2896 2336 2966 accepit
2370 2895 2637 2952 Ecclesia.
2684 2895 2860 2952 Aliter
2892 2913 2906 2949 :
2950 2895 3244 2952 Probatum
3282 2904 3474 2965 terrae,
3513 2894 3569 2951 id
3613 2905 3726 2959 est;

2120 2988 2368 3045 Christus
2394 2987 2660 3044 Dominus
2681 3029 2696 3055 ,
2728 2987 2821 3060 qui
2849 2988 2996 3044 venit
3020 2987 3076 3044 in
3107 2987 3444 3045 humanitate
3487 2988 3584 3046 illa
3633 3005 3728 3060 pro

2121 3090 2276 3153 parte
2316 3084 2520 3151 carnis,
2556 3098 2717 3154 quam
2764 3090 2834 3139 ex
2861 3084 3032 3140 Maria
3075 3083 3309 3156 accepit,
3332 3083 3489 3155 quasi
3522 3095 3728 3141 terram

403 3159 532 3229 quia
561 3158 772 3214 duabus
799 3157 998 3228 linguis
1022 3159 1354 3229 loquuntur:
1389 3158 1514 3230 quia
1545 3157 1692 3214 aliud
1715 3157 1927 3225 dicunt,
1960 3167 2013 3214 et

2124 3148 2379 3234 Dominus
2400 3148 2658 3248 suscepit.
2687 3175 2979 3250 Purgatunt
2999 3148 3311 3251 septuplunt.
3339 3148 3562 3250 Septem
3584 3179 3726 3236 dona

401 3250 552 3306 aliud
579 3253 835 3306 retinent.
867 3250 957 3307 Sic
978 3250 1122 3306 labia
1144 3251 1331 3307 dolosa
1362 3254 1451 3322 qui
1479 3252 1549 3307 de
1574 3250 1745 3307 corde
1771 3251 1825 3307 in
1847 3251 2014 3308 corde

406 3344 572 3400 locuti
601 3352 730 3400 sunt
765 3344 945 3401 mala:
992 3360 1151 3404 secus
1197 3345 1343 3417 quod
1389 3356 1760 3418 conceperunt
1805 3345 2010 3417 corde,

405 3437 753 3508 protulerunt
781 3453 877 3494 ore
909 3438 962 3493 in
988 3453 1174 3510 opere.

479 3528 763 3600 Disperdat
784 3528 1041 3586 Dentium
1066 3532 1308 3588 universa
1331 3533 1467 3589 labia
1500 3533 1704 3589 dolosa.
1739 3532 2011 3604 Numquid

405 3619 787 3678 maledicendo
815 3621 987 3678 dicit?
1025 3623 1143 3680 Non
1177 3642 1189 3679 :
1229 3626 1353 3697 quia
1399 3643 1506 3682 non
1535 3635 1619 3682 est
1647 3641 1766 3683 mos
1791 3637 2010 3683 sancto-

404 3729 529 3770 rum
557 3713 906 3782 maledicere,
929 3715 1024 3772 sed
1047 3718 1448 3787 pronuntiando
1479 3720 1622 3791 quod
1647 3721 1885 3775 futurum
1902 3728 2008 3788 est,

403 3805 577 3861 dixit:
611 3821 718 3862 non
744 3806 1001 3879 optando,
1031 3819 1087 3865 et
1117 3809 1213 3865 sed
1245 3810 1626 3881 prOphetando
1651 3811 1833 3883 (Joan.
1866 3811 2006 3884 vm).

406 3895 511 3964 Qui
552 3905 680 3953 sunt
725 3898 868 3953 labia
906 3898 1134 3956 dolosa?
1165 3902 1442 3969 Hieretici,
1474 3911 1530 3958 et
1573 3902 1703 3958 mali
1750 3903 2012 3974 praedica-

407 3999 581 4048 tores.
637 3991 705 4046 Et
737 3993 966 4066 linguam
995 3995 1402 4068 magniloqnam.
1453 3995 1511 4052 ιιι
1538 4008 1641 4066 cst,
1667 3998 1758 4069 qui
1779 3998 2008 4070 superba

409 4084 722 4155 loquuntur.

481 4178 584 4244 Qui
639 4179 904 4248 dixerunt,
951 4179 1186 4255 linguam
1240 4192 1472 4239 nostram
1536 4185 2006 4257 magni/icabimus.

407 4271 523 4327 lloc
549 4278 654 4338 est,
684 4271 776 4342 qui
805 4275 1129 4343 semetipsos
1155 4275 1209 4328 in
1239 4274 1469 4331 invicem
1493 4276 1736 4344 laudant,
1765 4287 1822 4335 et
1842 4293 2008 4348 Opera

406 4380 507 4419 sua
535 4364 907 4435 magniﬁcam.
938 4365 1107 4422 Labia
1133 4377 1310 4422 nostra
1334 4387 1366 4424 a
1393 4371 1540 4426 nobis
1568 4381 1709 4426 sunt.
1743 4376 1820 4430 Ac
1843 4375 1888 4430 si
1919 4375 2005 4431 di-

409 4465 498 4510 cat
532 4473 544 4509 :
593 4455 856 4512 Doctores
885 4464 1101 4514 nostros
1129 4473 1196 4514 ex
1236 4459 1392 4515 nobis
1422 4461 1554 4530 ipsis
1583 4463 1867 4533 habemus,
1898 4480 2004 4521 non

412 4544 648 4602 aliunde.
669 4547 952 4619 .Plaudunt
997 4551 1143 4605 enim
1188 4551 1242 4605 in
1275 4567 1410 4606 vana
1439 4553 1792 4622 verbositate,
1816 4555 2002 4613 dicen-
2031 4545 2086 4606 D

371 4679 376 4684 -
409 4651 530 4696 tes:
554 4637 666 4695 Nos
691 4638 1044 4706 ﬁlii‘Abraha:
1069 4659 1279 4710 sumus,
1305 4655 1360 4700 et
1383 4646 1583 4702 nemini
1608 4663 1860 4720 umquam
1883 4660 2011 4706 ser-‘

407 4731 664 4788 vivimus.
721 4734 849 4800 Quis
896 4743 1069 4790 noster
1117 4745 1190 4791 est
1232 4736 1522 4793 Dominus?
1559 4741 1638 4795 Ac
1685 4741 1732 4795 si
1780 4741 2001 4799 dicant:

407 4827 627 4883 Nullum
658 4825 922 4883 habemus
948 4827 1258 4898 Dominum,
1293 4833 1415 4902 quia
1448 4833 1628 4889 omnia
1668 4833 1892 4892 scimus.

479 4918 703 4990 Pr0pter
730 4919 988 4974 miseriam
1028 4921 1273 4992 inopum,
1322 4934 1369 4976 et
1403 4926 1649 4998 gemitum
1692 4944 1993 4998 pauperum.

401 5013 525 5071 Vox
577 5013 752 5069 Patris
803 5021 908 5070 est.
954 5015 1086 5082 Quis
1139 5024 1258 5072 erat
1305 5020 1495 5088 miser,
1541 5021 1644 5077 nisi
1702 5023 1996 5083 humanum

404 5122 578 5179 genus
617 5108 667 5160 in
699 5106 933 5173 saeculo,
964 5107 1106 5178 quod
1143 5109 1195 5164 in
1245 5111 1401 5166 istam
1446 5112 1718 5172 miseriam
1749 5117 1899 5174 venit
1942 5119 1996 5175 in

399 5215 508 5270 qua
537 5199 789 5272 gemebat
816 5198 872 5254 in
900 5202 1167 5270 peccatis?
1195 5202 1262 5258 Et
1281 5204 1511 5274 gemitus
1531 5219 1647 5262 erat
1676 5208 1728 5264 in
1755 5209 1990 5280 inferno,

397 5294 457 5348 in
476 5293 586 5349 illis
609 5293 702 5365 qui
725 5292 778 5348 in
801 5293 978 5364 ptenis
1003 5293 1339 5353 habitabant.
1365 5297 1524 5352 Nunc
1544 5315 1842 5373 exsurgant,
1867 5303 1994 5358 dicit

393 5383 676 5440 Dominus.
709 5383 824 5440 Hoc
851 5392 956 5452 est,
980 5385 1190 5442 mittam
1219 5387 1418 5444 Filium
1451 5407 1629 5447 meum
1659 5395 1746 5463 qui
1779 5411 1875 5452 eos
1907 5412 1994 5454 re-

393 5477 582 5546 dimat,
615 5487 670 5533 et
700 5476 821 5533 illos
851 5478 942 5549 qui
974 5478 1028 5534 in
1052 5480 1272 5537 miseria
1301 5489 1429 5539 sunt
1450 5485 1504 5539 in
1537 5486 1763 5555 mundo,
1786 5489 1870 5546 vel
1896 5506 1990 5547 eos

389 5571 480 5639 qui
529 5570 584 5625 in
615 5568 826 5625 inl'erno
861 5583 1292 5632 commorantur.
1323 5577 1479 5644 Quod
1516 5577 1589 5633 ita
1621 5579 1822 5638 factum
1852 5593 1936 5640 est
1967 5603 1984 5641 :

386 5661 534 5719 illisit
587 5661 726 5718 Deus
771 5661 932 5720 Pater
987 5663 1184 5723 Filium
1231 5684 1386 5726 suum
1433 5670 1502 5726 ad
1553 5688 1653 5730 nos
1712 5675 1979 5747 miseros,

385 5763 448 5811 ut
463 5768 562 5812 nos
585 5753 864 5827 liberaret,
889 5763 944 5814 et
972 5755 1117 5816 illius
1140 5771 1458 5833 paupertate
1487 5763 1681 5828 divites
1710 5781 1976 5832 essemus.

2115 3287 2235 3344 qum
2267 3272 2322 3328 in
2361 3270 2583 3328 Christo
2611 3273 2828 3329 fuerunt
2873 3291 2888 3328 :
2942 3289 3051 3330 non
3090 3285 3150 3330 ut
3197 3274 3288 3332 ille
3319 3274 3723 3346 puriﬁcaretur,

2115 3365 2211 3423 sed
2237 3365 2328 3437 qui
2359 3366 2472 3436 ipsa
2500 3365 2641 3423 dona
2678 3366 2954 3438 accepturi
2985 3376 3163 3436 erant,
3187 3367 3625 3439 puriﬁcarentur.

2189 3455 2288 3526 Tu,
2323 3457 2567 3528 Domine,
2595 3459 2820 3514 servabis
2850 3476 2962 3515 nos.
3001 3459 3116 3516 Hoc
3143 3469 3246 3528 est,
3279 3460 3332 3516 in
3365 3460 3494 3527 ﬁde,
3529 3461 3725 3520 Eccle-

2115 3552 2192 3608 sia
2218 3562 2395 3624 rogat.
2441 3552 2512 3608 Et
2546 3554 2804 3610 custodiet
2845 3571 2942 3613 nos
2981 3571 3014 3608 a
3056 3555 3388 3628 generatione
3428 3555 3548 3611 hac.
3593 3555 3722 3612 Om-

2113 3647 2263 3702 nium
2295 3647 2564 3702 malorum
2606 3647 2820 3703 turbam
2869 3646 3028 3703 simul
3057 3647 3505 3720 comprehendit,
3540 3648 3720 3707 haere-

2115 3739 2368 3808 ticorum,
2399 3740 2838 3809 dialeCticorum,
2881 3752 2937 3798 et
2982 3742 3338 3814 reliquorum.
3367 3743 3454 3799 Ab
3486 3743 3719 3800 istorum

2113 3833 2468 3905 generatione
2521 3835 2783 3891 Dominus
2841 3837 3121 3906 separavit
3180 3835 3483 3892 Ecclesium
3535 3850 3716 3892 suam.

2113 3925 2268 3984 Unde
2293 3933 2349 3984 et
2373 3926 2427 3982 in
2457 3926 2753 4000 Evangelio
2778 3944 2794 3986 :
2824 3927 2953 3984 Haec
2981 3928 3166 3985 omnia
3192 3928 3414 3986 venient
3444 3929 3718 3985 universa:

2111 4021 2454 4091 generationi
2495 4021 2596 4087 illi,
2632 4037 2662 4076 a
2705 4022 2971 4092 sanguine
3007 4021 3144 4080 Abel
3184 4023 3275 4095 qui
3327 4021 3534 4080 eﬁ'usus
3579 4030 3714 4083 est:

2111 4112 2196 4168 vel
2219 4126 2249 4167 a
2273 4112 2536 4183 sanguine
2554 4111 2826 4169 Zachariae
2848 4113 2946 4168 ﬁlii
2970 4113 3275 4182 Barachiat,
3307 4129 3470 4185 quem
3497 4113 3716 4171 occide-

2110 4204 2307 4261 derunt
2335 4206 2476 4261 inter
2502 4205 2763 4276 templum
2789 4213 2845 4262 et
2871 4205 3043 4263 altare
3063 4205 3282 4279 (Matth.
3313 4210 3502 4277 mn).

2183 4295 2252 4352 In
2281 4298 2501 4353 circuitu
2528 4298 2673 4371 impii
2700 4298 2985 4354 ambulant.
3030 4297 3165 4355 Cum
3206 4301 3587 4356 transtulerint
3611 4314 3713 4357 nos

2111 4392 2179 4449 de
2207 4393 2462 4464 praesenti
2485 4394 2686 4450 saeculo
2709 4394 2765 4450 in
2797 4394 3062 4463 futurum,
3093 4405 3221 4452 tunc
3251 4395 3401 4467 impii
3431 4395 3566 4453 foris
3590 4413 3713 4453 am-

2111 4486 2300 4544 bulant
2320 4503 2450 4544 :nec
2471 4495 2726 4560 poterunt
2747 4488 2950 4545 intrare
2964 4503 3086 4545 cum
3107 4489 3331 4559 sanctis,
3352 4503 3491 4561 quos
3510 4499 3588 4554 tu,
3613 4506 3707 4547 se-

2110 4580 2344 4636 cundum
2384 4581 2809 4654 magnitudinem
2847 4592 3016 4653 tuam,
3052 4591 3142 4640 tua
3169 4583 3538 4642 sollicitudine
3565 4599 3707 4642 con-

2109 4675 2359 4730 servasti.
2393 4673 2452 4730 ln
2479 4674 2712 4730 circuitu
2741 4675 2893 4748 impii
2919 4675 3200 4732 ambulant
3229 4693 3243 4729 :
3286 4677 3414 4749 quia
3453 4677 3509 4733 in
3540 4687 3710 4733 teter-

2109 4782 2234 4821 nam
2272 4766 2438 4821 vitam
2471 4781 2581 4822 non
2620 4766 2962 4838 pervenient.
3015 4768 3083 4824 Et
3111 4767 3271 4824 aliter
3307 4784 3322 4825 :
3373 4767 3510 4824 Cum
3539 4769 3706 4826 electi

2108 4857 2315 4929 recepti
2347 4855 2566 4925 fuerint,
2601 4867 2752 4914 extra
2779 4858 3000 4929 januam
3028 4857 3345 4914 clamabunt
3387 4870 3403 4912 :
3444 4859 3705 4926 Domine,

2107 4946 2364 5015 Domine,
2395 4949 2545 5021 aperi
2575 4950 2754 5006 nobis.
2800 4950 2974 5008 Aliter
3003 4970 3015 5005 :
3047 4951 3103 5008 lu
3143 4952 3372 5008 circuitu
3396 4969 3612 5024 eorum,
3649 4963 3708 5011 et

2103 5039 2313 5097 dicetur
2338 5042 2437 5098 eis.
2466 5041 2663 5099 Nescio
2687 5059 2782 5098 vos
2813 5063 2824 5098 :
2871 5043 3172 5100 Secundum
3197 5044 3522 5102 altitudinem
3553 5056 3706 5102 tuam

2101 5133 2464 5200 multiplicasti
2491 5133 2628 5206 ﬁlios
2669 5137 2957 5193 hominum.
3010 5136 3180 5194 Filios
3219 5137 3335 5194 Dei.
3385 5138 3706 5196 Secundum

2099 5224 2506 5281 multitudinem
2527 5226 2681 5298 juxta
2715 5227 3106 5286 abundantiam
3143 5229 3532 5287 misericordia:
3561 5241 3702 5302 tuae,

2096 5317 2220 5388 quia
2249 5318 2641 5390 multiplicatur
2679 5319 2922 5378 Ecclesia
2945 5364 2960 5391 ,
3001 5321 3105 5378 hoc
3135 5332 3250 5390 est,
3298 5323 3368 5379 de
3412 5324 3613 5394 pietate
3645 5332 3706 5380 et

2094 5408 2473 5466 misericordia
2517 5410 2693 5482 ipsius
2745 5430 2759 5468 :
2813 5428 2934 5470 cum
2982 5413 3034 5469 in
3089 5413 3453 5470 retributione
3493 5415 3702 5472 futura:

2094 5499 2446 5560 beatitudinis
2499 5506 2766 5576 promissa
2811 5516 2899 5564 tua
2948 5507 3331 5580 percipientes,
3375 5507 3699 5566 conformes

2090 5594 2271 5653 eﬁ'ecti
2318 5596 2520 5655 fuerint
2559 5601 2777 5671 corpori
2832 5601 3021 5674 gloria:
3061 5612 3198 5674 tute,
3247 5604 3303 5661 in
3330 5619 3437 5676 quo
3467 5601 3563 5659 tibi
3607 5613 3698 5659 est

2087 5704 2211 5746 cum
2238 5698 2444 5748 aeterno
2472 5691 2654 5764 Patre,
2680 5702 2733 5751 et
2755 5694 2958 5767 Spiritu
2991 5705 3202 5770 sancto,
3229 5698 3404 5757 honor
3430 5706 3481 5755 et
3508 5696 3693 5768 gloria

2085 5783 2144 5844 in
2172 5786 2375 5848 saecula
2404 5787 2754 5850 seculorum.
2785 5789 2981 5851 Amen.
