3944 6334
232 369 320 427 sn
1005 359 1440 420 [ιιιεινιΑιιιιιιι
1479 357 1548 419 ιιι
1586 355 1923 418 PSALMOS.
1966 325 2215 416 essen.
2258 357 2351 416 xu
2382 357 2475 417 ET
2505 358 2643 417 χιιι.

1798 477 1855 540 Α
1875 474 2004 532 Jesu
2047 475 2290 533 Christo.
2343 477 2573 532 Cantabo
2619 476 2843 532 Domino
2869 521 2884 546 ,
2915 475 2968 532 id
2997 484 3084 534 est
3121 476 3393 544 laudabo,
3425 487 3479 533 et

763 480 1078 540 PSALMUS
1117 479 1232 537 XII.

223 627 277 685 In
294 628 450 698 ﬁnem,
470 623 696 698 psalmus
718 621 910 698 David.
935 621 1297 698 Duodecimus
1319 619 1560 698 psalmus
1583 634 1768 677 vocem

355 693 589 754 continet
608 697 805 750 animas
833 693 1008 751 lldelis
1026 735 1040 760 ,
1068 693 1400 766 requirentis
1430 693 1622 749 Deum.

281 836 553 905 Usquequo,
598 833 838 904 Domine,
891 835 1209 891 Oblivisceris
1235 852 1312 890 me
1338 835 1394 890 in
1431 835 1625 906 ﬁnem?
1653 831 1771 889 Vox

217 928 461 989 Ecclesiae.
493 929 570 983 Ac
597 927 643 983 si
671 927 816 984 dicat
847 945 862 982 :
890 928 1190 996 Quamdiu?
1218 928 1398 998 Quare
1426 929 1481 984 in
1508 928 1667 984 linem
1690 926 1770 982 di-

217 1020 312 1078 cit?
353 1029 576 1092 quatuor
616 1019 906 1078 elementis
955 1030 1170 1078 constat
1225 1024 1412 1088 homo,
1446 1022 1590 1093 igne,
1619 1035 1768 1088 aere,

217 1129 328 1186 aqua
355 1122 405 1170 et
447 1121 611 1170 terra.
664 1112 836 1171 Terra
866 1114 1094 1172 interior
1133 1124 1217 1172 est
1245 1115 1313 1172 ab
1358 1114 1442 1170 his
1482 1115 1769 1181 creaturis,

214 1208 316 1281 quia
342 1206 454 1262 linis
479 1214 852 1264 creaturarum
883 1216 1027 1264 terra
1059 1216 1142 1265 est
1189 1226 1202 1263 :
1255 1208 1380 1266 ideo
1417 1207 1550 1264 dicit
1579 1208 1770 1264 Eccle-

213 1301 277 1358 sia
307 1321 320 1357 :
347 1301 415 1358 Et
437 1304 481 1358 si
513 1302 673 1358 vilior
699 1317 816 1360 sum
839 1349 854 1374 ,
887 1303 1148 1359 vilissima
1179 1305 1334 1375 quasi
1363 1312 1536 1371 terra,
1574 1318 1774 1374 usque-

209 1411 298 1468 quo
338 1395 667 1452 Oblivisceris
723 1395 850 1453 me?
886 1395 1006 1452 Non
1045 1405 1356 1468 propterea,
1407 1395 1532 1468 quia
1582 1395 1768 1456 intima

210 1503 329 1555 sum,
356 1496 406 1543 et
431 1486 551 1544 linis
578 1487 808 1545 aliarum
835 1499 1211 1546 creaturarum
1239 1508 1254 1546 :
1283 1505 1389 1546 non
1419 1501 1641 1563 propter
1667 1492 1772 1550 hoc

206 1597 276 1638 me
309 1580 640 1638 obliviscaris
694 1583 750 1638 in
799 1583 985 1640 tinem.
1040 1583 1314 1656 Usquequo
1365 1587 1555 1642 avertis
1585 1586 1770 1659 [aciem

207 1686 323 1734 tuam
362 1692 520 1745 ante,
554 1684 614 1732 ut
659 1691 771 1734 non
819 1678 1046 1735 habeam
1095 1678 1366 1747 notitiam,
1418 1695 1599 1751 neque
1643 1680 1771 1737 illu-

203 1769 519 1826 minationem
570 1771 915 1843 cogitationis
961 1781 1065 1829 tua:
1118 1783 1247 1830 ante
1295 1774 1585 1830 terminum
1643 1774 1769 1830 vita:

202 1863 357 1933 hujus.

257 1956 506 2022 Quamdiu
554 1973 748 2031 ponam
803 1960 1029 2014 consilia
1074 1960 1127 2015 in
1170 1961 1345 2017 anima
1394 1978 1530 2018 mea.
1582 1964 1765 2020 Patior

197 2046 293 2106 lucc
313 2091 326 2115 ,
353 2050 566 2123 inquit,
595 2052 956 2125 quoadusque
985 2067 1083 2124 per
1106 2053 1354 2124 spiritale
1378 2056 1665 2111 consilium
1707 2065 1759 2112 te

194 2143 456 2214 requiram.
500 2143 746 2201 Dolorem
781 2147 834 2201 in
871 2147 1027 2202 corde
1050 2163 1162 2202 meo
1191 2163 1283 2220 per
1309 2149 1468 2203 diem.
1495 2148 1600 2206 Per
1625 2149 1758 2205 illttd

193 2235 372 2290 scilicet
417 2236 604 2294 lumen
653 2239 862 2295 notitia:
911 2250 1018 2298 tua:
1064 2240 1208 2312 quod
1245 2241 1337 2298 ditt
1389 2241 1757 2314 perdideram,

191 2341 429 2399 apponam
457 2331 710 2388 dolorem
740 2348 907 2405 super
941 2334 1198 2391 tenebras
1229 2347 1575 2409 peccatorum
1608 2352 1757 2395 meo-

190 2439 294 2478 rum
323 2441 338 2480 :
367 2424 468 2482 hoc
502 2436 609 2498 est,
640 2444 794 2502 agam
820 2431 1224 2502 paenitentiam.

249 2518 510 2593 Usquequo
570 2523 889 2580 excitabitur
933 2527 1174 2583 inimicus
1237 2547 1376 2586 meus
1425 2547 1582 2601 super
1635 2533 1755 2587 me?

187 2609 423 2680 Quamdiu
440 2615 514 2672 ad
543 2623 596 2672 te
615 2632 912 2674 conversus
925 2635 1032 2675 non
1054 2619 1233 2690 fuero,
1249 2622 1478 2694 erigitur
1495 2624 1758 2680 adversus

185 2717 257 2759 tne
274 2703 541 2775 diabolus,
556 2710 647 2782 qui
672 2720 757 2767 est
781 2711 999 2767 humani
1017 2715 1237 2785 generis
1254 2715 1527 2772 inimicus.
1555 2714 1760 2788 Usque-

183 2812 274 2869 quo
295 2803 618 2860 exaltabitur
640 2805 889 2863 inimicus
914 2822 1068 2863 meus
1089 2823 1252 2878 super
1269 2810 1389 2865 me?
1411 2810 1574 2876 Quasi
1589 2809 1756 2866 dicat:

182 2891 424 2962 Quamdiu
444 2898 611 2956 habet
633 2900 979 2958 adversarius
1005 2902 1436 2961 dominationem
1459 2904 1758 2962 Ecclesiae?

180 2983 339 3055 Usque
369 2989 421 3044 in
454 2992 649 3049 linem.
681 2992 924 3066 Respice,
951 3006 1002 3051 et
1027 2997 1218 3053 exaudi
1241 3014 1337 3068 me,
1370 2996 1594 3053 Domine
1615 2997 1758 3053 Deus

177 3092 319 3138 ineas.
348 3081 542 3142 Oratio
564 3086 831 3144 Ecclesiae
860 3100 965 3157 est,
994 3091 1066 3147 de
1088 3091 1265 3148 tribus
1291 3092 1540 3161 personis
1581 3099 1759 3161 potest

177 3168 384 3245 intelligi
409 3194 424 3232 :
450 3175 689 3250 Respice
712 3181 766 3236 in
801 3181 1154 3239 tribulatione
1175 3227 1190 3252 ,
1217 3183 1308 3240 vel
1333 3183 1386 3239 in
1411 3183 1616 3240 auxilio
1649 3202 1662 3238 :
1701 3193 1755 3240 et

175 3269 356 3326 exaudi
387 3270 442 3328 in
477 3272 587 3330 hoc
611 3275 757 3346 quod
783 3275 1069 3347 deprecor.

234 3359 482 3421 litamina
525 3369 705 3423 oculos
752 3385 914 3427 meos.
956 3370 1014 3426 Id
1060 3381 1168 3442 est,
1212 3374 1401 3430 oculos
1430 3374 1634 3432 cordis.
1672 3375 1756 3431 Ne

172 3468 394 3528 tanquam
422 3461 750 3518 obdormiam
774 3465 828 3520 in
853 3477 1038 3524 morte.
1064 3467 1277 3526 Scimus
1297 3470 1420 3542 quia
1439 3487 1546 3527 non
1577 3481 1757 3544 potest

172 3547 318 3607 homo
343 3553 596 3614 dormire
626 3559 717 3631 qui
749 3561 805 3616 in
834 3569 1109 3645 tormento
1135 3573 1240 3632 εει,
1269 3565 1362 3622 εεὰ
1388 3565 1630 3622 dormire
1657 3581 1755 3637 pro

170 3656 312 3705 nocte
354 3651 450 3708 illa
505 3652 683 3723 ponit.
735 3653 890 3712 Unde
946 3657 1198 3728 superius
1246 3657 1324 3714 ait
1373 3677 1384 3713 :
1439 3659 1585 3714 Mors
1637 3659 1756 3714 sine

169 3751 362 3812 morte,
391 3753 450 3801 et
481 3744 729 3803 delectus
759 3747 876 3803 sine
904 3747 1141 3804 delectu.
1176 3749 1244 3804 Et
1269 3749 1529 3806 Dominus
1558 3749 1756 3804 dormi-

167 3833 231 3890 vit
255 3836 306 3892 in
337 3841 495 3903 navi,
521 3855 646 3897 cum
678 3842 974 3898 suscitatur
1007 3858 1036 3897 a
1075 3841 1381 3914 discipulis.
1419 3842 1751 3909 Notandum,

163 3930 289 3998 quod
319 3933 590 3991 Dominus
615 3935 946 4003 dormiebat,
972 3936 1189 4008 quando
1214 3936 1348 3993 fides
1376 3936 1750 4008 apostolorum

165 4021 442 4083 titubabat.
484 4027 798 4102 Unicuique
842 4031 1106 4087 Dominus
1136 4047 1236 4103 pro
1262 4031 1367 4087 llde
1405 4047 1500 4086 sua
1531 4031 1750 4102 vigilat,

161 4121 211 4168 et
229 4131 320 4185 per
349 4119 522 4176 Iidem
543 4121 834 4177 excitatur.
863 4122 932 4178 Et
957 4123 1134 4180 sinon
1163 4124 1392 4180 habetur
1415 4123 1571 4193 ﬁdes,
1596 4123 1750 4194 quasi

161 4205 387 4268 dormire
417 4212 658 4270 videtur.
691 4213 846 4271 Unde
877 4215 1007 4271 dicit
1042 4234 1054 4271 :
1089 4216 1278 4272 Excita
1306 4217 1467 4272 tidem
1505 4225 1675 4284 tuam,
1698 4226 1754 4272 et

159 4307 275 4358 tunc
301 4306 545 4362 suscitas
573 4305 876 4364 Christum.
906 4309 1124 4382 Respice
1150 4353 1164 4378 ,
1209 4321 1256 4364 et
1287 4310 1478 4365 exaudi
1505 4325 1604 4375 me,
1640 4309 1752 4364 Do-

159 4397 283 4452 mine
303 4398 446 4454 Dens
475 4417 635 4456 meus.
663 4401 918 4457 Illumina
939 4405 1116 4460 oculos
1141 4421 1301 4472 meos,
1329 4422 1393 4460 ne
1411 4421 1651 4475 umquam
1673 4405 1756 4460 ob-

157 4487 406 4545 dormiam
434 4496 492 4546 in
517 4503 702 4550 morte.
729 4493 809 4550 Τιι
840 4509 901 4552 es
928 4496 1074 4551 enim
1112 4497 1203 4552 lux
1235 4513 1362 4554 vera
1387 4513 1512 4570 quae
1550 4498 1755 4554 illumi-

157 4592 248 4634 nas
285 4597 515 4642 omnem
547 4585 827 4643 hominem
858 4589 1165 4644 venientem
1207 4590 1260 4645 in
1296 4588 1441 4645 hunc
1468 4590 1750 4646 mundum.

153 4671 225 4728 Τιι
274 4678 428 4734 enim
486 4678 768 4735 illuminas
805 4681 992 4736 oculos
1034 4681 1220 4738 cordis
1264 4684 1471 4753 nostri,
1534 4699 1603 4740 ne
1650 4663 1830 4740 nosD

153 4775 365 4828 sternte
397 4775 594 4829 mortis
623 4773 852 4845 obrepat
876 4790 1121 4834 somnus.
1157 4777 1455 4851 Nequando
1482 4781 1622 4836 dicat
1650 4780 1752 4836 ini-

151 4861 331 4931 micus,
380 4875 498 4921 etc.
552 4864 868 4936 Nequando,
922 4866 1026 4924 hoc
1064 4879 1170 4938 est,
1219 4870 1270 4925 in
1302 4869 1487 4926 futuro
1513 4871 1742 4942 judicio,

151 4953 282 5010 dicat
310 4959 564 5014 inimicus
591 4976 734 5014 meus
752 5001 767 5026 ,
794 4962 1045 5032 prteualui
1090 4962 1339 5018 adversus
1364 4981 1483 5019 eum
1511 4981 1531 5019 :
1561 4965 1614 5020 id
1640 4975 1746 5034 est,

147 5047 331 5106 seduxi
363 5067 498 5108 eum
532 5063 590 5108 ut
619 5053 953 5126 decipercm.
995 5055 1074 5113 Ac
1117 5057 1162 5112 si
1193 5055 1340 5112 dicat
1379 5077 1394 5115 :
1431 5059 1486 5114 Si
1515 5075 1616 5116 nos
1647 5075 1750 5132 po-

147 5146 250 5196 test
277 5142 636 5201 adversarius
663 5147 716 5202 in
745 5161 939 5204 somno
968 5147 1302 5207 inﬁdelitatis
1323 5150 1594 5220 invenire,
1616 5161 1749 5210 tunc

146 5237 415 5302 praevalet
443 5253 611 5310 super
639 5255 757 5296 nos.
1375 5225 1379 5230 i

213 5327 586 5389 Exsultabunt
621 5339 667 5390 si
715 5346 886 5393 motus
924 5341 1092 5411 fuero.
1135 5339 1242 5410 Ipsi
1299 5353 1532 5410 quorum
1580 5339 1751 5410 pedes

142 5428 272 5483 moti
310 5447 325 5484 :
359 5430 494 5500 quia
525 5433 579 5488 in
607 5435 837 5493 veritate
868 5436 963 5492 Dei
1011 5453 1120 5493 non
1151 5446 1423 5495 steterunt
1444 5480 1460 5505 ,
1502 5439 1551 5494 si
1600 5453 1752 5496 meos

144 5523 338 5593 pedes,
373 5524 485 5582 hoc
523 5537 628 5595 est,
667 5544 882 5596 sensus,
905 5531 974 5587 de
1013 5531 1120 5588 ﬁde
1161 5532 1432 5589 catholica
1475 5533 1755 5605 potuerint

138 5615 416 5690 elongare
451 5636 464 5674 :
510 5631 636 5679 tunc
665 5624 1020 5680 exsultabant
1061 5642 1076 5682 :
1118 5625 1172 5681 id
1197 5637 1304 5697 est,
1329 5626 1662 5699 gaudebunt,
1694 5634 1755 5683 ut

140 5709 218 5765 ait
241 5711 532 5784 Propheta
571 5731 593 5771 :
642 5714 750 5771 Mei
773 5728 950 5772 autem
975 5735 1104 5791 pene
1125 5721 1250 5774 moti
1284 5728 1404 5776 sunt
1426 5720 1583 5792 pedes
1609 5738 1626 5776 :
1656 5717 1752 5776 sed

136 5818 242 5876 ego
268 5807 327 5863 in
360 5820 461 5864 tua
490 5811 859 5868 misericordia
882 5827 1066 5886 spero,
1090 5823 1143 5869 ut
1169 5815 1414 5871 stabiliar
1437 5815 1493 5870 in
1514 5814 1642 5870 llde.

218 5896 536 5959 Exsultabit
572 5920 662 5960 cor
689 5922 861 5961 meum
899 5907 952 5962 in
974 5905 1190 5963 salutari
1237 5917 1326 5964 tuo
1368 5923 1388 5964 :
1432 5908 1490 5965 In
1523 5907 1754 5964 Domino

3369 360 3475 416 850

1873 568 2198 639 praedicabo.
2229 569 2330 638 Qui
2357 570 2492 625 bona
2519 570 2697 625 tribuit
2724 570 2876 637 mihi,
2903 569 3008 626 hoc
3034 579 3139 636 est,
3167 570 3326 627 istius
3351 571 3477 626 vita:

1871 665 2160 733 praesentis
2188 663 2462 731 subsidia,
2495 664 2694 736 quibus
2726 664 3077 722 subsistimus
3111 683 3124 719 :
3155 673 3242 732 ut,
3274 665 3470 736 despe-

1873 755 1977 812 Ctis
2006 756 2218 828 pompis
2261 756 2484 823 saeculi,
2518 757 2821 828 spiritualia
2854 767 3039 815 mente
3072 759 3474 829 conspicerem.

1872 850 2048 907 Aliter
2094 869 2109 906 :
2158 852 2303 908 Bona
2354 852 2543 908 tribuit
2591 870 2606 909 :
2655 853 2881 910 virtutes
2937 854 3240 921 Ecclesire,
3282 855 3335 912 id
3367 865 3475 922 est,

1875 944 2058 1007 ﬁdem,
2123 959 2298 1014 spem,
2353 954 2410 1000 et
2456 944 2780 1002 charitatem
2833 961 2848 1000 :
2897 955 2950 1002 et
3000 946 3054 1002 in
3103 944 3283 1003 futuro
3310 948 3476 1002 vitam

1875 1046 2157 1092 aeternam.
2207 1036 2446 1091 Psallam
2483 1037 2684 1091 nomini
2727 1047 2837 1107 tuo,
2886 1038 3149 1094 Altissime
3178 1056 3198 1094 :
3227 1038 3332 1094 hoc
3361 1047 3474 1106 est,

1873 1129 2017 1200 quod
2042 1139 2205 1186 canto
2231 1139 2286 1186 et
2318 1131 2576 1201 prazdico,
2610 1147 2775 1202 opere
2798 1132 3079 1203 impleam.
3107 1133 3301 1188 Merito
3321 1148 3475 1204 ergo,

1875 1223 2104 1280 Domine
2155 1223 2285 1279 Jesu
2324 1223 2579 1291 Christo,
2627 1223 2836 1280 nomini
2881 1232 2973 1280 tuo
3022 1225 3292 1296 psallitur,
3346 1228 3477 1296 quia

1873 1317 2037 1374 dives
2069 1318 2272 1388 pietate
2296 1358 2312 1383 ,
2345 1328 2401 1374 et
2426 1318 2586 1388 justis
2605 1317 2895 1375 victoriam
2921 1330 3177 1391 praestas,
3206 1330 3262 1377 et
3286 1335 3482 1392 pecca-

1877 1420 2026 1466 tores
2055 1419 2115 1465 ιιι
2161 1411 2227 1466 ad
2274 1419 2329 1467 te
2369 1422 2760 1467 convertantur
2804 1411 3005 1468 invitas
3045 1431 3054 1465 :
3089 1412 3185 1468 tibi
3215 1412 3388 1483 gloria
3424 1421 3481 1467 et

1873 1501 2050 1559 honor
2075 1518 2196 1559 cttm
2230 1512 2435 1561 :eterno
2472 1505 2634 1561 Patre
2657 1514 2713 1560 et
2737 1504 2943 1576 Spiritu
2965 1514 3162 1561 sancto
3191 1504 3247 1560 in
3278 1504 3476 1560 sucula

1873 1597 2220 1654 smculorum.
2255 1598 2448 1655 Amen.

2429 1689 2754 1748 PSALMUS
2794 1689 2934 1747 Xlll.

1872 1783 2089 1839 Tertius
2115 1782 2360 1838 decimus
2402 1783 2640 1852 psalmus
2668 1796 2774 1838 non
2821 1781 2990 1837 habet
3039 1781 3478 1852 inscriptionem,

1797 1874 1846 1935 Β
1942 1854 2038 1910 sed
2073 1854 2512 1935 redemptionem
2553 1862 2799 1935 nostram
2831 1869 2902 1935 ex
2929 1852 3062 1910 Sion
3098 1868 3478 1935 processuram

1943 1940 2066 1980 esse
2099 1924 2436 1994 pronuntiat.
2474 1926 2540 1979 Et
2570 1925 2746 1995 primo
2775 1924 2995 1995 quidem
3043 1933 3232 1980 contra
3278 1926 3478 1994 impios

1941 1996 2204 2068 loquitur,
2237 1997 2327 2066 qui
2360 1995 2696 2051 conﬁdentes
2735 1997 2789 2050 in
2813 1995 3020 2050 divitiis
3044 1995 3229 2052 saeculi
3257 2042 3272 2066 ,
3306 1997 3477 2052 Deum

1943 2067 2036 2138 qui
2062 2068 2160 2122 has
2188 2067 2440 2138 largitur,
2472 2069 2749 2137 ignorant.

1939 2157 2086 2213 Dixit
2109 2159 2360 2231 insipiens
2382 2159 2434 2212 in
2456 2159 2611 2213 corde
2637 2175 2756 2214 suo.
2791 2159 2900 2214 Pro
2928 2174 2994 2216 eo
3026 2158 3171 2231 quod
3207 2168 3314 2227 est,
3346 2161 3478 2214 insi-

1866 2252 2036 2325 piens,
2067 2252 2120 2306 in
2144 2251 2374 2308 Hebraeo
2401 2267 2572 2307 κλωπ,
2602 2253 2842 2322 positum
2866 2261 2972 2308 est.
2999 2251 3157 2309 Unde
3177 2262 3234 2308 et
3262 2253 3476 2325 Abigail

1867 2344 1936 2399 de
1968 2346 2090 2400 viro
2125 2357 2226 2399 suo
2254 2343 2425 2400 Nabal
2466 2345 2543 2399 ait
2584 2345 2638 2400 in
2672 2353 2858 2400 monte
2887 2343 3145 2400 Carmelo
3179 2362 3194 2400 :
3235 2344 3366 2400 Vere
3390 2363 3476 2399 se—

1867 2438 2095 2492 cundum
2124 2455 2310 2493 nomen
2341 2455 2494 2493 suum
2539 2438 2790 2509 insipiens
2819 2446 2894 2491 est
2927 2436 2969 2510 (I
3007 2436 3137 2511 Reg.
3169 2436 3316 2508 xxv).
3355 2435 3476 2490 Non

1864 2541 1942 2588 est
1987 2534 2076 2602 qui
2117 2532 2280 2603 faciat
2320 2532 2531 2598 bonum,
2561 2547 2664 2586 non
2695 2541 2771 2585 est
2803 2546 2960 2601 usque
2993 2529 3062 2583 ad
3101 2545 3283 2584 unum.
3319 2529 3476 2583 Ilunc

1865 2625 2134 2694 psalmum
2162 2625 2233 2681 de
2267 2625 2526 2697 passione
2555 2624 2761 2680 Christi
2803 2624 3052 2680 referunt
3072 2664 3088 2690 ,
3116 2621 3333 2694 quando
3355 2636 3474 2676 om-

1865 2732 1964 2772 nes
2021 2718 2312 2773 Dominum
2361 2717 2697 2789 reliquerunt
2743 2733 2756 2771 :
2810 2717 2862 2772 in
2916 2725 3123 2773 tantum
3173 2723 3230 2771 ut
3273 2714 3471 2770 Petrus

1865 2822 2085 2879 quoque
2127 2810 2220 2880 qui
2275 2809 2646 2881 apostolorum
2709 2808 2810 2866 fuit
2867 2809 3124 2880 princeps
3166 2807 3467 2880 negaverit.

1868 2911 1971 2980 Qui
2001 2914 2246 2969 dixerunt
2290 2915 2344 2970 in
2394 2916 2551 2971 corde
2591 2931 2708 2983 suo,
2759 2931 2864 2970 non
2893 2922 2967 2970 est
3006 2910 3171 2966 Deus.
3203 2907 3258 2963 In
3301 2905 3470 2962 corde

1863 3007 2144 3079 dixerunt,
2175 3022 2284 3063 non
2323 3007 2378 3063 in
2410 3023 2528 3064 ore.
2571 3007 2794 3074 Quare?
2833 3006 2972 3076 Quia
3002 3020 3113 3061 non
3156 3005 3270 3059 ausi
3302 3013 3466 3059 sunt:

1863 3117 1933 3158 ne
1965 3101 2102 3159 forte
2127 3103 2356 3159 deorum
2389 3116 2612 3158 suorum
2638 3100 2860 3156 numina
2891 3099 3179 3155 violarent.
3208 3097 3356 3152 Dixit
3385 3097 3469 3152 in-

1861 3195 2089 3264 sipiens,
2121 3194 2351 3266 populus
2373 3192 2636 3250 Judaicus
2666 3210 2679 3246 :
2705 3193 2801 3263 qui
2830 3192 3023 3264 dicunt
3049 3191 3103 3247 in
3134 3188 3322 3254 corde,
3351 3187 3466 3243 Non

1784 3268 1830 3332 (ἶ
1864 3298 1946 3345 εει
1976 3289 2141 3355 Deus,
2169 3303 2278 3344 non
2317 3296 2402 3343 est
2430 3286 2682 3343 Christus
2712 3285 2884 3342 Filius
2925 3285 3042 3341 Dei.
3092 3284 3241 3342 Unus
3282 3298 3347 3340 ex
3387 3283 3467 3338 eis

1862 3397 1969 3438 non
2001 3382 2176 3438 solum
2206 3396 2307 3453 pro
2330 3381 2441 3437 Deo
2469 3395 2577 3436 non
2601 3379 2827 3447 habuit,
2875 3377 2972 3435 sed
3001 3391 3104 3434 nec
3140 3376 3464 3448 prophetam

1859 3478 2130 3547 credidit,
2166 3477 2293 3532 dum
2322 3475 2461 3532 dixit
2501 3493 2514 3530 :
2559 3474 2658 3530 Hic
2684 3474 2730 3529 si
2760 3483 2911 3530 esset
2951 3472 3250 3543 propheta,
3299 3471 3466 3526 sciret

1861 3573 2073 3645 utique,
2105 3587 2227 3644 quas
2257 3580 2312 3626 et
2335 3571 2515 3642 qualis
2550 3577 2698 3626 esset
2737 3568 2934 3624 mulier
2954 3583 3076 3638 quas
3105 3566 3277 3637 tangit
3305 3580 3426 3620 eum
3447 3607 3462 3628 ,

1858 3667 1984 3739 quia
2021 3666 2296 3738 peccatrix
2321 3673 2404 3721 est
2429 3663 2584 3734 (Luc.
2612 3661 2728 3734 vn).
2766 3660 2838 3718 Et
2865 3661 3004 3716 alter
3037 3677 3052 3714 :
3092 3659 3148 3717 Si
3176 3659 3346 3715 Filius
3369 3660 3468 3716 Dei

1857 3771 1981 3828 est,
2030 3759 2329 3817 descendat
2377 3773 2520 3814 nunc
2582 3757 2650 3812 de
2708 3770 2870 3812 cruce
2900 3798 2914 3820 ,
2974 3764 3031 3810 et
3087 3752 3362 3809 credimus
3411 3752 3463 3807 ei

1859 3851 2055 3923 (Marc.
2090 3851 2202 3918 xv).

1930 3945 2173 4017 Corrupti
2200 3955 2342 4001 sunt.
2371 3945 2454 4001 Ab
2483 3945 2571 4000 illa
2603 3943 2915 4014 integritate
2941 3941 3101 3997 bonae
3131 3944 3340 3993 naturte
3357 3935 3456 3991 dc-

1859 4052 2111 4110 generes.
2147 4038 2526 4092 Abominabiles
2547 4037 2674 4108 farti
2699 4042 2836 4090 sunt.
2872 4033 2931 4087 Id
2959 4042 3064 4098 est,
3097 4028 3354 4086 odibiles.
3388 4026 3455 4081 In

1858 4132 2208 4188 voluntatibus
2235 4132 2365 4186 suis.
2395 4129 2450 4185 Id
2496 4139 2579 4185 est
2598 4172 2613 4196 ,
2644 4127 2696 4184 in
2724 4126 2882 4183 factis
2908 4125 3042 4181 suis.
3069 4121 3312 4193 Corrupti
3337 4118 3456 4174 sunt

1860 4237 1909 4282 et
1939 4226 2310 4282 abominabiles
2338 4223 2465 4297 facti
2483 4231 2602 4279 sunt
2627 4225 2680 4278 in
2703 4219 3052 4277 voluntatibus
3075 4219 3203 4272 suis.
3225 4215 3281 4272 Si
3311 4215 3454 4270 enim

1859 4321 1955 4376 Dei
2008 4319 2256 4375 notitiam
2301 4317 2660 4384 habuissent,
2706 4313 2950 4386 corrupti
2981 4321 3036 4368 et
3063 4307 3456 4366 abominabiles

1857 4431 1966 4472 non
1997 4415 2248 4472 fuissent.
2281 4413 2400 4468 Non
2431 4411 2618 4483 estqui
2642 4411 2799 4482 faciat
2820 4409 3030 4474 bonum,
3063 4423 3165 4461 non
3186 4415 3263 4461 est
3296 4421 3456 4476 usque

1859 4511 1927 4565 ad
1955 4527 2140 4566 unum.
2168 4509 2284 4564 Nisi
2323 4509 2444 4579 quis
2471 4505 2793 4578 cognoverit
2850 4502 3127 4560 Christum
3149 4544 3164 4568 ,
3218 4501 3312 4572 qui
3368 4510 3458 4556 est

1857 4603 2053 4659 unicus
2082 4602 2280 4667 Patris,
2310 4600 2487 4656 bonus
2512 4611 2740 4671 prorsus
2761 4611 2885 4653 esse
2910 4610 3018 4651 non
3064 4593 3290 4665 poterit.
3330 4591 3455 4647 Non

1856 4703 1930 4749 est
1950 4695 2035 4764 qui
2063 4693 2224 4766 facint
2244 4693 2456 4757 bonum,
2489 4707 2592 4745 non
2623 4698 2693 4744 est
2725 4706 2885 4760 usque
2912 4688 2981 4743 ad
3002 4704 3185 4742 unum.
3215 4686 3317 4741 I-Iic
3352 4698 3453 4754 ap-

1857 4794 2010 4858 paret
2033 4784 2174 4855 quod
2200 4788 2305 4840 iste
2329 4783 2572 4852 psalmus
2597 4781 2664 4837 ad
2696 4781 3002 4853 passionem
3027 4785 3266 4854 pertinet
3289 4797 3302 4833 :
3325 4777 3452 4849 quia

1855 4882 2039 4938 nullus
2067 4882 2134 4938 de
2155 4881 2459 4950 discipulis,
2491 4895 2666 4951 neque
2705 4880 2900 4936 Petrus
2931 4879 3024 4950 qui
3067 4887 3230 4949 caput
3259 4875 3451 4932 Eccle-

1854 4975 1950 5031 sia:
1978 4985 2062 5030 est
2095 4991 2110 5029 :
2135 4973 2261 5046 quia
2287 4983 2341 5029 et
2367 4975 2483 5043 ipse
2509 4974 2731 5043 negavit
2762 4991 2774 5026 :
2808 4972 2993 5028 nullus
3019 4971 3088 5028 de
3112 4969 3449 5035 hominibus,

1853 5069 1979 5141 quia
2008 5076 2152 5123 totus
2181 5065 2412 5122 mundus
2439 5065 2506 5120 ad
2551 5063 2869 5122 inferiorem
2902 5073 3112 5136 partem
3141 5062 3452 5119 declinave-

1855 5171 1959 5227 rat,
1986 5169 2184 5230 praeter
2208 5173 2376 5214 unum
2401 5156 2706 5225 hominem,
2730 5156 2820 5226 qui
2851 5163 2935 5212 est
2957 5153 3230 5211 Christus.

1927 5252 2186 5307 Dominus
2205 5252 2268 5306 de
2289 5250 2416 5306 coelo
2439 5249 2720 5322 prospexit.
2740 5249 2986 5306 Salutem
3002 5248 3188 5320 generi
3206 5245 3449 5302 humano

1854 5346 2010 5403 dare.
2042 5344 2166 5412 Vel,
2201 5345 2264 5399 de
2303 5344 2450 5407 ctelo,
2494 5341 2547 5396 id
2596 5349 2708 5408 est,
2744 5340 2812 5397 de
2842 5342 3066 5396 sanctis.
3107 5339 3281 5411 Super
3311 5339 3450 5409 ﬁlios

1854 5437 2320 5506 hominum..Quos
2345 5444 2569 5492 sanctos
2607 5448 2736 5491 suos
2770 5431 2951 5490 faciat.
2984 5431 3116 5501 Vel,
3148 5431 3218 5489 de
3258 5439 3452 5488 sancto

1857 5547 1977 5590 suo.
2014 5532 2190 5602 Super
2210 5532 2348 5600 ﬁlios
2369 5529 2640 5586 hominum
2662 5546 2681 5584 :
2713 5528 2766 5585 id
2797 5535 2911 5596 est,
2945 5541 3111 5598 super
3145 5541 3317 5598 genus
3356 5524 3458 5580 hu-

1857 5641 2076 5683 manum
2109 5644 2124 5681 :
2159 5623 2228 5680 Ut
2248 5625 2442 5691 videat,
2468 5623 2571 5680 hoc
2601 5631 2720 5691 est,
2755 5631 2814 5678 ut
2856 5620 3045 5677 videre
3076 5627 3296 5676 sanctos
3322 5632 3452 5675 suos

1856 5718 2020 5776 faciat
2047 5737 2060 5773 :
2093 5733 2192 5790 per
2235 5732 2372 5790 quos
2398 5715 2656 5787 respicit,
2685 5724 2741 5771 et
2771 5714 2828 5770 in
2854 5712 3050 5784 quibus
3075 5711 3306 5768 habitat.
3336 5709 3448 5764 Do-

1856 5817 2026 5869 minus
2043 5814 2107 5869 de
2119 5813 2246 5867 coelo
2267 5810 2530 5884 prospexit
2545 5824 2701 5881 super
2714 5807 2852 5878 filios
2875 5806 3143 5861 hominum
3168 5820 3188 5861 :
3213 5802 3456 5874 utvideat

1855 5907 1902 5962 si
1938 5916 2012 5963 est
2061 5904 2351 5976 intelligens
2405 5909 2494 5957 aut
2523 5901 2792 5970 requirens
2827 5898 3013 5954 Deum.
3047 5894 3319 5969 Prospicit
3345 5906 3446 5964 per
