3944 6334
410 306 507 361 831

1210 298 1559 358 APPENDIX
1597 304 1689 361 AD
1728 294 1975 360 TWUM
2014 288 2360 354 SEPllliUli
2405 296 2465 351 Β.
2509 286 2910 351 iiiERONYMi.

3582 296 3678 354 852

412 423 622 477 animas
649 430 887 481 sanctas,
930 433 1065 489 quas
1091 432 1236 487 smpe
1264 418 1463 474 coelum
1515 416 1777 485 diximus,
1821 426 1882 471 ut
1923 414 2005 469 γι·-
2030 417 2087 476 Α
2109 427 2300 468 sensus
2332 426 2542 478 eorum,
2595 412 2645 465 in
2702 406 2960 465 memoria
2992 419 3044 463 et
3090 418 3280 464 saneto
3333 409 3541 465 timore.
3570 409 3681 466 Non

415 517 544 570 deat
573 515 618 569 si
658 514 729 569 sit
759 512 995 583 sapiens,
1025 511 1114 581 qui
1146 510 1314 566 Deum
1351 519 1531 567 mente
1558 513 1804 582 requirat
1835 524 1851 566 :
1881 522 2009 565 nant
2111 517 2183 562 est
2207 510 2358 560 timor
2391 504 2484 560 Dei
2536 515 2656 560 ante
2698 503 2873 559 oculos
2910 519 3111 560 eorum.
3137 502 3255 559 Non
3283 502 3423 558 enim
3451 510 3685 561 metuunt

418 608 561 679 apud
589 608 829 664 divinam
860 604 1157 676 potentiam
1186 604 1317 658 nihil
1348 604 1581 661 habetur
1608 606 1907 661 obtectum.

492 704 684 757 Ontnes
712 700 1120 754 declinaverunt.
1174 698 1557 753 Deciinaverat
1612 710 1783 753 totum
1836 706 2013 768 genus

416 794 711 849 humanum
734 791 799 847 ad
829 789 1149 846 inferiorem
1178 801 1407 860 partem.
1445 790 1617 845 Simul
1643 791 1857 846 inutiles
1886 788 2015 860 facti

417 896 536 943 sunt
562 928 576 952 ,
610 898 661 941 et
713 885 860 951 sibi,
890 892 950 939 et
1002 885 1146 938 aliis.
1183 883 1374 939 Omnes
1405 884 1827 952 declinaverunt,
1858 880 2015 938 simul

417 977 626 1033 inutiles
656 977 781 1047 facti
804 983 941 1031 sunt.
991 974 1117 1030 Non
1156 984 1231 1029 est
1256 976 1344 1047 qui
1372 978 1531 1047 faciat
1568 976 1777 1043 (tonum,
1807 993 1909 1031 non
1941 984 2016 1029 est

417 1086 574 1140 usque
595 1070 662 1123 ad
687 1080 867 1123 unum.
902 1068 1044 1123 Dicit
1062 1068 1208 1123 enim
1234 1067 1347 1121 hzec
1371 1070 1436 1123 de
1459 1069 1734 1139 gentibus.
1765 1068 1869 1125 Sed
1892 1068 2016 1139 quia

417 1162 720 1231 interponit
769 1176 995 1229 onmes,
1045 1162 1289 1232 adjungit
1331 1160 1553 1218 Jndmos
1583 1160 1975 1232 intelligendus
2000 1200 2016 1228 ,

418 1256 511 1325 qui
536 1271 684 1326 saepe
713 1271 773 1312 se
801 1257 855 1311 in
885 1255 1187 1311 volutabris
1224 1265 1390 1327 atque
1426 1255 1750 1313 idololatriis
1777 1256 2018 1328 gentium

422 1348 779 1404 miscuerunt.

494 1440 809 1512 Sepulcrum
879 1450 1059 1512 patens
1116 1450 1192 1497 est
1275 1451 1454 1513 guttur
1525 1458 1722 1498 eorum.
1774 1443 1859 1499 Ab
1919 1446 2023 1500 hoc

424 1544 448 1571 ιι
483 1550 643 1589 versu
676 1549 851 1604 usque
877 1533 944 1587 ad
976 1549 1127 1601 euut,
1170 1534 1263 1588 ubi
1296 1534 1429 1589 dicit
1457 1550 1471 1590 :
1501 1534 1623 1589 Non
1646 1544 1723 1590 est
1750 1535 1904 1589 timor
1930 1534 2025 1591 Dei

422 1628 478 1681 in
508 1634 782 1698 conspectu
813 1626 1084 1680 oculorum
1110 1641 1310 1693 eorum,
1352 1624 1406 1681 in
1453 1626 1699 1681 Hebrreis
1740 1626 2024 1682 codicibus

426 1738 533 1775 non
559 1720 813 1775 habetur.
840 1718 1119 1786 Quaeritur
1146 1734 1277 1788 ergo
1300 1718 1574 1788 quomodo
1603 1720 1900 1789 Apostolus
1922 1720 2026 1777 hoc

2113 597 2350 653 futurum
2368 596 2651 667 judicium,
2685 596 2805 653 ideo
2828 612 2935 651 non
2958 596 3260 652 observant
3285 595 3531 653 mandata
3554 594 3681 665 ejus.

2187 691 2374 746 Nonne
2399 700 2701 761 cognoscent
2726 706 2904 744 omnes
2925 690 3015 761 qui
3050 699 3332 762 operantur
3356 688 3682 758 iniquitatem,

2115 792 2399 839 venturam
2423 780 2684 837 ultionem
2715 781 2739 835 ?
2786 783 2863 837 Ae
2895 782 2939 837 si
2968 780 3112 838 dicat
3144 800 3158 838 :
3198 780 3254 838 Si
3281 779 3442 837 modo
3471 796 3572 837 non
3598 795 3685 838 co-

2115 884 2403 947 gnoscunt,
2422 885 2757 946 cognoscent
2772 874 2824 929 in
2847 873 3061 945 judicio
3082 875 3299 946 quando
3321 884 3577 932 venturus
3593 885 3688 934 est.

2122 968 2225 1036 Qui
2270 968 2515 1023 devorant
2555 968 2748 1039 plebem
2770 984 2934 1023 meam
2962 968 3095 1022 sicut
3118 964 3291 1023 cibum
3314 969 3499 1041 panis:
3524 968 3691 1026 hatre-

2122 1062 2214 1119 tici
2247 1064 2499 1136 populum
2529 1061 2926 1118 Christianum.
2958 1061 3113 1119 Sicut
3139 1066 3298 1134 panis
3325 1063 3380 1118 in
3411 1077 3596 1120 omnes
3619 1063 3692 1120 ci-

2120 1155 2218 1210 bus
2241 1157 2445 1225 currit,
2480 1156 2597 1211 sine
2640 1155 2761 1226 ipso
2791 1153 2979 1210 satiari
3010 1169 3116 1211 non
3169 1164 3393 1225 potest,
3449 1156 3541 1213 sed
3581 1171 3695 1213 cum

2123 1248 2374 1306 omnibus
2402 1248 2537 1305 cibis
2560 1249 2827 1305 sumitur:
2853 1248 2933 1305 sie
2959 1258 3014 1306 et
3038 1246 3286 1305 lueretici
3316 1265 3601 1320 numquam
3621 1265 3698 1307 sa-

2126 1344 2327 1401 lianlttt‘
2354 1343 2733 1416 iniquitatibus
2764 1346 2913 1413 suis,
2967 1344 3069 1399 nisi
3096 1338 3164 1401 de
3192 1345 3349 1416 plebe
3380 1344 3498 1412 Dei,
3525 1346 3603 1401 vel
3640 1345 3699 1402 de

2126 1437 2404 1504 Ecclesia,
2446 1449 2582 1506 quos
2630 1445 2859 1507 possunt
2900 1451 3097 1507 capere
3127 1435 3255 1492 inde
3296 1436 3583 1493 satiantur.
3610 1436 3700 1506 Qui

2126 1534 2372 1589 devorant
2394 1532 2588 1602 plebem
2609 1547 2780 1599 suam,
2812 1532 3074 1604 populum
3102 1528 3559 1598 ecclesiasticum,
3586 1532 3702 1585 sicut

2126 1627 2293 1682 cibum
2319 1627 2471 1698 panis
2500 1642 2519 1682 :
2548 1626 2673 1697 quia
2720 1641 2828 1680 non
2860 1628 2942 1680 est
2973 1623 3129 1695 panis
3162 1622 3342 1690 vivus,
3377 1622 3484 1678 nisi
3512 1623 3597 1695 qui
3642 1621 3702 1680 de

2128 1718 2269 1776 cutio
2296 1716 2600 1774 descendit.
2634 1717 2911 1772 Dominum
2940 1733 3042 1771 non
3063 1716 3450 1771 inrocaverunt.
3481 1716 3534 1772 Si
3570 1714 3703 1771 enim

423 1826 552 1867 usus
582 1814 650 1866 sit
686 1811 999 1866 testimonio
1032 1811 1084 1865 in
1140 1810 1386 1882 Epistula
1421 1826 1581 1881 quam
1632 1811 1698 1865 ad
1744 1810 2019 1869 Romanos
2050 1806 2095 1867 Β
2122 1814 2493 1879 invocassent,
2518 1811 2650 1867 salvi
2676 1812 2864 1882 utique
2890 1811 3138 1867 fuissent.
3173 1810 3385 1865 Aliter:
3426 1810 3589 1865 Deum
3611 1825 3704 1865 non

423 1906 645 1973 scripsit
687 1902 879 1976 (Rom.
938 1902 1057 1974 nt).
1106 1902 1523 1974 Respondemus
1562 1902 1886 1974 Apustolum
1955 1904 2023 1960 de

425 1997 851 2053 Dcutcronomio
873 2012 937 2052 ac
969 1995 1258 2060 i’saiterio,
1283 2007 1339 2052 et
1366 1997 1585 2053 emteris
1610 1995 2021 2067 Scripturarum

423 2090 560 2145 locis
584 2089 686 2144 hoc
718 2087 1092 2145 testimonium
1123 2088 1381 2145 texuisse.

500 2181 585 2237 Ibi
615 2183 891 2238 timuerunt
919 2181 1104 2237 timore
1131 2198 1150 2239 :
1179 2180 1280 2237 hoc
1309 2181 1452 2252 quod
1482 2183 1756 2253 sequitur,
1792 2181 1892 2239 Ubi
1922 2199 2025 2239 non

427 2286 538 2331 erat
565 2278 717 2330 timor
746 2274 844 2332 :in
884 2274 1131 2330 iiebmis
1161 2275 1529 2331 voluminibus
1559 2292 1668 2332 non
1696 2276 1950 2333 habetur.

506 2368 821 2439 Sepulcrum
846 2376 1026 2439 patens
1067 2379 1143 2422 est
1186 2377 1363 2440 guttur
1392 2385 1590 2425 eorum.
1621 2369 1728 2425 Per
1755 2369 2030 2425 seductio-

430 2480 530 2522 ncs
560 2480 687 2520 sitas
721 2464 773 2518 in
802 2478 898 2518 ora
929 2472 1207 2534 tamquam
1237 2464 1289 2518 in
1316 2464 1570 2535 sepulcra
1622 2464 1874 2521 homines
1896 2479 2029 2521 con-

427 2564 739 2627 gesserunt.
772 2555 908 2612 Nam
952 2564 1008 2611 et
1054 2555 1181 2613 alibi
1232 2554 1411 2611 simile
1439 2554 1569 2611 huic
1619 2557 1838 2627 ponitur
1867 2575 1881 2612 :
1914 2555 2029 2613 Nisi

440 2650 707 2704 Dominus
734 2648 928 2704 fuisset
955 2649 1007 2705 in
1039 2649 1215 2714 nobis,
1237 2649 1463 2707 forsitan
1488 2650 1643 2705 vivos
1669 2649 2032 2722 deglutissent

429 2755 531 2797 nos
577 2740 695 2811 (Ps.
728 2740 942 2811 cum).
975 2738 1193 2814 Linguis
1246 2743 1355 2797 suis
1398 2743 1579 2798 dolose
1621 2743 1860 2817 agebant.
1891 2742 2027 2799 Cur-

429 2844 750 2904 rumpentes
776 2848 959 2891 mores
1007 2834 1186 2889 bonos
1216 2835 1502 2906 colloquiis
1532 2837 1707 2893 malis.
1764 2836 2032 2893 Venenum

434 2927 677 2999 aspidum
706 2926 798 2980 sub
821 2927 973 2983 labiis
997 2944 1196 2982 eorum.
1221 2928 1380 2997 Quia,
1402 2931 1541 2986 sicut
1565 2931 1805 3002 aspides,
1836 2932 1907 2987 ita
1937 2933 2035 2990 ob-

430 3030 617 3076 turant
658 3034 821 3075 aures
842 3034 992 3086 suas,
1026 3036 1095 3077 ne
1127 3031 1400 3093 praecepta
1422 3023 1626 3079 divinae
1653 3025 1815 3095 Legis
1866 3028 2033 3082 exau-

434 3115 606 3168 diant.
641 3113 924 3171 Venenum
970 3116 1142 3181 enim,
1196 3115 1353 3171 dolus
1385 3117 1696 3187 iniquorum
1727 3119 2031 3190 colloquio-

434 3221 555 3260 rum
590 3206 936 3276 intelligitur.

511 3301 744 3366 Quorum
769 3318 827 3357 os
855 3301 1223 3357 maledictione
1256 3312 1302 3357 et
1334 3304 1685 3359 amaritudine
1707 3305 1917 3377 plenum
1937 3316 2033 3364 est.

437 3392 753 3450 Benedictio
799 3395 1133 3455 adulationis
1175 3396 1614 3456 maledictionem
1656 3399 1838 3457 infert.
1875 3404 2039 3458 Ama-

436 3485 618 3541 ritndo
641 3488 786 3542 enim
810 3488 878 3543 ad
914 3490 965 3555 id
994 3492 1231 3549 refertur
1262 3507 1274 3543 :
1312 3491 1439 3559 quia
1461 3492 1641 3549 dulcia
1670 3495 1884 3565 eloquia
1916 3496 2034 3563 Del,

438 3583 582 3637 male
619 3581 933 3651 sentiendo,
963 3585 1016 3643 in
1044 3597 1197 3639 suam
1228 3585 1524 3654 perniciem
1552 3600 1734 3643 amara
1773 3587 2036 3644 iecerunt.

445 3674 680 3741 Quorum
705 3691 763 3731 os
806 3675 1175 3733 maledictions
1204 3686 1251 3731 et
1287 3679 1643 3735 amaritudine
1667 3681 1877 3746 plenum
1922 3689 2041 3736 est:

438 3765 564 3836 quia
589 3776 645 3820 et
665 3766 767 3820 sibi
793 3776 850 3821 et
877 3767 996 3820 aliis
1017 3775 1175 3821 nocet
1193 3782 1381 3823 eorum
1404 3767 1675 3835 doctrina,
1704 3771 1834 3827 etin
1859 3772 2041 3828 futuro

443 3856 797 3915 condemnat.
836 3857 1045 3914 Veloces
1066 3860 1223 3931 pedes
1245 3877 1422 3915 eorum
1447 3863 1516 3916 ad
1530 3862 1899 3932 e/fundeudum
1918 3878 2043 3921 san-

442 3953 671 4022 guinem.
731 3950 799 4008 Et
846 3954 1208 4025 corporaliter
1252 3964 1307 4010 et
1350 3957 1713 4028 spiritualiter
1738 3957 2041 4026 occidunt,

441 4044 571 4101 dum
596 4045 900 4111 Christum.
952 4048 1045 4119 qui
1074 4050 1186 4106 vita
1229 4059 1312 4105 est
1338 4051 1566 4116 anitum,
1603 4053 1672 4106 ob
1701 4052 1814 4119 ipsa
1868 4052 2044 4111 eii‘un-

443 4136 578 4191 dere
603 4136 939 4194 desiderant.

524 4225 780 4283 Contritio
830 4237 877 4286 et
920 4230 1201 4301 infelicitas
1241 4231 1297 4285 in
1345 4233 1438 4289 uiis
1488 4247 1666 4289 eorum
1711 4249 1731 4289 :
1777 4236 2043 4292 contritio

448 4322 736 4391 corporis,
795 4321 1092 4380 infelicitas
1142 4323 1358 4379 animai.
1410 4324 1470 4380 in
1525 4325 1632 4382 viis
1686 4343 1876 4384 eorum
1916 4372 1933 4397 ,
1987 4330 2043 4391 in

450 4417 711 4486 Operihus
779 4432 991 4474 eorum.
1046 4417 1281 4491 Semper
1331 4433 1647 4490 peceatores
1700 4423 1755 4477 in
1806 4423 1892 4478 via
1948 4439 2046 4485 sua

454 4511 748 4571 infeliciter
804 4521 1182 4579 conteruntur,
1242 4513 1500 4580 Quoniam
1554 4515 1689 4571 uiam
1737 4517 1881 4587 pacis
1943 4533 2046 4573 non

2128 1911 2542 1965 invocaverunt.
2569 1906 2794 1976 Quare?
2818 1906 2955 1973 Quia
2987 1905 3142 1960 multi
3171 1904 3453 1971 invocant,
3488 1903 3578 1959 sed
3611 1919 3705 1960 non

2127 2009 2298 2065 Deum
2323 2050 2338 2074 ,
2368 2006 2461 2062 sed
2506 2007 2667 2061 aliam
2700 2019 2813 2060 rem
2865 2017 3023 2072 quam
3051 2000 3368 2057 desiderant
3395 2000 3596 2056 habere
3615 2013 3706 2069 pro

2133 2102 2264 2165 Deo,
2295 2113 2402 2153 non
2434 2098 2611 2169 ipsum
2642 2096 2830 2151 Deum.

2202 2190 2323 2247 Illic
2374 2189 2757 2263 trepidaverunt
2810 2186 3023 2254 timore,
3054 2186 3141 2240 ubi
3172 2202 3274 2240 non
3307 2196 3420 2239 erat
3451 2187 3613 2239 timor.
3654 2183 3711 2239 Et

2130 2292 2322 2357 gentes
2366 2297 2499 2339 suos
2532 2282 2723 2336 timent
2755 2279 2888 2335 deos
2918 2320 2934 2346 ,
2964 2287 3019 2333 et
3066 2278 3216 2348 ipsos
3249 2283 3507 2347 potentes
3536 2274 3709 2344 .indtci,

2130 2377 2349 2449 quando
2378 2376 2446 2433 de
2474 2375 2693 2433 Christo
2740 2372 2994 2429 dixerunt
3018 2388 3031 2426 :
3070 2369 3126 2427 Si
3156 2366 3483 2424 dimittimus
3511 2383 3627 2424 eum
3646 2366 3713 2422 vi-

2132 2485 2288 2539 vere,
2316 2467 2538 2524 venieut
2564 2466 2823 2532 Romani,
2857 2472 2912 2520 et
2932 2463 3125 2520 tollent
3152 2470 3398 2519 nostrum
3434 2475 3652 2532 regnum
3667 2468 3714 2515 et

2131 2574 2367 2632 gentem.
2399 2561 2492 2617 Illi
2519 2560 2900 2633 trepidaverunt
2924 2559 3128 2623 timore,
3161 2555 3247 2611 ubi
3268 2570 3373 2610 non
3398 2563 3515 2611 erat
3542 2554 3717 2609 timor:

2133 2659 2190 2714 In
2223 2657 2385 2714 idolis
2415 2655 2604 2726 utique
2625 2662 2682 2710 et
2712 2653 2866 2708 vanis
2893 2651 3308 2707 simulacrorum
3335 2648 3554 2705 ritibus.

2212 2749 2475 2819 Quoniam
2526 2738 2779 2801 Dominus
2807 2745 2860 2800 in
2887 2742 3223 2816 generatione
3237 2744 3388 2816 justo
3419 2751 3515 2797 est.
3548 2736 3605 2794 in
3635 2752 3719 2808 po-

2139 2844 2268 2915 pulo
2286 2840 2618 2897 Christiano.
2646 2837 2781 2894 Etin
2809 2836 3012 2893 intimis
3037 2834 3137 2890 fuit
3167 2851 3181 2888 ε
3211 2833 3334 2905 quia
3366 2849 3436 2889 ex
3463 2833 3593 2903 ipsis
3611 2845 3720 2887 car-

2137 2953 2261 2993 nem
2288 2935 2538 3005 sumpsit.
2571 2932 2862 2990 Consilium
2901 2929 3070 3002 inOpls
3098 2926 3428 2998 confudistis.
3462 2925 3718 2982 Cbrismm

2138 3029 2312 3086 Judaei
2342 3026 2569 3084 credere
2600 3025 2930 3079 noluerunt:
2969 3021 3070 3075 hoc
3100 3029 3184 3074 est
3208 3060 3222 3085 ,
3262 3019 3332 3074 de
3357 3019 3592 3075 adventu
3618 3033 3722 3091 my-

2139 3127 2371 3184 sterium
2398 3121 2789 3180 incarnationis
2811 3119 2933 3187 eius
2963 3117 3190 3172 credere
3227 3114 3547 3171 noluerunt.
3578 3113 3721 3181 inops

2064 3195 2112 3260 (ἶ
2141 3222 2345 3277 dicitur
2368 3218 2638 3284 Christus,
2670 3227 2727 3270 ut
2757 3217 2832 3270 ait
2856 3214 3057 3270 Paulus
3092 3230 3106 3268 :
3134 3208 3273 3280 Quia
3298 3227 3424 3267 eum
3454 3210 3606 3267 dives
3642 3223 3721 3264 es-

2140 3322 2259 3376 set,
2290 3314 2448 3382 inops
2479 3311 2653 3365 factus
2676 3318 2759 3363 est
2783 3353 2797 3377 ,
2830 3318 2886 3362 ut
2920 3307 3067 3363 illius
3094 3304 3274 3378 inopia
3306 3314 3406 3361 nos
3436 3303 3627 3359 divites
3657 3300 3723 3356 la-

2141 3414 2297 3463 ceret
2318 3405 2393 3476 (ll
2425 3402 2547 3460 Cor.
2580 3417 2677 3459 vni
2701 3402 2741 3469 ).
2777 3399 3071 3457 Consilium
3097 3400 3271 3470 inopis
3302 3397 3612 3472 confudislis
3634 3413 3649 3451 :
3675 3393 3723 3451 id

2141 3506 2246 3563 est,
2269 3496 2501 3553 Christi:
2524 3510 2630 3550 non
2656 3494 3020 3565 intelligemus
3050 3508 3174 3549 eum
3204 3507 3233 3547 a
3267 3491 3377 3547 Deo
3401 3490 3724 3561 processisse

2141 3606 2264 3648 enm
2290 3590 2557 3662 pratberet
2575 3588 2889 3655 consilium,
2916 3588 3105 3645 dicens
3130 3584 3552 3644 :Poanltentiam
3575 3585 3721 3655 agite.

2146 3685 2285 3754 Quia
2316 3682 2566 3738 Dominus
2590 3698 2705 3750 spes
2734 3684 2844 3755 ejus
2869 3688 2964 3735 est.
2992 3674 3153 3734 Pater
3169 3679 3376 3749 utique,
3405 3687 3629 3749 propter
3650 3690 3725 3729 as-

2143 3784 2416 3846 sumptum
2445 3787 2665 3829 carnem
2701 3790 2713 3827 ε
2743 3772 2866 3845 quia
2913 3768 3218 3826 humanitas
3260 3769 3571 3827 confortata
3599 3774 3725 3822 esta

2144 3866 2448 3921 divinitate.

2222 3958 2351 4027 Quis
2375 3957 2518 4012 dabit
2546 3972 2609 4012 etc
2636 3954 2766 4013 Sion
2786 3957 3019 4013 salutare
3040 3954 3211 4012 Israel
3232 3958 3256 4012 .9
3286 3955 3424 4024 Quis
3464 3954 3567 4012 nisi
3593 3952 3725 4009 Deus

2147 4052 2237 4123 qui
2268 4059 2354 4106 est
2382 4051 2435 4105 in
2464 4049 2640 4107 Sion?
2668 4048 2766 4105 ille
2791 4049 2939 4104 dedit
2965 4048 3221 4118 salutem,
3258 4049 3434 4119 ipsum
3461 4047 3724 4105 Christum

2147 4144 2202 4199 itt
2236 4142 2483 4199 Ecclesia
2516 4149 2723 4196 sancta.
2753 4139 2929 4196 Aliter
2956 4158 2969 4195 :
3005 4140 3134 4208 Quis
3157 4139 3298 4196 dabit
3328 4158 3392 4197 ea:
3430 4140 3561 4198 Sion
3598 4140 3726 4193 safe-

2148 4246 2258 4292 tare
2288 4235 2460 4290 Israel
2479 4234 2505 4289 .’
2525 4232 2779 4289 Christus
2803 4232 3087 4300 Dominus,
3120 4246 3281 4303 quem
3315 4232 3647 4288 habitatores
3668 4229 3727 4285 ii-

2150 4329 2256 4385 lius
2291 4336 2528 4384 terrente
2572 4326 2704 4383 Sion
2752 4340 2860 4380 non
2899 4324 3273 4381 crediderunt.
3311 4325 3449 4380 Dum
3507 4321 3728 4380 averterit

2150 4421 2410 4476 Dominus
2438 4420 2787 4493 captivitatem
2813 4417 2979 4491 plebis
3014 4434 3143 4474 sum.
3175 4416 3294 4475 lant
3342 4416 3605 4489 redempti
3649 4432 3729 4473 sn-

2154 4530 2278 4569 ntus
2298 4514 2367 4569 de
2396 4513 2488 4569 illa
2515 4512 2831 4583 captivitate
2856 4513 3335 4583 transgressionis,
3361 4513 3455 4568 sed
3485 4511 3657 4567 adhuc
3680 4509 3729 4564 in

453 4613 822 4677 cognoverunt.
855 4605 988 4674 Qnat
1013 4617 1095 4662 est
1113 4606 1362 4665 Christus
1382 4608 1647 4665 Dominus
1672 4627 1686 4665 :
1718 4626 1821 4669 nee
1846 4624 1944 4684 per
1993 4613 2049 4670 ti—
2073 4586 2128 4648 Ῑ)
2154 4604 2470 4676 captivitate
2500 4604 2633 4660 vita:
2679 4603 2839 4660 istius
2868 4615 3074 4660 sumus.
3128 4604 3198 4660 Et
3245 4605 3408 4661 aliter
3440 4621 3454 4660 :
3484 4604 3563 4660 De
3592 4612 3729 4674 parte

455 4697 606 4764 dem,
631 4711 730 4751 nec
758 4712 854 4768 per
875 4699 1272 4766 operationem.
1299 4700 1479 4769 Quare
1509 4716 1617 4758 non
1648 4708 2050 4775 cognoverunt?

456 4787 689 4858 Propter
720 4786 822 4842 huc
842 4787 990 4859 quod
1010 4788 1256 4860 sequitur
1288 4808 1304 4846 :
1346 4792 1481 4859 Quia
1527 4810 1629 4849 non
1660 4803 1736 4851 est
1768 4796 1919 4850 timor
1950 4795 2050 4854 Dei

453 4892 576 4939 ante
618 4884 796 4939 oculos
847 4898 1047 4936 eorum.
1110 4881 1228 4938 Non
1279 4897 1682 4956 proposuerunt
1724 4888 1893 4945 Deum
1921 4898 2050 4948 ante

535 5050 558 5078 ο
599 5032 784 5092 Placet
810 5049 953 5088 nunc
978 5040 1166 5086 verum
1190 5026 1384 5088 audire
1410 5032 1800 5093 Hieronvmum
1823 5028 1875 5092 in
1901 5034 2049 5093 Prat-

462 5112 666 5171 fatione
696 5105 819 5161 libri
846 5116 936 5160 xu
975 5099 1505 5175 Commentariorum
1536 5106 1586 5160 in
1618 5099 1807 5162 isaiam
1834 5123 1848 5160 :
1875 5107 2048 5175 Sicut,

460 5178 841 5254 inquit,_omnis
864 5190 993 5245 pene
1010 5173 1081 5228 ad
1104 5172 1368 5254 Romanos
1389 5176 1635 5254 Epistula
1655 5178 1720 5233 de
1736 5180 1889 5254 φαεν-ί
1914 5172 2052 5254 sua;

460 5244 633 5313 cta'est
646 5244 1003 5304 Instrumenta
1029 5262 1047 5301 .'
1074 5246 1149 5300 sic
1170 5244 1334 5323 et_ltoc
1350 5244 1699 5323 testimonium
1719 5249 1782 5305 de
1798 5248 2051 5323 Psalmis,

462 5340 512 5383 et
539 5323 697 5381 Isaiae
725 5326 1020 5374 contextum
1053 5324 1128 5371 est
1154 5332 1173 5372 :
1202 5315 1344 5371 Nam
1377 5318 1671 5391 duoprimi
1710 5335 1925 5391 versus:
1951 5315 2051 5378 Sel

460 5394 709 5470 pulcrum
742 5400 931 5470 patens
950 5396 1033 5444 est
1050 5392 1240 5470 guttur
1259 5398 1482 5470 eorum,
1496 5388 1695 5470 linguis
1723 5392 1844 5470 suis
1861 5388 2051 5470 dolose

462 5458 724 5539 agebant,
743 5458 917 5532 quinti
944 5459 1134 5539 psalmi
1160 5469 1303 5539 sunt.
1336 5458 1482 5539 Illud
1506 5458 1680 5515 autem
1703 5462 1844 5531 quod
1874 5465 2046 5539 sequis

461 5530 548 5599 uir
573 5557 592 5596 .-
621 5530 897 5591 Venenum
928 5530 1180 5598 aspidum
1210 5530 1313 5599 sub
1343 5530 1507 5591 labiis
1529 5530 1754 5595 eorum.
1785 5530 2049 5591 centesimi

460 5598 708 5685 trigesimi
747 5603 871 5658 noni
901 5600 1091 5685 psalmi
1129 5611 1226 5656 est.
1262 5598 1592 5685 Iliacamque
1633 5602 1773 5685 quod
1815 5600 2001 5659 dicitur
2028 5622 2049 5660 :

462 5670 703 5750 Qti'orum
727 5688 789 5731 os
817 5670 1201 5750 maledictione
1226 5681 1281 5727 et
1306 5670 1667 5750 amaritudine
1694 5674 1917 5750 plenum
1940 5687 2047 5750 eSt,

464 5741 531 5806 de
549 5762 683 5805 nono
710 5744 915 5819 psalmo
936 5750 1197 5819 sumptum
1217 5753 1313 5799 est.
1335 5741 1463 5799 Tres
1485 5752 1657 5799 autem
1675 5741 1939 5819 uersiculi,
1959 5741 2049 5817 qui

457 5811 778 5893 sequuntur:
815 5811 1238 5881 Veloees‘pedes
1267 5829 1481 5883 eorum,
1512 5832 1696 5887 usque,
1725 5817 1869 5873 viam
1899 5811 2046 5887 pacis

2149 4698 2462 4755 ludarorum
2496 4714 2510 4752 :
2542 4695 2686 4768 quod
2713 4697 2827 4768 ipsa
2856 4706 3139 4753 avertatur
3167 4696 3236 4753 de
3266 4698 3584 4769 captivitate
3608 4704 3730 4750 tem-

2152 4807 2288 4863 pore
2311 4790 2443 4847 Elian
2469 4799 2524 4847 et
2550 4789 2733 4844 Enueh
2750 4831 2765 4856 ,
2795 4797 2854 4845 ut
2878 4789 3082 4846 Paulus
3108 4786 3281 4846 dixit:
3305 4791 3441 4847 Cum
3463 4786 3731 4863 plenitudo

2153 4886 2396 4957 gentium
2424 4882 2834 4954 subintraverit,
2859 4891 2994 4941 tunc
3014 4884 3197 4941 omnis
3219 4884 3387 4940 Israel
3418 4885 3597 4940 salvus
3624 4881 3728 4937 llet.

2155 5054 2264 5122 non
2286 5045 2677 5122 cognuverunt‘,
2702 5038 2758 5122 in
2778 5036 2924 5093 Isaia
2948 5037 3201 5122 propheta
3224 5040 3419 5112 reperi,
3441 5048 3551 5122 etc,
3574 5039 3731 5094 Porro

2157 5120 2213 5165 ut
2239 5111 2291 5165 in
2325 5106 2901 5164 Psalmum'decimum
2935 5106 3151 5164 tertium
3181 5106 3292 5165 una
3320 5126 3507 5167 omnes
3538 5112 3728 5180 impor-

2118 5224 2121 5227 .
2157 5190 2402 5252 tareutur
2428 5182 2480 5234 in
2514 5181 2685 5236 veteri
2717 5180 3405 5252 Latinainterpretatione,
3431 5196 3601 5252 eoque
3629 5194 3728 5252 ma-

2155 5252 2238 5322 gis
2272 5252 2328 5308 in
2363 5250 2613 5308 Graecum
2658 5260 2866 5309 textum
2904 5250 2959 5306 in
3002 5251 3378 5307 Alexandrino
3411 5250 3725 5322 exemplari,

2155 5320 2291 5379 illud
2331 5324 2506 5392 ipsum
2546 5323 2693 5377 Pauli
2739 5322 3111 5378 testimonium
3152 5323 3206 5379 in
3239 5338 3403 5379 causa
3431 5320 3726 5392 inin—quod

2155 5390 2363 5468 praeter
2393 5390 2643 5468 Apostoli
2688 5393 3045 5468 intentionem
3093 5404 3376 5464 acceptum
3400 5390 3723 5468 φημι-οι

2154 5462 2348 5523 eodem
2375 5465 2583 5532 psalmo
2602 5465 2800 5535 singuli
2823 5478 3015 5520 versus
3039 5474 3163 5534 puta
3173 5462 3362 5521 rentur
3381 5462 3608 5535 desumi.
3632 5462 3727 5535 Po:

2151 5538 2342 5595 stremi
2374 5544 2487 5592 tres
2517 5533 2791 5591 habentur
2814 5536 2978 5593 etiam
3007 5533 3061 5590 in
3082 5535 3393 5593 Proverbiis
3411 5551 3450 5602 t,
3477 5534 3563 5600 16,
3592 5533 3726 5604 quod

2153 5609 2533 5680 Hieronymus
2549 5606 2888 5680 dissimulat;
2918 5622 3108 5663 verum
3139 5607 3727 5680 minimejnveuireest

2150 5680 2281 5749 quid
2306 5674 2485 5734 simile
2524 5679 2575 5750 in
2615 5677 3054 5745 Deuteronomiu,
3076 5678 3221 5750 quod
3251 5676 3339 5736 hic
3368 5674 3726 5735 Pseudodiie-

2151 5764 2414 5822 ronymns
2444 5749 2636 5805 tradit.
