3944 6334
427 247 534 305 855

1229 243 1576 303 APPENDIX
1615 242 1704 300 AD
1747 239 1994 300 TOMUM
2034 238 2392 300 SEPTIMUM
2432 238 2490 295 S.
2536 235 2944 295 lllERONYMl.

3621 229 3715 290 856

414 365 776 422 detractionis
797 363 865 422 de
893 364 1066 421 fratre
1099 371 1226 420 tunc
1256 378 1365 419 non
1389 363 1619 432 accepit,
1646 360 1694 417 si
1721 360 1871 432 prius
1909 374 2016 416 non
2044 370 2096 432 Α
2123 358 2255 415 cutit
2285 372 2482 418 manus
2507 371 2634 414 suas
2672 356 2740 412 ab
2773 353 2924 412 omni
2953 369 3202 422 munere,
3249 353 3351 411 iste
3393 353 3446 410 in
3492 352 3715 410 excelsis

424 457 602 514 credit
629 457 722 515 illa
745 467 1033 530 antequam
1060 457 1270 529 probet.
1302 458 1381 512 Ac
1410 457 1454 512 si
1481 455 1656 512 dicat:
1679 455 1782 524 Qui
1808 455 1910 510 ista
1939 469 2030 512 cu-

424 550 593 608 stodit
619 568 738 623 qua:
773 550 1026 622 superius
1073 550 1230 617 dixit,
1264 550 1359 607 ille
1403 559 1490 607 est
1532 550 1650 607 sine
1689 551 1922 619 macula,
1973 558 2029 606 et

427 653 686 715 operatur
707 644 998 716 justitiam.
1050 645 1116 700 Et
1161 639 1262 700 iste
1293 644 1501 699 habitat
1550 644 1603 699 in
1654 642 2026 712 tabernaculo,

431 747 487 794 et
528 738 839 809 requiescet
885 738 940 794 in
979 746 1165 795 monte
1194 745 1388 795 saneto
1421 746 1534 806 tuo,
1563 735 1668 794 hoc
1695 744 1800 806 est,
1837 736 1890 792 in
1921 735 2030 792 vita

431 839 665 889 ωιειιηθ.

494 922 578 976 Ad
603 921 834 977 nihilum
856 923 1110 979 deductus
1135 924 1284 979 estin
1306 934 1586 995 conspectu
1607 927 1721 998 ejus
1747 923 2026 994 malignus.

428 1014 488 1072 ln
531 1015 676 1070 illius
702 1016 835 1086 justi
867 1026 1164 1089 conspectu
1201 1017 1469 1074 diabolus.
1501 1016 1634 1072 Nam
1683 1016 1738 1071 in
1787 1016 2028 1072 Ecclesia

427 1107 758 1178 quicumque
787 1109 964 1164 malus
986 1117 1092 1179 est,
1124 1108 1179 1164 in
1208 1117 1505 1179 conspectu
1535 1107 1710 1164 sancti
1735 1122 1834 1178 pro
1863 1106 2030 1162 nihilo

427 1207 798 1270 computatur.
832 1199 915 1256 Ad
945 1199 1174 1255 nihilum
1200 1199 1465 1256 deductus
1497 1209 1602 1266 est,
1629 1199 1748 1269 quia
1778 1198 1919 1271 apud
1947 1207 2027 1254 ta-

422 1293 530 1349 lem
563 1302 809 1349 sanctum
839 1308 940 1365 pro
968 1294 1139 1349 nihilo
1168 1294 1404 1351 habetur
1434 1311 1448 1349 :
1495 1293 1621 1349 dum
1650 1293 1876 1365 angelus
1906 1292 1930 1347 f
1933 1293 2028 1360 uit,

425 1393 481 1442 et
510 1386 694 1459 refuga
743 1385 916 1443 factus
945 1396 1064 1454 est;
1099 1398 1154 1443 et
1198 1387 1340 1443 sicut
1385 1387 1488 1442 fuit
1532 1385 1708 1442 factus
1739 1401 1804 1442 ex
1835 1384 2029 1452 nihilo,

418 1488 612 1549 postea
641 1493 802 1549 quam
827 1479 966 1534 bona
996 1477 1268 1550 perdidit,
1290 1478 1544 1534 redactus
1567 1487 1652 1534 est
1681 1478 1748 1534 ad
1778 1477 2027 1533 nihilum.

423 1571 494 1626 Et
521 1571 648 1627 dum
680 1570 816 1627 nihil
847 1580 954 1637 est,
983 1570 1268 1626 fortissimi
1298 1571 1473 1626 sancti
1515 1586 1626 1626 non
1655 1586 1779 1626 eum
1812 1569 2028 1625 timent.

425 1662 682 1720 Timentes
708 1673 881 1719 autem
909 1662 1197 1718 Dominum
1226 1665 1545 1735 magniﬁcat.
1571 1663 1688 1720 Vox
1720 1663 1980 1720 Ecclesiae
2012 1681 2024 1717 :

426 1757 531 1826 Qui
567 1759 757 1814 timent
796 1759 1084 1814 Dominum
1128 1760 1326 1815 timore
1372 1768 1584 1826 sancto,
1628 1758 1890 1814 Dominus
1937 1773 2033 1842 eos
2061 1765 2109 1826 Β

423 1851 764 1922 magniﬁcat.
789 1850 966 1908 Aliter
989 1852 1058 1906 ad
1084 1865 1307 1907 sensum
1331 1853 1592 1908 moralem
1619 1868 1632 1905 :
1658 1851 1917 1907 Timentes
1940 1868 2034 1906 au-

422 1956 524 2000 tem
553 1943 836 2002 Dominum
877 1947 1202 2018 magnificat.
1250 1947 1368 2002 Scit
1399 1948 1545 2004 enim
1589 1947 1642 2002 in
1674 1947 1759 2002 his
1787 1947 2034 2003 habitare

419 2037 619 2105 Deum,
651 2038 794 2094 sicut
825 2038 903 2094 ait
930 2038 1195 2096 Dominus
1230 2057 1242 2093 :
1272 2037 1376 2108 Qui
1420 2053 1522 2095 vos
1559 2038 1760 2110 diligit,
1794 2053 1883 2095 me
1911 2037 2035 2094 dili-

426 2129 507 2199 git
537 2129 724 2200 (Joan.
756 2129 897 2202 xw).

500 2222 604 2290 Qui
627 2225 779 2296 jurat
808 2226 1044 2298 proximo
1074 2241 1190 2294 suo,
1219 2235 1267 2280 et
1291 2242 1396 2280 non
1421 2226 1634 2298 decipit.
1667 2225 1772 2282 lste
1795 2225 1906 2298 jam
1936 2227 2038 2282 mi-

437 2331 540 2373 nor
562 2326 647 2374 est
666 2334 697 2374 a
720 2318 1084 2390 perfectione,
1110 2328 1167 2376 et
1195 2319 1241 2375 si
1264 2319 1408 2375 bona
1433 2319 1584 2387 facit,
1610 2320 1737 2390 quia
1774 2327 1832 2374 ct
1869 2321 1913 2374 si
1939 2335 2036 2390 pro

432 2407 750 2479 juramento
777 2423 884 2465 non
921 2408 1148 2481 decipit,
1189 2418 1370 2466 tamen
1402 2409 1788 2480 vituperantur
1818 2425 1916 2480 pro
1943 2409 2037 2466 illo

433 2513 717 2575 praecepto
739 2518 848 2575 quo
869 2505 1076 2561 dicitur
1096 2524 1108 2558 :
1133 2505 1252 2560 Non
1269 2505 1456 2576 jurare
1483 2505 1728 2570 omnino,
1750 2507 2037 2576 neque'per

430 2598 655 2665 coelum,
690 2613 866 2668 neque
894 2614 991 2668 per
1021 2608 1266 2655 terram:
1295 2600 1369 2654 sit
1389 2609 1570 2655 autem
1598 2613 1782 2656 sermo
1805 2605 1986 2654 vester
2019 2616 2033 2654 :

439 2688 671 2756 Est,est
695 2707 707 2744 :
735 2689 874 2754 Non,
909 2706 1036 2746 non.
1067 2691 1205 2760 Quia
1236 2691 1337 2746 ista
1367 2693 1638 2748 sententia
1664 2691 2035 2763 perfectornm

436 2792 544 2849 est,
574 2797 684 2838 non
712 2783 901 2855 jurarc
933 2784 1152 2858 (Matth.
1181 2783 1256 2858 v).
1288 2785 1426 2854 Quia
1449 2785 1631 2841 anima
1659 2785 1878 2857 quando
1907 2799 2034 2855 pro-

434 2880 609 2936 mittit
639 2879 732 2937 Dei
775 2891 1049 2952 pra2eepta
1077 2881 1380 2949 custodire,
1425 2882 1471 2937 si
1518 2881 1805 2952 proximus
1841 2894 2037 2950 corpus

432 2983 559 3034 est:
592 2983 720 3031 tunc
755 2976 907 3030 illum
938 2974 1184 3046 decipit,
1213 2975 1259 3030 si
1304 2975 1407 3030 hoc
1435 2974 1580 3046 quod
1608 2972 1897 3044 promittit,
1929 2986 2037 3026 non

437 3066 717 3123 observat.
751 3065 858 3132 Qui
884 3067 1155 3138 pecuniam
1199 3083 1351 3122 suam
1394 3083 1496 3122 non
1531 3065 1673 3121 dedit
1703 3065 1771 3120 ad
1801 3079 2033 3118 usuram.

2134 456 2398 512 habitabit
2428 456 2588 527 (Isai.
2622 454 2834 526 χχχιιι).

2206 556 2309 623 Qui
2337 554 2464 625 facit
2491 553 2620 619 lucc,
2649 570 2752 608 non
2773 551 3171 607 commovebitur
3202 551 3253 604 in
3285 559 3561 605 aeternum.
3599 547 3716 604 llaec

2131 650 2311 706 omnia
2335 650 2475 705 sicut
2504 648 2795 720 allegorice
2825 646 3048 703 retineri
3082 663 3095 699 :
3127 645 3200 700 ita
3228 652 3283 700 et
3305 642 3612 700 secundum
3638 640 3722 695 lit-

2131 752 2305 802 teram
2335 743 2581 814 exposita
2605 742 2867 798 custodiri
2895 741 3096 798 debent
3132 741 3186 796 in
3225 739 3487 796 moribus.
3521 737 3651 805 Quze
3678 734 3722 792 si

2130 837 2254 908 quis
2309 835 2864 907 irreprehensibiliter
2922 833 3282 898 custodierit,
3324 848 3431 888 non
3482 831 3660 886 solum
3695 844 3722 883 a

2129 929 2494 986 commotione
2537 928 2734 985 aeterni
2777 927 2976 1000 judicis
3017 942 3244 984 securus
3273 926 3405 992 erit,
3438 938 3632 980 verum
3674 931 3724 978 et

2130 1022 2292 1077 etiam
2321 1021 2499 1091 ipsum
2528 1028 2767 1076 montem
2789 1019 3312 1090 tabernaculumque
3338 1016 3572 1074 caeleste
3603 1029 3722 1086 pos—

2130 1116 2311 1173 sidere
2340 1115 2638 1171 merehitur
2669 1114 2722 1169 in
2765 1113 2984 1170 Christo
3028 1113 3157 1170 Jesu
3212 1113 3445 1169 Domino
3493 1118 3722 1167 nostro:

2131 1208 2218 1265 cui
2258 1216 2341 1263 est
2370 1207 2544 1262 honor
2572 1216 2628 1262 et
2654 1206 2825 1277 gloria
2860 1220 2985 1262 cum
3013 1215 3216 1262 aeterno
3249 1206 3412 1262 Patre
3442 1210 3498 1260 et
3526 1201 3724 1274 Spiritu

2131 1308 2319 1358 sancto
2349 1301 2402 1356 in
2431 1300 2632 1356 saecula
2655 1299 3003 1356 sreculorum.
3038 1301 3236 1356 Amen.

2700 1431 3019 1490 PSALMUS
3056 1431 3174 1487 XV.

2132 1531 2296 1589 Tituli
2323 1529 2594 1602 inscriptio
2612 1529 2710 1602 ipsi
2737 1526 2932 1582 David.
2965 1527 3128 1582 Tituli
3158 1525 3442 1597 inscriptio
3465 1525 3521 1581 in
3553 1533 3721 1578 tumu—

2206 1603 2292 1666 lis,
2324 1611 2381 1658 et
2411 1602 2464 1657 in
2487 1601 2776 1670 sepulcris
2805 1610 2918 1669 est,
2955 1615 3076 1670 qua:
3108 1608 3446 1670 mortuorum
3498 1611 3726 1670 corpora

2207 1681 2412 1729 tenent.
2457 1667 2708 1742 Pro—quo
2733 1667 2924 1741 Aquila
2951 1667 3007 1726 et
3053 1669 3436 1742 Symmachus,
3487 1667 3726 1742 humilem

2207 1755 2255 1799 et
2301 1743 2584 1816 simplicem
2618 1739 3116 1816 immaculatutnqué
3153 1749 3496 1816 posuerunt:
3532 1739 3728 1816 signiti-

2210 1812 2693 1884 canles'psalmum
2742 1814 2808 1868 ad
2858 1812 3130 1869 Christum
3180 1812 3402 1882 proprie
3459 1812 3729 1884 pertinere

2209 1882 2478 1942 dicentem
2513 1905 2528 1945 :
2564 1886 2766 1941 Discite
2796 1900 2824 1939 a
2872 1901 2959 1940 me
2983 1887 3106 1952 quia
3139 1884 3282 1938 mitis
3311 1898 3430 1937 sum
3474 1891 3532 1936 et
3568 1882 3730 1934 humi-

2209 1958 2279 2014 lis
2304 1957 2490 2026 cordc,
2533 1967 2589 2012 et
2628 1966 2944 2029 mansuetus
2984 1955 3198 2029 (Matth.
3238 1953 3646 2029 xt)._[‘salmus,
3679 1961 3731 2006 ut

2210 2025 2641 2097 diximus,regis
2683 2026 2853 2082 nostri
2886 2025 3098 2091 vocem,
3145 2040 3305 2097 quam
3355 2025 3410 2079 in
3455 2032 3729 2097 assumpto

2213 2100 2436 2156 homine
2453 2093 2701 2167 profert,
2732 2099 2851 2152 sine
2880 2093 3246 2152 diminutione
3286 2093 3729 2167 retinetideitatis

2211 2173 2440 2227 missam
2468 2164 2519 2222 ’τι
2577 2164 2759 2224 Patre.
2814 2169 3009 2235 David,
3066 2168 3119 2223 id
3169 2178 3271 2235 est,
3307 2167 3427 2237 ipse
3453 2164 3726 2221 Christus.

2211 2243 2318 2299 Iste
2346 2243 2587 2314 psalmus
2616 2242 2683 2296 ad
2715 2241 3020 2310 passionem
3056 2240 3314 2309 pertinet.
3352 2237 3494 2314 Tres
3524 2246 3652 2292 sunt
3671 2238 3730 2290 ti-

2213 2311 2476 2383 tulifqui
2519 2314 2875 2368 scribuntur:
2915 2326 3080 2383 unus,
3115 2325 3278 2383 super
3319 2311 3728 2383 tumulosmor-

2211 2380 2425 2441 tuorum
2460 2403 2472 2438 :
2522 2384 2679 2451 alius,
2715 2384 2767 2436 in
2819 2381 3096 2436 liminibus
3126 2381 3382 2445 civitatis,
3415 2381 3513 2451 vel,
3548 2380 3728 2451 domo-

2212 2472 2333 2512 rum
2360 2475 2374 2510 :
2404 2456 2620 2523 tertius,
2656 2457 2710 2510 in
2740 2452 2964 2508 victoria
2997 2454 3162 2522 regis.
3198 2452 3296 2507 Hic
3324 2467 3457 2523 ergo
3482 2450 3558 2506 de
3585 2450 3728 2505 titulo

2211 2526 2451 2582 victoria:
2474 2527 2616 2596 regis
2647 2525 2778 2580 dicit
2811 2541 2826 2580 :
2855 2523 3000 2579 sicut
3029 2524 3132 2580 iste
3179 2539 3277 2578 rex
3322 2522 3445 2596 fuit,
3502 2524 3608 2596 hoc
3654 2531 3727 2576 est

2212 2597 2484 2664 Christus,
2520 2593 2573 2652 et
2603 2597 2701 2651 fuit
2723 2598 2980 2666 scriptum
3007 2611 3171 2663 super
3197 2605 3363 2664 caput
3402 2593 3612 2666 ejttsrin
3646 2608 3730 2663 pa-

2213 2669 2344 2725 scha
2373 2679 2494 2739 post
2523 2665 2906 2733 victoriant,id
2934 2675 3038 2732 est,
3061 2665 3726 2739 postvictmndiabolum.

2211 2736 2494 2810 redempto
2525 2739 2760 2794 humano
2788 2752 3009 2810 genere,
3045 2742 3216 2810 tribuis
3255 2736 3516 2810 linguis”:
3553 2736 3599 2789 id
3629 2746 3725 2810 est,

2213 2805 2424 2876 Grmce,
2456 2810 2741 2875 llehraiee,
2791 2805 2844 2863 et
2895 2809 3106 2863 Latine.
3152 2808 3305 2864 Unde
3335 2805 3391 2862 et
3416 2807 3622 2862 Pilatus
3650 2805 3727 2860 di-

2211 2884 2329 2936 xit:
2370 2881 2523 2950 Quod
2549 2881 2766 2950 scripsi,
2801 2881 3014 2948 scripsi.
3055 2881 3121 2933 Et
3148 2882 3328 2949 pOSnit
3357 2893 3532 2950 super
3567 2886 3726 2945 caput

2211 2949 2943 3020 ipsius’causam’Christi:
3008 2950 3107 3006 llic
3135 2960 3217 3006 cst
3264 2965 3359 3006 rex
3417 2949 3725 3005 Judaaorunt

2213 3024 2429 3096 (Matth.
2457 3025 2650 3096 xxvu).

430 3160 550 3217 Etsi
584 3177 691 3217 non
724 3169 917 3232 peccet
945 3161 1066 3231 quis
1096 3175 1161 3216 eo
1185 3160 1328 3232 quod
1369 3169 1629 3232 quantum
1671 3159 1787 3226 dat,
1818 3166 2026 3214 tantum
2056 3152 2102 3215 C
2205 3157 2465 3214 Conserva
2496 3175 2596 3228 me,
2645 3157 2885 3227 Domine,
2926 3159 3176 3231 quoniam
3206 3159 3259 3212 in
3287 3169 3335 3213 te
3363 3159 3588 3228 sperari.
3619 3156 3725 3212 Vox

427 3254 667 3324 recipit:
705 3263 886 3309 tamen
915 3253 1186 3325 perfectio
1217 3268 1323 3309 non
1352 3262 1436 3310 est
1462 3274 1476 3310 :
1510 3254 1634 3325 quia
1664 3253 1869 3309 dictum
1897 3258 1984 3307 cst
2013 3269 2026 3305 :

430 3347 650 3419 Frange
693 3347 958 3405 esurienti
992 3362 1186 3418 panem
1213 3356 1363 3403 tuum
1395 3347 1555 3421 (Isai.
1587 3347 1683 3417 ιι).
1719 3347 1788 3402 Ει
1818 3345 2030 3400 beatius

432 3449 521 3498 est
549 3441 724 3512 magis
753 3441 908 3506 dare,
953 3455 1114 3511 quam
1155 3442 1404 3511 accipere
1434 3440 1578 3510 (Act.
1623 3443 1702 3507 ι).
1736 3438 2030 3509 Usquequo

438 3533 509 3588 ad
553 3532 655 3588 iSta
699 3531 979 3604 pervenit,
1013 3532 1196 3587 minor
1223 3540 1309 3587 est
1337 3547 1365 3586 a
1415 3530 1768 3603 perfectione.
1814 3529 2026 3585 Aliter:

440 3624 678 3681 Pecunia
706 3625 921 3680 Domini
949 3631 1033 3680 est
1052 3623 1368 3694 praedicatio
1398 3641 1411 3678 :
1467 3622 1622 3677 multi
1654 3621 1850 3676 nolunt
1884 3620 2030 3675 illam

438 3717 668 3787 donare,
701 3719 745 3774 si
772 3717 972 3774 exinde
1001 3716 1237 3788 pretium
1269 3731 1376 3771 non
1400 3715 1695 3786 recipiunt.
1734 3713 1940 3770 Tamen
1968 3713 2033 3769 li-

435 3823 525 3871 cet
553 3815 756 3871 victum
786 3821 841 3869 et
885 3814 1144 3868 vestitum
1176 3813 1245 3867 de
1287 3813 1406 3882 ipsa
1452 3809 1843 3882 praedicatione
1892 3808 2035 3864 acci-

433 3923 567 3978 pere
605 3906 766 3977 (sicut
805 3913 1030 3960 sanctus
1075 3903 1270 3960 Paulus
1318 3903 1516 3974 dicit):
1568 3902 1797 3972 amplius
1837 3901 2032 3958 exinde

431 3997 571 4053 nihil
617 3997 840 4063 habere,
890 3995 1035 4052 sicut
1082 3995 1249 4052 dicit:
1283 3994 1387 4063 Qui
1428 3995 1781 4065 Evangelium
1836 3993 2034 4064 prazdi-

441 4100 591 4159 cant,
623 4091 691 4146 de
723 4091 1020 4162 Evangelia
1048 4090 1233 4147 vivere
1264 4089 1309 4162 (l
1345 4089 1465 4147 Cor.
1515 4089 1617 4161 ts).
1664 4089 1732 4143 Et
1769 4087 2033 4142 Dominus

437 4185 554 4239 ait:
591 4183 792 4254 Dignus
833 4194 916 4239 est
962 4185 1249 4254 operarius
1279 4183 1401 4239 cibo
1433 4197 1531 4238 suo
1557 4180 1778 4254 (Matth.
1812 4179 1888 4252 ι).
1925 4179 2031 4237 Sed

434 4274 527 4345 qui
563 4275 682 4345 plus
722 4275 1005 4346 requirere
1049 4275 1311 4340 voluerit,
1359 4277 1412 4329 in
1458 4288 1677 4329 usuram
1727 4281 2031 4342 reputatur.

435 4368 598 4426 Unde
627 4370 830 4425 Paulus
857 4369 1030 4426 dicit:
1071 4369 1128 4426 Si
1177 4370 1336 4425 vobis
1385 4368 1689 4440 spiritualia
1738 4368 2033 4423 seminavi-

436 4475 585 4527 mus,
617 4475 871 4531 magnum
903 4471 988 4518 est
1013 4462 1059 4517 si
1085 4469 1265 4517 vestra
1287 4460 1530 4517 carnalia
1554 4468 1818 4515 metamus
1837 4459 1881 4531 (l
1909 4459 2030 4515 Cor.

2135 3250 2336 3308 Christi
2365 3252 2430 3306 ad
2476 3253 2698 3308 Patrem
2725 3251 2780 3306 in
2824 3253 3108 3320 passione,
3156 3251 3209 3306 in
3239 3265 3471 3322 persona
3505 3250 3728 3307 hominis

2135 3347 2421 3416 assumpti.
2473 3346 2553 3401 Ac
2608 3346 2654 3400 si
2703 3345 2894 3402 dicat:
2930 3347 2970 3400 A
3006 3345 3198 3411 Patre,
3253 3359 3284 3398 a
3340 3360 3447 3416 quo
3485 3344 3650 3408 exivi,
3678 3344 3726 3398 in

2134 3440 2387 3510 passione
2409 3437 2683 3495 custodiar
2713 3457 2726 3493 :
2757 3439 2882 3509 quia
2913 3447 2970 3492 tu
3012 3453 3071 3492 es
3115 3451 3241 3508 spes
3285 3452 3431 3492 mea.
3465 3435 3598 3490 Diri
3627 3435 3726 3490 Do-

2135 3531 2299 3598 mino,
2327 3530 2468 3585 Deus
2499 3546 2642 3584 uicus
2670 3547 2720 3584 es
2751 3538 2823 3584 tu.
2856 3529 3106 3584 Ostendit
3131 3545 3189 3584 se
3220 3529 3502 3584 hominem
3547 3529 3596 3582 in
3642 3527 3730 3581 hu-

2134 3624 2366 3680 militate
2420 3624 2623 3692 carnis,
2672 3638 2794 3679 cum
2845 3623 3070 3694 mqualis
3117 3623 3188 3677 sit
3239 3621 3292 3676 in
3349 3620 3729 3692 omnipotentis

2135 3719 2438 3790 maiestatis
2467 3734 2481 3771 :
2521 3719 2650 3789 quia
2677 3719 2721 3773 si
2766 3718 3016 3786 dixisset,
3065 3717 3327 3771 Dominus
3369 3731 3527 3771 meus
3552 3732 3609 3772 es
3639 3727 3725 3772 tu:

2138 3812 2334 3868 Filium
2367 3812 2632 3867 minorem
2683 3810 3141 3878 demonstrasset,
3198 3811 3416 3866 Patrem
3450 3810 3725 3881 majorem.

2135 3902 2431 3975 Propterea
2463 3902 2644 3958 dixit:
2674 3901 2800 3957 Dixi
2835 3900 3082 3970 Domino,
3133 3902 3275 3958 Deus
3331 3921 3475 3957 meus
3531 3920 3584 3956 es
3633 3912 3682 3955 tu
3714 3917 3730 3956 :

2135 3998 2259 4067 quia
2291 3997 2341 4051 in
2372 3996 2656 4051 divinitate
2686 3995 2913 4065 mqualis
2943 4005 3027 4051 est
3079 3996 3247 4052 Patri.
3301 3997 3443 4062 Quia
3489 3997 3728 4049 bonorum

2135 4105 2364 4144 meorum
2388 4106 2494 4143 non
2521 4088 2743 4159 indiges.
2771 4088 3032 4144 Eamdem
3060 4087 3260 4144 lineam
3290 4098 3346 4143 et
3386 4089 3441 4142 in
3473 4088 3579 4143 Job
3607 4087 3731 4142 scti-

2137 4191 2282 4254 ptam
2316 4183 2572 4254 legimus.
2605 4181 2746 4249 Quid
2779 4183 3025 4252 prodest,
3063 4182 3108 4236 si
3156 4192 3211 4236 ltl
3240 4181 3541 4252 simplicem
3577 4179 3728 4235 facias

2135 4276 2278 4332 viam
2311 4278 2500 4333 tuam?
2529 4276 2794 4332 Universa
2827 4277 2989 4347 igitur
3016 4277 3158 4331 bona
3188 4291 3310 4348 qua:
3354 4276 3617 4332 Dominus
3652 4290 3729 4327 se-

2137 4369 2371 4427 cundum
2405 4369 2634 4425 formam
2664 4369 2806 4424 servi
2829 4371 2881 4424 in
2911 4384 3078 4424 carne
3107 4369 3472 4425 monstravit:
3500 4383 3609 4424 non
3638 4367 3728 4423 Pa-

2138 4463 2208 4520 tri
2239 4472 2491 4536 prosunt,
2522 4463 2617 4519 sed
2650 4462 2836 4534 generi
2879 4463 3138 4517 humano.
3177 4462 3441 4529 Quoniam
3487 4461 3726 4515 bonorum

434 4552 558 4623 lx)?
600 4551 679 4607 Ac
706 4553 752 4608 si
785 4553 930 4609 dicat
961 4571 974 4607 :
1025 4553 1144 4609 Non
1197 4562 1281 4609 est
1326 4568 1579 4625 magnum
1628 4551 1894 4608 adversus
1941 4552 2033 4608 illa
2060 4544 2112 4604 D
2138 4575 2367 4612 meorum
2394 4574 2498 4612 non
2519 4573 2656 4630 eges.
2692 4555 2805 4612 Vox
2838 4553 3064 4610 ChriSIi.
3097 4555 3231 4621 Quae
3257 4565 3387 4612 sunt
3409 4555 3552 4610 bona
3575 4552 3724 4610 Chri-

437 4646 744 4717 spiritualia
760 4662 884 4717 qua:
902 4646 1062 4703 vobis
1091 4649 1480 4703 annuntiamus
1505 4666 1518 4702 :
1551 4647 1825 4704 Habentes
1852 4655 2032 4702 autem

439 4742 670 4805 victum.
706 4741 791 4797 his
828 4742 1069 4798 contenti
1107 4743 1278 4797 simus
1310 4742 1354 4815 (ι
1404 4741 1538 4797 Tim.
1573 4742 1673 4813 vt).
1699 4741 1850 4798 Sicut
1890 4742 2033 4796 enim

439 4843 670 4900 visibilis
692 4843 921 4914 pecunia
944 4842 1256 4915 prohibetur
1275 4843 1342 4898 ad
1365 4857 1582 4899 usuram
1607 4843 1747 4912 dari,
1775 4857 1842 4898 ne
1867 4842 1912 4898 is
1943 4843 2034 4911 qui

436 4943 770 5013 commodat,
798 4945 969 5015 magis
998 4944 1234 5014 spoliet:
1268 4945 1337 4998 ita
1373 4953 1429 5000 et
1458 4945 1684 5000 verbum
1725 4945 1844 5010 Dei,
1890 4943 2033 5015 quod

440 5055 527 5102 est
572 5062 767 5119 magna
802 5046 1052 5118 pecunia,
1088 5061 1195 5102 non
1237 5054 1442 5103 tantum
1473 5047 1730 5105 divitibus
1773 5048 1866 5120 qui
1912 5063 2038 5119 pas-

437 5158 572 5205 cunt
600 5161 656 5205 et
685 5159 994 5219 munerant,
1023 5165 1213 5206 verum
1239 5153 1402 5207 etiam
1435 5151 1802 5224 indigentibus
1831 5162 1884 5208 et
1906 5169 2039 5223 pau-

438 5251 662 5320 peribus
682 5253 851 5322 gratis
877 5252 1038 5308 debet
1066 5251 1327 5310 insinuari
1361 5271 1374 5308 :
1409 5253 1637 5309 Domino
1668 5255 1746 5308 sic
1772 5254 1990 5310 dicente
2020 5273 2032 5308 :

441 5348 627 5405 Gratis
654 5353 962 5422 accepistis,
994 5353 1163 5424 gratis
1203 5352 1325 5408 date
1356 5352 1576 5426 (Matth.
1611 5355 1689 5424 x).
1727 5353 1794 5409 Et
1822 5370 2035 5409 munera

434 5467 592 5522 super
623 5453 944 5508 innocentem
974 5469 1079 5508 non
1115 5455 1336 5525 accepit,
1370 5462 1432 5509 ut
1457 5469 1566 5510 non
1596 5455 1920 5512 conturbent
1940 5457 2030 5526 ju-

435 5553 637 5608 dicium
683 5554 953 5621 veritatis,
1003 5570 1226 5612 munera
1259 5554 1572 5612 offerentes.
1607 5555 1676 5611 Et
1725 5556 1923 5611 aliter:
1957 5555 2035 5612 Ne

433 5653 631 5710 similis
655 5654 807 5711 Judze
828 5654 1128 5712 efficiatur:
1155 5659 1268 5727 qui,
1288 5665 1511 5729 accepto
1537 5659 1745 5730 argenti
1767 5658 2030 5728 pondere,

431 5755 674 5813 vendidit
701 5760 1067 5818 innocentem.
1102 5757 1254 5814 Sicut
1279 5759 1542 5831 prepheta
1576 5761 1706 5817 dicit
1742 5777 1755 5816 :
1793 5760 1895 5827 Qui
1931 5775 2032 5818 ex-

2140 4651 2251 4707 sti?
2277 4650 2388 4706 Hoc
2431 4658 2537 4713 est,
2572 4649 2897 4716 incarnatio,
2945 4648 3146 4718 passio,
3184 4649 3537 4714 resurrectio,
3569 4658 3622 4702 et
3652 4662 3728 4701 re-

2140 4745 2378 4816 demptio
2411 4755 2620 4800 nostra.
2655 4743 2748 4798 Vel
2770 4743 2927 4798 aliter
2958 4759 2970 4796 :
3010 4742 3159 4797 Bona
3198 4752 3349 4807 sunt,
3381 4741 3504 4797 caeli
3537 4750 3592 4796 et
3615 4755 3725 4812 qua:

2139 4840 2197 4896 in
2219 4836 2299 4892 eis
2328 4844 2478 4902 sunt,
2524 4844 2579 4890 et
2608 4843 2750 4890 terra
2780 4835 2945 4900 bona,
2986 4843 3040 4888 et
3081 4848 3203 4905 quae
3236 4835 3290 4889 in
3321 4848 3386 4890 ea
3425 4842 3574 4901 sunt,
3615 4848 3725 4903 qua:

2145 4931 2284 4987 Deus
2313 4929 2537 4985 creavit.
2571 4929 2698 4983 llarc
2745 4929 2907 4983 Pater
2941 4943 3040 4984 nec
3072 4939 3359 4998 postquam
3401 4927 3544 4982 facta
3587 4934 3721 4991 sunt,

2143 5022 2371 5092 indiguit
2403 5039 2416 5076 :
2448 5036 2549 5078 nee
2591 5029 2772 5077 antea.
2804 5019 2904 5076 Ista
2939 5019 3086 5076 Patri
3117 5035 3227 5076 non
3268 5029 3398 5076 sunt
3439 5033 3603 5090 opus,
3632 5033 3723 5074 nec

2143 5114 2480 5171 necessaria.
2508 5113 2612 5170 Sed
2644 5113 2768 5167 cui?

2212 5208 2422 5264 Sanctis
2451 5209 2538 5279 qui
2563 5210 2618 5262 in
2649 5219 2786 5263 terra
2813 5216 2931 5263 sunt
2954 5212 3088 5282 ejus.
3119 5207 3240 5263 Istis
3262 5209 3380 5263 hazc
3406 5207 3586 5262 omnia
3608 5213 3723 5262 sunt

2139 5305 2470 5360 necessaria.
2502 5301 2570 5356 In
2598 5312 2732 5358 terra
2763 5312 2883 5358 sunt
2910 5307 3043 5376 ejus,
3096 5303 3146 5358 id
3198 5312 3302 5371 est,
3351 5302 3406 5358 in
3455 5301 3717 5359 Ecclesia.

2140 5395 2436 5464 Miriﬁcavit
2469 5410 2646 5450 omnes
2689 5394 2980 5449 voluntates
3007 5411 3129 5450 suas
3154 5395 3288 5449 inter
3309 5395 3443 5450 illos.
3475 5393 3718 5448 Christus

2138 5503 2237 5559 per
2264 5496 2481 5544 sanctos
2503 5503 2631 5545 suos
2658 5489 2923 5560 mysteria
2958 5502 3054 5544 sua
3085 5488 3398 5544 miriﬁcavit
3426 5506 3436 5541 :
3471 5486 3576 5544 hoc
3602 5496 3716 5543 est:

2137 5583 2523 5653 magniﬁcavit.

2210 5671 2574 5745 Mttltiplicattc
2601 5682 2716 5729 sunt
2748 5675 3073 5744 inﬁrmitates
3117 5691 3296 5731 eorum
3323 5693 3342 5731 :
3370 5683 3543 5746 postea
3578 5691 3712 5730 acre-

2135 5765 2438 5820 lerarerunt.
2474 5765 2679 5822 Gentes
2722 5765 2791 5820 de
2831 5767 3027 5838 quibus
3071 5783 3213 5823 nunc
3261 5768 3552 5824 Ecolesiam
3592 5783 3710 5822 con-
