3944 6334
229 352 314 410 857
997 341 1427 401 BREVIARIUM
1470 340 1534 399 IN
1575 343 1655 401 PS
1675 343 1908 402 \LMOS.
1962 343 2210 403 PSAIM.
2258 343 2350 402 XV
2404 343 2494 402 ΕΤ
2550 346 2690 403 XVI.

224 485 363 546 grego
409 487 422 525 :

221 570 366 623 Deum
393 565 706 620 naturaliter
735 575 1024 621 noverant.
1053 565 1160 622 Sed
1191 574 1481 638 postquam
1513 566 1781 636 multipli-

221 671 322 718 cata
347 669 464 716 sunt
492 658 658 728 idola,
687 659 831 731 quod
864 659 1220 730 Septuaginta
1249 661 1580 730 inﬁrmitates
1611 660 1781 716 inter-

221 753 390 827 pretati
417 763 540 808 sunt
573 770 586 808 :
615 753 992 825 relinquentes
1019 769 1104 823 ea,
1139 753 1204 810 ad
1231 770 1316 811 me
1341 754 1632 812 celerrime
1656 764 1784 811 sunt

219 846 425 904 reversi.

280 941 388 995 Non
409 940 725 1012 congregabo
749 941 1100 996 conventicula
1124 956 1303 996 eorum
1327 942 1389 996 de
1413 943 1636 1013 sanguin
1647 941 1778 996 ibus.

218 1035 333 1102 Quia
358 1032 651 1104 spiritualis
696 1041 780 1088 est
828 1033 1022 1105 religio
1076 1034 1202 1090 novi
1253 1033 1615 1090 Testamenti.
1670 1033 1783 1088 Nec

215 1144 382 1182 memor
408 1142 493 1181 ero
521 1127 788 1180 nominum
815 1143 991 1181 eorum
1024 1144 1113 1195 per
1147 1127 1284 1182 labia
1328 1144 1460 1182 mea.
1509 1128 1782 1184 Mutamur

213 1221 386 1291 quippe
415 1220 465 1274 in
508 1219 722 1274 lavacro
756 1238 769 1273 :
800 1229 855 1276 et
895 1235 964 1276 ex
1013 1221 1136 1276 ﬁliis
1184 1221 1491 1288 hominum,
1524 1236 1782 1278 vocamur

212 1314 318 1371 Filii
351 1314 461 1368 Dei.
499 1313 612 1368 Nec
636 1329 832 1368 memor
885 1330 972 1370 ero
1015 1316 1285 1370 nominum
1315 1332 1492 1370 eorum
1522 1332 1615 1388 per
1644 1314 1782 1368 labia

211 1425 323 1462 mea.
349 1406 456 1461 Vox
486 1406 716 1464 Christi.
739 1406 849 1463 Nec
875 1422 1085 1464 memor
1113 1423 1210 1463 ero
1239 1409 1466 1464 istorum
1499 1408 1778 1478 apostolo-

209 1516 310 1556 rum
341 1502 639 1566 nominum,
693 1517 816 1572 qua:
863 1501 1014 1572 prius
1061 1510 1189 1557 ante
1238 1502 1400 1557 ﬁdem
1455 1502 1780 1565 habuerunt,

204 1594 397 1666 quando
424 1594 807 1651 inﬁdelitatem
856 1595 1185 1652 habuerunt.
1235 1594 1331 1650 llla
1370 1611 1480 1650 non
1523 1593 1783 1650 recorda-

205 1684 288 1741 bor
315 1703 328 1740 :
357 1686 479 1758 quia
507 1687 887 1744 crescentibus
917 1688 1154 1757 meritis,
1187 1686 1410 1743 nomina
1437 1687 1623 1742 addita
1653 1696 1782 1743 sunt

203 1794 346 1846 nova,
373 1781 519 1836 sicut
544 1781 845 1852 Abraham,
875 1781 1019 1837 sicut
1047 1795 1102 1838 et
1127 1785 1285 1850 Sara,
1321 1783 1464 1838 sicut
1506 1782 1692 1848 Petro,
1725 1794 1780 1838 et

204 1874 431 1945 reliquis,
463 1877 588 1946 quia
622 1889 785 1932 antea
808 1878 949 1934 servi
973 1879 1208 1949 peccati,
1238 1877 1333 1934 sed
1363 1887 1550 1948 postea
1581 1878 1772 1933 amici:
1808 1865 1855 1928 Β
1882 1888 1966 1936 εει
2007 1879 2256 1936 mundus.
2305 1880 2482 1936 Aliter
2530 1899 2543 1934 :

199 1968 318 2024 sicut
350 1969 611 2026 Dominus
653 1970 836 2026 dixit:
889 1971 1007 2027 Jam
1040 1987 1147 2028 non
1193 1972 1368 2028 dicam
1416 1987 1513 2026 vos
1562 1986 1774 2038 servos,

199 2059 280 2114 sed
319 2063 524 2116 amicos
553 2060 739 2134 (Joan.
783 2063 897 2134 xv).
947 2064 1012 2118 Et
1054 2073 1277 2120 sanctus
1325 2064 1525 2120 Paulus
1573 2063 1774 2132 fuerat,

198 2152 389 2222 quando
412 2154 635 2211 dicebat
665 2173 678 2210 :
720 2155 944 2212 Fuimus
972 2157 1267 2228 aliquando
1293 2167 1347 2213 et
1391 2173 1489 2214 nos
1519 2159 1692 2224 stulti,
1722 2167 1778 2214 et

198 2245 446 2303 increduli
496 2248 640 2304 sicut
680 2259 736 2306 et
781 2251 1002 2317 catteri;
1053 2250 1148 2306 sed
1201 2250 1634 2306 misericordiam
1679 2251 1774 2306 Dei

196 2341 450 2396 consecuti
485 2357 674 2398 sumus
703 2342 835 2413 (Tit.
888 2344 994 2416 ιιι).
1048 2345 1118 2399 Ει
1170 2347 1364 2400 iterum
1401 2363 1412 2398 ε
1455 2344 1562 2401 Sed
1603 2344 1776 2400 abluti

197 2430 340 2498 estis;
371 2432 468 2488 sed
492 2435 817 2490 sanctiﬁcati
857 2438 990 2491 estis
1021 2437 1062 2508 (l
1091 2434 1210 2492 Cor.
1243 2437 1340 2508 vr).
1641 2495 1644 2498 .

255 2521 504 2581 Dominus
527 2543 649 2596 pars
674 2529 991 2584 ltwreditatis
1019 2546 1165 2584 mete.
1209 2529 1320 2584 Vox
1349 2528 1548 2586 Christi
1579 2530 1645 2587 ad
1668 2531 1775 2587 Pa-

196 2623 335 2672 trem.
366 2618 672 2678 Hrereditas
713 2621 940 2689 Christi,
975 2622 1220 2679 Ecclesia
1257 2634 1360 2690 εει,
1413 2633 1469 2680 ει
1517 2624 1776 2680 Dominus

194 2721 264 2767 est
292 2729 414 2784 pars
443 2718 701 2788 corporis
726 2719 831 2774 sui.
877 2719 983 2774 Pro
1026 2729 1180 2792 parte
1226 2720 1462 2777 hominis
1511 2720 1776 2790 assumpti

195 2803 305 2860 dicit
334 2826 345 2859 :
377 2809 508 2880 quia
541 2811 636 2867 ille
677 2814 894 2884 accepit
923 2815 991 2869 de
1037 2825 1227 2870 nostro
1259 2815 1674 2883 humanitatem,
1722 2827 1776 2872 et

192 2912 282 2953 nos
309 2900 377 2957 de
405 2919 509 2959 suo
542 2905 1036 2965 immortalitatem.
1076 2909 1145 2963 Et
1194 2912 1374 2967 calicis
1420 2915 1540 2968 mei.
1591 2913 1773 2979 Quare

191 2988 313 3046 dixit
335 2995 616 3052 calicem?
643 2998 778 3066 Quia
829 3017 926 3071 per
965 3002 1190 3058 calicem
1241 3004 1436 3074 accipit
1478 3005 1773 3075 unusquis-

190 3097 282 3152 que
300 3084 459 3156 juxta
489 3105 800 3146 mensuram
838 3112 847 3145 :
878 3093 973 3149 sed
1002 3093 1252 3150 Christus
1281 3096 1574 3166 plusquam
1605 3112 1776 3152 ment-

189 3175 271 3232 hra
305 3195 396 3238 sua
433 3203 443 3237 :
484 3195 542 3240 ut
573 3185 649 3239 ait
691 3186 889 3242 Paulus
926 3207 935 3240 :
988 3187 1090 3258 Qui
1143 3198 1228 3246 est
1277 3191 1673 3262 primogenitus
1720 3192 1772 3248 in

3373 345 3479 404 858

465 478 751 542 antequam
805 467 949 526 idola
999 485 1189 526 eorum
1245 469 1743 542 multiplicareutur
1767 511 1782 536 ,
1811 475 1860 535 Α
1890 471 2062 541 gratia
2089 485 2272 526 coram
2308 470 2418 526 Deo
2447 478 2502 526 et
2528 468 2840 527 hominibus
2869 470 3024 544 (an.
3053 469 3138 543 it).
3179 470 3406 542 Insuper
3432 479 3480 524 et

1887 579 2048 636 usque
2078 565 2146 617 ad
2169 574 2365 619 noctem
2399 563 2762 637 increpuerunt
2791 581 2870 619 me
2896 580 3040 621 renes
3070 565 3190 620 mei.
3223 564 3476 630 Noctem,

1887 666 2101 728 tempus
2123 659 2390 729 signiﬁcat
2417 657 2689 728 passionis
2721 675 2734 710 :
2765 659 2817 714 in
2844 674 2955 730 quo
2986 659 3234 715 interiori
3262 657 3476 714 erudita

1885 762 1970 809 est
1997 752 2282 808 divinitate
2305 753 2541 808 humana
2572 751 2861 823 fragilitas.
2895 751 3121 826 Insuper
3147 761 3195 806 et
3231 766 3391 824 usque
3411 751 3480 805 ad

1886 854 2084 899 noctem
2114 847 2477 913 increptterunt
2506 863 2583 900 me
2605 862 2750 900 renes
2773 846 2892 901 mei.
2924 844 3331 902 Delectatioues
3361 858 3479 901 car-

1884 940 2035 996 nales
2064 949 2190 994 tunc
2220 955 2306 996 me
2329 941 2638 1010 increpant,
2667 939 2885 1012 quando
2914 938 3044 994 mihi
3090 945 3394 1010 suggerunt
3422 945 3481 992 ut

1885 1051 2128 1108 peccem,
2159 1037 2378 1109 quando
2409 1037 2716 1093 delectatur
2745 1053 2896 1094 caro.
2928 1036 3037 1094 Sed
3061 1037 3162 1093 nisi
3197 1047 3253 1092 tu
3283 1035 3479 1092 fuisses

1883 1145 1914 1184 a
1941 1129 2167 1195 dextris,
2205 1129 2433 1187 forsitan
2464 1130 2790 1187 iuﬁrmarer.

1957 1219 2301 1276 Providebam
2361 1219 2645 1276 Dominum
2689 1223 2742 1276 in
2789 1231 3059 1295 conspectu
3097 1237 3212 1276 meo
3255 1237 3479 1292 sentper.
3508 1289 3521 1303 θ

1883 1313 2057 1369 Filius
2089 1314 2330 1381 Patrem,
2382 1314 2629 1370 Ecclesia
2669 1313 2965 1370 Christum.
3001 1314 3257 1382 Quoniam
3295 1331 3328 1367 a
3354 1314 3482 1367 dea-

1884 1407 1976 1460 tris
2019 1416 2093 1461 est
2133 1406 2260 1460 mihi
2298 1423 2360 1460 ne
2390 1421 2727 1460 commoveor.
2776 1407 2854 1462 Ac
2882 1407 2928 1462 si
2963 1405 3153 1463 dicat:
3187 1405 3243 1462 Si
3283 1415 3338 1460 tu
3370 1419 3480 1460 non

1882 1501 2079 1556 fuisses
2111 1500 2390 1566 adextris,
2428 1500 2655 1556 forsitan
2701 1509 3009 1558 commotus
3054 1515 3232 1558 essent
3261 1500 3330 1557 de
3373 1500 3479 1556 ﬁdo

1882 1594 1949 1650 ad
1978 1593 2384 1662 inﬁdelitatem,
2407 1593 2475 1650 de
2506 1594 2651 1650 bono
2681 1593 2746 1648 ad
2779 1594 2999 1649 malum.

1955 1684 2182 1758 PrOpter
2230 1686 2327 1741 hoc
2354 1687 2584 1742 (relatum
2629 1695 2705 1742 est
2734 1702 2824 1740 cor
2872 1702 3061 1752 meum,
3097 1693 3200 1742 etc.
3248 1684 3480 1757 Propter

1884 1786 2348 1842 resurrectionem
2381 1787 2596 1842 laetatus
2617 1800 2764 1850 sum,
2788 1783 2916 1856 quia
2949 1797 3046 1855 per
3068 1798 3189 1839 eam
3211 1781 3476 1838 liberatus

2595 1878 2822 1948 Propter
2860 1877 2960 1933 hoc
2997 1877 3228 1933 lentatum
3278 1884 3352 1931 est
3387 1890 3478 1931 cor

1882 1988 2070 2039 meum,
2106 1983 2154 2026 et
2184 1972 2466 2028 exsultavit
2491 1972 2674 2044 lingua
2697 1987 2833 2026 mea.
2868 1970 3102 2042 Propter
3133 1968 3296 2036 istud,
3331 1966 3478 2039 quod

1882 2084 1970 2124 me
2000 2069 2250 2141 adjuvas,
2274 2083 2371 2125 cor
2399 2084 2579 2124 meum
2625 2069 2868 2134 laztatur,
2900 2067 3081 2138 lingua
3130 2079 3250 2120 mea
3280 2061 3478 2134 przedi-
3570 2110 3584 2119 .

1878 2171 1990 2217 cat.
2013 2161 2239 2232 Insuper
2259 2172 2308 2218 et
2324 2179 2446 2217 caro
2469 2179 2580 2217 mea
2601 2163 2879 2234 requiescet
2896 2163 2949 2215 in
2978 2177 3088 2231 spe.
3113 2159 3228 2215 Vox
3251 2156 3477 2213 Christi.

1879 2256 1990 2313 Pro
2021 2271 2255 2328 persona
2284 2255 2536 2326 corporis
2563 2252 2858 2326 requiescit
2882 2253 2938 2308 in
2967 2266 3083 2323 spe.
3109 2249 3188 2307 Ac
3219 2249 3264 2304 si
3293 2248 3436 2304 dicat
3462 2264 3475 2301 :

1882 2349 2155 2417 Ecclesia,
2181 2364 2302 2420 qua:
2333 2356 2418 2404 est
2443 2361 2572 2403 caro
2598 2361 2742 2414 mea,
2774 2344 2938 2400 modo
2965 2342 3261 2414 requiescit
3281 2341 3334 2396 in
3357 2355 3475 2410 spe.

1881 2442 1938 2499 ιιι
1968 2451 2072 2508 εει,
2099 2444 2149 2499 in
2180 2459 2277 2515 spe
2321 2440 2751 2500 resurrectionis
2783 2457 2797 2497 :
2828 2448 2887 2494 ut
2915 2437 3005 2493 ubi
3045 2444 3212 2509 caput
3240 2448 3479 2508 praeces-

1881 2537 1974 2604 sit,
2007 2537 2254 2594 membra
2287 2545 2609 2609 sequantur.

1956 2631 2217 2698 Quoniam
2245 2649 2345 2685 non
2377 2631 2702 2702 derelinques
2726 2629 2955 2683 anintant
2977 2642 3141 2681 meam
3165 2626 3216 2679 in
3246 2625 3473 2696 inferno.

1883 2726 2007 2782 Non
2034 2727 2354 2798 derelinques
2386 2742 2403 2780 :
2433 2725 2561 2797 quia
2590 2734 2881 2796 propterea
2911 2721 3041 2777 illuc
3080 2717 3386 2782 descendit,
3415 2724 3475 2772 ιιι

1880 2819 2088 2875 εΙεειοε
2133 2833 2267 2874 suos
2305 2816 2506 2874 exinde
2551 2817 2800 2886 ejiceret,
2843 2823 2900 2870 et
2933 2812 3210 2869 diabolum
3256 2811 3474 2881 ligaret.

1882 2911 2137 2968 Diabolus
2178 2922 2340 2966 antea
2383 2925 2443 2966 se
2490 2909 2672 2964 taliter
2697 2907 2971 2978 iactabat,
3013 2913 3070 2962 ut
3097 2903 3280 2969 omnia
3310 2917 3474 2974 regna

1881 3002 2071 3058 mundi
2122 3001 2374 3071 haberet,
2421 2999 2517 3056 sed
2547 2998 2709 3055 modo
2742 3014 2848 3053 non
2878 2998 3052 3052 solum
3101 2995 3250 3052 illum
3283 3003 3475 3050 tenere

1880 3110 1988 3152 non
2024 3094 2220 3165 potuit,
2253 3093 2353 3150 sed
2385 3092 2563 3163 potius
2583 3106 2611 3146 a
2640 3090 2858 3146 Christo
2890 3089 3086 3160 ligatus
3122 3087 3466 3158 perhibetur.

1883 3185 1996 3242 Nec
2027 3185 2174 3240 dabis
2205 3195 2441 3239 sanctum
2479 3194 2627 3238 tuum
2670 3183 2839 3237 videre
2881 3180 3282 3253 corruptionem.
3328 3178 3476 3246 Quo-

187 3275 359 3331 multis
389 3276 657 3336 fratribus
684 3280 863 3353 (Rom.
895 3281 1036 3354 vnt).
1070 3284 1151 3339 Tu
1183 3301 1236 3340 es
1276 3286 1366 3358 qui
1407 3260 1639 3342 restitues
1667 3287 1775 3342 ltrc-
1803 3260 1848 3324 Ο
1880 3279 2043 3336 mOdO
2085 3278 2216 3333 die“
2247 3297 2256 3330 ε
2288 3277 2404 3333 Νοη
2445 3276 2600 3332 dabis
2640 3275 2828 3331 Videre
2860 3275 3265 3344 εοπιιῐηῖοηθῐη
3297 3289 3310 3326 ε
3344 3271 3473 3327 dum

185 3369 445 3428 reditatem
478 3390 645 3427 nteant
675 3375 820 3429 mihi.
854 3375 966 3432 [loc
993 3389 1072 3433 cst
1099 3378 1242 3449 quod
1274 3379 1327 3434 in
1357 3379 1650 3450 Evangelio
1678 3379 1775 3435 di—

183 3461 315 3518 citur
351 3483 363 3518 :
399 3465 580 3523 Nemo
605 3469 755 3524 venit
781 3469 847 3524 ad
892 3486 1004 3535 tne,
1035 3471 1139 3526 nisi
1171 3472 1334 3528 Pater
1365 3489 1518 3528 meus
1550 3475 1775 3530 traxerit

181 3570 293 3613 eum
321 3559 388 3614 ad
427 3575 491 3616 se
521 3560 708 3632 (Joan.
749 3562 848 3634 vt).
882 3562 1192 3619 Secundum
1224 3565 1530 3634 historiam,
1567 3565 1770 3623 Christi

181 3651 464 3711 ltmreditas
490 3655 667 3712 ,ιιιόωί
717 3658 956 3725 fuerunt,
1009 3658 1076 3713 ad
1122 3674 1258 3729 quos
1308 3658 1556 3715 Christus
1601 3661 1770 3716 venit.

179 3743 276 3800 Sed
308 3757 441 3805 tunc
471 3749 739 3821 dissipata
769 3761 872 3815 est,
918 3752 1132 3822 quando
1173 3769 1297 3808 eum
1339 3754 1767 3814 cruciﬁxerunt:

179 3836 262 3891 sed
303 3841 636 3896 restituetur
667 3843 720 3896 in
763 3841 972 3909 futuro,
1019 3858 1141 3899 cum
1195 3845 1475 3916 plenitudo
1526 3848 1770 3918 gentium

175 3929 582 3989 subintraverit.
614 3934 785 3991 Aliter
819 3953 830 3988 :
865 3935 1136 3992 Restituet
1168 3938 1311 3993 Deus
1338 3939 1500 3994 Pater
1538 3938 1772 3994 incredi-

177 4031 327 4080 tatem
359 4026 594 4094 Christi,
623 4029 843 4098 quando
883 4029 1091 4084 clectos
1139 4046 1290 4097 suos,
1321 4046 1522 4102 corpus
1565 4041 1769 4088 sancta:

175 4113 430 4174 Ecclesia:
478 4119 546 4174 ad
585 4120 735 4176 illam
769 4121 1140 4192 integritatem
1188 4125 1495 4189 attraxerit,
1544 4133 1602 4177 ut
1649 4133 1770 4194 post

173 4213 635 4270 resurrectionem
667 4215 909 4288 acceptis
948 4217 1275 4287 corporibus
1303 4218 1440 4285 suis,
1468 4217 1770 4287 incorrupti

169 4310 217 4356 et
240 4303 588 4363 immortales
615 4307 802 4362 vivant
833 4324 846 4362 :
877 4307 1004 4379 quia
1039 4309 1185 4364 illaut
1211 4310 1677 4367 immortalitatem
1712 4311 1764 4366 in

171 4395 334 4452 Adam
377 4399 764 4471 perdiderunt.

234 4490 420 4548 Funes
468 4494 759 4549 ceciderunt
809 4494 932 4549 mihi
978 4495 1028 4550 in
1072 4496 1362 4569 praeclaris.
1403 4499 1461 4553 ln
1520 4501 1766 4570 optimis.

172 4583 276 4641 Pro
303 4602 422 4643 uno
470 4587 661 4652 Israel,
707 4587 945 4642 universi
977 4589 1128 4642 orbis
1169 4588 1544 4645 [nereditatem
1577 4605 1769 4647 conse-

1879 3378 2010 3434 alibi
2043 3377 2175 3433 dicit
2204 3396 2217 3432 :
2249 3377 2384 3445 Qua:
2427 3377 2637 3433 utilitas
2677 3377 2730 3432 in
2764 3375 3032 3447 sanguine
3067 3389 3193 3431 meo
3223 3375 3350 3429 dum
3381 3373 3477 3430 deo

1876 3471 2146 3529 scendero
2173 3472 2226 3526 in
2256 3471 2665 3542 corruptionem
2699 3468 2874 3541 (Psal.
2907 3468 3076 3538 xxv)?
3099 3467 3219 3524 Non
3255 3467 3324 3524 de
3351 3481 3478 3522 cor-

1877 3567 2130 3637 ruptione
2157 3567 2410 3637 corporis
2438 3563 2644 3621 Christi
2678 3564 2732 3620 in
2762 3563 3016 3635 sepulcro
3045 3561 3216 3629 dicit;
3278 3561 3374 3618 sed
3403 3560 3471 3618 de

1876 3669 2205 3717 czcterorum
2241 3669 2582 3716 sanctorum.

1950 3757 2119 3812 Notas
2149 3756 2279 3811 mihi
2325 3757 2490 3827 fecisti
2520 3755 2629 3810 vias
2657 3755 2794 3809 vitw.
2830 3754 2947 3810 Vox
2989 3753 3185 3824 capitis
3223 3767 3323 3824 pro
3353 3767 3476 3807 cor-

1876 3866 2030 3922 pore.
2059 3850 2177 3906 Vite
2198 3848 2348 3916 vitaz,
2377 3848 2630 3903 mandata
2663 3846 2870 3902 Christi
2898 3854 3025 3900 sunt
3063 3863 3076 3899 :
3109 3853 3166 3900 ιιι
3207 3844 3473 3913 scriptum

1873 3949 1998 3997 est:
2043 3939 2104 3996 Si
2131 3941 2212 3994 vis
2237 3940 2304 3995 ad
2329 3941 2494 3995 vitam
2519 3940 2765 4009 ingredi,
2793 3952 2947 3992 serva
2994 3936 3249 3992 mandata
3289 3935 3472 4007 (Matt.

1872 4032 2010 4104 xtx).
2038 4033 2360 4102 Adimplebis
2386 4048 2468 4086 me
2506 4031 2688 4086 lwtitia
2718 4045 2836 4084 eum
2867 4027 3012 4082 vultu
3054 4037 3163 4082 tuo.
3193 4026 3345 4082 Tunc
3367 4027 3472 4082 erit

1873 4125 2033 4198 plena
2057 4125 2267 4191 laetitia,
2305 4140 2428 4180 cum
2461 4124 2756 4178 adunatum
2793 4121 2958 4176 fuerit
2982 4135 3182 4192 corpus
3214 4119 3471 4176 Ecclesiae

1873 4221 1928 4277 in
1962 4236 2189 4291 regnum
2237 4219 2334 4274 Dei
2377 4237 2389 4273 :
2429 4219 2536 4273 hoc
2587 4227 2691 4283 est,
2741 4231 2866 4272 cum
2909 4214 3198 4270 tradiderit
3243 4228 3470 4285 regnum

1876 4315 1988 4370 Deo
2028 4314 2174 4370 Patri
2222 4329 2366 4369 suo:
2393 4321 2526 4368 tunc
2553 4312 2657 4368 erit
2690 4313 2832 4366 Deus
2875 4310 3056 4365 omnia
3106 4308 3162 4364 in
3193 4307 3469 4365 omnibus.

1871 4404 2253 4461 Delectationes
2290 4406 2343 4458 in
2373 4406 2582 4460 dextera
2609 4412 2697 4457 tua
2729 4418 2889 4473 usque
2928 4402 2984 4457 in
3016 4403 3192 4470 finem.
3229 4401 3465 4456 Dextera

1871 4499 2070 4566 Patris,
2102 4499 2276 4555 Filius
2305 4509 2411 4555 est.
2448 4496 2738 4552 Delectatio
2763 4496 2880 4551 vitat
2904 4505 3112 4550 (eterna:
3137 4496 3192 4548 in
3219 4494 3430 4548 dextera
3455 4509 3475 4548 ,ο

1873 4592 1924 4647 id
1958 4600 2077 4661 est,
2123 4593 2175 4647 in
2229 4590 2594 4663 prosperitate
2621 4605 2741 4660 qua:
2787 4589 2930 4644 Filio
2970 4588 3132 4643 datur
3169 4605 3186 4644 :
3227 4604 3386 4657 usque
3418 4588 3470 4642 in

170 4688 345 4735 cutus.
378 4680 566 4737 Funes
587 4680 641 4736 in
665 4680 990 4737 haereditate
1010 4681 1208 4736 dantur
1241 4702 1252 4736 ε
1284 4683 1410 4753 quia
1433 4683 1578 4755 quod
1607 4684 1762 4754 dixit,
1797 4656 1850 4716 D
1875 4685 2032 4756 ﬁnem
2095 4699 2160 4740 ac
2182 4656 2414 4750 sitdica‘t,
2445 4682 2564 4737 sine
2591 4656 2730 4736 line:
2759 4683 2886 4753 quia
2915 4681 3041 4736 ﬁnis
3064 4680 3200 4752 legis
3223 4656 3473 4736 Christus

167 4774 465 4830 reciderunt
507 4773 636 4828 mihi
665 4774 718 4829 in
749 4775 1038 4846 pra‘claris,
1075 4775 1410 4832 tantumdem
1460 4786 1564 4839 est,
1613 4793 1675 4833 ac
1719 4781 1764 4834 si

164 4863 328 4932 dicat,
365 4867 425 4922 in
466 4866 818 4938 patriarchis,
853 4876 913 4922 et
941 4867 1223 4938 prOphetis
1257 4878 1422 4939 atque
1453 4871 1716 4940 apostolis
1749 4889 1761 4926 :

162 4958 243 5013 vel
269 4973 655 5030 quoscumque
680 4957 1031 5014 advocaverit
1060 4958 1245 5029 Pater,
1291 4958 1542 5015 Christus
1572 4976 1761 5018 secum

159 5053 382 5123 recipit.
436 5052 733 5124 Propterea
761 5052 929 5121 dixit,
964 5053 1017 5107 in
1071 5055 1339 5126 prwclaris
1365 5094 1381 5122 ,
1423 5055 1628 5111 sanctis
1676 5055 1760 5111 vel

163 5145 459 5213 apostolis.
1227 5219 1234 5226 θ

233 5237 552 5295 Benedicam
591 5239 876 5296 Dominum
911 5243 1002 5312 qui
1041 5241 1221 5300 tribuit
1261 5243 1387 5298 mihi
1426 5244 1764 5313 intellectum,

163 5330 276 5387 Vox
312 5335 511 5404 capitis
553 5348 675 5390 cum
708 5334 988 5390 membris.
1017 5335 1235 5392 Tribuit
1284 5337 1626 5394 intellectum
1651 5339 1764 5394 dis—

156 5428 432 5484 cernendi
480 5430 622 5486 inter
660 5429 862 5486 bonum
904 5440 958 5486 et
987 5431 1186 5487 malum
1215 5450 1229 5487 :
1259 5432 1404 5490 inter
1451 5450 1674 5490 sensum
1709 5444 1765 5491 et

152 5519 405 5576 litteram
434 5541 447 5576 :
481 5522 626 5578 inter
654 5523 820 5578 Deum
851 5531 908 5579 et
938 5525 1244 5594 proximum
1283 5545 1293 5580 :
1329 5527 1471 5582 inter
1500 5527 1675 5584 lucem
1705 5537 1763 5584 et

155 5613 450 5670 tenebras.
477 5615 792 5671 Benedicam
816 5616 1099 5673 Dominum
1123 5621 1211 5691 qui
1231 5620 1361 5676 mihi
1389 5621 1570 5676 tribuit
1600 5623 1759 5677 intel-

154 5708 379 5762 lectum.
402 5708 498 5775 Qui
521 5710 788 5780 sapientia
817 5711 910 5768 Dei
930 5721 1038 5780 est,
1057 5727 1164 5767 non
1187 5713 1385 5785 indiget
1407 5715 1519 5784 ipsa
1546 5715 1761 5787 sapien-

151 5799 227 5853 tia
263 5817 279 5855 :
314 5798 422 5856 sed
445 5801 743 5858 secundum
771 5803 899 5858 illud
925 5805 1301 5874 accipiendum
1332 5807 1473 5878 quod
1509 5809 1562 5864 in
1585 5808 1761 5865 Evan-

148 5891 302 5960 gelio
348 5892 546 5951 dicitur
581 5894 779 5952 :Jcsus
825 5895 1145 5967 proﬁciebat
1179 5908 1362 5967 :etatc,
1405 5899 1672 5972 sapientia
1701 5912 1758 5958 et

1875 4788 1954 4835 est
1978 4779 2044 4832 ad
2067 4777 2336 4848 justitiam
2369 4775 2520 4831 omni
2547 4776 2791 4832 credenti
2827 4793 2842 4830 :
2871 4777 2994 4848 quia
3020 4774 3305 4847 plenitudo
3334 4774 3472 4845 legis

1871 4873 2145 4939 charitas,
2175 4884 2228 4928 et
2273 4872 2394 4927 ﬁnis
2443 4872 2701 4942 praecepti
2733 4871 2996 4927 cltaritas.
3028 4871 3204 4926 Aliter
3239 4886 3254 4924 :
3288 4867 3471 4923 Delec-

1872 4967 2092 5020 tationes
2133 4967 2186 5019 in
2225 4966 2435 5018 dextera
2479 4973 2566 5018 tua
2597 4981 2756 5036 usque
2784 4966 2838 5019 in
2866 4965 3040 5035 ﬁnem.
3076 4964 3131 5020 Ιιι
3171 4963 3259 5019 illa
3291 4961 3471 5018 delec-

1873 5058 2020 5114 tabili
2051 5059 2292 5128 potentia
2326 5068 2414 5112 tua
2445 5073 2548 5127 qua
2581 5067 2757 5114 tecum
2787 5059 2963 5114 sancti
3009 5065 3134 5111 sunt
3165 5055 3468 5126 regnaturi,

1870 5167 1994 5224 quae
2020 5151 2171 5206 nullo
2192 5150 2299 5205 ﬁne
2321 5149 2698 5206 concluditur.
2722 5150 2878 5207 Unde
2903 5165 3001 5206 eos
3021 5149 3388 5220 deprecamur
3414 5155 3472 5201 ut

1870 5245 1939 5300 ab
1963 5244 2047 5300 his
2079 5259 2424 5316 nequaquam
2446 5244 2731 5316 disjuneti,
2755 5244 2800 5299 si
2831 5260 2939 5299 non
2972 5257 3254 5298 merentur
3279 5240 3469 5297 vestiri

1868 5338 2066 5410 gloria,
2099 5353 2207 5393 non
2236 5336 2591 5393 excludamur
2618 5353 2648 5392 a
2682 5337 2860 5392 venia.
2889 5336 3009 5392 Tibi
3047 5345 3133 5391 εει
3164 5335 3311 5391 enim
3339 5349 3464 5390 cum

1866 5441 2073 5486 artemo
2119 5431 2277 5488 Patre
2306 5439 2360 5486 et
2390 5431 2598 5501 Spiritu
2636 5439 2827 5486 sancto
2875 5429 3049 5485 honor
3092 5437 3147 5486 et
3194 5428 3371 5501 gloria
3411 5427 3465 5484 in

1865 5523 2063 5580 sarcula
2091 5524 2436 5580 smculorum.
2471 5521 2671 5578 Amen.

2417 5659 2733 5718 PSALMUS
2775 5658 2917 5714 XVI.

1863 5758 2067 5816 Sextus
2086 5757 2329 5813 decimus
2357 5757 2596 5823 psalmus
2617 5753 2916 5810 orationem
2941 5751 3187 5808 continet
3218 5764 3462 5823 persona:

1938 5829 2234 5885 Domiuicm.
2262 5822 2555 5899 coniuncto
2586 5826 2692 5899 sibi
2715 5838 2964 5896 corpore,
2993 5824 3136 5899 quod
3165 5822 3466 5899 est__l€ccle~

1935 5903 2034 5958 sia.
2089 5901 2273 5956 Oratio
2322 5893 2514 5954 David.
2563 5898 2646 5955 Ad
2679 5907 2790 5953 tres
2815 5893 3083 5968 personas
3116 5893 3458 5965 intelligitur.
