3944 6334
467 319 574 378 859

1255 315 1602 376 APPENDIX
1642 317 1734 374 AD
1771 314 2018 373 ’I‘OMUM
2057 312 2410 372 SEPTIMUM
2449 312 2510 369 S.
2551 309 2965 370 HIERONYMI.

3636 314 3730 371 868

542 440 671 495 Haec
698 438 872 494 oratio
903 437 955 492 in
982 443 1214 507 quatuor
1242 433 1469 507 psallitis
1497 434 1751 490 habetur.
1785 432 1888 507 [ste
1911 429 2058 503 psal-
2087 428 2139 495 Α
2165 428 2250 483 vis
2292 426 2489 483 durum
2519 426 2768 482 videatur
2797 440 2919 483 esse
2942 426 3010 482 ad
3039 437 3262 483 sanctos
3310 435 3533 499 prepter
3558 442 3731 500 corpo-

537 527 657 566 mus
687 518 939 565 cantatur
967 502 1032 563 ex
1066 502 1293 577 persona
1326 505 1528 561 Christi
1567 513 1753 577 contra
1788 502 2006 577 Jud_aeos
2039 520 2052 557 :

539 594 593 637 et
643 596 707 637 ex
754 594 983 651 persona
1039 572 1509 651 Ecclesimcontra
1541 574 1847 651 iuuencos.
1876 572 2058 640 Expo—

539 661 674 709 nunt
703 645 938 713 Hebraei,
970 650 1110 721 quod
1137 649 1356 721 quando
1382 650 1647 718 psalmum
1672 645 1841 721 David
1871 654 2057 700 canta-

539 726 636 793 vit,
670 723 792 794 quia
822 723 959 778 dixit
987 718 1003 776 Ξ
1034 718 1267 794 Exaudi,
1302 719 1541 785 Domine,
1566 718 1828 794 justitiam
1846 733 2057 775 meum:

578 789 795 878 rn'i'psa
831 793 1249 878 przesumptione
1289 807 1394 878 qua
1428 806 1489 846 se
1517 789 1765 874 exaudiri
1819 804 1914 860 pro
1958 802 2056 842 sua

538 862 749 939 iustitia
765 862 1025 935 jaetabat,
1059 862 1343 919 cecidisset
1368 862 1423 918 in
1451 863 1681 918 crimen.

542 958 784 1028 Exaudi,
829 957 1078 1027 Domine,
1121 960 1382 1031 justitiam
1432 976 1619 1015 meum.
1662 957 1823 1016 iuxta
1873 953 2015 1013 LXX

471 1051 609 1107 Deus
629 1052 872 1126 justitiaz,
902 1051 985 1107 vel
1017 1051 1160 1106 Deus
1185 1051 1363 1122 justus
1394 1062 1604 1107 natura.
1635 1049 1794 1119 Nam,
1825 1050 2057 1120 Exaudi,

470 1141 632 1209 Deus,
654 1144 920 1216 justitiam
961 1152 986 1183 ⁸
1017 1161 1179 1199 meum
1220 1162 1239 1201 .'
1272 1144 1357 1200 hic
1402 1159 1628 1215 persona
1671 1145 1872 1202 Christi
1901 1145 2061 1201 datur

466 1235 719 1303 intelligi.
754 1233 981 1303 Exaudi,
1008 1233 1165 1301 Deus,
1190 1235 1458 1310 justitiam
1482 1252 1648 1291 meam
1679 1252 1699 1293 :
1725 1252 1827 1291 vox
1854 1234 2056 1293 Cbrisd

468 1327 521 1382 in
559 1329 829 1397 passione,
879 1337 933 1383 ct
974 1343 1079 1383 vox
1128 1327 1388 1384 Ecclesiae
1435 1330 1489 1385 in
1539 1328 1907 1385 tribulatione.
1959 1328 2058 1386 Vel

460 1422 735 1494 justitiam
776 1422 911 1478 dicit
955 1421 1204 1479 Ecclesia
1237 1437 1417 1491 suam,
1444 1433 1500 1479 et
1542 1437 1650 1479 non
1696 1437 1881 1479 suam:
1917 1420 2059 1491 Quid

466 1514 650 1588 [Fort.
678 1515 835 1589 quia]
865 1530 1036 1585 suam,
1067 1519 1110 1571 si
1138 1518 1329 1588 implet
1372 1519 1622 1574 mandata
1663 1520 1760 1576 Dei
1791 1518 1843 1575 in
1868 1536 2056 1591 opere.

466 1608 584 1664 Non
627 1622 781 1664 suam
813 1627 826 1664 :
858 1610 981 1681 quia
1014 1623 1044 1664 a
1078 1608 1188 1666 Deo
1221 1609 1403 1679 datur,
1456 1628 1563 1666 non
1611 1628 1640 1667 a
1677 1627 1758 1669 se.
1812 1612 2057 1683 Exaudi,

469 1701 630 1768 Deus,
673 1704 937 1777 justitiam
966 1720 1175 1758 meam:
1202 1703 1326 1773 quia
1359 1704 1452 1759 tibi
1503 1721 1672 1777 usque
1719 1706 1787 1762 ad
1825 1717 2059 1763 mortem

462 1794 727 1851 obedicns
755 1794 851 1851 lui.
880 1792 1106 1851 Intende
1129 1797 1545 1869 deprecationem
1567 1810 1753 1853 meam.
1791 1794 2058 1856 Diil'eren-

468 1889 540 1944 tia
591 1897 678 1944 est
722 1888 864 1945 inter
909 1891 1212 1945 orationem
1255 1897 1311 1945 et
1359 1890 1825 1962 deprecationem.
1868 1891 2056 1949 Oratio

469 1991 782 2037 sanctorum
810 1990 895 2037 est
925 1996 1021 2052 pro
1051 1982 1284 2047 devotis,
1319 1989 1376 2037 ut
1406 1990 1755 2053 perseverent
1799 1978 1852 2037 in
1887 1983 2055 2040 bono.

470 2072 814 2144 Deprecatio,
854 2089 954 2146 pro
998 2072 1232 2145 peccatis
1258 2075 1407 2143 suis,
1444 2073 1531 2130 vel
1570 2074 1825 2131 aliorum.
1868 2073 2059 2132 Totius

466 2176 551 2226 est
579 2169 912 2241 deprecatio.

537 2262 760 2317 Auribus
783 2261 991 2335 percipe
1023 2261 1307 2318 orationem
1348 2277 1536 2318 meam.
1570 2261 1685 2318 Hoc
1729 2271 1836 2331 est,
1871 2261 1923 2317 in
1953 2259 2059 2319 hoc

472 2353 622 2426 quod
668 2368 833 2427 rogo,
864 2355 1081 2409 auribus
1131 2355 1334 2427 percipe
1373 2357 1656 2410 orationem
1703 2372 1891 2411 meam.
1928 2354 2060 2412 Orat

469 2446 616 2503 enim
658 2462 763 2503 non
793 2446 1080 2503 diminutio
1113 2446 1354 2516 deitalis,
1400 2446 1496 2504 sed
1527 2446 1818 2503 inﬁrmitas
1851 2448 2060 2505 carnis.

470 2539 594 2594 Non
616 2541 671 2596 in
694 2540 844 2596 labiis
868 2539 1086 2597 dolosis.
1116 2539 1224 2597 Sed
1254 2555 1351 2612 per
1379 2539 1676 2612 puritatem
1704 2554 1826 2613 qua:
1854 2540 1948 2597 tibi
1975 2549 2061 2599 est

469 2632 691 2703 placita.

536 2726 615 2782 De
643 2726 787 2782 vultu
805 2735 892 2781 tuo
910 2728 1175 2801 judicium
1196 2745 1367 2783 meum
1394 2729 1628 2802 prodeat.
1658 2727 1774 2784 Non
1807 2727 1862 2784 in
1894 2726 2059 2786 labiis

467 2819 696 2877 dolosis.
722 2822 799 2877 Ac
822 2821 869 2878 si
896 2820 1045 2878 dicat
1072 2840 1088 2878 :
1123 2821 1329 2877 Exaudi
1362 2822 1668 2879 orationem
1702 2837 1901 2888 meam,
1928 2821 2059 2894 quia

465 2929 531 2971 ex
555 2923 670 2971 toto
690 2915 857 2972 corde
882 2931 1017 2972 oro:
1045 2932 1152 2972 non
1174 2914 1319 2972 sicut
1341 2915 1420 2972 illi
1445 2916 1538 2989 qui
1562 2917 1615 2973 in
1645 2915 1803 2973 labiis
1827 2915 2057 2983 dolosis,

466 3008 591 3078 quia
623 3007 767 3064 aliud
801 3010 1119 3080 loquuntur,
1153 3018 1208 3065 et
1232 3009 1383 3065 aliud
1418 3010 1618 3065 habent
1646 3009 1698 3064 iu
1727 3007 1914 3075 corde,
1946 3007 2062 3065 sive

470 3101 738 3169 haeretici,
769 3099 881 3156 sive
917 3101 1112 3157 Judaei.
1160 3100 1239 3157 De
1280 3102 1427 3157 vultu
1475 3111 1563 3157 tuo
1588 3100 1853 3175 judicium
1893 3115 2062 3157 meum

2162 525 2335 581 ralem
2366 523 2804 590 tribulationem,
2832 533 3014 581 tamen
3042 538 3210 580 suave
3239 532 3326 581 est
3357 541 3370 577 :
3401 524 3527 596 quia
3555 524 3732 582 habent

2160 633 2313 691 spem
2340 619 2468 675 vita
2494 628 2716 676 interna:
2748 638 2759 673 :
2796 618 2891 675 Vel
2934 618 3097 675 aliter
3128 636 3142 676 :
3171 617 3394 688 Propter
3416 618 3569 673 verba
3587 619 3733 675 labio-

2159 730 2279 769 rum
2318 721 2523 770 tuorum
2568 729 2660 786 ego
2681 713 2938 769 custodivi
2981 713 3091 769 vias
3130 712 3316 767 duras.
3367 713 3445 769 Ac
3471 711 3518 768 si
3562 711 3731 770 dicat:

2160 806 2382 862 Timens
2408 805 2593 863 futura
2621 806 2907 877 supplicia,
2937 822 3058 878 qua:
3090 804 3231 876 legis
3261 805 3735 877 trausgressoribus

2162 896 2529 953 comminatus
2557 911 2639 965 es,
2669 896 2824 953 duris
2848 912 2936 953 me
2967 896 3248 954 laboribus
3276 894 3523 964 exercui,
3552 906 3603 953 et
3624 897 3737 953 sub-

2040 1002 2055 1029 ’
2156 989 2263 1062 jeci
2288 1005 2487 1062 corpus
2508 991 2707 1048 animus
2735 991 3023 1063 potestati.

2232 1082 2437 1152 Perﬁce
2462 1101 2672 1158 gressus
2701 1101 2842 1141 meos
2870 1085 2923 1139 in
2952 1084 3148 1141 semitis
3200 1084 3321 1139 tuis.
3350 1083 3557 1141 Sensus
3603 1097 3738 1141 meos

2163 1177 2217 1233 in
2246 1177 2521 1234 mandatis
2550 1177 2660 1234 tuis
2687 1178 2907 1250 perﬁce.
2941 1177 3059 1234 Vox
3087 1176 3375 1235 Ecclesiae.
3422 1176 3564 1245 Quia
3586 1191 3615 1231 a
3640 1175 3741 1232 Deo

2163 1280 2246 1328 eet
2291 1270 2556 1342 incipere,
2586 1280 2642 1326 et
2686 1286 2718 1328 a
2758 1271 2870 1327 Deo
2915 1278 3002 1327 est
3030 1272 3206 1328 linire.
3239 1270 3504 1335 Gressus,
3542 1283 3735 1326 sensus.

2167 1361 2236 1418 Ut
2262 1380 2365 1419 non
2396 1372 2696 1420 moveantur
2718 1363 2936 1434 vestigia
2956 1380 3091 1419 mea.
3118 1364 3203 1420 Ab
3236 1362 3321 1419 bis
3358 1378 3596 1435 quorum
3622 1360 3740 1417 meti

2162 1464 2292 1512 sunt
2324 1456 2489 1528 pedes
2519 1471 2534 1510 :
2566 1456 2620 1512 id
2650 1466 2757 1519 est.
2787 1457 3118 1530 quicumque
3145 1456 3286 1513 male
3323 1456 3602 1513 fecerunt.

2234 1546 2349 1620 Ego
2375 1547 2622 1620 clamavi,
2657 1560 2764 1606 etc.
2795 1548 2977 1618 Quare
3005 1547 3169 1615 dixit,
3198 1549 3454 1604 clamavi?
3478 1548 3617 1616 Quia
3639 1563 3744 1604 cre-

2160 1639 2296 1695 didit
2318 1655 2417 1713 per
2441 1640 2630 1698 ﬁdem:
2653 1649 2940 1712 propterea
2964 1640 3122 1710 dixit,
3141 1639 3256 1715 Ego
3278 1642 3522 1698 clamavi.
3551 1640 3738 1697 Incliua

2162 1751 2340 1790 aurem
2379 1744 2522 1792 tuam
2578 1735 2731 1803 mihi,
2782 1746 2893 1794 etc.
2951 1736 3207 1792 Christus
3248 1752 3438 1793 aurem
3491 1737 3739 1805 inclinat,

2090 1834 2133 1894 Β
2160 1830 2379 1903 quando
2398 1830 2655 1887 exaudire
2677 1830 2956 1903 dignatur.
2983 1831 3088 1887 Per
3108 1831 3532 1887 similitudinem
3559 1831 3741 1889 inﬁrmi

2160 1931 2338 1994 rogat,
2365 1923 2455 1993 qui
2500 1924 2554 1977 in
2598 1922 2743 1980 lecto
2774 1932 2882 1995 est,
2912 1930 2973 1978 ut
3002 1923 3190 1979 veniat
3218 1922 3488 1991 medicus,
3520 1934 3576 1978 et
3605 1930 3743 1979 sanet

2161 2013 2503 2071 inﬁrmitates
2531 2030 2679 2070 suas.
2724 2016 2815 2072 Sic
2861 2023 2916 2072 et
2941 2031 3113 2088 genus
3142 2015 3439 2071 humanum
3481 2014 3741 2072 inﬁrmum

2160 2116 2282 2163 erat
2309 2124 2324 2165 :
2352 2107 2569 2179 quando
2593 2107 2815 2179 jacebat
2866 2108 2921 2165 in
2951 2108 3091 2165 lecto
3123 2125 3137 2165 :
3168 2108 3222 2165 id
3274 2118 3356 2165 est
3409 2109 3464 2163 in
3514 2118 3743 2179 peccato.

2160 2199 2406 2271 Rogabat
2436 2209 2496 2254 ut
2520 2200 2734 2257 veniret
2758 2216 2921 2256 verus
2952 2200 3219 2270 medicus,
3252 2200 3344 2272 qui
3373 2209 3458 2256 cst
3501 2200 3742 2257 Christus

2162 2292 2213 2347 in
2242 2307 2431 2360 carne,
2463 2301 2519 2349 et
2542 2303 2760 2349 sanaret
2790 2293 3083 2365 languores
3114 2307 3263 2349 suos.

2237 2383 2463 2454 Miriﬁca
2489 2385 2882 2441 misericordias
2905 2393 3037 2450 tuas,
3066 2384 3310 2451 Domine,
3345 2395 3454 2442 etc.
3485 2385 3746 2458 Numquid

2163 2484 2319 2532 antea
2349 2491 2458 2532 non
2505 2475 2725 2532 fuerant
2752 2476 3089 2533 miriﬁcatte?
3135 2477 3242 2533 Sed
3274 2485 3402 2533 tunc
3446 2475 3745 2533 miriﬁcavit

2164 2568 2568 2625 misericordias
2610 2584 2741 2624 suas
2773 2588 2786 2623 :
2814 2569 3032 2641 quando
3079 2585 3177 2641 per
3213 2580 3435 2626 sanctos
3480 2568 3750 2640 apostolos

2163 2668 2219 2716 et
2246 2668 2468 2715 sanctos
2498 2675 2626 2715 suos
2658 2658 3007 2717 inﬁrmitates
3039 2661 3290 2717 curabat.

2235 2753 2280 2807 Α
2307 2751 2666 2808 resistentibus
2711 2754 2941 2807 dextera:
2992 2761 3114 2807 tute.
3148 2751 3342 2808 Salvos
3372 2747 3507 2807 lacis
3539 2765 3569 2805 a
3599 2750 3749 2806 resis-

2164 2845 2401 2902 tentibus
2439 2844 2682 2901 dexteras
2726 2854 2830 2899 tuae
2861 2844 3147 2913 tripliciter
3172 2862 3186 2899 :
3216 2844 3518 2909 daemones,
3549 2845 3743 2901 Deum:

2164 2936 2361 3004 Judaei,
2393 2935 2669 2993 Christum
2703 2936 3011 3004 :hterctici,
3048 2937 3373 2993 Ecclesiam.
3407 2937 3627 2993 Custodi
3655 2951 3748 3005 me,

2169 3022 2389 3086 Domine
2414 3073 2427 3098 ,
2471 3039 2529 3084 ut
2566 3031 2821 3103 pupillam
2860 3029 3018 3085 oculi.
3073 3029 3190 3086 Vox
3231 3029 3511 3086 Ecclesiae.
3565 3028 3752 3085 Oculus

2166 3124 2494 3198 intelligitur
2543 3139 2744 3195 corpus
2782 3116 3077 3192 Ecclesiae,
3123 3133 3181 3180 et
3226 3122 3429 3194 pupilla
3487 3122 3754 3177 humilitas

470 3194 710 3264 prodeat,
740 3211 843 3288 non
868 3195 921 3248 in
948 3194 1099 3250 labiis
1122 3194 1338 3288 dolosis.
1362 3193 1480 3251 Vox
1506 3191 1707 3251 Christi
1731 3193 1799 3251 ad
1822 3194 2060 3288 Patrem.
2089 3204 2134 3267 ρ
2167 3191 2393 3288 Christ},
2441 3233 2543 3288 per
2564 3191 2719 3288 cuius
2747 3216 3065 3288 exemplum
3112 3191 3366 3280 vivit—mis,
3399 3225 3453 3272 ει
3490 3215 3750 3271 Videmus.

470 3288 604 3356 Quia
635 3288 726 3357 qui
761 3287 901 3344 labia
933 3287 1139 3343 habent
1167 3287 1376 3356 dolosa,
1409 3303 1496 3344 me
1520 3287 1785 3359 iudicant,
1816 3286 1911 3343 sed
1936 3285 2061 3343 illos

471 3388 529 3434 tu
573 3381 759 3448 judica
804 3380 855 3435 in
900 3379 1102 3436 futuro.
1149 3377 1418 3451 PrOpheta
1469 3396 1577 3436 non
1632 3377 1907 3453 optando,
1964 3378 2061 3436 sed

471 3470 877 3539 pronuntiando
906 3470 1057 3526 dicit.
1092 3469 1205 3528 Hoc
1234 3473 1476 3529 ostendit
1504 3471 1650 3542 quod
1691 3464 1935 3527 tacturus
1979 3472 2065 3528 est

475 3564 738 3618 Dominus
782 3564 835 3619 in
881 3564 1110 3633 judicio.
1165 3564 1319 3619 Oculi
1362 3565 1462 3619 mei
1499 3564 1707 3620 videant
1744 3565 2060 3637 (equitatem.

471 3654 623 3711 Oculi
664 3657 885 3727 Christi,
924 3660 1097 3714 sancti
1141 3659 1552 3729 praedicatores,
1594 3658 1832 3723 videant,
1876 3657 1929 3713 id
1955 3664 2060 3727 est,

474 3750 796 3821 intelligant,
828 3752 1164 3822 aequitatem,
1200 3753 1252 3808 id
1279 3759 1385 3822 est,
1412 3750 1799 3823 a-qualitatem,
1829 3759 1889 3807 ut
1904 3751 2063 3822 justi-

470 3844 602 3900 tiam
635 3862 792 3915 quam
825 3846 1143 3916 praedicant,
1175 3861 1343 3918 opere
1372 3847 1655 3919 impleant.

544 3937 792 3994 Probasti
818 3955 910 3994 cor
938 3956 1129 4004 meum,
1161 3939 1326 4007 Deus,
1355 3948 1403 3995 et
1442 3940 1663 3994 visitasti
1684 3944 1855 3994 nocte.
1885 3934 2065 3994 Etiam

474 4034 527 4088 in
578 4034 841 4103 angustiis
869 4049 957 4089 me
986 4035 1227 4104 probasti
1256 4051 1272 4092 :
1299 4035 1423 4105 quia
1473 4034 1672 4103 tristis,
1722 4042 1780 4089 et
1828 4034 1981 4088 velut
2010 4031 2065 4088 ili

472 4124 707 4196 quadam
759 4140 1012 4196 pressura
1055 4141 1177 4182 sum
1219 4126 1394 4183 noctis
1446 4126 1772 4182 tenebrosa.
1824 4122 2067 4179 Probasti

470 4234 561 4272 cor
598 4235 785 4285 meum,
838 4217 997 4275 Deus.
1055 4220 1171 4277 Vox
1199 4220 1405 4276 Christi
1431 4219 1497 4276 ad
1527 4221 1769 4275 Patrem.
1812 4217 2065 4297 Probasti

469 4309 744 4366 Christum
771 4312 824 4368 in
857 4313 1131 4382 passione,
1178 4321 1233 4369 et
1258 4311 1557 4369 Ecclesiam
1580 4313 1634 4369 in
1680 4311 2061 4371 tribulatione.

473 4402 609 4474 Igne
630 4420 710 4458 me
754 4405 1080 4461 examinasti.
1107 4404 1162 4461 ld
1190 4415 1291 4471 est,
1328 4421 1427 4476 per
1457 4405 1627 4476 ipsam
1662 4406 2066 4462 tribulationem

475 4509 694 4569 peccata
719 4514 836 4554 mea
869 4498 1186 4557 confudisti.
1219 4499 1289 4555 Et
1321 4516 1425 4554 non
1455 4511 1527 4554 est
1547 4501 1755 4556 inventa
1778 4500 1832 4556 in
1860 4516 1941 4555 me
1965 4500 2070 4556 ini-

2167 3312 2278 3369 lloc
2320 3311 2592 3383 supplicat
2619 3308 2891 3377 Ecclesia,
2916 3318 2979 3365 ut
3009 3311 3181 3381 possit
3214 3310 3363 3366 illam
3398 3310 3753 3365 humilitatem

2164 3403 2466 3459 observare
2497 3419 2657 3473 quam
2679 3400 2937 3457 Christus
2966 3400 3172 3456 docuit.
3203 3400 3340 3471 Quia
3386 3401 3431 3456 si
3461 3416 3561 3472 per
3589 3398 3748 3470 pupih

2167 3497 2274 3553 lam
2324 3512 2433 3553 non
2484 3494 2790 3551 custoditur
2810 3494 3021 3563 oculus,
3054 3508 3392 3564 nequaquam
3426 3492 3595 3548 videt.
3628 3490 3754 3559 Quia

2165 3588 2309 3645 oculi
2354 3587 2743 3660 praedicatores
2787 3587 3188 3651 intelliguntur,
3233 3602 3330 3657 per
3362 3586 3618 3657 pupillam
3639 3601 3754 3639 scn—

2167 3698 2262 3739 sus
2310 3681 2631 3754 spiritualis.
2666 3681 2781 3735 Hoc
2824 3688 2981 3751 rogat
3027 3694 3224 3750 corpus
3260 3678 3465 3734 Christi
3510 3693 3632 3750 qua:
3673 3684 3755 3732 est

2167 3770 2436 3837 Ecclesia,
2481 3778 2545 3827 ut
2585 3771 2926 3826 custodiatur
2967 3782 3164 3825 sensus
3208 3767 3641 3837 pra‘dicatorum,
3670 3764 3753 3838 qui

2168 3873 2253 3921 est
2278 3854 2508 3921 oculus:
2548 3870 2616 3918 ne
2641 3862 2888 3932 rapiatur
2918 3861 2970 3915 in
3005 3858 3328 3915 inﬁdelitate
3357 3858 3753 3915 hznreticorum.

2242 3956 2352 4015 Sub
2417 3959 2606 4012 umbra
2651 3956 2859 4011 alarum
2899 3962 3109 4009 tuarum
3148 3964 3360 4027 protege
3405 3970 3505 4007 me.
3560 3951 3754 4009 Umbra

2169 4050 2386 4107 duabus
2413 4050 2579 4106 rebus
2609 4058 2828 4106 constat
2861 4067 2873 4103 :
2904 4048 3112 4104 lumine
3160 4057 3215 4103 et
3241 4063 3500 4120 corpore.
3541 4048 3645 4102 Per
3681 4046 3756 4101 lu-

2169 4160 2318 4213 men,
2340 4141 2603 4200 divinitas
2636 4163 2650 4196 :
2680 4157 2780 4212 per
2808 4155 3037 4211 corpus,
3068 4139 3385 4195 humanitas
3420 4139 3753 4210 intelligitur.

2169 4232 2329 4294 Unde
2360 4246 2416 4292 et
2434 4233 2615 4291 Mariae
2638 4233 2837 4289 dicitur
2868 4250 2884 4290 :
2910 4232 3148 4304 Spiritus
3168 4241 3393 4288 sanctus
3418 4230 3758 4304 superveniet

2170 4330 2224 4385 in
2275 4337 2349 4394 te,
2379 4338 2433 4384 et
2465 4329 2639 4383 virtus
2670 4326 2934 4382 Altissimi
2966 4324 3315 4383 obumbrabit
3367 4326 3464 4381 tibi
3499 4322 3648 4401 (an.
3693 4322 3753 4394 t).

2169 4423 2286 4480 Sub
2314 4425 2411 4478 ista
2455 4422 2644 4478 umbra
2677 4430 2898 4492 protege
2929 4434 3037 4483 me.
3083 4428 3140 4475 ut
3172 4435 3257 4475 me
3289 4435 3397 4476 non
3433 4420 3605 4490 rapiat
3629 4417 3754 4474 mil-

2172 4527 2292 4568 vus.
2327 4510 2393 4569 Et
2437 4511 2541 4569 sub
2566 4511 2778 4568 duabus
2823 4510 3302 4567 Testamentorum
3353 4511 3456 4567 alis
3500 4530 3514 4568 :
3555 4511 3603 4566 id
3652 4520 3755 4578 est,

473 4590 664 4658 quitas.
684 4590 752 4647 Ut
772 4610 873 4647 non
887 4590 1127 4663 loquatur
1142 4610 1198 4648 os
1213 4606 1381 4648 meum
1399 4609 1554 4664 opera
1569 4590 1859 4651 hominum.
1876 4592 2062 4663 Qualia

2177 4605 2415 4677 ipsorum
2460 4603 2727 4660 doctrinis
2756 4603 2950 4675 quibus
2980 4602 3199 4667 vivitur,
3232 4613 3288 4659 et
3339 4605 3662 4669 custoditur,
3696 4616 3755 4658 ac

475 4691 602 4739 sunt
628 4700 795 4754 opera
846 4686 1167 4743 hominum?
1208 4686 1485 4743 Vanitates
1523 4703 1659 4759 quas
1688 4686 1795 4759 ipsi
1845 4697 2067 4743 amant:

477 4775 790 4833 veldiversa
824 4778 1060 4850 negotia,
1093 4780 1194 4835 ista
1222 4786 1351 4835 sunt
1382 4777 1659 4835 hominum
1681 4795 1847 4851 opera
1882 4797 1896 4835 :
1926 4780 2069 4836 sicut

478 4873 531 4927 in
567 4872 860 4944 Evangelia
887 4866 1144 4930 Dominus
1171 4870 1303 4930 dicit
1331 4872 1553 4945 (Matth.
1579 4873 1717 4948 xxI).
1743 4874 1897 4945 Quod
1925 4873 1972 4931 si
2000 4873 2070 4933 de

477 4965 648 5020 verbo
666 4966 841 5021 otioso
864 4965 1114 5021 redditur
1144 4968 1315 5022 ratio:
1347 4976 1554 5038 quanto
1583 4969 1753 5039 magis
1783 4966 1853 5024 de
1878 4967 2063 5037 cperi-

479 5056 579 5112 bus
601 5055 904 5124 hominum,
925 5072 1046 5128 qua:
1070 5073 1134 5114 ex
1151 5058 1269 5131 ipso
1288 5074 1454 5116 sensu
1476 5059 1720 5117 studiose
1747 5060 2064 5131 loquuntur.

549 5150 775 5222 Propter
800 5151 951 5207 verba
978 5152 1233 5209 labiorum
1280 5163 1487 5209 tuorum
1530 5171 1622 5227 ego
1667 5154 1921 5211 custodivi
1958 5155 2069 5211 vias

474 5244 655 5301 duras.
673 5246 906 5317 Propter
922 5247 1357 5319 praedicationem
1375 5260 1428 5304 et
1457 5261 1683 5320 propter
1706 5264 1770 5305 ea
1786 5265 1904 5319 qua:
1935 5263 2061 5318 pro-

479 5339 768 5394 mittuntur
816 5340 868 5396 in
899 5341 1074 5408 ccelis,
1102 5341 1372 5398 custodivi
1415 5341 1530 5396 vias
1567 5340 1758 5397 duras.
1785 5340 2075 5410 Quomodo

477 5429 610 5487 dicit
657 5429 748 5489 hic
773 5432 957 5498 duras,
1007 5432 1134 5489 dum
1168 5433 1220 5489 in
1274 5433 1569 5505 Evangelia
1599 5432 1803 5490 dicitur
1829 5451 1845 5493 :
1873 5430 2071 5504 Jugum

478 5538 659 5579 meum
690 5539 855 5581 suave
889 5533 996 5590 est,
1040 5535 1095 5579 et
1145 5538 1281 5579 onus
1327 5536 1510 5579 meum
1557 5525 1676 5581 leve
1716 5523 1896 5595 (Matt.
1953 5524 2075 5596 st)?

475 5614 656 5672 Suave
678 5627 762 5672 est
791 5617 1105 5674 volentibus
1135 5635 1147 5673 :
1174 5616 1370 5673 durum
1399 5626 1485 5675 est
1515 5616 1850 5675 nolentibus.
1873 5617 2075 5685 Quant-

477 5807 487 5816 .
552 5786 579 5815 ⁸
607 5777 829 5836 Minime
854 5792 987 5835 vero
1016 5794 1184 5833 meam
1215 5776 1419 5834 addunt
1448 5776 1826 5848 Septuaginta,
1849 5778 2076 5848 quitan-

491 5859 602 5906 tum
634 5850 838 5909 habent
865 5854 1190 5919 εἰσάκουσον,
1225 5854 1393 5928 Κύριε,
1422 5847 2079 5925 τῆςνδικαιοσύνηέείιυὶη,

2180 4697 2377 4768 tegitur
2407 4694 2546 4751 sicut
2587 4695 2787 4767 gallina
2820 4711 2835 4750 :
2866 4694 2991 4765 quia
3019 4709 3116 4765 per
3150 4692 3410 4766 gallinam
3452 4694 3757 4765 intelligitur

2175 4789 2440 4860 sapientia
2466 4787 2561 4844 Dei
2591 4786 2789 4843 Patris.
2823 4786 2959 4857 Quia
2989 4787 3130 4842 sicut
3161 4787 3366 4859 gallina
3395 4791 3498 4846 sub
3524 4789 3614 4844 alis
3644 4787 3755 4856 pnt-

2177 4881 2260 4937 los
2282 4895 2413 4936 suos
2448 4879 2735 4935 abscondit
2767 4886 2988 4949 propter
3015 4878 3209 4932 milvos
3243 4894 3259 4935 :
3294 4880 3373 4934 sic
3402 4887 3458 4935 et
3506 4878 3754 4949 sapientia

2175 4972 2376 5036 divina,
2420 4971 2617 5027 ctdute
2647 4971 2768 5035 alae,
2801 4987 2919 5040 qua:
2948 4979 3075 5024 sunt
3100 4968 3209 5025 duo
3258 4979 3597 5038 testamenta,
3629 4982 3750 5038 prec

2175 5073 2365 5138 tegunt
2392 5058 2691 5120 Ecclesium
2710 5079 2739 5118 a
2765 5062 2970 5118 milvo:
2998 5065 3099 5118 hoc
3122 5073 3224 5129 est,
3249 5078 3279 5117 a
3303 5060 3537 5119 diabolo.
3565 5063 3600 5117 Α
3622 5062 3756 5135 [acie

2172 5161 2453 5222 impiorum
2479 5160 2567 5230 qui
2591 5175 2670 5213 me
2691 5159 3018 5230 afflixerunt.
3046 5157 3217 5213 Jlllltl'l
3245 5157 3522 5213 Christum
3552 5159 3599 5211 in
3625 5170 3748 5226 pas-

2176 5250 2353 5319 sione,
2377 5260 2429 5306 et
2452 5250 2691 5306 hmretici
2723 5248 3044 5305 Ecclesiam.

2251 5340 2463 5402 Inimici
2488 5344 2592 5399 inci
2620 5343 2852 5398 animam
2887 5358 3051 5398 meam
3098 5343 3563 5400 circumdederunt.
3589 5340 3753 5398 .ludmi

2178 5437 2456 5497 Christum
2492 5438 2545 5492 in
2575 5437 2851 5508 passione.
2902 5432 3152 5491 Animam
3180 5435 3295 5491 dixi
3329 5435 3424 5511 [F.
3455 5435 3619 5509 dixit],
3649 5449 3753 5488 non

2182 5546 2386 5607 corpus
2415 5551 2430 5590 :
2463 5533 2591 5603 quia
2615 5526 2870 5587 diabolus
2915 5530 2969 5586 in
3017 5531 3193 5586 anima
3227 5531 3552 5589 intrinsecus
3592 5528 3755 5584 nescit

2179 5625 2309 5698 quid
2329 5625 2535 5696 cogitet
2555 5624 2745 5693 homo,
2769 5622 2875 5680 nlsi
2905 5639 3002 5696 per
3028 5623 3337 5683 exteriores
3360 5634 3534 5682 motus
3561 5619 3753 5679 intelli-

2182 5788 2242 5835 ut
2277 5787 2436 5837 vetus
2464 5779 2789 5837 scholiastes
2818 5787 2987 5847 natm,
3021 5779 3122 5852 ipsi
3159 5790 3377 5841 veteres
3420 5780 3747 5850 interpretes.

2189 5852 2248 5910 τὸ
2270 5857 2367 5927 poi:
2394 5854 2452 5908 οὗ
2480 5852 2815 5931 προσέθηκαν.
