3944 6334
232 314 315 371 861
1143 304 1575 369 BREVIARIUM
1612 308 1681 368 1N
1722 312 1785 369 PS

1896 310 2047 369 M08.
2095 308 2340 369 I’SALM.
2382 304 2521 368 XVI.

3392 316 3500 373 862

230 435 326 502 gat,
349 435 405 483 et
433 424 488 481 in
510 441 620 497 quo
651 440 1088 499 unumquemque
1119 426 1372 483 delectari
1403 426 1580 496 videt,
1613 416 1796 484 diver-
1826 428 1881 492 Α
1904 436 2048 483 tuam
2078 428 2143 484 ab
2170 420 2396 484 inimicis
2424 444 2614 483 manus
2643 438 2765 483 ture.
2798 428 3027 487 Framea
3069 431 3139 487 de
3165 426 3410 499 Christo,
3445 438 3500 489 ct

228 535 305 577 sas
324 519 699 591 suggestioncs
732 517 912 577 infert.
943 519 1089 577 lstud
1120 521 1186 576 ad
1218 518 1518 576 Ecclesiam
1552 519 1801 592 pertinet,

227 612 424 685 Adipem
469 628 625 666 suum
649 612 1030 669 concluserunt.
1077 611 1217 683 Quid
1264 628 1360 683 per
1400 612 1615 685 adipem
1643 660 1657 684 ,
1700 614 1805 670 nisi

226 700 414 761 tualitia
442 703 759 761 Judmorum
784 705 1130 777 designatur?
1156 705 1289 775 Quae
1323 705 1375 763 in
1413 706 1585 763 veteri
1613 704 1803 763 Testa-

227 809 393 858 mento
438 798 657 871 adipem
720 790 1049 858 manducare
1098 799 1419 873 prohibetur
1462 819 1477 857 :
1519 798 1645 872 quia
1706 816 1803 857 cor

227 909 395 952 eorum
424 892 786 951 incrassatum
818 904 954 953 erat.
989 896 1144 954 Unde
1172 895 1306 952 dixit
1329 898 1380 952 in
1408 895 1633 954 Cantico
1656 897 1801 953 Deu-

227 987 498 1044 teronomii
532 1006 544 1042 :
571 986 905 1045 lucrassatus
926 999 1008 1045 est
1035 989 1301 1058 dilectus,
1352 997 1403 1046 et
1435 990 1802 1046 recalcitravit

226 1077 386 1152 (Deut.
415 1081 615 1152 χχχιι).
643 1080 863 1151 Quare?
890 1083 1025 1152 Quia
1057 1083 1390 1139 incrassatus
1411 1092 1526 1140 erat
1552 1081 1620 1139 de
1646 1083 1803 1141 mali-

227 1174 319 1238 tia,
364 1181 416 1228 et
456 1173 831 1232 recalcitravit
884 1194 899 1231 :
948 1177 1074 1247 quia
1120 1176 1333 1233 nolebat
1394 1174 1645 1232 mandata
1701 1175 1800 1235 Dei

225 1265 520 1321 observare.
576 1264 815 1323 Dilectus
841 1283 869 1323 a
920 1267 1031 1324 Deo
1070 1266 1170 1323 fuit
1219 1267 1453 1340 populus
1491 1267 1797 1325 .ludaicus:

223 1358 331 1429 quia
358 1371 559 1414 manus
589 1357 829 1415 divinum
861 1359 1000 1432 pluit
1027 1361 1134 1416 illis
1165 1377 1177 1415 :
1219 1361 1360 1433 quod
1406 1361 1471 1417 ad
1505 1377 1602 1418 nos
1632 1361 1797 1433 perti-

220 1456 319 1517 net,
360 1448 485 1522 quia
535 1450 926 1508 manducamus
953 1451 1252 1509 Christum.
1295 1452 1403 1510 Sed
1448 1452 1619 1510 Judazi
1667 1468 1799 1510 con—

222 1552 545 1614 tempserunt
572 1546 897 1617 semetipsos
927 1562 943 1603 :
979 1545 1082 1603 hoc
1112 1557 1218 1614 est,
1250 1548 1625 1621 obligaverunt
1652 1562 1712 1604 se
1743 1548 1797 1604 in

220 1635 425 1692 malitia.
454 1637 528 1692 0s
558 1654 737 1693 eorum
768 1639 998 1695 locutum
1028 1648 1102 1696 est
1130 1640 1442 1713 superbiam.
1485 1642 1559 1697 Os
1603 1641 1799 1712 impio-

219 1745 323 1784 rum
360 1745 372 1783 :
414 1732 544 1803 quia
589 1742 783 1789 contra
812 1733 1122 1803 Christum,
1170 1744 1222 1791 et
1267 1744 1456 1792 contra
1500 1736 1793 1793 Ecclesiam

220 1819 426 1877 iaciunt.

279 1910 620 1983 Prejicientes
662 1930 743 1970 me
794 1933 932 1972 nunc
963 1916 1416 1975 circumdederunt
1462 1936 1585 1975 me:
1616 1921 1794 1977 oculos

218 2020 326 2061 suos
352 2012 649 2063 statuerunt
675 2008 941 2065 declinare
980 2011 1034 2064 in
1057 2019 1270 2068 terram.
1289 2012 1519 2081 Quando
1540 2012 1793 2072 Christus

1907 520 1976 577 de
2013 518 2258 577 Ecclesia
2297 520 2647 594 intelligitur.
2682 518 2910 579 Framea
2938 522 3037 581 Dei
3066 520 3284 593 Patris,
3317 525 3501 582 anima

1905 611 2108 669 Christi
2137 620 2243 680 est,
2272 611 2341 670 de
2366 629 2475 685 qua
2503 612 2630 671 facit
2650 612 2852 686 justam
2883 614 3202 673 vindictam.
3240 612 3501 675 Diabolus

1908 703 2111 760 framea
2139 704 2260 777 ejus
2288 715 2397 773 est,
2443 704 2510 761 dc
2547 720 2654 778 qua
2706 704 2913 764 framea
2945 706 3242 765 vindictam
3289 707 3421 765 facit
3448 709 3504 768 in

1907 796 2130 852 mundo.

1978 890 2214 959 Domine,
2245 909 2278 947 a
2301 893 2482 966 paucis
2509 911 2539 949 a
2590 903 2729 950 terra
2767 893 2942 951 divide
2969 911 3081 965 eos,
3108 902 3216 952 etc.
3246 890 3368 953 Vox
3395 895 3502 954 Ec-

1904 982 2107 1040 clesiae.
2139 982 2185 1038 A
2234 986 2436 1056 paucis,
2468 1002 2500 1040 a
2528 994 2686 1041 terra.
2719 985 2849 1042 Vult
2902 984 3155 1043 Ecclesia
3196 988 3441 1059 separari
3471 1002 3505 1046 a

1904 1075 2242 1144 carnalibus,
2278 1083 2335 1132 et
2363 1091 2392 1132 a
2424 1078 2656 1146 zizania,
2684 1089 2739 1135 et
2764 1094 2791 1133 a
2819 1078 2993 1149 paleis
3016 1085 3142 1135 ante
3180 1079 3329 1136 diem
3356 1080 3504 1151 judi-

1903 1167 1971 1222 cii
2005 1185 2019 1221 :
2052 1168 2148 1224 sed
2179 1169 2300 1224 sine
2324 1183 2485 1225 causa
2512 1184 2526 1224 :
2557 1170 2683 1242 quia
2706 1185 2736 1226 a
2765 1170 2876 1227 Deo
2897 1174 3111 1243 accepit
3140 1188 3494 1244 responsum,

1902 1262 2047 1317 sicut
2100 1262 2364 1316 Dominus
2394 1261 2538 1317 dixit
2582 1262 2635 1318 in
2679 1262 2980 1335 Evangelio
3011 1283 3026 1320 :
3056 1264 3229 1320 Sinite
3267 1272 3498 1337 utraque

1902 1367 2154 1410 crescere
2202 1367 2383 1425 usque
2431 1352 2498 1410 ad
2548 1368 2780 1411 messem
2815 1354 2977 1427 (Mat.
3028 1354 3196 1428 stu):
3238 1355 3343 1413 hoc
3390 1364 3496 1428 est,

1904 1461 2072 1517 usque
2115 1446 2168 1502 in
2198 1445 2349 1503 diem
2373 1446 2587 1515 jndicii.
2618 1446 2760 1515 Quia
2790 1447 2879 1503 hic
2908 1446 3156 1504 Ecclesia
3198 1449 3498 1507 commixta

1900 1544 1985 1594 est
2015 1552 2138 1594 cum
2173 1538 2551 1609 peccatoribus
2585 1555 2599 1593 :
2632 1549 2787 1611 rogat
2819 1537 2918 1607 pro
2949 1539 3057 1596 illis
3085 1541 3175 1611 qui
3210 1542 3497 1612 praedesti-

1901 1630 2013 1686 nati
2042 1638 2190 1698 sunt,
2220 1641 2277 1685 ut
2306 1630 2547 1698 veniant,
2585 1641 2639 1687 et
2680 1641 3003 1703 separentur
3034 1631 3231 1689 abillis
3257 1633 3348 1705 qui
3381 1649 3490 1691 non

1900 1735 2025 1781 sunt
2042 1723 2434 1796 prcedestinati,
2456 1722 2723 1780 utdicitur
2745 1743 2757 1778 :
2778 1724 2936 1781 Multi
2963 1726 3164 1795 vocati,
3187 1728 3342 1796 pauci
3360 1742 3492 1783 vero

1822 1829 1869 1890 Β
1899 1817 2407 1892 electi(Mat.xsu).
2422 1818 2720 1890 Supplanta
2736 1833 2832 1874 eos
2848 1822 2935 1889 qui
2960 1818 3017 1874 in
3039 1819 3316 1891 impietate
3335 1831 3491 1889 sunt;

1896 1920 1955 1967 ut
1983 1911 2070 1968 hic
2086 1910 2365 1967 emendari
2382 1910 2637 1983 debeant,
2663 1923 2759 1969 aut
2782 1912 2835 1971 in
2862 1912 3050 1969 futuro
3072 1914 3330 1985 supplant
3347 1925 3493 1971 ’111111-

1899 2007 1949 2062 in
1966 2005 2225 2062 vindicta.
2245 2002 2325 2061 De
2337 2006 2654 2062 absconditis
2672 2007 2774 2063 tuis
2795 2007 3199 2080 adimpletusest
3213 2005 3383 2064 vertier
3400 2024 3491 2064 εοε-

218 2109 392 2168 passus
417 2106 525 2166 est,
553 2098 732 2155 omnis
759 2104 904 2157 terra
939 2103 1185 2170 tremuit,
1214 2112 1271 2158 et
1298 2102 1477 2159 sidera
1501 2103 1791 2161 obscurata
1890 2117 2028 2155 rum.
2047 2101 2360 2171 Trlpliciter
2378 2100 2466 2156 hic
2492 2100 2816 2173 intelligitur
2834 2111 3049 2159 venter.
3079 2100 3300 2168 Venter,
3320 2101 3485 2157 casti-

216 2196 345 2257 sunt,
392 2198 452 2247 et
499 2196 675 2262 petra:
706 2193 896 2249 scissae
944 2206 1091 2251 sunt.
1139 2194 1245 2253 Sed
1282 2194 1456 2252 Judari
1503 2198 1694 2254 oculos
1735 2197 1790 2255 iu

216 2293 397 2339 terram
424 2292 766 2356 statuerunt,
797 2289 924 2359 quia
965 2287 1245 2345 hominem
1291 2288 1471 2346 solum
1502 2293 1788 2349 existima-

214 2388 411 2449 verunt,
437 2388 495 2436 et
518 2379 861 2439 divinitatem
892 2398 999 2440 non
1034 2385 1439 2442 intellexerunt.
1464 2384 1562 2443 Vel
1594 2382 1789 2443 oculos

213 2485 325 2528 suos
355 2475 406 2528 in
434 2482 637 2530 terram
668 2482 980 2534 statuerunt
1009 2496 1025 2535 τ
1052 2481 1177 2551 quia
1204 2479 1273 2536 de
1311 2482 1548 2537 terrenis
1576 2481 1790 2539 actibus

211 2565 529 2638 cogitabant,
562 2567 660 2625 sed
693 2567 762 2626 de
789 2570 1110 2628 ccelestibus
1147 2586 1260 2628 non
1293 2573 1715 2630 meditabantur.

272 2661 620 2737 Susceperunt
643 2682 722 2721 me
753 2666 888 2722 sicut
914 2665 996 2722 leo
1026 2675 1249 2739 paratus
1288 2669 1358 2723 ad
1385 2669 1637 2740 prwdam,
1678 2679 1787 2726 etc.

212 2754 348 2811 Sicut
370 2756 459 2812 leo
486 2766 711 2829 paratus
748 2769 834 2815 est
881 2760 946 2815 ad
976 2760 1261 2832 praedam:
1304 2763 1383 2818 sic
1423 2773 1789 2835 susceperunt

209 2845 364 2904 ladmi
392 2847 677 2906 Christum
703 2851 759 2907 in
791 2852 1067 2923 passione.
1100 2853 1167 2908 Et
1195 2854 1329 2909 sicut
1358 2857 1560 2911 catulus
1599 2857 1783 2915 leonis.

212 2939 328 3006 Leo,
356 2942 649 2999 diabolus:
681 2945 919 3014 catulus,
955 2945 1099 3003 illius
1122 2951 1240 3018 ejus
1269 2947 1659 3006 Anticltristus.
1690 2949 1785 3009 Vel

209 3036 360 3093 aliud.
391 3036 524 3106 Leo,
554 3038 808 3096 diabolus
833 3059 847 3097 :
875 3049 931 3097 et
957 3042 1050 3098 ﬁlii
1075 3043 1215 3113 ejus,
1245 3043 1442 3101 Judaei.
1473 3044 1541 3099 In
1566 3045 1788 3101 abscon-

209 3127 335 3194 ditis,
363 3127 419 3185 In
444 3143 637 3186 eorum
669 3131 957 3198 cordibus,
997 3134 1152 3205 quasi
1198 3132 1251 3189 in
1294 3134 1549 3191 obscuro.
1588 3135 1786 3192 Diabo-

1898 2203 2002 2261 tas,
2034 2192 2381 2265 intelligitur,
2416 2192 2626 2247 utdicit
2657 2201 2685 2230 η
2711 2190 3035 2248 Eucherius.
3066 2193 3131 2248 Et
3171 2194 3490 2263 angelorum

1896 2298 2088 2347 venter
2117 2288 2357 2361 repletus
2387 2286 2491 2345 fuit
2518 2286 2797 2363 mysteriis
2823 2286 2919 2346 Dei
2945 2296 3239 2359 antequam
3259 2286 3495 2343 cecidis-

1893 2392 2037 2448 sent,
2081 2389 2140 2439 et
2179 2381 2490 2438 Iudaeorum
2546 2390 2738 2439 venter
2774 2381 2843 2437 de
2896 2382 3174 2454 mysteriis
3228 2383 3389 2454 legis,
3434 2391 3491 2439 et

1894 2479 2275 2536 haereticorum
2307 2483 2496 2533 venter
2515 2476 2586 2533 de
2615 2476 2891 2549 mysteriis
2923 2476 3201 2533 Ecclesiae.

1966 2572 2208 2631 Saturati
2253 2580 2375 2627 sunt
2422 2571 2567 2645 ﬁliis.
2619 2570 2792 2627 Judaei
2845 2569 3071 2626 saturati
3121 2578 3245 2626 sunt
3299 2589 3310 2623 :
3362 2571 3489 2643 quia

1893 2665 2241 2738 multiplicati
2265 2674 2397 2723 sunt
2424 2666 2475 2721 in
2508 2662 2891 2735 procreatiune
2918 2663 3177 2731 ﬁliorum,
3211 2673 3266 2720 et
3312 2664 3364 2720 in
3394 2680 3483 2721 re-

1891 2760 1994 2817 bus
2018 2759 2227 2816 smcnli.
2268 2757 2499 2828 Quando
2528 2758 2684 2825 dicit,
2731 2757 2762 2798 ι)
2810 2757 3031 2812 saturati
3079 2767 3198 2812 sunt
3244 2758 3483 2830 porcina,

1892 2852 2002 2908 hoc
2036 2848 2345 2907 Judtcorum
2389 2849 2790 2907 immunditiam
2835 2849 3108 2921 designat.
3164 2848 3488 2906 Dimiserunt

1889 2944 2138 3014 reliquias
2159 2961 2278 3002 suas
2306 2943 2542 3015 parvulis
2568 2943 2697 2999 suis.
2726 2943 2840 2999 Hoc
2866 2953 2950 3000 est
2970 2943 3117 2999 illam
3145 2943 3345 3015 justam
3368 2945 3488 3000 vin-

1890 3038 2092 3093 dictam
2118 3053 2242 3109 qua:
2268 3037 2377 3094 illis
2415 3036 2668 3093 debetur.
2705 3034 3046 3107 Reliquerunt
3090 3037 3335 3108 reliquias
3364 3054 3485 3094 suas

1889 3131 2118 3206 parvulis
2162 3133 2271 3187 suis
2302 3151 2322 3198 ;
2364 3130 2468 3187 hoc
2508 3140 2613 3200 est,
2646 3131 2866 3204 quando
2895 3130 3157 3188 dixerunt
3189 3149 3203 3189 :
3254 3133 3486 3205 Sanguis

208 3207 303 3288 lui,
330 3220 420 3277 vel
449 3222 695 3279 membra
738 3224 885 3280 illius
930 3225 985 3281 in
1039 3226 1237 3297 quibus
1266 3228 1518 3286 diabolus
1553 3228 1782 3303 habitat,
1812 3220 1855 3284 C
1890 3227 2007 3295 ejus
2037 3240 2201 3294 super
2232 3238 2354 3292 nos,
2380 3234 2436 3282 et
2463 3240 2632 3296 super
2661 3224 2801 3280 illius
2830 3235 3047 3280 nostros
3081 3223 3242 3295 (Μαι.
3289 3225 3480 3299 xxv")-

207 3314 539 3385 appellantur
566 3315 684 3373 loca
713 3316 1055 3376 abscondita.

268 3403 525 3480 Exsurge,
584 3407 831 3477 Domine,
863 3413 1088 3482 prtetveni
1134 3430 1241 3485 eos,
1274 3426 1381 3472 etc.
1417 3416 1532 3473 an
1579 3417 1786 3477 Christi

207 3494 436 3567 loquitur
473 3498 542 3555 ad
579 3498 943 3569 divinitatem,
984 3512 1047 3560 ut
1074 3508 1374 3576 praiveniat
1412 3511 1607 3565 animae
1648 3524 1782 3579 Sum,

206 3603 267 3643 ne
307 3591 551 3661 rapiatur
586 3606 617 3649 a
664 3594 910 3667 principe
949 3595 1187 3666 diabolo,
1247 3601 1389 3669 quod
1439 3602 1511 3657 ita
1552 3611 1607 3659 et
1634 3603 1783 3660 fecit.

205 3678 466 3741 Prmeuit
489 3700 638 3751 eum,
673 3696 732 3743 et
754 3687 1026 3760 alligavit,
1054 3701 1108 3747 et
1129 3690 1196 3748 ad
1222 3691 1499 3750 infernum
1529 3695 1784 3755 deduxit.

208 3771 455 3832 Veniebat
472 3775 725 3835 diabolus
739 3780 940 3853 aliquid
958 3783 1028 3840 de
1050 3798 1148 3839 suo
1166 3787 1450 3858 requirere
1468 3788 1523 3844 in
1538 3787 1780 3861 Christo,

204 3868 291 3924 sed
314 3869 368 3925 in
391 3884 458 3927 eo
481 3872 617 3929 nihil
645 3873 879 3943 invenit,
912 3885 973 3932 ut
1001 3874 1137 3933 dixit
1168 3879 1221 3933 in
1253 3879 1548 3952 Evangelia
1576 3900 1589 3937 :
1623 3882 1785 3939 Venit

210 3960 454 4035 princeps
485 3962 648 4035 hujus
681 3964 892 4035 mundi,
944 3978 1001 4024 et
1041 3969 1096 4024 in
1139 3984 1226 4026 me
1256 3985 1363 4027 non
1391 3971 1599 4028 invenlt
1627 3973 1784 4045 quid-

203 4068 356 4124 quam
385 4055 566 4129 (Joan.
604 4057 744 4131 ιη).
801 4060 867 4115 Et
911 4070 1096 4117 sancta
1138 4063 1382 4137 Ecclesia
1419 4074 1577 4137 rogat
1626 4076 1785 4123 ante-

207 4159 362 4215 quam
409 4149 792 4220 supplantetur
834 4166 864 4206 a
912 4151 1158 4220 diabolo,
1199 4136 1255 4211 et
1288 4156 1341 4210 in
1379 4136 1505 4227 ejus
1545 4156 1781 4225 insidiis,

203 4239 291 4309 qni
321 4248 441 4296 sunt
459 4241 750 4300 bmmticl:
791 4250 851 4301 ut
881 4247 1063 4304 veniat
1089 4246 1397 4306 catholicus
1442 4261 1649 4320 noster,
1687 4252 1783 4327 qui

203 4340 284 4385 est
313 4330 578 4402 Christus,
611 4344 669 4392 et
699 4337 983 4395 subvertet
1028 4342 1262 4398 astutias
1310 4341 1537 4415 inimici,
1586 4345 1637 4401 id
1674 4355 1780 4413 est,

202 4422 518 4494 supplantat.
556 4425 702 4483 Erue
746 4431 976 4485 animant
1019 4444 1189 4487 meam
1222 4434 1286 4488 ab
1325 4433 1507 4507 impio,
1546 4436 1781 4509 gladium

205 4521 342 4571 tanta
380 4518 442 4573 ab
489 4521 718 4576 inimicis
746 4538 932 4578 manus
963 4533 1084 4581 tute.
1129 4525 1259 4590 Oro,
1309 4526 1549 4598 gladium
1588 4544 1778 4588 manus

1891 3319 1958 3374 Et
1991 3318 2372 3374 haereticorum
2418 3317 2515 3374 lilii
2549 3317 2806 3374 similiter
2838 3316 3351 3393 condemnationem
3381 3316 3479 3372 ha-

1890 3412 2109 3467 behunt.
2136 3410 2239 3480 Qui
2263 3418 2392 3465 sunt
2414 3410 2657 3481 reliquis:
2679 3410 2909 3466 eorum?
2933 3407 3178 3479 Ipsorum
3203 3408 3482 3480 discipuli,

1887 3507 1977 3575 qui
2024 3503 2091 3558 de
2124 3502 2214 3559 illa
2264 3503 2405 3559 mala
2450 3501 2700 3559 doctrina
2740 3518 2930 3559 eurum
2972 3504 3285 3574 regenerati
3330 3513 3480 3559 sunt.

1889 3596 2130 3652 Saturati
2178 3605 2298 3651 sunt
2343 3595 2492 3666 ﬁliis,
2540 3603 2584 3649 et
2631 3596 2944 3666 reliquerunt
2997 3594 3203 3649 residua
3249 3595 3485 3669 parvulis

1885 3691 2012 3746 suis.
2047 3689 2277 3761 Prttpler
2307 3688 2714 3761 ambiguitatem
2743 3689 2918 3757 verbi,
2950 3688 3169 3760 quidam
3204 3704 3301 3760 pro
3333 3688 3481 3756 ﬁliis,

1886 3785 2165 3856 porcinam
2200 3785 2462 3855 scriptum
2494 3783 2854 3849 arbitrantur,
2904 3783 3051 3855 quod
3097 3782 3479 3855 Symmachus,

1886 3878 2169 3934 llebrteam
2203 3878 2521 3948 caprimens
2570 3876 2876 3944 veritatem,
2927 3877 3224 3945 transtulit,
3274 3886 3480 3931 satura—

1885 3973 2078 4028 buntur
2106 3970 2254 4042 ﬁliis,
2287 3980 2334 4027 et
2371 3971 2659 4044 relinquent
2687 3973 2893 4029 residua
2934 3972 3163 4046 parvulis
3210 3974 3338 4028 suis.
3374 3972 3477 4029 Sa-

1885 4067 2047 4123 turati
2091 4075 2217 4121 sunt
2245 4065 2396 4132 ﬁliis,
2428 4075 2486 4122 et
2521 4065 2850 4123 dimiserunt
2898 4066 3156 4136 reliquias
3195 4080 3344 4135 suas,
3378 4066 3479 4121 im-

1884 4157 2233 4225 munditiam,
2267 4169 2322 4215 et
2354 4158 2693 4231 iniquitatem
2728 4176 2745 4215 :
2784 4158 3177 4215 conculcantcs
3218 4159 3480 4230 margari-

1883 4260 1965 4308 tas
1989 4264 2304 4308 sermonum
2335 4259 2573 4307 tuorum.
2605 4251 2673 4306 Et
2704 4251 3032 4307 dimiserunt
3058 4249 3314 4324 reliquias
3345 4266 3475 4306 suas

1882 4345 2129 4418 parvulis
2156 4344 2293 4410 suis,
2336 4338 2636 4402 clamantes
2683 4362 2699 4403 :
2746 4344 2981 4418 Sanguis
3023 4342 3144 4417 ejus
3173 4357 3340 4417 super
3382 4358 3484 4401 nos

1882 4444 1938 4495 et
1972 4451 2138 4508 super
2168 4434 2312 4493 lilios
2340 4445 2579 4493 nostros.

1956 4527 2071 4601 Ego
2095 4538 2270 4584 autem
2299 4545 2417 4586 cum
2436 4530 2650 4603 justitia
2671 4528 2934 4604 apparebo
2961 4530 3015 4585 in
3043 4539 3328 4602 conspectu
3368 4539 3482 4587 tuo.

205 4614 308 4662 tua:
331 4623 458 4667 erue
502 4611 572 4668 ab
622 4613 866 4670 inimicis
910 4616 1042 4683 tuis,
1088 4615 1342 4674 inimicus
1377 4620 1523 4676 enim
1570 4623 1782 4691 accepit
1809 4605 1859 4667 Ῑ)
1885 4621 2005 4677 Vox
2031 4620 2312 4679 Ecclesia}.
2344 4610 2474 4679 Cum
2507 4623 2717 4696 justitia
2745 4640 2765 4679 :
2796 4623 2901 4679 hoc
2944 4633 3051 4690 est,
3093 4624 3345 4680 mandata
3393 4636 3482 4682 tua

212 4709 528 4768 potestatem
553 4713 613 4759 ut
639 4716 865 4778 propter
890 4720 1111 4779 peccata
1138 4726 1237 4766 nos
1261 4714 1467 4783 puniat.
1498 4713 1647 4784 Quos
1672 4725 1783 4773 tra-

204 4788 311 4847 didi
360 4792 610 4864 Sstanie,
671 4805 733 4853 ut
786 4798 1005 4858 discant
1061 4814 1171 4858 non
1229 4798 1650 4878 hlasphemare,
1709 4809 1784 4866 ait

205 4883 450 4975 apostolo
479 4888 524 4959 (1
553 4889 694 4946 Tim.
724 4890 788 4964 1).
827 4890 970 4949 Erue
1022 4897 1251 4951 animam
1283 4913 1451 4953 meum
1490 4900 1555 4955 ab
1593 4900 1779 4975 impio.

206 4974 317 5032 Vos
346 4978 550 5037 Christi
592 4983 661 5038 ad
710 4984 879 5041 Deum
918 4986 1139 5045 Patrem
1183 4989 1421 5063 loquitur
1463 5010 1474 5046 :
1521 4990 1626 5050 hoc
1670 4974 1776 5063 est,

206 5079 326 5124 erue
351 5071 585 5129 animam
618 5088 797 5132 meam
831 5091 864 5133 a
906 5078 1143 5135 diabolo.
1188 5083 1252 5137 Et
1279 5098 1383 5139 vox
1425 5084 1681 5144 Ecclesiae
1712 5086 1778 5145 ad

206 5160 460 5222 Christum
485 5169 587 5224 hoc
626 5179 809 5240 rogat,
843 5179 901 5227 ut
930 5172 1194 5230 liberetur
1241 5190 1270 5230 s
1301 5175 1542 5244 diabolo,
1588 5180 1674 5235 vel
1710 5180 1778 5238 ab

207 5251 490 5330 bereticis,
517 5271 572 5318 et
592 5262 663 5319 ab
688 5276 1020 5337 unoquoque
1046 5265 1273 5325 homine
1299 5267 1464 5326 malo.
1502 5269 1778 5330 Frameam

270 5409 294 5489 ᾗ
328 5405 493 5476 Quem
521 5408 707 5489 laudat
740 5409 1045 5489 Eucherius
1086 5428 1197 5470 uno
1237 5412 1354 5471 fere
1395 5416 1597 5473 stt-culo
1650 5427 1776 5489 post

210 5468 574 5552 IliertTnymum
605 5481 824 5538 claruit.

268 5543 293 5631 ξ’
327 5543 569 5631 1111ἐ111111
597 5566 756 5631 vello,
791 5555 1024 5631 putarat!
1049 5563 1169 5631 sunt
1198 5554 1428 5631 porcina,
1460 5557 1547 5613 vel
1591 5560 1769 5631 suilla,

203 5622 371 5703 {ctera
410 5622 658 5703 quaedam
684 5622 1246 5703 Latitta‘exemplaria
1287 5642 1357 5703 ex
1386 5627 1585 5686 Graeco
1622 5622 1773 5703 lege;

204 5682 343 5773 bant,
373 5682 461 5749 ubi
497 5697 791 5773 pro__uié‘w,
840 5682 1003 5767 ﬁliis,
1029 5682 1229 5773 le'cLum
1280 5682 1415 5764 ὗᾶένξ
1442 5682 1771 5773 suauia:

206 5756 339 5841 ὐείωπέ
350 5802 386 5841 ,1
414 5773 472 5819 ut
497 5756 814 5841 fhodiernu's
840 5756 1065 5841 quoque
1112 5766 1337 5841 Grmcus
1373 5756 1556 5828 {citus
1578 5756 1770 5833 hahel

206 5829 432 5905 Porculis,
463 5838 605 5910 sive,
661 5829 897 5909 porciua'.
928 5829 1165 5900 Consule
1203 5840 1488 5913 epistolam
1534 5845 1593 5903 S.
1626 5829 1767 5905 Pati;

1889 4710 2217 4785 adimplere.
2260 4714 2533 4788 Apparebo
2579 4716 2631 4770 in
2673 4725 2950 4789 conspectu
2984 4726 3115 4773 tuo:
3145 4716 3250 4773 hoc
3279 4729 3382 4785 est,
3429 4719 3484 4776 in

1889 4807 2178 4879 praesentia
2200 4817 2290 4864 tua
2314 4809 2365 4865 in
2390 4808 2597 4866 futuro.
2625 4810 2893 4867 Satiabor.
2915 4810 3136 4869 Caelesti
3161 4812 3478 4871 refectione.

1887 4899 2017 4957 Cum
2043 4902 2346 4972 apparuerit
2375 4902 2548 4973 gloria
2570 4912 2678 4959 tua.
2704 4903 2880 4960 Filius
2908 4913 3053 4971 tuus,
3083 4903 3173 4977 qui
3201 4915 3285 4962 est
3310 4906 3478 4975 salus,

1886 5003 1943 5052 et
1970 4995 2102 5062 vita,
2123 5005 2178 5051 et
2200 4993 2528 5052 Sanctorum
2553 4996 2795 5053 omnium
2823 4999 2994 5070 gloria
3030 5016 3043 5053 :
3076 5001 3200 5069 quia
3228 4997 3477 5058 Christus

1885 5096 1941 5143 et
1967 5087 2134 5155 salus,
2163 5096 2219 5144 et
2246 5087 2416 5159 gloria
2445 5088 2663 5145 dicitur.
2698 5088 2815 5163 Ego
2847 5101 3019 5148 autem
3046 5092 3099 5147 in
3137 5093 3345 5164 justitia
3385 5112 3479 5166 ap-

1886 5180 2097 5253 parebo,
2145 5181 2353 5238 devicta
2396 5191 2594 5241 morte.
2637 5183 2704 5238 lu
2756 5194 3031 5257 conspectu
3081 5196 3172 5241 tuo
3223 5188 3470 5258 satiabor,

1885 5277 2055 5335 (ωιοε
2080 5279 2405 5336 ascendens.
2438 5279 2568 5336 Cum
2593 5281 2896 5354 apparuerit
2927 5281 3093 5354 gloria
3132 5291 3239 5351 tua,
3269 5281 3476 5339 sanctis

1880 5420 1978 5476 lini
2009 5421 2101 5486 50,
2141 5420 2209 5476 ad
2259 5421 2652 5492 Augustinum;
2680 5428 2738 5477 et
2780 5419 3068 5492 Augustini
3111 5420 3179 5476 ad
3217 5421 3473 5480 eumdem

1882 5492 2010 5557 149,
2039 5508 2094 5547 11.
2123 5492 2157 5546 4
2186 5500 2243 5548 ει
2267 5507 2383 5560 seq.
2429 5492 2584 5560 Quod
2621 5492 2935 5561 Symmachi
2971 5493 3473 5561 interpretationem

1879 5573 2114 5633 spectat,
2147 5578 2280 5620 mss.
2324 5564 2653 5635 exemplaria
2686 5564 2962 5635 pleraque
3005 5564 3193 5635 legunt
3254 5564 3374 5631 uici,
3418 5568 3472 5622 itt

1879 5630 2006 5690 casu
2036 5643 2205 5705 recto,
2235 5630 2609 5689 saturabuntur
2634 5630 2755 5704 ﬁlii,
2806 5630 3262 5705 quemadmodum
3305 5630 3470 5692 etiam

1873 5707 2116 5778 Agellius
2152 5704 2221 5762 ad
2262 5705 2676 5777 Symmachum,
2704 5714 2872 5778 atque
2896 5704 3195 5775 Eusebius,
3217 5710 3274 5762 et
3295 5705 3470 5763 Theo-

1878 5776 2112 5847 doritus,
2146 5776 2347 5853 aliique
2370 5786 2662 5836 testantur.
