3944 6334
477 297 584 357 863

1262 303 1610 364 ΑΡΡΕΝὓΙΧ
1650 304 1741 364 ΔΙ)
1782 306 2032 366 ΤΟΜΗΜ
2070 307 2427 370 SEPTIMUM
2467 313 2525 371 S.
2573 301 2975 375 illERONYlll.

3662 325 3756 387 861

468 424 525 470 et
549 412 740 471 electis
769 412 880 472 tuis
906 413 998 486 qui
1033 429 1130 488 per
1157 430 1244 472 me
1272 418 1629 476 crediderunt
1661 437 1674 475 :
1723 420 1852 493 quia
1879 434 2062 478 meum
2091 423 2144 484 A
2171 422 2418 483 Ecclesia
2466 424 2744 484 intirmata
2791 440 2912 486 erat
2957 445 3058 503 per
3095 441 3404 504 peceatum,
3455 435 3552 493 sed
3585 449 3755 510 postca

469 515 556 565 est
581 506 724 578 quod
751 507 861 564 illis
890 518 974 564 est
1006 510 1332 579 praestitum.
1367 510 1505 569 Nam
1539 527 1641 585 ego
1685 513 1738 570 in
1772 514 1881 572 illis
1913 529 2060 584 sum,

2171 519 2478 578 confortata
2520 538 2619 595 per
2641 524 2947 597 Christum,
2985 529 3127 585 sicut
3149 530 3226 587 ait
3248 533 3517 605 propheta
3544 552 3559 590 :
3583 535 3757 595 Erexit

471 607 526 656 et
548 599 650 671 ipsi
682 601 736 656 in
769 615 856 658 me
899 611 1100 658 tecum.
1146 601 1256 660 Nos
1303 620 1435 663 vero
1463 621 1495 662 a
1527 615 1579 664 te
1632 607 1925 680 redempti,
1957 609 2068 668 Do-
2169 627 2341 669 cornu
2363 614 2518 671 nobis
2543 616 2736 673 salutis
2760 608 2968 675 nostrae
2989 620 3143 693 (Luc.
3166 599 3342 692 ι).Ἀ‹>
3363 625 3408 680 si
3437 624 3589 682 dicat
3618 644 3632 681 :
3662 627 3757 684 De-

471 691 621 750 mine
654 691 804 758 JeSu,
837 701 1048 748 tantam
1093 696 1391 766 potentiam
1422 698 1789 772 pietatemque
1835 716 2065 760 cernen-

471 793 576 854 tes,
609 786 886 858 supplices
917 802 1230 858 exoramus,
1263 799 1321 847 ut
1351 793 1647 848 examinati
1695 794 1880 852 divino
1915 796 2062 868 igne,

469 892 582 938 non
610 878 780 934 simus
809 879 1172 938 humanorum
1202 898 1428 956 operum
1475 885 1841 956 detractores,
1881 889 1978 946 sed
2008 890 2061 946 in

469 978 524 1032 te
557 971 780 1029 stabiles
811 971 1014 1046 ﬁxique
1057 982 1202 1032 tuam
1235 977 1464 1050 gloriam
1503 981 1707 1054 jugiter
1734 983 2061 1040 extollamus

466 1065 520 1124 in
565 1080 755 1139 opere,
809 1067 1154 1139 proferamus
1204 1071 1431 1139 inﬁde,
1464 1073 1745 1132 laudemus
1801 1075 1856 1132 in
1903 1091 2057 1135 voce.

466 1156 664 1216 Amen.
1494 1220 1498 1223 .

1003 1233 1324 1295 PSALMUS
1363 1238 1529 1296 XV".

463 1322 530 1382 In
545 1327 739 1408 linem,
763 1344 1061 1408 pro_pnero
1087 1330 1308 1408 Domini
1334 1331 1556 1408 David‘r:
1584 1351 1699 1408 quae
1736 1335 1939 1392 locutus
1980 1351 2059 1398 est

535 1397 934 1482 Dontino'verba
959 1402 1148 1456 cantici
1172 1402 1352 1482 hujus,
1386 1408 1456 1482 in_
1472 1406 1557 1482 die
1589 1397 1692 1480 qua
1718 1410 1912 1482 eripuit
1938 1397 2054 1467 eum

531 1467 788 1526 Dominus
824 1471 890 1550 de
907 1467 1351 1550 _manu_o_mnim_1i
1379 1467 1715 1534 inimicorum
1744 1467 1879 1550 ejus,
1914 1492 1961 1536 et
1993 1487 2057 1539 de

531 1556 691 1620 manna
722 1543 878 1620 Saul.
907 1542 1189 1620 Totusliic
1215 1546 1453 1620 psalmus
1483 1551 1583 1606 sub
1615 1542 2052 1620 persona'David

530 1613 911 1694 adiChristum
965 1613 1225 1694 pertinet.
1271 1618 1437 1694 David
1487 1613 1693 1677 Chriin
1742 1632 1927 1694 typum
1969 1635 2052 1682 te-

533 1693 647 1749 net,
697 1686 793 1765 qui
845 1694 930 1765 est
977 1703 1137 1765 manu
1179 1692 1355 1765 fortis,
1383 1690 1476 1765 Vde
1517 1693 1674 1765 cujus
1719 1686 1928 1752 semine
1969 1709 2051 1755 eSt

532 1766 721 1839 noster
760 1756 1082 1839 Davidz‘qui
1130 1756 1215 1839 est
1264 1756 1531 1839 Christus.
1582 1756 1763 1821 'Puero
1809 1767 2042 1839 Domini,

532 1824 636 1912 hoc
657 1837 765 1912 est,
799 1829 898 1884 Dei
930 1824 1130 1912 Patris,
1163 1833 1308 1889 sicut
1351 1837 1428 1890 ait
1472 1839 1760 1912 propheta.
1793 1824 2044 1912 Magnum
2081 1826 2123 1884 Β

529 1906 615 1952 est
656 1899 764 1982 tibi.
794 1901 976 1983 vocari
1025 1898 1704 1984 tilium‘_meum._'Eténin_t
1745 1898 2041 1984 eccevego,

531 1978 588 2056 et
614 1969 900 2056 puerinmei
943 1987 1081 2056 quos
1109 1973 1259 2056 dedit
1287 1979 1420 2056 mihi
1448 1982 1613 2056 Deus.
1663 1981 1731 2038 Et
1776 1969 2046 2056 prophéta

531 2039 736 2120 isaias:
775 2043 915 2120 Puer
935 2039 1093 2098 datus
1122 2054 1204 2120 est
1232 2049 1412 2120 nobis,
1447 2055 1589 2108 illius
1628 2039 1897 2112 natus‘esi
1943 2039 2044 2114 no:

531 2112 799 2202 histuw;
827 2116 1030 2202 locutus
1059 2112 1410 2202 est‘Domino'
1440 2127 1592 2181 verba
1623 2131 1812 2202 cantici
1863 2112 2042 2202 hujus.

530 2181 596 2259 Et
619 2184 790 2241 David
816 2187 1114 2245 secundum
1144 2189 1424 2250 historiam
1466 2199 1705 2254 cantavit
1725 2181 2046 2259 ’isiuti‘e’iii;

530 2257 692 2338 ticum
718 2272 841 2314 cum
868 2272 1288 2331 persequeretur
1313 2266 1382 2321 ab
1409 2268 1668 2337 inimicis,
1694 2283 1750 2327 et
1769 2257 2040 2338 Christus,

529 2329 619 2398 qui
651 2339 736 2407 est
763 2341 929 2407 caput
958 2329 1228 2407 nostrum,
1256 2348 1313 2395 et
1335 2341 1403 2396 ad
1445 2329 1666 2401 Patrem.
1705 2346 1944 2402 cantavit
1991 2329 2045 2401 in

530 2401 780 2487 passione
814 2421 826 2456 :
862 2404 1108 2487 Ecclesia
1145 2401 1635 2487 in'persecutione.
1660 2417 1875 2487 Eripuit
1920 2433 2044 2474 eum

530 2470 799 2562 Dominus
822 2493 834 2529 :
871 2477 973 2562 hoc
1001 2490 1106 2546 est.
1139 2493 1196 2562 e_t
1224 2470 1390 2562 David
1421 2505 1452 2543 a
1481 2470 1863 2560 persae—utibile
1891 2493 2042 2562 Saul.

527 2551 584 2596 et
623 2544 895 2631 Christum
939 2549 992 2604 in
1038 2544 1292 2635 passione
1345 2544 1500 2635 Deus.
1529 2544 2046 2635 Paterieriptiitwde

530 2628 690 2703 manu
725 2617 1100 2703 inimicorum}
1150 2626 1254 2703 hoc
1279 2641 1386 2695 est,
1420 2630 1488 2688 de
1519 2617 1680 2689 manu
1709 2617 2041 2703 Judazorum,

535 2695 590 2740 et
611 2686 679 2779 de
701 2705 860 2779 manu
884 2691 1036 2750 Saul.
1065 2686 1190 2779 Saul
1217 2686 2043 2779 appetita;autem";i'aiu'i','&iii:l

524 2767 712 2850 contra
753 2763 1105 2850 voluntatem
1142 2763 1784 2850 Dei'expetierunt'eum
1818 2763 2040 2850 regem.

525 2829 630 2912 iste
666 2831 795 2912 §atll
821 2845 1021 2912 _t_ypum
1051 2840 1254 2912 diaboli
1278 2829 1828 2912 ge‘ssitblstivitiiniici
1868 2829 2042 2906 taeni-

527 2898 1014 2991 bradiaboli's'unt
1047 2928 1060 2963 :
1093 2911 1143 2966 id
1167 2898 1471 2991 est,inudtei

521 2969 825 3040 Christum,
869 2989 926 3034 et
960 2969 1271 3066 dichronos,
1307 2969 1925 3048 velumembi‘aueorum
1951 2969 2042 3066 qui

523 3056 930 3118 persequuntur
957 3051 1279 3112 Ecclesiam.

521 3178 751 3252 Diligam
779 3193 848 3252 te,
880 3185 1120 3258 Domine,
1150 3193 1310 3250 virtus
1339 3213 1471 3252 mea.
1498 3197 1608 3254 Alii
1643 3200 1855 3271 dicunt,
1887 3203 2041 3272 forti-

450 3272 574 3326 tudo
619 3291 752 3342 mea,
782 3278 879 3333 sed
914 3297 1078 3338 unum
1113 3293 1196 3340 est
1225 3289 1422 3358 virtus,
1453 3301 1507 3347 et
1537 3292 1822 3353 fortitudo.
1867 3300 2042 3359 Totus

449 3363 538 3420 hic
569 3369 816 3438 psalmus
848 3375 950 3430 sub
992 3391 1230 3447 persona
1264 3385 1461 3453 David,
1489 3389 1557 3445 ad
1603 3391 1883 3451 Christum
1913 3411 2041 3468 pcr-

452 3460 588 3515 tinet
613 3480 627 3517 :
655 3463 745 3542 qui
769 3475 854 3521 est
879 3483 1006 3525 vera
1036 3471 1322 3532 fortitudo.
1351 3477 1583 3556 Diligam
1605 3493 1673 3552 te,
1707 3486 1868 3543 virtus
1905 3460 2038 3546 inea.

449 3549 568 3608 Vox
597 3555 825 3616 Christi.
869 3559 1048 3618 Virtus
1085 3582 1197 3621 mea
1228 3585 1246 3622 :
1279 3569 1384 3627 hoc
1429 3549 1534 3641 est,
1575 3575 1838 3634 divinitas
1870 3598 1884 3635 :
1917 3581 2040 3636 vir-

445 3651 534 3702 tus
585 3646 824 3707 hominis
865 3659 1155 3730 assumpti.
1199 3660 1270 3716 Et
1312 3664 1556 3723 Ecclesia
1605 3670 1784 3727 virtus
1833 3673 2038 3732 Christi

441 3751 552 3808 est,
583 3745 672 3815 qui
702 3737 876 3805 dicit:
911 3750 1143 3827 Diligam
1186 3765 1255 3824 te,
1290 3757 1536 3818 Domine.
1585 3763 1645 3819 Si
1676 3781 1782 3822 vox
1833 3768 2037 3827 Christi

443 3845 702 3899 est,'cum
734 3842 845 3898 sint
893 3859 1082 3912 unum,
1110 3864 1216 3904 una
1260 3863 1316 3907 et
1357 3855 1668 3912 substantia
1708 3859 2032 3932 divinitatis,

441 3931 566 4000 quia
600 3932 802 3990 dictum
828 3947 913 3992 est
945 3955 959 3992 :
1007 3939 1123 3996 Una
1159 3952 1426 4015 potestas,
1464 3965 1570 4005 una
1601 3951 1878 4022 voluntas,
1927 3972 2034 4013 una

441 4025 700 4095 majestas
733 4029 937 4100 Patris,
985 4044 1038 4088 et
1084 4034 1231 4105 Filii,
1269 4050 1323 4096 et
1361 4041 1594 4112 Spiritus
1639 4048 1812 4102 sancti
1849 4066 1860 4102 :
1894 4065 2032 4121 quo-

447 4117 614 4172 modo
641 4119 800 4191 dicit,
849 4124 1067 4199 diligam
1115 4137 1184 4195 te,
1231 4129 1472 4190 Domine.
1516 4135 1680 4193 Pater
1721 4117 1926 4196 dicitur
1968 4159 2033 4199 co

437 4210 581 4280 quod
612 4209 776 4268 habet
803 4215 998 4289 tilium,
1035 4230 1090 4276 et
1131 4221 1304 4280 Filius
1336 4225 1537 4283 dicitur
1564 4245 1630 4286 eo
1657 4233 1804 4302 quod
1833 4234 2033 4292 habeat

438 4303 673 4372 patrem.
703 4306 940 4378 Spiritus
969 4324 1199 4370 sanctus
1227 4332 1328 4372 nec
1357 4318 1521 4376 Pater
1549 4331 1654 4393 est,
1689 4340 1790 4380 nec
1831 4327 2024 4397 Filius,

433 4393 528 4448 sed
556 4394 779 4452 dilectio
801 4414 964 4472 quam
995 4403 1162 4462 habet
1193 4409 1358 4466 Pater
1386 4411 1439 4468 in
1471 4412 1631 4484 Filio,
1667 4424 1724 4473 et
1763 4419 1940 4476 Filius
1975 4393 2026 4479 ni

435 4483 620 4543 Patre.
656 4488 813 4547 Unde
844 4491 1045 4552 Paulus
1076 4501 1359 4570 apostolus
1388 4504 1531 4562 dixit
1560 4526 1572 4562 :
1602 4483 1738 4578 Quia
1786 4512 2026 4572 charitas

434 4578 533 4635 Dei
572 4580 760 4638 diffusa
809 4596 894 4641 est
943 4588 997 4643 in
1049 4592 1311 4650 cordibus
1358 4599 1563 4655 nostris
1609 4617 1714 4672 per
1759 4603 2023 4675 Spiritum
2052 4598 2106 4658 D

432 4683 682 4730 sanctum
712 4680 805 4748 qui
833 4679 993 4740 datus
1022 4694 1105 4741 est
1135 4689 1293 4745 nobis
1322 4693 1502 4764 (Rom.
1538 4694 1616 4769 v).
1644 4696 1903 4758 Dominus
1935 4705 2027 4775 ﬁr-

430 4779 746 4823 momentum
799 4789 988 4829 meum.
1042 4777 1161 4834 Vox
1207 4782 1434 4858 Christi,
1484 4797 1540 4847 et
1581 4807 1686 4848 vox
1741 4795 2022 4856 Ecclesiae.

428 4856 890 4933 Firmamentum,
924 4869 1062 4924 sicut
1088 4873 1160 4926 ait
1191 4856 1458 4950 propheta
1489 4903 1504 4952 ;
1543 4889 1710 4944 turris
1740 4889 2024 4950 fortitudi-

427 4959 513 5014 nis
547 4976 576 5015 a
606 4961 746 5020 facie
777 4964 981 5022 inimici
1007 4967 1125 5042 (Ps.
1160 4971 1272 5045 ιι).
1299 4973 1368 5029 Et
1397 4982 1662 5051 refugium
1691 4986 1884 5040 meum.
1907 4987 2021 5044 Vox

426 5051 660 5124 Christi,
695 5070 748 5113 et
795 5074 899 5116 vox
931 5061 1215 5120 Ecclesize.
1249 5066 1535 5141 Befttginm
1567 5074 1776 5132 Christi
1817 5079 1872 5134 in
1921 5081 2023 5137 Pa-

331 5211 334 5213 _
424 5153 535 5214 tre,
571 5159 627 5206 et
669 5153 934 5223 refugium
984 5155 1244 5215 Ecclesiae
1276 5159 1331 5216 in
1363 5163 1605 5222 Christo.
1655 5167 1723 5224 Et
1772 5173 2020 5232 liberator

425 5258 586 5312 mens,
622 5245 674 5302 in
709 5249 1095 5312 tribulatione.

495 5335 639 5393 Deus
679 5358 842 5412 meus,
868 5347 958 5416 qui
988 5363 1074 5406 me
1104 5353 1328 5409 creasti.
1365 5355 1590 5428 Adjutor
1620 5376 1789 5428 meus,
1817 5362 1887 5420 de
1917 5381 2013 5422 ne-

419 5429 794 5489 cessitatibus.
828 5435 1062 5510 Sperabo
1091 5443 1148 5497 in
1179 5461 1317 5512 eum,
1353 5445 1406 5502 in
1447 5448 1621 5520 ipsum
1656 5459 1823 5509 totam
1858 5471 2010 5531 spem

419 5533 643 5591 ponam.

488 5612 760 5674 Protector
786 5637 951 5692 meus,
983 5625 1074 5697 qui
1103 5643 1190 5685 me
1220 5633 1484 5704 protegis,
1517 5637 1604 5693 vel
1634 5639 1906 5702 defendis.
1938 5648 2010 5706 Et

413 5725 577 5766 cornu
605 5715 790 5770 salutis
819 5734 967 5774 mete.
999 5717 1174 5777 Cornu
1203 5726 1387 5781 salutis
1414 5744 1434 5783 :
1463 5731 1591 5800 quia
1631 5733 2006 5800 infirmitatem

415 5816 657 5864 nostram
712 5810 1056 5871 confortavit.
1095 5816 1233 5886 Quia
1275 5833 1414 5882 ante
1468 5823 1762 5887 adventum
1808 5832 2008 5894 Christi

2167 707 2249 763 dit
2278 707 2437 766 nobis
2470 711 2891 783 regnumjforte,
2923 723 2984 768 ut
3016 714 3149 770 illud
3185 733 3198 770 :
3243 716 3314 772 Et
3362 718 3496 775 fecit
3526 735 3631 776 nos
3678 737 3759 779 re-

2166 818 2333 874 guum
2366 804 2476 861 Deo
2503 805 2654 862 Patri
2677 823 2778 863 suo
2806 806 2854 880 (l
2887 807 3065 864 Thess.
3099 811 3181 880 ιι).
3208 810 3326 868 Non
3351 828 3482 885 ergo
3513 816 3565 870 in
3591 830 3756 874 cornu

2165 895 2298 952 illud
2327 898 2622 970 superbite,
2652 899 2748 956 sed
2777 903 2830 955 in
2855 915 3027 956 cornu
3057 902 3248 959 salutis
3275 913 3401 974 tum,
3429 907 3755 977 adjutorium

2167 986 2368 1046 habere
2431 990 2668 1048 conﬁdo.
2745 993 3030 1067 Susceptor
3094 1011 3258 1051 meus.
3323 998 3620 1070 Susceptus
3679 1014 3756 1062 est

2162 1079 2412 1140 Christus
2452 1098 2483 1138 a
2515 1084 2678 1143 Patre
2719 1085 2773 1143 in
2822 1085 3182 1157 humanitate,
3214 1099 3267 1146 et
3305 1090 3546 1150 Ecclesia
3589 1097 3756 1154 susci-

2163 1177 2311 1248 pitur
2343 1179 2394 1233 in
2427 1179 2553 1236 title.

2231 1268 2480 1325 Laudatis
2520 1272 2765 1327 invocabo
2804 1272 3109 1333 Dominum.
3161 1277 3300 1335 Justi
3329 1279 3555 1336 laudant
3589 1299 3603 1336 :
3635 1283 3752 1353 quia

2159 1363 2228 1420 de
2259 1366 2516 1421 omnibus
2551 1368 2712 1424 malis
2741 1368 2993 1426 liberavit
3021 1387 3141 1440 eos,
3182 1389 3282 1444 pro
3306 1389 3373 1430 eo
3396 1375 3544 1445 quod
3576 1378 3756 1447 sequi-

2160 1465 2290 1513 tur:
2333 1458 2403 1512 Et
2445 1459 2509 1513 ab
2551 1461 2776 1516 inimicis
2815 1464 2942 1518 meis
2979 1464 3156 1522 salvus
3197 1483 3305 1521 ero.
3349 1467 3603 1525 lnvocavi
3652 1469 3754 1524 Do-

2157 1549 2388 1606 tninum.
2417 1551 2670 1610 Christus
2715 1554 2988 1612 invocavit
3029 1557 3197 1614 Deum
3229 1560 3467 1616 Patrem.
3515 1561 3753 1618 Ecclesia

2155 1645 2457 1702 Christum.
2501 1645 2570 1702 Et
2601 1648 2664 1703 ab
2704 1649 2930 1706 inimicis
2979 1653 3105 1708 meis
3152 1653 3325 1708 salvus
3354 1671 3466 1723 ero,
3507 1653 3753 1713 Christus

2155 1754 2186 1794 a
2217 1740 2443 1807 Judaeis,
2476 1750 2532 1797 et
2554 1742 2796 1799 Ecclesia
2819 1745 2888 1801 ab
2912 1745 3208 1803 haereticis.

2221 1832 2688 1890 Circumdederunt
2712 1853 2789 1891 me
2822 1841 3045 1911 gemitus
3076 1843 3275 1896 mortis.
3300 1842 3418 1898 Vox
3449 1843 3680 1911 Christi,
3703 1855 3755 1902 et

2147 1941 2250 1980 vox
2292 1927 2574 1984 Ecclesiae.
2617 1930 3108 1991 Circumdederunt
3136 1934 3416 1993 Christum
3455 1938 3533 1994 illi
3575 1941 3673 2011 qui
3704 1942 3752 1998 in

2146 2015 2363 2072 inferno
2411 2019 2725 2090 gemebant,
2768 2023 2860 2095 qui
2901 2025 2956 2080 in
2989 2024 3202 2083 inferno
3237 2038 3415 2099 erant,
3468 2039 3526 2086 et
3567 2031 3753 2087 Eccle-

2145 2108 2224 2164 sia
2288 2109 2562 2168 similiter.
2630 2113 2698 2168 Et
2752 2124 3003 2172 torrentes
3058 2119 3350 2189 iniquitatis
3408 2123 3753 2180 conturbave-

2147 2213 2268 2258 runt
2307 2220 2406 2258 me.
2458 2205 2754 2264 Torrentes
2791 2226 2962 2282 aquas
3005 2211 3138 2269 dicit
3176 2231 3299 2286 qua:
3343 2226 3752 2288 pertranseunt.

2145 2294 2384 2352 Torrens
2431 2296 2632 2355 dicitur
2673 2302 2766 2372 qui
2818 2319 2926 2360 non
2972 2305 3043 2362 de
3095 2306 3243 2364 fonte
3288 2325 3463 2382 neque
3511 2312 3581 2368 de
3637 2315 3754 2370 viva

2145 2405 2305 2462 aqua,
2339 2391 2436 2448 sed
2467 2407 2497 2448 a
2535 2393 2766 2464 pluviis,
2798 2397 2882 2453 vel
2933 2399 3000 2456 de
3037 2403 3316 2458 montibus
3366 2405 3421 2460 in
3455 2407 3632 2465 valles
3661 2408 3753 2466 de-

2146 2485 2380 2550 scendit.
2412 2495 2468 2542 et
2507 2488 2560 2543 in
2593 2504 2746 2546 mare
2787 2493 2956 2550 vadit.
2989 2493 3130 2563 Quid
3161 2511 3259 2568 per
3301 2506 3614 2569 torrentes,
3652 2504 3754 2561 nisi

2146 2575 2432 2634 universas
2455 2589 2648 2650 gentes
2686 2583 2990 2657 significat,
3016 2603 3142 2658 qua:
3164 2605 3264 2660 per
3293 2603 3537 2650 montem
3568 2599 3753 2654 carnis

2147 2665 2201 2722 in
2229 2683 2378 2726 mare
2399 2671 2540 2729 istud
2561 2674 2936 2735 descendunt?
2959 2680 3114 2739 Unde
3139 2684 3402 2755 scriptum
3423 2696 3508 2745 est
3535 2688 3749 2747 :Geue-

2146 2762 2287 2818 ratio
2311 2765 2458 2821 vadit
2490 2776 2546 2824 et
2574 2774 2854 2842 generatio
2883 2778 3035 2833 venit
3067 2778 3297 2851 (Eccles.
3321 2783 3362 2854 ι)
3398 2802 3412 2840 :
3459 2784 3527 2840 Et
3568 2785 3748 2844 aliter.

2146 2855 2216 2910 Et
2241 2867 2488 2917 torrentes
2511 2864 2800 2934 iniquitatis
2827 2871 3260 2929 conturbauerunt
3289 2892 3391 2931 me.
3424 2877 3631 2937 Turba:
3653 2882 3752 2937 ini-

2145 2964 2398 3023 quorum,
2430 2971 2550 3024 qua:
2578 2956 2721 3015 sicut
2743 2968 3015 3020 torrentes
3042 2964 3100 3021 in
3125 2964 3324 3040 hyeme
3349 2968 3748 3041 intumescunt,

2146 3046 2396 3114 protinus
2425 3047 2748 3108 detinentes.

2219 3138 2438 3197 Dolores
2465 3144 2655 3215 inferni
2683 3147 3132 3208 circumdederunt
3178 3170 3278 3209 me.
3321 3155 3379 3211 In
3421 3156 3513 3215 die
3567 3158 3752 3216 detra-

2069 3206 2114 3271 (ἶ
2147 3228 2412 3298 ltentium,
2445 3249 2569 3306 qua:
2617 3247 2851 3296 mortem
2882 3241 3206 3302 infernalem
3235 3259 3567 3319 operantur.
3599 3252 3751 3309 Prte-

2144 3336 2389 3381 renerunt
2425 3343 2507 3383 me
2557 3329 2728 3402 laquei
2762 3336 2962 3391 mortis.
3020 3338 3410 3398 Praevenerunt
3457 3343 3748 3406 Christum

2145 3413 2352 3471 inimici
2379 3417 2431 3473 in
2477 3422 2734 3490 passione
2777 3435 2906 3484 ante
2953 3429 3250 3489 vindictam
3289 3437 3510 3504 crucis,
3542 3440 3748 3510 laqueis

2144 3509 2348 3574 mortis,
2395 3526 2536 3582 quos
2571 3515 2700 3571 mihi
2731 3517 3034 3579 adversarii
3061 3523 3440 3584 intendebant.

2216 3598 2285 3653 Et
2313 3602 2366 3655 in
2399 3603 2732 3664 tribulatione
2761 3627 2871 3668 mea
2906 3614 3142 3671 invocari
3166 3617 3472 3676 Dominum.
3536 3623 3748 3682 Huma-

2140 3690 2286 3748 nitas
2316 3693 2594 3753 invocavit
2619 3699 2985 3776 divinitatem,
3016 3716 3070 3762 et
3118 3709 3361 3767 Ecclesia
3412 3711 3702 3772 Christum
3732 3736 3744 3772 :

2140 3798 2249 3839 nou
2277 3787 2391 3842 oris
2437 3803 2586 3860 voce,
2633 3793 2731 3850 sed
2762 3796 2969 3854 cordis.
3012 3799 3081 3854 Et
3109 3802 3180 3856 ad
3198 3799 3367 3858 Deum
3407 3821 3588 3861 meum
3638 3808 3748 3863 cta-

2139 3878 2298 3946 mavi,
2329 3888 2375 3934 et
2401 3884 2664 3939 cxaudirit
2705 3886 2769 3940 de
2797 3889 2988 3961 templo
3013 3904 3196 3948 sancto
3223 3912 3318 3950 suo
3349 3912 3525 3952 uocem
3550 3917 3744 3956 meant.

2137 3969 2432 4041 Templum
2466 3992 2669 4048 corpus
2699 3979 3060 4056 dominicum,
3087 3988 3179 4043 ubi
3213 3990 3466 4047 exaudita
3500 4005 3592 4051 est
3640 3997 3745 4052 ltu-

2137 4064 2374 4120 munitas
2401 4082 2432 4122 a
2454 4067 2756 4141 divinitate,
2785 4085 2841 4130 et
2868 4077 3112 4134 Ecclesia
3142 4082 3403 4140 similiter
3423 4101 3451 4139 a
3482 4085 3743 4146 Christo.

2135 4153 2194 4210 In
2251 4161 2482 4230 templo,
2538 4166 2589 4218 in
2622 4176 2807 4222 sancta
2838 4167 3110 4229 Ecclesia.
3159 4173 3225 4230 Et
3272 4177 3441 4234 aliud.
3477 4178 3539 4236 In
3570 4183 3744 4239 corde

2135 4263 2260 4306 meo
2312 4255 2456 4324 quod
2485 4260 2881 4320 sanctiticavit:
2915 4264 2970 4320 in
3003 4281 3113 4335 quo
3163 4271 3368 4342 templo
3413 4284 3620 4331 sancto
3660 4278 3743 4333 in-

2134 4341 2361 4402 habitat.
2392 4348 2459 4402 Et
2485 4351 2681 4407 clamor
2713 4371 2852 4410 meus
2879 4357 2934 4412 in
2954 4373 3234 4433 conspectu
3259 4341 3373 4436 ejus
3397 4365 3648 4423 introivit
3688 4371 3740 4422 in

2132 4441 2283 4493 aures
2309 4443 2442 4512 ejus.
2483 4443 2650 4500 Aures
2697 4450 2851 4520 ejus:
2879 4448 2984 4507 hoc
3015 4463 3121 4523 est,
3154 4454 3238 4510 vis
3288 4455 3619 4515 auditionis.
3646 4461 3742 4517 Vis

2131 4526 2400 4588 fortitudo
2428 4544 2532 4602 est,
2565 4553 2669 4609 qua
2708 4543 2882 4597 sancti
2911 4542 3133 4602 fortiter
3178 4547 3575 4620 deprecantur,
3611 4554 3740 4625 quia

2129 4619 2340 4679 dictum
2367 4637 2470 4696 est,
2506 4628 2754 4702 Regnum
2801 4635 3070 4694 caelorum
3111 4640 3221 4696 vim
3252 4619 3490 4714 patitur,
3525 4619 3582 4702 et
3615 4619 3738 4702 vio-

2129 4714 2263 4771 lenti
2303 4717 2569 4790 diripiunt
2599 4724 2763 4782 illud.

2203 4809 2472 4870 Commota
2506 4827 2600 4886 est,
2649 4828 2696 4874 et
2728 4826 3036 4881 contremuit
3063 4836 3224 4884 terra.
3261 4829 3582 4891 Secundum
3615 4835 3738 4892 his-

2130 4905 2327 4962 toriam
2358 4908 2560 4968 factum
2584 4915 2681 4970 fuit
2708 4934 2723 4972 :
2755 4921 2978 4989 quando
3023 4922 3242 4996 Moyses
3289 4927 3495 4999 accipit
3550 4930 3738 5002 legem

2127 4996 2181 5052 in
2216 5010 2405 5059 monte
2449 5004 2602 5061 Sina.
2652 5007 2817 5067 Terra
2860 5016 3089 5086 tremuit,
3145 5018 3289 5088 quod
3343 4996 3739 5094 pra-figuravit

2124 5093 2432 5163 passionem
2458 5095 2687 5168 Christi,
2721 5105 2846 5174 quia
2878 5107 2931 5161 in
2973 5108 3234 5177 passione
3285 5093 3737 5171 Christiiomuis

2121 5197 2270 5244 terra
2323 5193 2566 5261 tremuit,
2598 5197 2819 5266 quando
2861 5215 3000 5257 nova
3049 5203 3144 5259 lex
3196 5206 3325 5261 data
3380 5216 3467 5263 est
3512 5212 3735 5280 pepqu

2122 5279 2460 5342 Christiano.
2501 5289 2718 5347 Aliter:
2752 5293 3018 5351 Commota
3048 5307 3124 5354 est
3177 5307 3337 5369 terra,
3399 5279 3631 5371 quando
3661 5304 3734 5361 de

2123 5373 2442 5436 inﬁdelitate
2472 5381 2538 5436 ad
2569 5383 2733 5441 fidem
2757 5399 3049 5460 venerunt,
3101 5401 3153 5448 et
3204 5393 3563 5452 credentibus
3618 5410 3731 5453 ter-

2121 5469 2292 5537 renis,
2357 5473 2556 5530 factum
2609 5485 2695 5532 est.
2735 5480 2961 5537 caelum.
3025 5483 3395 5541 Fundamenta
3456 5491 3730 5546 montium

2120 5564 2424 5620 conturbata
2471 5581 2614 5636 sunt,
2661 5583 2708 5628 et
2747 5585 3005 5632 commota
3047 5587 3189 5636 sunt.
3226 5581 3324 5638 llic
3364 5592 3594 5640 montes
3634 5599 3731 5641 su-

2117 5655 2270 5726 perbi
2305 5657 2714 5735 intelliguntur.
2770 5668 3147 5730 Fundamenta
3187 5690 3400 5746 eorum,
3431 5676 3727 5736 daemones

2111 5763 2239 5808 sunt
2267 5773 2280 5808 :
2307 5755 2452 5813 sicut
2479 5769 2534 5816 et
2561 5760 2913 5822 fundamenta
2945 5779 3288 5837 sanctorum,
3338 5772 3636 5844 propheta:
3666 5783 3727 5829 et

2115 5849 2353 5916 apoSIoli
2381 5861 2526 5908 sunt.
2556 5853 2713 5912 Unde
2740 5856 2870 5914 dicit
2901 5870 3122 5918 sanctus
3156 5862 3392 5938 Paulusj:
3421 5864 3721 5940 Ediﬂcati
