3944 6334
182 297 266 361 865
1059 276 1495 341 BREVIARIUM
1542 274 1602 336 IN
1646 274 1984 338 PSALMOS.
2028 272 2280 335 PSALM.
2325 271 2486 335 XVll.

3311 274 3417 334 866

178 426 312 482 super
342 402 676 461 fundamenta
726 398 1143 472 prOpltctarum,
1193 408 1249 455 et
1303 398 1675 470 apostolorum
1702 411 1718 453 :
1746 394 1803 458 Δ
1826 404 2064 450 creatas.
2098 394 2166 448 Et
2198 394 2385 449 volavit
2408 408 2428 449 :
2468 391 2660 447 volarit
2688 407 2845 463 super
2874 407 3071 465 pennas
3105 401 3370 447 ventorum
3401 409 3419 448 :

184 502 503 561 Fundamenta
558 496 810 551 montium
861 492 1167 549 conturbata
1215 502 1355 558 sunt,
1388 503 1431 547 et
1467 498 1721 545 commota

176 604 274 654 sunt
300 590 511 663 (Ep/tes.
558 590 646 657 ιι),
677 602 868 642 eorum
890 585 1147 658 superbia
1177 585 1271 654 qui
1298 585 1352 641 in
1384 583 1490 639 hoc
1518 581 1719 639 mundo

176 685 435 747 conﬁdunt.
467 681 725 750 Quoniam
754 681 926 734 iratus
954 687 1027 733 est
1050 678 1123 734 eis
1150 676 1317 733 Deus.
1348 676 1465 732 Hoc
1485 684 1592 741 est,
1640 674 1722 731 eis

177 782 433 848 montibus,
483 777 571 833 vel
643 773 1093 847 persecutoribus
1151 791 1166 829 :
1233 772 1507 843 dissipans
1563 783 1719 841 spem

176 872 487 936 mundialium
524 869 894 938 voluptatum.

232 964 451 1022 Ascendit
472 966 647 1034 fumus
674 960 729 1015 in
753 960 833 1015 ira
861 962 999 1033 ejus,
1031 967 1142 1015 etc.
1172 956 1376 1013 Fumus
1419 970 1487 1012 ex
1513 953 1721 1010 duabus

176 1062 308 1119 rebus
335 1057 419 1112 lit:
447 1071 514 1112 ex
567 1055 692 1126 igne
738 1062 798 1111 et
843 1068 1005 1125 aqua.
1055 1052 1161 1107 Per
1188 1051 1420 1116 fumum,
1469 1049 1721 1119 lacryma:

172 1156 459 1215 excitantur,
489 1159 547 1206 et
587 1164 685 1220 per
722 1149 904 1219 ignem
955 1146 1304 1217 compunctio
1344 1142 1527 1200 cordis
1559 1141 1723 1198 intel-

174 1246 347 1315 ligitur,
398 1250 453 1298 et
496 1256 597 1311 per
652 1240 949 1311 lacrymas,
998 1252 1161 1309 aqua.
1190 1236 1447 1292 Carbones
1493 1230 1722 1289 succensi

171 1335 338 1394 suntab
364 1350 440 1389 eo.
470 1330 613 1401 Quid
646 1346 746 1402 per
797 1330 1099 1398 carbones,
1148 1328 1252 1383 nisi
1307 1329 1464 1383 bona:
1509 1334 1721 1379 natura:

170 1443 310 1498 genus
336 1427 649 1491 humanum,
681 1422 1015 1481 exstinctum
1048 1438 1146 1493 per
1176 1421 1377 1490 Adam,
1406 1420 1458 1475 in
1484 1418 1721 1474 adventu

170 1517 339 1575 Christi
367 1515 730 1573 illuminatum
762 1531 860 1584 per
887 1514 1221 1585 baptismum
1250 1513 1365 1568 sive
1417 1525 1512 1581 per
1542 1510 1724 1581 paeni-

169 1614 355 1670 tentiam
390 1610 768 1682 designatur?
835 1609 1269 1681 Exstinguuntur
1322 1606 1597 1663 carbones
1653 1605 1723 1663 ab

169 1721 299 1778 aqua,
328 1720 439 1776 quae
466 1714 557 1761 est
585 1703 858 1777 cupiditas
888 1722 902 1759 :
948 1712 1003 1759 et
1034 1701 1419 1757 illuminantur
1457 1714 1555 1770 per
1593 1713 1719 1770 gra-

170 1798 295 1867 tiam,
324 1814 435 1869 qute
467 1806 556 1855 est
582 1796 823 1869 Spiritus
865 1806 1111 1852 sanctus.

227 1890 474 1946 lnctinarit
534 1892 688 1947 caelos
726 1902 774 1947 et
820 1890 1107 1945 descendit.
1161 1889 1278 1946 lloc
1307 1896 1411 1957 est,
1462 1887 1607 1959 quod
1664 1886 1719 1942 in

167 1986 253 2041 alio
281 1985 478 2056 psalmo
511 1987 591 2042 ait
634 2004 649 2041 :
696 1984 998 2042 Descendit
1045 1984 1187 2041 sicut
1237 1984 1421 2055 pluvia
1463 1982 1517 2037 in
1548 1982 1720 2038 vellus

167 2076 370 2148 (Psatm.
400 2078 552 2149 uxr)
578 2096 593 2133 :
634 2078 761 2150 quia
785 2078 1049 2133 humilem
1078 2092 1140 2134 se
1166 2076 1347 2144 nobis,
1382 2085 1440 2132 et
1469 2075 1521 2131 in
1546 2074 1721 2129 forma

164 2171 285 2225 servi
332 2172 606 2227 occultum
666 2170 923 2242 prmbuit,
972 2179 1029 2225 et
1055 2169 1337 2226 latentem.
1384 2167 1483 2224 Vel
1530 2166 1719 2223 aliud:

162 2259 291 2329 Cteli,
320 2266 489 2337 angeli
522 2264 767 2321 inclinati
793 2272 944 2331 sunt,
974 2263 1194 2335 quando
1238 2261 1464 2319 Gabriel
1504 2262 1577 2318 ad
1605 2261 1721 2317 bla-

168 2358 281 2413 riam
304 2360 463 2429 venit,
494 2368 552 2416 et
580 2359 869 2416 descendit
894 2357 1168 2429 Christus,
1226 2364 1282 2414 et
1333 2357 1486 2413 venit
1512 2357 1568 2411 in
1596 2370 1721 2411 car-

164 2463 282 2504 nem.
316 2449 410 2505 Vel
452 2451 660 2508 aliter:
690 2449 851 2519 Caeli,
903 2451 1073 2508 sancti
1106 2449 1365 2521 apostoli,
1408 2448 1497 2505 vel
1546 2448 1724 2505 imita-

168 2550 288 2598 tores
315 2558 524 2599 eorum.
560 2543 967 2600 lnclinavernnt
995 2543 1063 2599 ab
1093 2542 1388 2599 altitudine
1431 2558 1441 2595 :
1482 2540 1588 2597 hoc
1615 2550 1720 2611 est,

164 2634 709 2710 decantemplatione,
739 2647 799 2694 ut
848 2638 1085 2694 doceant
1118 2639 1335 2707 brutos,
1380 2635 1627 2692 inﬁrmos
1668 2636 1723 2690 in

166 2726 383 2786 Ecclesia
414 2742 645 2803 propter
681 2730 1126 2803 compassionem
1171 2730 1567 2802 proximorum.
1624 2727 1723 2784 Vel

161 2824 214 2879 ad
238 2827 569 2899 conjugatos,
608 2838 670 2884 ut
723 2838 945 2885 sanctus
987 2827 1186 2883 Paulus
1215 2828 1336 2882 ait:
1392 2826 1489 2881 Vir
1534 2824 1727 2881 reddat

163 2914 377 2975 debitum
404 2920 592 2988 uxori,
626 2930 681 2975 ct
728 2936 873 2976 uxor
920 2921 1175 2976 similiter
1209 2920 1330 2975 viro
1360 2918 1416 2990 (l
1447 2916 1571 2973 Cor.
1602 2915 1722 2986 vn).

160 3007 214 3063 Et
248 3013 406 3083 caligo
434 3017 535 3069 sub
567 3014 783 3085 pedibus
813 3018 948 3085 ejus.
983 3014 1317 3070 Invisibilem
1363 3012 1723 3068 substantiam

153 3102 253 3172 Dei,
276 3116 325 3162 et
351 3107 690 3178 judiciorum
729 3110 943 3164 occulta
981 3106 1277 3179 signiﬁcat.
1313 3105 1575 3162 Velaliud
1607 3120 1623 3160 :
1656 3103 1723 3159 Et

1825 487 1931 545 hoc
1960 498 2063 557 est,
2111 488 2341 545 virtutes
2370 497 2680 543 sanctarum
2715 486 3018 543 animarum
3038 528 3054 556 ,
3081 488 3209 560 quia
3258 486 3419 544 Chri-

1822 588 1945 636 stus
1982 582 2227 637 velocior
2274 587 2359 637 est
2391 590 2576 646 vento,
2628 589 2683 635 et
2714 579 2889 636 levior
2911 596 3074 652 quam
3105 581 3307 649 anima,
3363 586 3420 636 et

1822 674 2133 745 prmcelsior
2172 674 2383 745 angelis
2425 683 2480 729 et
2513 674 2743 730 sanctis.

1893 766 2083 821 Posuit
2130 767 2364 822 tenebras
2412 764 2691 821 latibulum
2721 783 2897 833 suum,
2939 777 3047 823 etc.
3100 765 3416 825 Latibulum

1822 860 2061 931 seipsum
2093 860 2231 916 dixit
2272 861 2327 916 in
2358 859 2685 931 Scripturis.
2730 859 2797 915 In
2825 861 3047 916 circuitu
3089 862 3203 934 ejus
3248 860 3419 915 taber-

1824 952 2069 1008 naculum
2101 954 2232 1025 ejus.
2268 952 2519 1009 Christus
2568 952 2622 1008 in
2674 952 2845 1009 Maria
2887 953 3042 1024 quasi
3087 966 3321 1023 sponsus
3361 951 3417 1007 in

1825 1044 2086 1110 thalamo,
2106 1054 2163 1101 et
2184 1059 2386 1116 corpus
2404 1044 2586 1100 Maria:
2605 1043 2766 1116 quasi
2792 1043 3417 1102 tabernaculum.'l‘ene-

1822 1135 1951 1192 bras
1978 1136 2145 1192 dicit:
2181 1152 2249 1191 eo
2271 1136 2418 1207 quod
2437 1136 2599 1192 nobis
2615 1135 2848 1193 obscura
2872 1146 2959 1192 est
2975 1136 3303 1201 lncarnatio,
3326 1134 3417 1191 vel

1822 1228 2089 1285 Nativitas
2104 1230 2243 1300 ejus.
2272 1228 2561 1285 Tenebrosa
2578 1246 2713 1302 aqua
2741 1230 2794 1285 in
2816 1230 3035 1285 nubibus
3058 1231 3213 1285 aeris.
3233 1229 3418 1287 Nubes

1822 1325 2104 1395 propheta:
2126 1332 2289 1379 sunt:
2315 1332 2371 1380 et
2398 1339 2562 1395 aqua,
2591 1324 2841 1380 doctrina
2872 1341 3088 1391 eorum,
3116 1326 3239 1396 quia
3288 1324 3417 1382 obs-

1824 1432 1969 1473 curae
2000 1426 2127 1473 sunt
2154 1416 2456 1486 Scriptura:
2480 1416 2890 1486 prophetarum.
2909 1416 3044 1485 Quia
3070 1418 3214 1473 sicut
3245 1418 3419 1474 nubes

1824 1508 2059 1579 pluviam
2112 1517 2355 1578 portant,
2388 1518 2443 1564 et
2498 1518 2700 1564 terram
2731 1508 2939 1564 aridam
2966 1508 3215 1581 irrigant,
3247 1510 3326 1565 sic
3364 1516 3419 1565 et

1824 1602 2109 1674 propheta:
2139 1618 2234 1672 per
2250 1618 2439 1658 eorum
2468 1601 2780 1658 doctrinam
2809 1602 3035 1675 irrigant
3059 1604 3226 1660 corda
3244 1604 3416 1660 arida.

1896 1696 2021 1752 Pro:
2073 1698 2282 1771 fulgure
2310 1699 2366 1752 in
2394 1708 2670 1769 conspectu
2700 1702 2815 1771 ejus
2870 1698 3026 1755 nubes
3076 1700 3417 1757 transierunt.

1749 1787 1798 1849 B
1825 1787 2089 1860 Fulgura,
2114 1789 2445 1845 itluminatio
2476 1788 2713 1859 Spiritus
2735 1788 2932 1846 sancti.
2964 1789 3083 1860 Ipse
3114 1790 3287 1847 nubes
3314 1790 3423 1846 sci-

1825 1882 1955 1938 licet
2009 1884 2321 1954 pr0p|teta3,
2381 1882 2716 1939 transierunt
2760 1883 2815 1938 in
2861 1881 3060 1938 Iudaeis
3100 1882 3168 1937 ad
3209 1890 3420 1952 gentes,

1823 1977 2030 2049 Spiritu
2074 1989 2267 2034 sancto
2290 1977 2653 2049 gubernante.
2684 1977 2787 2033 Per
2815 1976 3029 2048 lulgura
3072 1975 3237 2048 ignis,
3269 1991 3421 2033 com-

1824 2073 2051 2143 punctio
2118 2072 2305 2128 cordis
2370 2070 2723 2142 intelligitur.
2782 2068 3020 2139 Grando,
3076 2078 3125 2124 et
3180 2069 3426 2125 carbones

1822 2168 1978 2240 ignis.
2003 2168 2058 2223 ln
2084 2169 2369 2239 grandine,
2398 2169 2673 2225 verbera:
2717 2168 2769 2223 in
2801 2168 2949 2239 igne,
2999 2167 3285 2223 charitatis
3330 2183 3421 2225 ac-

1823 2264 2013 2320 censio
2036 2262 2342 2320 ostenditur
2368 2282 2381 2317 :
2405 2264 2604 2335 quibus
2634 2262 2874 2320 ﬁdelium
2925 2263 3093 2320 corda
3131 2273 3421 2322 moventur

1824 2357 1895 2413 ad
1926 2358 2367 2428 cognoscendum
2400 2358 2593 2414 Deum.

1895 2449 1963 2504 Et
1994 2451 2216 2506 irttonuit
2242 2452 2307 2506 de
2348 2450 2476 2506 caelo
2526 2448 2807 2506 Dominus.
2868 2450 2974 2507 Per
3025 2458 3245 2507 sanctos
3289 2464 3421 2508 suos

1826 2545 2066 2600 intonuit
2094 2562 2108 2601 :
2141 2545 2297 2615 quasi
2329 2543 2401 2601 de
2428 2544 2573 2601 cmlo
2610 2560 2709 2614 per
2748 2544 3024 2615 justorum
3055 2543 3222 2599 corda
3252 2559 3418 2599 cvan-

1824 2640 2098 2711 gelizavit.
2131 2638 2200 2693 Et
2223 2640 2521 2694 Altissimus
2542 2637 2687 2694 dedit
2717 2653 2891 2693 uocem
2921 2654 3090 2693 suam.
3123 2637 3227 2693 Per
3251 2652 3423 2693 evan-

1824 2734 2051 2805 gelistas
2096 2732 2362 2788 malitiam
2408 2731 2700 2788 humanam
2729 2730 3081 2802 disperdidit.
3122 2728 3421 2788 Altissimus

1824 2842 1994 2881 uocem
2020 2842 2169 2882 suam
2200 2825 2343 2881 dedit
2373 2840 2391 2881 :
2418 2824 2524 2881 hoc
2568 2834 2675 2893 est,
2720 2823 3194 2896 praedicationem,
3242 2830 3302 2877 ut
3343 2821 3423 2878 ait

1825 2920 2127 2993 propheta:
2169 2919 2285 2975 Vox
2328 2919 2555 2976 tonitrui
2582 2920 2657 2975 tui
2689 2919 2745 2975 in
2774 2927 2892 2976 rota
2944 2917 3139 2991 (Psal.
3191 2920 3411 2989 Lxxvt),

1827 3017 1876 3073 id
1905 3026 2015 3084 est,
2048 3014 2367 3087 prmdicatio
2392 3031 2583 3071 eorum
2632 3016 2684 3070 in
2734 3024 2849 3069 ιοιο
2874 3012 3100 3070 mundo.

1898 3108 1968 3164 Et
2004 3110 2143 3164 misit
2166 3109 2382 3181 sagittas
2403 3126 2547 3177 suas,
2576 3118 2625 3164 et
2648 3108 2925 3179 dissipavit
2950 3124 3054 3167 eos.
3088 3107 3235 3164 Misit
3255 3107 3421 3164 verba

154 3198 294 3271 caligo
336 3172 427 3255 sub
457 3201 677 3273 pedibus
724 3202 863 3273 ejus.
921 3172 1103 3275 Caligo
1133 3216 1151 3256 :
1186 3200 1290 3256 hoc
1336 3208 1440 3265 est,
1498 3198 1723 3268 prot‘un-
1747 3172 1793 3236 (ἶ
1826 3218 1925 3260 sua
1956 3214 2143 3261 sancta
2177 3172 2332 3275 quasi
2358 3172 2605 3275 sagittas,
2640 3220 2759 3275 qua:
2780 3172 3025 3274 'pleniter
3055 3212 3109 3260 et
3153 3202 3337 3270 malis,
3365 3212 3422 3258 et

152 3291 273 3349 ditas
300 3296 713 3369 Scripturarum
738 3314 753 3351 :
779 3311 941 3368 quam
969 3295 1121 3351 dedit
1151 3296 1297 3351 Deus
1329 3293 1557 3364 pedibus
1581 3293 1718 3362 suis,

152 3387 228 3455 qui
254 3399 369 3444 sunt
398 3390 579 3446 sancti
609 3389 693 3446 sui
720 3408 731 3444 :
767 3389 821 3445 id
851 3398 959 3454 est,
991 3388 1252 3445 Ecclesiae
1297 3403 1409 3444 sua:
1449 3404 1463 3443 :
1511 3386 1637 3457 quia
1666 3386 1719 3441 in

149 3492 286 3535 sensu
314 3491 634 3539 sanctorum
663 3482 738 3538 ibi
763 3484 857 3553 est
898 3480 1241 3552 profunditas
1283 3477 1718 3550 Scripturarum,

149 3579 195 3626 et
215 3572 452 3632 Christus
486 3590 653 3647 super
693 3575 819 3632 illos
852 3574 1131 3646 przesidet.

214 3665 276 3719 Et
294 3668 535 3723 ascendit
574 3686 729 3738 super
760 3667 1059 3725 Clterubim.
1094 3668 1209 3724 lloc
1252 3676 1360 3736 ost,
1391 3681 1559 3739 suricr
1602 3666 1717 3739 ple-

147 3758 420 3818 nitudinem
454 3763 727 3830 scientiae,
760 3761 1017 3819 Christus
1047 3761 1305 3818 ascendit
1331 3777 1459 3819 cum
1488 3777 1721 3832 corpore

143 3863 228 3907 suo
260 3870 420 3925 super
473 3870 671 3912 omnes
697 3855 943 3927 angelos,
974 3864 1031 3912 et
1078 3855 1458 3926 archangelos.
1512 3855 1721 3909 Cheru-

145 3941 258 4009 birn,
288 3948 710 4019 interpretatur,
743 3947 1013 4018 plenitudo
1036 3948 1284 4016 scientiae,
1311 3963 1436 4019 qua:
1465 3954 1551 4001 est
1592 3946 1723 4002 cha-

141 4034 290 4092 ritas:
342 4040 477 4111 quia
530 4038 816 4109 plenitudo
862 4038 1000 4111 legis
1046 4049 1131 4095 cst
1179 4040 1428 4108 dilectio,
1480 4038 1584 4093 hoc
1637 4047 1722 4096 est

140 4128 377 4189 cbaritas.
440 4134 701 4191 Christus
749 4149 916 4205 super
956 4134 1061 4190 hoc
1117 4133 1403 4202 ascendit,
1459 4134 1599 4189 sicut
1666 4132 1719 4188 in

140 4223 417 4299 Erangelio
467 4228 590 4301 ipse
620 4227 884 4285 Dominus
915 4228 1048 4285 dicit
1074 4247 1087 4284 :
1111 4228 1372 4300 Maiorem
1391 4226 1717 4284 charitatem

139 4332 280 4378 nemo
307 4322 509 4389 habet,
542 4338 703 4394 quam
730 4331 791 4379 ut
815 4322 1051 4377 animam
1084 4337 1234 4377 suam
1259 4330 1426 4392 ponat
1452 4319 1575 4392 quis
1623 4334 1720 4391 pro

138 4413 313 4472 amicis
340 4418 461 4472 suis
494 4415 691 4488 (Joan.
724 4414 842 4488 xv).
874 4415 1027 4485 Quod
1060 4416 1134 4472 ita
1162 4414 1416 4471 Christus
1440 4414 1587 4480 fecit,
1629 4413 1721 4483 qui

137 4507 357 4563 animam
410 4523 570 4565 suam
617 4524 721 4578 pro
774 4507 967 4564 amicis
1018 4507 1193 4565 dedit.
1243 4506 1313 4562 Et
1352 4504 1561 4573 rolauit,
1608 4514 1715 4561 etc.

1821 3297 1983 3354 bonis
2028 3298 2351 3369 pradicant.
2406 3299 2587 3353 Bonos
2639 3308 2959 3354 remunerat
3032 3298 3199 3365 Deus,
3245 3296 3293 3353 si
3342 3296 3424 3352 la-

1822 3391 1971 3448 ciunt
2001 3410 2013 3447 :
2047 3401 2105 3449 et
2126 3392 2300 3448 malos
2322 3391 2582 3460 conterit,
2622 3392 2668 3447 si
2693 3392 2945 3459 audiunt,
2971 3400 3027 3447 et
3058 3407 3164 3448 non
3187 3388 3417 3446 faciunt.

1821 3484 1980 3543 Unde
2031 3494 2252 3541 sanctus
2310 3485 2596 3556 apostolus
2641 3484 2719 3540 ait
2766 3502 2779 3538 :
2830 3483 2938 3539 Alii
2964 3483 3201 3555 fquidem
3231 3496 3422 3540 sumus

1822 3581 1962 3637 odor
2007 3580 2137 3637 vita:
2172 3580 2228 3635 in
2260 3580 2451 3645 vitam,
2478 3588 2533 3636 et
2553 3578 2644 3633 alii
2676 3577 2811 3634 odor
2834 3578 3029 3634 mortis
3088 3579 3141 3633 in
3189 3585 3421 3632 mortem

1823 3676 1843 3748 (
1870 3675 1915 3731 Il
1942 3676 2063 3732 Cor.
2112 3675 2198 3746 ιι).
2228 3673 2376 3730 Odor
2407 3673 2533 3728 vita:
2560 3681 2686 3727 sunt
2720 3671 2827 3738 his,
2856 3670 2949 3742 qui
2992 3670 3220 3727 audiunt
3251 3678 3306 3725 et
3342 3668 3424 3725 t'a-

1821 3770 2009 3828 ciunt:
2064 3777 2119 3824 et
2156 3766 2295 3823 odor
2321 3765 2515 3821 ruortis
2558 3772 2686 3819 sunt
2711 3762 2797 3818 his
2822 3763 2915 3834 qui
2942 3762 3168 3819 audiunt
3212 3771 3269 3818 et
3309 3776 3417 3818 non

1823 3861 2048 3917 faciunt.
2095 3859 2234 3928 Quia
2275 3858 2667 3929 praedicatores
2716 3854 3094 3926 nesciuntqui
3132 3862 3259 3909 sunt
3282 3868 3423 3924 pra:-

1823 3952 2089 4010 destinati
2118 3968 2133 4015 ;
2170 3962 2351 4009 tamen
2392 3950 2723 4007 tiducialiter
2748 3948 3072 4021 prtcdicant.
3104 3946 3173 4002 Et
3205 3948 3422 4020 fulgura

1822 4048 2213 4119 multiplicauit,
2243 4056 2294 4101 et
2323 4043 2648 4100 conturbavit
2674 4059 2782 4098 eos.
2826 4041 3090 4113 Fulgura,
3138 4040 3422 4110 miracula,

1821 4148 1985 4209 atque
2016 4138 2237 4194 claritas
2281 4136 2497 4192 virtutis
2546 4150 2683 4191 sum.
2734 4132 3081 4189 Conturbaeit
3129 4132 3268 4187 illos.
3322 4131 3427 4189 Per

1824 4232 1917 4287 illa
1946 4230 2211 4287 miracula
2242 4231 2621 4301 apostolorum
2678 4226 2993 4298 compuncti
3043 4236 3193 4296 sunt,
3244 4234 3299 4283 et
3348 4224 3427 4284 illi

1822 4325 1914 4398 qui
1940 4324 2206 4381 dixerunt
2244 4322 2310 4379 ad
2352 4322 2579 4378 Petrum
2614 4336 2629 4379 :
2684 4319 2824 4389 Quid
2860 4320 3139 4390 iaciemus,
3172 4317 3272 4375 viri
3312 4319 3427 4375 ira-

1824 4420 1982 4475 tres?
2009 4419 2077 4474 Et
2101 4417 2233 4475 ille:
2283 4416 2697 4482 Paenitentiam,
2738 4414 2937 4486 inquit,
2968 4416 3153 4488 agite:
3187 4424 3245 4473 et
3293 4414 3429 4486 bap-

1830 4512 2023 4569 tizetur
2048 4509 2429 4583 unusquisque
2458 4517 2702 4567 vestrum
2729 4508 2881 4580 (Act.
2916 4513 3000 4578 ιι).

136 4596 434 4659 Secundum
467 4566 757 4658 historiam
796 4601 939 4674 quod
990 4604 1141 4671 prius
1171 4611 1275 4671 est,
1308 4601 1516 4658 volavit
1557 4616 1722 4671 super
1748 4566 1799 4627 D
1898 4602 1967 4659 Et
1997 4566 2356 4675 apparubruni
2381 4606 2547 4674 fontes
2598 4566 2875 4673 aquarum.
2928 4566 3131 4663 F'ontes
3161 4599 3421 4671 apostoli,

134 4702 327 4759 pennas
375 4703 710 4751 ventorum:
746 4692 869 4765 quia
923 4693 1165 4751 velocior
1218 4702 1304 4750 est
1367 4702 1563 4749 ventus
1604 4707 1724 4748 om-

136 4782 281 4840 nibus
338 4786 637 4855 creaturis,
690 4795 743 4843 et
790 4786 1055 4842 Dominus
1099 4786 1346 4842 velocior
1398 4794 1484 4842 est
1538 4795 1721 4855 vento,

130 4876 243 4946 quia
271 4889 534 4951 penetrat
563 4897 735 4953 usque
759 4880 827 4938 ad
862 4882 999 4938 ﬁnes
1028 4890 1214 4949 terrze,
1268 4890 1323 4938 et
1365 4881 1547 4936 omnia
1595 4896 1722 4936 sua-

135 4970 262 5027 viter
307 4975 585 5046 disponit.
630 4974 769 5044 Quia
819 4975 965 5030 ultra
1012 4982 1234 5031 ventum
1282 4973 1399 5047 ipse
1438 4983 1543 5043 est,
1598 4974 1721 5031 ideo

130 5066 387 5126 velocior.
447 5070 518 5126 Et
576 5069 647 5125 ad
706 5069 972 5126 moralem
1021 5083 1298 5127 sensum:
1360 5068 1595 5125 animam
1652 5070 1727 5125 si-

134 5158 395 5227 gniﬁcare
433 5162 609 5219 voluit
640 5172 823 5219 vento.
875 5162 1027 5221 Sicut
1070 5173 1265 5219 ventus
1296 5162 1398 5219 iste
1438 5161 1729 5218 invisibilis

129 5261 222 5319 est,
250 5253 327 5309 ita
364 5263 428 5311 et
472 5255 676 5311 anima.
711 5253 920 5311 Ventus
967 5265 1158 5312 movet
1199 5270 1431 5327 corpus,
1464 5253 1727 5312 et-anima

131 5356 308 5403 movet
368 5362 576 5419 corpus
630 5348 907 5405 similiter.
967 5348 1073 5405 Sed
1130 5363 1228 5404 cur
1272 5356 1494 5406 ventum
1541 5348 1730 5420 appel-

131 5433 258 5493 lavit
306 5439 600 5495 animam?
634 5439 751 5496 Hoc
804 5450 907 5506 est,
954 5440 1075 5512 quia
1122 5441 1267 5497 Deus
1314 5440 1615 5498 insultlavit
1671 5441 1724 5496 in

126 5530 318 5589 Adam.
372 5532 495 5591 Non
527 5534 674 5606 quod
704 5534 1009 5606 corporalis
1060 5535 1131 5591 sit
1179 5535 1327 5592 Deus
1375 5535 1578 5596 Pater:
1627 5533 1724 5591 sed

122 5629 249 5682 tunc
291 5627 622 5697 insulﬂavit,
652 5630 879 5705 quando.
906 5629 1141 5685 animam
1174 5628 1347 5698 dedit,
1382 5638 1439 5683 ut
1467 5628 1561 5696 ait,
1594 5642 1721 5699 pro-

124 5719 317 5785 pheta:
335 5720 448 5789 Tu,
468 5723 717 5789 Domine,
752 5738 907 5781 creas
930 5739 1148 5781 omnem
1170 5723 1357 5779 ﬂatum
1381 5720 1537 5795 (lsai.
1564 5722 1718 5791 Lvn).

122 5807 229 5869 Per
259 5810 391 5870 hac
449 5812 805 5887 intelligimus
856 5831 1047 5875 omnes
1077 5815 1305 5892 .auinias
1359 5830 1401 5889 ιι⁸
1432 5813 1547 5873 Deo
1598 5827 1721 5871 esse

1824 4697 1980 4770 quasi
2021 4696 2177 4767 aquis
2217 4696 2285 4752 de
2311 4709 2421 4751 uno
2451 4696 2601 4752 fonte
2632 4694 2802 4766 potati
2832 4703 2982 4751 sunt.
3017 4694 3097 4750 De
3127 4708 3235 4750 uno
3263 4693 3417 4750 fonte

1824 4791 1917 4861 qui
1950 4797 2035 4845 est
2070 4785 2351 4855 Christus,
2385 4787 2567 4842 satiati
2623 4788 2845 4843 luerunt
2889 4787 3153 4859 apostoli,
3186 4787 3329 4843 sicut
3368 4787 3423 4843 in

1827 4882 2134 4954 Evangelio
2163 4881 2323 4938 dixit.
2349 4881 2453 4949 Qui
2484 4880 2686 4937 biberit
2714 4897 2911 4951 aquam
2943 4897 3105 4954 quam
3153 4897 3257 4953 ego
3285 4880 3426 4938 dabo

1822 4977 1875 5035 ei
1924 4992 2034 5033 non
2086 4976 2238 5032 sitiet
2267 4974 2321 5029 in
2372 4962 2637 5031 aeternum
2690 4973 2886 5047 (Joau.
2935 4978 3039 5047 IV).
3092 4974 3162 5031 Et
3218 4974 3418 5029 aliter:

1828 5070 2026 5126 Fontes
2055 5085 2333 5139 aquarum,
2358 5068 2458 5136 illi,
2484 5067 2578 5139 qui
2609 5082 2708 5139 per
2734 5068 2994 5139 baptismi
3017 5073 3421 5123 sacramentum

1830 5162 1956 5220 lacti
1982 5171 2113 5217 sunt
2141 5160 2523 5233 peccatoribus
2550 5158 2675 5215 fons
2700 5174 2856 5231 aquae
2884 5161 3023 5215 vivae
3068 5157 3320 5215 salientis
3371 5157 3427 5214 in

1826 5255 1995 5312 vitam
2038 5263 2325 5311 aeternam.
2372 5252 2439 5307 Et
2481 5250 2706 5307 revelata
2731 5260 2849 5306 sunt
2880 5251 3225 5322 fundamenta
3282 5251 3421 5307 orbis

1828 5358 2001 5403 terrw.
2031 5346 2321 5417 PrOpheta:
2352 5353 2517 5417 atque
2545 5343 2782 5417 apostoli
2804 5359 2970 5416 super
2998 5358 3137 5417 quos
3178 5346 3422 5403 omnium

1829 5440 2200 5497 Ecclesiarum
2245 5438 2597 5496 fundamenta
2648 5438 2927 5495 locantur.
2981 5438 3245 5496 Revelata
3298 5449 3430 5496 sunt

1826 5534 2185 5593 fundamenta
2199 5535 2349 5593 orbis
2372 5543 2550 5603 terrm,
2567 5534 2865 5591 secundum
2882 5534 3194 5608 historiam,
3208 5536 3424 5608 quando

1828 5628 1883 5684 in
1914 5630 2166 5699 passione
2194 5628 2373 5685 velum
2404 5626 2597 5700 templi
2636 5628 2871 5684 scissum
2901 5637 2989 5685 est
3017 5629 3306 5685 desursum
3334 5646 3427 5685 us-

1826 5736 1933 5794 que
1964 5721 2246 5791 deorsum,
2272 5730 2329 5777 et
2350 5720 2445 5776 illa
2476 5734 2600 5791 quae
2632 5719 2687 5776 in
2720 5719 2924 5793 templo
2968 5730 3127 5777 erant
3155 5735 3425 5791 apparue-

1830 5822 1979 5872 runt.
2034 5815 2096 5870 Et
2129 5814 2195 5871 ad
2251 5827 2469 5871 sensum
2520 5811 2590 5871 de
2631 5812 2812 5895 littera
2851 5826 3049 5872 sensus
3101 5811 3425 5895 spiritualis,
