3944 6334
544 247 650 310 867

1334 249 1811 326 Appennino
1851 244 2098 310 rouuu
2135 249 2143 304 ε

2258 246 2488 306 'TIMUM
2530 242 2610 305 S.‘
2635 241 3042 304 HIERONYMI.
3720 253 3804 314 £68

543 371 668 440 quia
718 370 860 443 quod
912 370 1115 430 ibidem
1163 371 1370 428 latebat
1397 370 1452 429 in
1479 371 1650 444 ﬁgura
1681 413 1698 439 ,
1740 369 1997 427 omnibus
2039 383 2129 438 pa-
2157 367 2340 434 Aest,
2375 383 2480 422 non
2508 375 2796 422 convertar
2840 364 2908 421 ad
2959 364 3108 421 illam
3155 361 3500 437 iniquitatem
3548 366 3636 424 ubi
3681 370 3805 442 prius

548 461 649 516 tuit
695 478 790 532 per
821 465 1102 536 mysteria.

615 555 691 609 Ab
716 555 1065 628 increpatione
1085 568 1193 623 tua,
1215 554 1458 624 Domine,
1481 557 1544 611 ab
1567 554 1902 626 inspiratione
1924 552 2138 625 spiritus

543 646 636 701 ira
657 655 780 702 tuaz.
809 647 885 701 Ab
915 648 1275 719 increpatione
1302 656 1414 713 tua,
1460 647 1700 714 Domine,
1730 662 1852 703 cum
1885 645 2133 702 diceres:

545 739 659 796 Nisi
707 756 803 795 vos
850 741 990 797 lilius
1048 742 1384 808 liberaverit,
1433 741 1737 799 moriemini
1793 740 1847 796 in
1907 738 2139 811 peccatis

545 834 741 890 vestris
773 832 954 906 (Joan.
983 834 1120 908 vnt).
1153 836 1232 890 Ab
1272 836 1613 906 inspiratione
1647 835 1862 904 spiritus
1891 834 1985 889 irte
2013 842 2138 897 tute,

544 927 864 996 promittens
885 927 938 984 in
969 929 1052 984 his
1073 930 1512 1000 appropinquare
1542 944 1772 1000 regnum
1804 926 1922 982 Dei.

615 1017 762 1074 Misit
793 1021 859 1074 de
905 1038 1106 1076 summa
1150 1031 1196 1076 et
1237 1023 1434 1094 accepit
1481 1038 1586 1076 me.
1631 1020 1894 1078 Vocando
1938 1032 2045 1074 me.
2074 1015 2144 1071 Et

541 1113 824 1183 assumpsit
855 1131 933 1169 me
956 1114 1019 1168 tle
1045 1113 1378 1169 multitudine
1405 1131 1683 1186 aquarum.
1717 1113 2138 1169 Adversantiunt

544 1205 889 1275 populorum.
926 1206 1020 1262 Vel
1047 1207 1204 1262 aliter
1244 1224 1257 1261 :
1311 1206 1456 1262 Misit
1483 1207 1547 1261 de
1573 1223 1803 1271 summo,
1845 1215 1894 1262 et
1944 1204 2141 1275 acet-pit

547 1313 648 1364 me,
677 1307 726 1352 et
764 1300 1048 1371 assumpsit
1081 1316 1159 1355 me
1199 1299 1264 1352 de
1311 1299 1644 1354 multitudine
1685 1315 1963 1370 aquarum.
1999 1297 2143 1353 Deus

546 1391 706 1447 Pater
732 1391 879 1446 misit
909 1392 1111 1448 Filium
1139 1406 1320 1461 suum,
1341 1393 1482 1448 sicut
1509 1391 1712 1450 dictum
1742 1399 1826 1448 est
1855 1409 1866 1444 :
1903 1390 2143 1448 Verbum

545 1498 676 1540 caro
704 1483 906 1540 factum
935 1494 1042 1552 est,
1063 1495 1119 1541 et
1140 1484 1404 1540 habitavit
1430 1486 1482 1540 in
1511 1484 1667 1542 nobis
1695 1482 1876 1556 (Joan.
1913 1487 1975 1554 t).
2002 1484 2146 1539 Misit

546 1593 781 1648 sponsus
809 1579 875 1634 ad
905 1595 1162 1649 sponsam
1205 1598 1216 1633 :
1267 1595 1454 1635 verum
1479 1593 1739 1649 Sponsum
1764 1578 1946 1649 iunxit
1975 1594 2144 1648 spon-

545 1684 622 1725 sm
662 1687 673 1723 :
710 1669 813 1726 hoc
848 1680 956 1739 est,
983 1686 1203 1727 carnem
1235 1671 1287 1725 in
1333 1680 1488 1726 utero
1535 1670 1760 1741 virginis
1791 1669 1993 1725 Mariae.
2041 1666 2142 1722 As-

2241 458 2320 516 l'ai
2351 458 2403 516 in
2436 459 2770 516 inﬁdelitate.

2315 552 2382 608 Et
2433 551 2678 608 retribuet
2735 552 2862 606 mihi
2919 551 3178 608 Dominus
3242 554 3528 609 secundum
3581 556 3810 628 justitiam

2241 661 2432 713 meam,
2488 653 2534 700 et
2577 646 2862 699 secundant
2905 646 3188 718 puritatem
3227 663 3472 701 manuum
3517 663 3732 702 mearum
3768 651 3811 703 in

2241 747 2514 810 conspectu
2538 737 2808 793 oculorum
2834 740 2969 810 ejus.
3003 737 3108 794 Per
3129 738 3335 808 oculos,
3369 749 3621 812 aspectus
3649 740 3812 797 divini-

2244 833 2370 889 tatis
2393 831 2722 904 intelligitur
2749 851 2761 888 :
2791 833 2920 903 quia
2947 835 3063 902 ipse
3093 833 3286 906 aspicit
3307 833 3570 905 quidquid
3595 845 3814 905 operatur

2245 929 2408 982 homo
2437 927 2492 982 in
2535 926 2802 982 mandatis
2851 927 2965 983 Dei.
3017 927 3073 982 ln
3130 926 3493 984 retributione
3537 927 3810 997 beatorum,

2245 1023 2335 1094 qui
2362 1037 2480 1078 eam
2513 1039 2607 1092 per
2637 1020 2979 1078 altitudinem
3009 1021 3127 1092 spei
3153 1020 3472 1077 con-idero.

2317 1117 2446 1173 Cum
2471 1128 2654 1174 sancto
2684 1127 2895 1173 sanctus
2923 1117 3025 1173 eris
3044 1158 3059 1186 ,
3101 1131 3224 1173 cum
3252 1130 3320 1173 eo
3341 1119 3433 1188 qui
3464 1133 3496 1171 a
3528 1124 3580 1172 te
3611 1115 3816 1172 sanctiﬁ-

2243 1222 2420 1269 catur.
2453 1210 2668 1267 Etcum
2697 1213 2806 1266 uiro
2836 1212 3107 1266 innocente
3126 1252 3142 1280 ,
3168 1211 3414 1266 innocens
3457 1210 3590 1278 eris,
3635 1225 3745 1266 cum
3769 1225 3821 1266 eo

2246 1303 2339 1374 qui
2368 1319 2477 1358 non
2506 1302 2816 1374 corruperit
2849 1303 2992 1358 vitiis
3023 1301 3190 1357 vitam
3220 1316 3395 1358 suam.

2325 1394 2526 1450 Etcum
2553 1395 2738 1464 electo,
2771 1395 2963 1449 electus
2984 1395 3106 1463 eris,
3151 1408 3275 1449 cum
3318 1393 3413 1448 illo
3439 1408 3604 1464 quem
3637 1393 3823 1464 praesci-

2250 1503 2361 1548 tum
2385 1493 2514 1549 scis.
2551 1491 2616 1546 Et
2657 1508 2774 1546 cum
2814 1506 3076 1560 perverso,
3119 1489 3466 1552 subverteris.
3519 1503 3643 1543 cum
3672 1488 3821 1543 hatre-

2250 1585 2379 1652 tico,
2406 1586 2501 1656 qui
2529 1585 2670 1639 male
2694 1581 3050 1654 intelligendo
3083 1581 3351 1654 pervertit
3379 1580 3562 1636 divina
3596 1580 3822 1650 eloquia:

2251 1677 2394 1734 sicut
2421 1677 2547 1732 alibi
2593 1676 2795 1732 Judu-is
2840 1677 2958 1746 ipse
3005 1675 3269 1730 Dominus
3313 1673 3611 1746 loquitur:
3659 1673 3710 1728 Si
3752 1673 3822 1728 in-

545 1763 765 1834 sumpsit
795 1779 872 1817 me
902 1765 964 1818 de
993 1763 1328 1819 multitudine
1354 1780 1651 1836 aquarum:
1686 1763 1739 1820 id
1769 1772 1876 1831 est,
1909 1762 1976 1817 de
2005 1761 2146 1816 mul-
2175 1755 2222 1817 B
2250 1769 2528 1825 cesseritis
2553 1783 2815 1838 perverse
2844 1782 3027 1823 coram
3059 1783 3168 1832 mc,
3211 1765 3462 1823 incedam
3492 1774 3553 1821 et
3580 1779 3676 1838 ego
3720 1779 3822 1837 per-

550 1854 778 1910 titudine
820 1857 1031 1926 populi,
1060 1854 1307 1912 Ecclesia
1335 1857 1566 1912 collecta
1605 1865 1710 1912 est.
1739 1856 1908 1926 Aqua:
1938 1854 2143 1922 multat,

549 1947 733 2019 populi
765 1949 942 2004 multi.

622 2041 832 2115 Eripuit
860 2061 937 2098 me
969 2044 1032 2097 de
1059 2045 1282 2099 inimicis
1311 2045 1440 2100 meis
1465 2043 1783 2116 fortissimis.
1818 2043 1961 2099 Deus
1986 2043 2145 2098 Pater

546 2135 752 2206 eripuit
795 2135 1075 2193 Christum
1107 2153 1137 2191 a
1167 2137 1393 2204 iudicis,
1426 2147 1480 2193 et
1522 2137 1824 2193 Ecclesiam
1857 2136 1924 2190 ab
1972 2135 2144 2190 hatre-

559 2231 700 2285 ticis.
747 2229 815 2283 Et
861 2230 923 2283 ab
969 2230 1032 2284 iis
1060 2231 1144 2300 qui
1171 2229 1389 2284 oderunt
1419 2245 1518 2298 me,
1549 2229 1670 2300 quia
1709 2228 1984 2300 confortati
2026 2237 2146 2282 sunt

548 2340 702 2396 super
730 2341 830 2380 me.
862 2325 1105 2381 Oderunt
1134 2325 1306 2382 Judzei
1338 2325 1650 2394 Dominum,
1679 2336 1735 2382 et
1763 2324 2001 2381 haeretici
2034 2323 2144 2378 Ec-

547 2419 793 2476 clesium.
829 2419 962 2488 Quia
1007 2420 1301 2476 confortati
1329 2430 1459 2477 sunt
1500 2435 1664 2492 super
1695 2435 1805 2489 me,
1845 2419 2000 2491 quasi
2027 2417 2145 2472 vin-

553 2526 683 2568 cere
714 2513 1044 2582 potuissent.

623 2605 996 2661 Prtevenerunt
1031 2623 1130 2661 me.
1171 2601 1240 2663 Ut
1285 2605 1537 2676 superius
1566 2604 1824 2669 diximus,
1869 2610 1994 2658 ante
2022 2601 2142 2656 vin-

546 2699 747 2756 dictam
775 2701 976 2756 crucis.
1003 2699 1071 2755 Et
1093 2703 1260 2773 factus
1289 2710 1360 2755 est
1391 2698 1644 2754 Dominus
1683 2704 1946 2770 protector
1977 2710 2142 2748 meus.

549 2792 694 2849 Deus
732 2793 890 2849 Pater
918 2792 1114 2850 Filium
1147 2808 1304 2848 suum
1338 2789 1602 2865 protexit,
1648 2798 1704 2846 et
1747 2788 1918 2844 Filius
1948 2786 2140 2842 Eccle-

551 2886 687 2942 siam
719 2902 893 2942 suam.

623 2982 823 3037 Eduxit
854 2999 935 3038 me
972 2981 1026 3037 in
1054 2983 1351 3038 latitudine.
1388 2979 1583 3036 Eduxit
1615 2977 1915 3034 Ecclesium
1951 2975 2018 3030 de
2052 2973 2145 3028 tri-

550 3076 851 3141 bulatione,
883 3077 1036 3148 quasi
1058 3075 1127 3132 de
1157 3075 1404 3147 angustia
1440 3093 1452 3129 :
1483 3073 1548 3128 In
1580 3071 1888 3128 latitudine:
1919 3085 2038 3140 qua:
2062 3076 2147 3122 est

544 3185 674 3240 spes
717 3170 908 3238 futuri,
946 3170 1031 3226 vel
1064 3170 1436 3226 remuneratio
1474 3169 1600 3225 vita:
1631 3178 1877 3223 aeternm.
1925 3163 2144 3220 Salvum
2170 3148 2217 3213 C

548 3279 627 3316 me
655 3263 799 3333 fecit,
829 3263 1076 3333 quoniam
1101 3261 1265 3317 voluit
1314 3279 1414 3316 me.
1443 3260 1562 3316 Vox
1609 3259 1891 3324 Ecclesite,
1925 3257 2012 3327 qtti
2058 3270 2144 3311 me

550 3353 746 3420 voluit,
783 3362 841 3409 ut
878 3354 1165 3410 exhiberet
1195 3355 1296 3409 sibi
1339 3353 1665 3409 Ecclesium.
1703 3351 1958 3418 Quoniam
1984 3350 2144 3403 voluit

549 3464 649 3503 me.
683 3447 976 3504 Voluntate
1018 3450 1258 3520 propria,
1305 3454 1361 3503 et
1409 3463 1514 3502 non
1565 3463 1631 3502 ex
1663 3461 1784 3502 meo
1827 3444 2022 3500 merito
2056 3457 2144 3498 me

547 3543 783 3607 vocavit,
829 3543 1046 3599 dicente
1093 3542 1393 3613 Apostolo:
1427 3541 1611 3598 Gratia
1643 3541 1777 3596 estis
1807 3537 2000 3593 salvati
2049 3553 2144 3608 per

550 3634 711 3690 ﬁdem
738 3651 752 3690 :
781 3646 834 3692 et
861 3635 964 3691 hoc
995 3651 1101 3691 non
1135 3651 1202 3690 ex
1229 3635 1380 3690 vobis
1399 3632 1711 3706 (Ephes.tt).

620 3728 689 3784 Et
705 3730 952 3785 retribuet
967 3728 1092 3784 mihi
1108 3727 1362 3784 Dominus
1385 3727 1671 3783 secundum
1677 3728 1699 3798 j
1707 3726 1808 3780 usti
1815 3727 1937 3779 tiam
1956 3740 2141 3789 meant,

545 3835 592 3879 et
636 3825 918 3878 secundum
963 3823 1309 3877 innocentiam
1348 3836 1598 3874 manuum
1641 3834 1873 3873 mearum
1902 3815 2145 3871 retribuet

547 3915 695 3970 mihi.
723 3915 857 3984 Quae
885 3926 1067 3970 autem
1096 3914 1166 3969 sit
1201 3913 1434 3984 iustitia,
1466 3922 1521 3967 et
1546 3910 1858 3967 innocentia
1884 3922 2142 3963 manuum

543 4009 664 4080 ejus
689 4025 703 4064 :
733 4008 854 4065 audi
879 4008 1009 4079 quid
1034 4007 1281 4079 sequitur
1311 4025 1322 4060 :
1357 4005 1514 4074 Quia,
1547 4005 1743 4074 inquit,
1770 4001 2062 4067 custodivi,
2090 4010 2146 4056 ut

547 4100 649 4155 via:
679 4101 774 4156 Dei
803 4100 1207 4164 custodiantur,
1232 4109 1284 4155 et
1316 4098 1454 4154 nihil
1493 4097 1657 4167 impie
1685 4096 1753 4152 de
1782 4110 1849 4152 eo
1876 4110 1999 4150 cum
2035 4092 2145 4149 hae-

547 4192 733 4248 reticis
763 4193 1048 4248 sentiatur.

621 4283 760 4351 Quia
797 4283 1044 4339 custodiri
1086 4284 1192 4338 vias
1237 4283 1470 4338 Domini.
1503 4281 1558 4338 Id
1589 4290 1697 4350 est,
1735 4297 1832 4337 sua
1870 4280 2143 4336 mandata.

552 4373 666 4429 Nec
691 4375 845 4447 impie
867 4376 1001 4448 gessi
1021 4392 1052 4428 a
1074 4373 1181 4430 Deo
1201 4391 1329 4430 meo.
1350 4373 1421 4431 Ut
1446 4373 1513 4428 ad
1539 4373 1738 4428 idolum
1763 4383 2144 4429 converterem

546 4470 786 4526 laudem.

621 4562 883 4629 Quoniam
904 4563 1079 4618 omnia
1096 4560 1301 4634 judicia
1329 4563 1442 4635 ejus
1479 4561 1532 4616 in
1563 4570 1844 4633 conspectu
1885 4576 1995 4614 meo
2023 4567 2142 4614 sunt
2170 4531 2220 4590 Ῑ)

546 4672 772 4726 semper.
804 4656 1048 4724 Quatuor
1080 4665 1208 4712 sunt
1225 4655 1424 4728 judicia
1459 4657 1587 4714 Dei:
1619 4654 1728 4712 duo
1759 4653 1826 4710 de
1857 4653 2137 4724 praesenti,

547 4759 602 4804 et
627 4748 737 4804 duo
765 4748 832 4804 de
855 4750 1056 4806 futuro.
1088 4749 1143 4804 ln
1174 4749 1451 4822 praesenti,
1477 4749 1810 4820 prOSperitas
1849 4747 2137 4813 malorum,

546 4860 598 4907 et
625 4848 903 4906 tribulatio
930 4860 1265 4906 sanctorum.
1297 4849 1354 4906 lu
1383 4849 1588 4916 futuro,
1619 4848 1988 4906 remuneratio
2013 4863 2143 4902 san-

543 4961 780 5020 ctorum,
811 4961 866 5008 et
886 4952 1272 5009 condemnatio
1295 4953 1660 5023 peccatorum.
1691 4951 1933 5008 Ecclesia
1955 4949 2142 5006 adhae-

546 5066 631 5112 ret
659 5055 897 5124 Christo,
929 5056 1058 5129 quia
1088 5056 1339 5112 Christus
1375 5072 1479 5112 non
1508 5055 1640 5112 fecit
1668 5062 1953 5128 peccatum
1981 5070 1996 5111 :
2041 5065 2143 5108 nec

549 5157 810 5216 inventus
848 5171 932 5215 est
963 5161 1014 5214 in
1043 5172 1140 5215 Ore
1167 5158 1289 5228 ejus
1314 5157 1497 5214 dolus.
1549 5157 1614 5212 Et
1647 5155 1896 5213 Ecclesia
1921 5153 2142 5209 Christo

545 5258 812 5330 adhaeret,
835 5261 1084 5333 quoniam
1113 5261 1287 5316 omnia
1305 5260 1515 5333 judicia
1541 5263 1654 5333 ejus
1669 5259 1725 5313 in
1747 5266 2018 5331 conspectu
2029 5271 2142 5311 meo

545 5370 668 5416 sunt
694 5376 910 5432 semper.
945 5360 1013 5417 Et
1053 5362 1291 5434 justitias
1334 5364 1446 5434 ejus
1476 5376 1578 5416 non
1610 5358 1776 5431 repuli
1818 5374 1850 5414 α
1886 5373 1988 5414 me.
2033 5355 2140 5414 Sed

551 5467 832 5539 amplexus
854 5482 973 5523 sum
1003 5480 1117 5523 eas.

619 5569 686 5623 Et
717 5585 804 5625 ero
833 5569 1195 5624 immaculatus
1219 5584 1335 5622 cum
1358 5579 1438 5634 eo,
1467 5576 1513 5622 et
1542 5563 1817 5620 observabo
1853 5577 1930 5619 me
1952 5562 2015 5617 ab
2040 5563 2140 5617 lni-

543 5671 737 5743 quitate
757 5688 890 5726 mea.
924 5667 1302 5727 Perseverabo
1328 5667 1385 5725 in
1416 5667 1508 5724 illa
1557 5667 1894 5732 innocentia,
1937 5665 1989 5722 in
2033 5679 2137 5737 qua

543 5784 766 5834 vocatus
793 5790 932 5831 sum.
982 5773 1051 5828 Et
1081 5773 1356 5829 observabo
1381 5789 1458 5829 me
1477 5771 1540 5827 ab
1582 5771 1851 5842 iniquitate
1899 5783 2050 5825 mea:
2082 5767 2136 5825 id

2249 1875 2442 1916 versus
2462 1861 2640 1916 vobis.
2675 1860 2805 1916 Cum
2829 1869 3009 1916 sancto
3059 1869 3271 1914 sanctus
3311 1859 3434 1915 eris.
3470 1859 3512 1914 Τ
3520 1874 3553 1914 ιι
3573 1901 3590 1926 ,
3619 1858 3823 1924 Christe,

2247 1961 2466 2009 sanctus
2497 1963 2694 2007 natura
2739 1966 2799 2006 es
2829 1969 2843 2006 :
2889 1967 3059 2024 quem
3091 1960 3146 2008 tu
3178 1951 3638 2022 sanctificaveris,
3669 1951 3729 2006 ab
3752 1950 3827 2004 illo

2249 2045 2620 2118 cognosceris,
2648 2045 2908 2116 quottiam
2938 2052 2993 2100 tu
3032 2051 3257 2100 sanctus
3287 2059 3367 2100 es.
3406 2042 3522 2101 Vox
3583 2042 3826 2116 propheta

2249 2140 2316 2196 ad
2347 2139 2625 2196 Christum
2664 2157 2677 2194 :
2709 2139 2880 2208 Quem
2929 2150 2982 2194 tu
3019 2140 3368 2195 innocentem
3415 2137 3650 2203 ieceris,
3680 2137 3740 2191 ab
3771 2136 3825 2191 il-

2247 2232 2304 2289 lo
2328 2234 2704 2304 cognosceris,
2734 2231 2878 2302 quod
2908 2239 2967 2287 tu
2999 2231 3264 2287 innocens
3292 2247 3352 2286 es
3377 2247 3394 2287 :
3427 2231 3556 2302 quia
3589 2229 3713 2284 nulli
3741 2244 3823 2283 no-

2249 2341 2362 2388 ces.
2396 2326 2522 2383 ideo
2568 2326 2852 2382 innocens.
2885 2327 3054 2394 Quem
3089 2337 3142 2380 ιιι
3183 2325 3437 2396 elegeris,
3489 2333 3554 2378 ut
3591 2323 3659 2378 sit
3699 2322 3818 2378 elec-

2253 2429 2335 2474 tus
2371 2437 2383 2471 :
2417 2418 2485 2474 ab
2531 2418 2626 2473 illo
2657 2419 3011 2488 eugttosceris
3041 2419 3185 2489 quod
3217 2419 3429 2474 electus
3452 2431 3536 2483 es,
3572 2426 3625 2472 ut
3653 2415 3822 2471 Paulus

2249 2511 2431 2568 dixit:
2471 2510 2947 2582 Cmnprehendam
2993 2521 3177 2566 autem
3212 2525 3244 2564 a
3272 2526 3381 2579 quo
3421 2509 3827 2581 comprehensus

2250 2621 2370 2661 sum
2403 2603 2665 2678 (Philipp.
2693 2605 2796 2678 ιιι).
2832 2606 3087 2662 Perversi
3138 2605 3413 2677 dicuntur,
3461 2607 3558 2677 qui
3591 2605 3657 2660 de
3693 2603 3823 2661 recti-

2251 2700 2437 2755 tudine
2463 2699 2747 2756 declinant
2783 2699 2851 2755 ad
2907 2699 3358 2771 perversitatem,
3395 2709 3455 2756 ιιι
3483 2699 3762 2764 diabolus,
3784 2705 3829 2752 et

2249 2793 2440 2859 Judas,
2474 2805 2530 2850 et
2562 2793 2830 2859 haeretici,
2861 2803 2913 2850 et
2945 2808 3141 2850 omnes
3162 2793 3408 2863 superbi.
3453 2793 3682 2860 thies
3709 2791 3828 2846 Deus

2250 2886 2380 2942 facit
2418 2887 2624 2957 justam
2675 2887 2998 2952 vindictam,
3052 2885 3460 2957 reprehendunt
3504 2886 3692 2953 illum,
3725 2898 3826 2940 cum

2250 2980 2402 3052 eligit
2434 2996 2740 3054 pauperes,
2773 2991 2828 3037 et
2877 2981 3138 3051 reprobat
3180 2989 3464 3054 potentes,
3518 2996 3646 3036 cum
3691 2977 3829 3049 elegit

2252 3075 2589 3145 piscatores,
2625 3075 2768 3130 sicut
2797 3074 3013 3131 Petrum
3037 3115 3051 3139 ,
3103 3085 3158 3130 et
3203 3073 3426 3144 reliquit
3475 3073 3706 3129 nobiles.
3737 3071 3829 3125 lloc

2248 3182 2570 3236 perversum
2621 3167 2834 3222 videtur
2881 3181 3005 3222 esse
3057 3166 3199 3238 apud
3249 3181 3578 3236 perversos,
3632 3172 3689 3220 ut
3725 3179 3830 3236 pro-

2255 3259 2417 3330 pheta
2442 3261 2557 3316 ait:
2597 3260 2709 3314 Viae
2764 3259 2977 3316 Domini
3015 3270 3181 3317 rectae
3227 3259 3378 3333 (Ose.
3411 3259 3559 3332 xiv).
3609 3258 3701 3313 sed
3749 3258 3829 3311 riae

2247 3360 2446 3407 vestra:
2475 3367 2769 3422 perversae.

2321 3444 2578 3509 Quoniam
2608 3454 2663 3498 tu
2691 3445 2944 3517 populum
2969 3445 3218 3500 humilem
3254 3446 3457 3500 salttum
3486 3445 3670 3516 facies,
3700 3443 3829 3515 quod

2247 3539 2498 3607 superius
2547 3538 2807 3592 diximus.
2838 3536 2906 3592 Et
2942 3539 3125 3592 oculos
3154 3537 3496 3611 superborum
3529 3536 3828 3592 humiliabis.

2251 3629 2512 3696 Quoniam
2543 3639 2597 3682 tu
2647 3629 2898 3701 populum
2930 3628 3180 3684 humilem
3223 3630 3425 3685 salvum
3455 3631 3655 3700 facies,
3683 3629 3833 3700 ptem-

2248 3723 2476 3777 tentiam
2509 3733 2784 3795 agentem,
2834 3732 2879 3777 et
2921 3724 3098 3779 oculos
3147 3723 3488 3796 superborum
3516 3723 3834 3779 Itumiliabis:

2247 3817 2372 3888 quia
2445 3817 2574 3873 elati
2646 3817 2932 3888 superbia,
2995 3818 3378 3889 ptenitentiam
3466 3834 3638 3890 agere
3698 3815 3830 3872 dedi-

2248 3921 2503 3981 gnantur.

2324 4003 2583 4070 Quoniam
2623 4014 2679 4058 tu
2728 4004 2999 4060 illuminas
3043 4004 3311 4059 lucernam
3360 4021 3554 4059 meam.
3589 4003 3725 4072 Quid
3761 4009 3830 4056 est

2247 4096 2468 4152 lucerna
2489 4098 2591 4152 nisi
2622 4098 2934 4154 intellectus
2957 4098 3190 4153 anima}?
3219 4097 3378 4154 Sicut
3403 4098 3553 4152 oculi
3586 4098 3826 4166 torporis,

2248 4190 2296 4246 si
2320 4191 2388 4246 de
2419 4191 2640 4246 lucerna
2672 4191 2938 4247 exteriori
2986 4206 3094 4247 non
3128 4191 3331 4247 habent
3364 4191 3552 4246 lumen
3573 4232 3589 4256 ,
3620 4191 3674 4246 it:
3703 4200 3831 4244 tene-

2250 4283 2364 4339 bris
2391 4299 2499 4339 non
2534 4284 2723 4341 vident
2754 4301 2768 4339 :
2802 4283 2876 4340 ita
2921 4293 2977 4340 et
3005 4283 3316 4342 intellectus
3346 4287 3554 4340 anima:
3595 4283 3701 4339 nisi
3729 4283 3833 4338 illu-

2249 4375 2490 4432 minetur
2519 4378 2588 4431 ab
2622 4379 2824 4443 altero,
2857 4378 2958 4432 hoc
3005 4388 3092 4433 est
3136 4393 3168 4432 a
3209 4377 3432 4433 Christo
3455 4418 3473 4444 ,
3508 4392 3622 4433 non
3667 4375 3830 4432 videt:

2249 4469 2391 4524 sicut
2421 4471 2472 4524 in
2505 4469 2802 4542 Evangelia
2844 4469 2978 4525 dicit
3010 4488 3022 4524 :
3053 4469 3185 4525 Erat
3216 4470 3398 4524 lumen
3449 4485 3665 4535 verum,
3709 4463 3832 4539 quod

2249 4563 2519 4617 illuminat
2544 4579 2759 4618 omnem
2784 4563 3063 4618 hominem
3089 4563 3406 4620 venientem
3436 4561 3493 4618 in
3531 4565 3676 4619 hunc
3695 4575 3831 4616 mun-

2248 4655 2378 4711 dum
2405 4653 2590 4723 (Joan.
2626 4655 2702 4727 1).
2747 4653 2968 4709 Domine
3015 4653 3158 4710 Deus
3210 4673 3375 4723 meus,
3424 4655 3674 4711 illumina
3713 4663 3832 4709 tene

2249 4749 2364 4802 bras
2395 4764 2556 4802 meas.
2591 4748 2702 4803 lloc
2742 4758 2825 4803 est
2859 4747 3220 4818 ignorantiam
3253 4746 3466 4804 cordis.
3497 4745 3657 4803 Unde
3682 4744 3830 4813 scrip-

2248 4849 2358 4895 tum
2391 4849 2514 4896 est:
2560 4839 2618 4896 Si
2664 4839 2845 4896 lumen
2879 4838 3028 4910 quod
3075 4839 3128 4894 in
3178 4847 3232 4894 te
3257 4847 3372 4904 est,
3422 4837 3663 4894 tenebrat
3700 4845 3828 4900 sunt,

2248 4931 2380 5002 ipsa:
2421 4932 2663 4988 tenebrae
2707 4941 2923 5002 quanta:
2949 4943 3115 4987 erunt
3144 4928 3363 5003 (Matth.
3398 4925 3510 5000 v1)?
3539 4930 3612 4986 Et
3634 4936 3830 5000 aposto-

2248 5024 2334 5079 lus
2367 5024 2446 5080 ait
2482 5041 2495 5078 :
2543 5023 2747 5079 Fuistis
2796 5022 3096 5094 aliquando
3153 5023 3426 5092 tenebrte,
3471 5037 3623 5079 nunc
3667 5029 3827 5078 autem

2245 5117 2337 5172 lux
2361 5119 2413 5173 in
2442 5116 2673 5172 Domino
2697 5115 2914 5189 (Ephes.
2939 5115 3019 5186 v).

2323 5209 2582 5277 Quoniam
2611 5209 2664 5262 in
2690 5216 2738 5262 te
2763 5210 2959 5280 eripiar
2989 5224 3020 5261 a
3049 5207 3350 5262 tentatione.
3393 5203 3512 5264 Vox
3561 5203 3822 5264 EccleSite.

2247 5303 2356 5360 Nisi
2386 5319 2416 5359 a
2447 5303 2560 5358 Deo
2591 5302 2814 5373 eripiar,
2849 5317 2946 5372 per
2989 5317 3078 5357 me
3109 5316 3453 5372 nequaquam
3495 5317 3743 5372 possunt.
3771 5295 3827 5351 Et

2245 5396 2302 5449 in
2328 5394 2439 5450 Deo
2486 5394 2844 5469 transgrediar
2889 5410 3114 5448 murum.
3165 5392 3378 5450 Murum
3427 5393 3564 5450 dicit
3606 5391 3825 5448 Ecclesia

2244 5497 2469 5559 peccata
2503 5494 2687 5540 nostra
2717 5502 2732 5543 :
2769 5500 2932 5555 quem
2961 5483 3320 5550 aediﬁcamus,
3359 5485 3605 5555 peccatis
3630 5491 3824 5554 peccata

2242 5577 2516 5650 augendo.
2546 5577 2658 5633 Nisi
2685 5594 2716 5633 a
2757 5576 2868 5634 Deo
2910 5576 3264 5634 destruantur
3308 5577 3401 5632 illa
3434 5587 3664 5650 peccata
3687 5622 3701 5647 ,
3729 5588 3824 5630 non

2243 5687 2528 5746 possumus
2554 5688 2651 5745 per
2679 5687 2780 5730 nos
2812 5673 3045 5729 transire
3070 5671 3137 5728 ad
3167 5671 3357 5728 Deum.

2318 5767 2454 5826 Deus
2482 5786 2645 5840 meus,
2681 5766 2956 5841 impolluta
2982 5769 3064 5825 via
3087 5769 3219 5842 ejus.
3254 5763 3536 5840 [inpolluta
3577 5766 3660 5823 via
3687 5780 3706 5820 .°
3735 5765 3823 5820 hoc
