3944 6334
235 278 323 334 869

1149 263 1582 334 sustineren
1622 275 1687 333 IN
1730 266 2063 336 essurus.
2107 277 2354 335 PSALM.
2399 275 2565 334 xvn.

3382 277 3487 336 870

233 403 318 458 est,
350 388 628 444 incarnatio
655 385 773 456 ejus
805 403 818 440 :
848 387 973 458 quia
1001 403 1108 444 non
1140 399 1224 446 est
1259 408 1324 446 ex
1373 391 1515 446 virili
1547 392 1783 461 semine,
1816 393 1866 454 A
1891 409 1972 447 me
1998 393 2217 448 docebit.
2250 393 2487 450 Necesse
2535 402 2618 449 est
2668 392 2795 450 dum
2852 408 3042 448 sumus
3091 394 3200 462 hic,
3233 393 3336 449 sub
3383 393 3481 448 do-

233 485 310 540 εει]
336 484 396 537 de
421 479 615 551 Spiritu
659 490 849 537 sancto
895 491 1212 553 conceptus.
1270 484 1333 539 Et
1379 485 1586 540 aliter:
1628 485 1790 542 Fides

231 577 438 648 perfecta
486 573 778 642 Ecclesiae,
827 575 1105 646 impolluta
1163 578 1247 632 via
1293 578 1412 648 eius
1454 578 1654 633 dicitur
1692 593 1790 649 per

229 685 362 740 quam
417 669 549 722 Deus
579 669 726 722 venit
771 669 835 724 ad
870 684 989 724 nos.
1024 669 1247 742 Eloquia
1287 670 1498 726 Domini
1525 673 1641 744 igne
1669 688 1791 726 exa-

228 765 415 816 minata.
448 759 669 831 Eloquia
701 759 938 828 Domini,
967 777 1065 818 sua
1108 763 1382 829 mandata,
1434 765 1487 819 in
1535 764 1637 820 huc
1677 765 1790 822 Deo

227 863 332 909 sunt
357 851 570 920 placita:
604 865 708 907 non
737 853 881 923 quod
913 853 1026 924 ipsa
1061 855 1168 910 sint
1199 856 1510 910 examinata
1544 856 1614 912 ab
1643 854 1786 927 igne,

224 944 455 1012 autquod
484 943 712 1000 fuissent
738 945 1049 1017 inquinata;
1084 947 1178 1002 sed
1225 949 1314 1019 qui
1357 948 1450 1004 illa
1483 950 1788 1018 acceperit,

227 1037 400 1091 faciant
448 1051 566 1091 eum
612 1048 669 1092 ut
714 1053 904 1093 aurum
961 1040 1252 1107 mundum,
1310 1042 1649 1111 puriﬁcatum
1696 1057 1791 1113 per

227 1129 398 1199 ignem.
428 1127 695 1184 Protector
721 1140 794 1186 est
816 1134 1048 1186 onmium
1074 1135 1393 1204 sperantium
1420 1135 1471 1187 in
1500 1151 1574 1190 se.
1603 1134 1707 1202 Qui
1737 1137 1788 1191 in

224 1236 327 1278 eum
353 1220 594 1277 credunt.
635 1223 774 1278 Deus
803 1223 927 1279 illos
960 1227 1217 1296 protegit,
1249 1227 1338 1296 qui
1368 1241 1563 1284 saneto
1590 1229 1789 1286 timore

222 1316 350 1373 illum
377 1318 580 1373 timent.

284 1409 522 1476 Quoniam
564 1412 677 1480 quis
723 1409 866 1465 Deus
917 1424 1105 1484 prtcter
1153 1412 1440 1469 Dominum
1483 1430 1503 1471 :
1542 1426 1634 1470 aut
1673 1415 1789 1488 quis

221 1496 341 1553 Deus
381 1509 560 1570 μηνίει·
593 1499 760 1554 Deum
791 1505 1063 1557 nostrum?
1107 1504 1206 1560 llic
1253 1504 1495 1561 Trinitas
1541 1506 1790 1578 intelligi-

220 1600 310 1650 tur.
335 1593 530 1648 Prmter
567 1594 879 1661 Dominum,
907 1598 1049 1666 quod
1075 1597 1251 1666 dixit,
1283 1598 1426 1655 Deus
1451 1599 1610 1657 Pater
1631 1599 1791 1655 intel-

220 1682 397 1754 ligitur.
441 1684 649 1741 Praeter
699 1685 870 1743 Deum
917 1698 1212 1744 nostrum:
1267 1690 1482 1748 Filius:
1535 1701 1587 1747 et
1630 1694 1786 1749 tertia

1890 485 2065 541 ctrina
2091 501 2232 542 esse.
2264 485 2419 542 Unde
2463 485 2666 541 Paulus
2696 487 2776 540 ait
2822 505 2832 541 :
2880 487 3099 553 Omnis,
3151 487 3359 557 inquit,
3392 488 3490 539 do-

1891 579 2062 634 ctrina
2087 579 2140 634 ln
2175 579 2427 649 praesenti
2461 595 2567 634 non
2597 579 2814 635 videtur
2844 595 2966 636 esse
2992 578 3194 649 gaudii,
3226 579 3322 635 sed
3356 594 3490 634 true-

1892 669 2062 737 roris,
2091 671 2186 726 sed
2219 681 2407 742 postea
2439 670 2494 727 in
2542 671 2790 727 futurum
2823 671 3000 728 reddit
3049 673 3281 727 fructum
3327 671 3493 742 pluri-

1893 776 2040 816 mum
2077 761 2267 835 (flebr.
2297 765 2418 836 ιιι).

1965 854 2214 912 Dilatasti
2235 873 2444 928 gressus
2471 873 2614 913 meos
2633 856 2813 913 subtus
2833 875 2934 914 me.
2960 859 3166 915 Sensus
3189 857 3449 915 Ecclesitc
3476 876 3489 914 :

1889 946 1986 1000 sub
2015 960 2114 1012 me,
2157 948 2262 1003 sub
2309 958 2575 1018 potestate
2628 950 2907 1007 Ecclesiae.
2978 950 3237 1006 Dilatasti
3282 968 3492 1024 gressus

1894 1057 2034 1096 meos
2059 1041 2237 1096 subtus
2265 1059 2366 1111 me,
2413 1045 2467 1099 in
2499 1045 2863 1114 atrrplitudine
2913 1045 3198 1102 cltaritatis
3246 1053 3371 1100 ture.
3422 1043 3493 1099 Et

1894 1149 1996 1188 non
2025 1145 2146 1189 sunt
2188 1131 2456 1205 infirmata
2483 1137 2697 1209 vestigia
2741 1153 2873 1193 mea.
2933 1135 3169 1211 Vestigia
3194 1181 3207 1204 ,
3241 1141 3492 1209 exemplo

1893 1223 2181 1294 Ecclesize,
2214 1243 2324 1293 non
2348 1238 2477 1284 sunt
2504 1229 2771 1285 inﬁrmata
2803 1247 2833 1286 a
2863 1232 3272 1288 successoribus
3306 1250 3320 1288 :
3356 1232 3482 1301 quia

1893 1318 2143 1389 impressi
2171 1317 2526 1392 sequentibus
2556 1338 2664 1379 tne.
2713 1324 2846 1380 llinc
2879 1341 2978 1379 vox
3025 1325 3228 1381 Christi
3256 1333 3372 1396 pot
3402 1340 3491 1380 re-

1892 1417 2312 1474 surrectionem.

1965 1509 2258 1585 Persequar
2290 1513 2526 1569 inimicos
2554 1529 2724 1580 meos,
2775 1519 2820 1568 et
2865 1512 3296 1583 comprehendam
3349 1513 3488 1567 illos.

1890 1602 2110 1660 Judteos
2144 1601 2348 1676 utique,
2379 1607 2467 1677 qui
2511 1607 2560 1662 ei
2591 1603 2796 1676 injuste
2827 1605 3032 1660 inimici
3065 1615 3191 1661 sunt
3217 1605 3362 1662 facti.
3400 1603 3493 1660 \'el

1891 1696 2052 1750 aliter
2086 1715 2098 1752 :
2134 1695 2425 1769 Persequar
2456 1699 2690 1753 inimicos
2735 1716 2904 1767 nteos,
2954 1697 3183 1754 affectus
3224 1697 3489 1754 carnales.

220 1789 443 1845 persona,
505 1777 556 1832 id
612 1788 731 1847 est,
777 1778 1015 1848 Spiritus
1067 1791 1287 1837 sanctus
1315 1800 1328 1836 :
1356 1784 1483 1854 quia
1522 1784 1664 1840 Deus
1690 1785 1793 1841 Pa-
1821 1775 1867 1839 Β
1897 1787 1963 1843 Et
1991 1787 2427 1862 comprehendam
2467 1790 2610 1858 illos,
2658 1800 2950 1862 antequam
2988 1805 3089 1860 ego
3132 1790 3492 1862 comprehen-

223 1875 308 1933 ter,
334 1867 470 1924 Deus
520 1868 718 1936 Filius,
761 1870 903 1926 Deus
933 1865 1184 1942 Spiritus}
1223 1883 1464 1945 sanctus,
1524 1893 1663 1933 unus
1709 1887 1792 1934 est

222 1959 363 2014 Deus.

277 2050 404 2107 Deus
428 2055 515 2121 qui
543 2055 822 2123 praecinxit
848 2073 927 2110 me
950 2057 1158 2114 virtute.
1202 2058 1305 2115 Per
1342 2057 1756 2117 similitudinem
1775 2106 1789 2132 ,

219 2143 338 2197 sicut
364 2144 524 2200 homo
558 2147 843 2216 prweingit
889 2147 1217 2205 vestimenta
1267 2165 1388 2217 sua,
1437 2160 1495 2206 ut
1547 2168 1651 2207 non
1698 2167 1796 2210 no-

223 2245 363 2289 ceant
392 2235 649 2306 pedibus,
677 2240 768 2309 qui
817 2251 942 2294 sunt
986 2256 1180 2296 sensus
1211 2259 1223 2295 :
1274 2251 1332 2297 et
1374 2243 1644 2312 manibus,
1672 2261 1795 2316 quae

218 2337 324 2382 sunt
347 2343 528 2399 opera.
569 2330 856 2386 Prwcinxit
884 2349 904 2387 :
933 2333 1036 2390 hoc
1066 2343 1172 2401 est,
1203 2345 1259 2389 ut
1285 2337 1614 2408 restringant
1641 2341 1797 2395 sinus

221 2420 532 2490 cupiditatis,
567 2434 626 2477 ut
671 2438 836 2494 supra
867 2425 1002 2493 dixi,
1052 2442 1120 2481 ne
1171 2426 1535 2497 impediantur
1578 2444 1673 2500 per
1703 2447 1797 2486 cu-

221 2513 494 2581 piditatem.
527 2514 627 2571 Vel
657 2517 814 2570 aliter
847 2535 860 2572 :
898 2517 1035 2573 Deus
1053 2520 1141 2590 qui
1170 2521 1440 2590 prtecinxit
1468 2537 1550 2576 me
1568 2523 1798 2579 uirtute:

217 2605 429 2675 Spiritus
466 2618 694 2665 sanctus
729 2611 819 2681 qui
852 2625 949 2667 nos
980 2622 1160 2666 armat
1186 2612 1453 2669 adversus
1499 2624 1799 2685 potestates

218 2696 429 2769 iniquas,
481 2703 786 2758 secundum
837 2704 1205 2774 Apostolum:
1257 2706 1469 2764 induite
1507 2722 1604 2764 vos
1648 2724 1797 2764 arma

221 2790 322 2857 Dei,
352 2801 404 2847 et
426 2794 669 2864 gladium
702 2797 938 2866 Spiritus
975 2801 1173 2868 sancti,
1205 2809 1262 2855 ut
1296 2802 1512 2872 possitis
1539 2804 1797 2860 resistere

219 2886 415 2943 diabolo
444 2888 667 2961 (Ephes.
694 2890 794 2964 vt).
826 2890 1212 2951 Conticescant
1261 2913 1403 2951 nunc
1444 2899 1682 2955 lueretici
1715 2916 1799 2955 as-

221 2977 463 3047 picientes
491 2983 589 3037 hic
617 2981 938 3041 Trinitatem
973 3002 1318 3058 expressam,
1365 3000 1418 3046 et
1473 3002 1805 3063 cognoscant

217 3067 391 3128 Filium
419 3091 585 3146 quem
615 3076 882 3134 minorem
915 3079 1074 3136 Patre
1103 3080 1310 3150 dicunt,
1356 3085 1592 3154 primum
1621 3102 1651 3141 a
1681 3104 1804 3157 pro-

1897 1880 1995 1936 dar
2025 1881 2094 1936 ab
2126 1881 2250 1936 illis.
2284 1879 2351 1936 Et
2378 1897 2482 1936 non
2532 1895 2802 1939 conrertar
2847 1883 3012 1938 donec
3050 1884 3332 1953 deﬁciant,
3383 1891 3488 1938 etc.

1895 1972 2016 2030 Non
2043 1986 2330 2032 convertar
2360 1991 2600 2048 pugnare
2630 1989 2818 2034 contra
2869 1977 2988 2032 illos
3034 1995 3046 2032 :
3096 1980 3178 2034 vel
3211 1993 3316 2034 non
3365 1994 3497 2033 con—

1896 2075 2079 2122 vertar
2103 2067 2174 2123 ab
2198 2066 2299 2123 hae
2326 2067 2628 2126 intentione
2653 2071 2826 2125 donec
2840 2070 3121 2140 deficiant,
3147 2073 3261 2126 sive
3287 2087 3316 2126 a
3344 2071 3498 2125 mali—

1897 2157 2000 2229 tia,
2030 2159 2144 2216 sive
2173 2179 2201 2214 ει
2247 2161 2670 2232 cogitationibus
2713 2164 2918 2234 pravis.
2972 2163 3221 2234 Affligam
3270 2163 3396 2218 illos
3445 2165 3495 2217 in

1899 2249 2085 2307 multis
2108 2252 2289 2319 malis,
2320 2253 2464 2309 sicut
2482 2253 2592 2324 jam
2616 2255 2816 2310 factum
2843 2265 3091 2325 tempore
3116 2254 3345 2325 legimus
3371 2253 3496 2308 Titi.

1901 2342 2013 2398 Nec
2039 2354 2278 2415 poterunt
2324 2355 2486 2413 stare,
2532 2349 2654 2418 quia
2702 2346 2910 2417 iniqui,
2951 2357 3008 2402 et
3056 2346 3278 2416 superbi
3329 2347 3497 2402 erecti

1898 2435 2133 2492 fuerant.
2171 2436 2366 2494 Cadent
2404 2439 2585 2494 subtus
2614 2437 2765 2511 pedes
2807 2452 2965 2508 meos,
2999 2442 3111 2495 sive
3160 2447 3218 2495 ut
3247 2435 3496 2506 adorent,

1899 2529 2014 2587 sive
2041 2539 2098 2587 ut
2126 2535 2539 2591 conculccntur.

1973 2621 2306 2682 Prtecinxisti
2337 2642 2418 2683 me
2449 2629 2641 2684 virtute
2667 2630 2736 2683 ad
2765 2629 2954 2685 bellant
2978 2673 2992 2698 ,
3025 2640 3212 2685 contra
3244 2640 3495 2702 mortem,

1899 2719 2016 2774 sive
2043 2717 2324 2776 ministros
2363 2721 2506 2791 ejus.
2554 2721 2885 2778 Prtecinxisti
2936 2740 3014 2778 me
3062 2724 3266 2789 virtute,
3297 2724 3348 2778 id
3392 2735 3493 2791 est,

1900 2811 2217 2869 fortitudine
2246 2824 2436 2870 contra
2463 2815 2760 2884 diabolum,
2788 2817 2868 2873 vel
2902 2829 3091 2872 eontra
3123 2821 3224 2874 ista
3245 2819 3498 2888 supradi-

1901 2916 1988 2960 cta
2018 2906 2165 2962 vitia.
2200 2905 2577 2978 Supplantasti
2613 2911 2939 2985 insurgentes
2981 2911 3031 2966 in
3072 2927 3152 2966 me
3177 2912 3359 2966 subtus
3399 2929 3498 2979 me,

1902 2999 2026 3054 illos
2057 3001 2146 3072 qui
2173 3011 2340 3071 super
2369 3015 2526 3074 caput
2561 3019 2738 3060 meum
2771 3005 3142 3076 erigebantur.

1977 3088 2044 3146 Et
2066 3092 2306 3150 inimicos
2332 3111 2468 3150 meos
2514 3097 2704 3151 dedisti
2747 3099 2878 3152 mihi
2918 3099 3151 3156 dorsum.
3196 3098 3500 3155 Noluerunt

217 3161 359 3231 pheta
390 3169 838 3235 pra-nuntiatum,
885 3185 992 3226 non
1021 3175 1173 3242 quasi
1221 3175 1496 3244 priorem,
1544 3178 1639 3233 sed
1670 3179 1800 3234 nihil
1829 3163 1876 3228 Ο
1906 3187 2050 3240 enim
2079 3195 2400 3243 convertere
2429 3189 2620 3245 faciem
2658 3204 2812 3246 suam
2843 3191 2908 3246 ad
2940 3207 3045 3248 me.
3083 3191 3147 3247 Et
3175 3193 3503 3248 inimicorum

214 3253 535 3314 inferiorem.
576 3259 644 3314 Et
665 3263 839 3332 posuit
878 3263 1269 3320 immaculatum
1296 3268 1433 3322 viam
1457 3286 1644 3324 nteam.
1692 3271 1803 3328 lloc

213 3358 307 3414 est,
340 3351 499 3408 [idem
536 3370 738 3419 meam,
770 3372 837 3412 ne
869 3357 939 3412 ab
968 3374 1029 3414 ea
1063 3360 1322 3418 violarer.

277 3443 374 3508 Qui
401 3446 619 3518 perfecit
663 3449 818 3518 pedes
845 3466 984 3505 meos
1025 3461 1287 3523 tamquam
1335 3469 1622 3511 cci-varum.
1651 3455 1808 3515 Sicut

213 3537 342 3590 cervi
368 3541 596 3594 calcant
635 3541 866 3609 pedibus
895 3545 1118 3614 spinas,
1153 3556 1208 3600 et
1240 3549 1562 3604 transiliunt
1590 3551 1757 3607 silvas
1790 3567 1804 3606 :

1907 3293 2137 3333 meorum
2187 3280 2382 3336 dedisti
2411 3283 2539 3337 mihi
2588 3284 2823 3340 dorsum.
2874 3284 3081 3342 Inimici
3130 3288 3236 3344 mei
3282 3287 3502 3343 dorsum

1907 3374 2059 3440 dant,
2082 3375 2301 3444 quando
2325 3379 2663 3450 confugiunt,
2693 3385 2748 3436 et
2771 3382 2986 3448 quando
3009 3391 3134 3452 post
3163 3398 3250 3438 me
3282 3383 3506 3438 vadunt.

1909 3465 1980 3522 Et
1999 3469 2224 3524 odientes
2257 3485 2335 3525 me
2361 3471 2739 3543 disperdidisti.
2775 3476 2978 3532 Omnes
3029 3475 3274 3532 inimicos
3314 3476 3503 3532 Eccle-

1911 3562 2047 3616 siae:
2081 3563 2168 3618 vel
2221 3564 2338 3634 ipsa
2396 3565 2523 3620 vitia
2590 3576 2646 3620 et
2698 3580 2916 3637 peccata
2969 3570 3289 3638 disperdidit
3343 3570 3507 3626 Deus.

212 3627 274 3684 ita
302 3633 474 3687 sancti
508 3632 727 3688 calcant
756 3635 964 3703 Spinas,
994 3636 1044 3691 id
1075 3647 1181 3704 eSt,
1211 3650 1462 3708 peccata;
1492 3643 1808 3700 transiliunt

215 3721 386 3787 silvas,
415 3723 469 3778 id
514 3735 626 3791 εει,
662 3725 1039 3783 infidelitatem
1084 3747 1095 3781 :
1150 3738 1207 3783 et
1246 3731 1486 3786 subeunt
1532 3749 1704 3802 usque
1741 3735 1809 3790 ad

213 3813 370 3870 Deum
393 3857 407 3882 ,
438 3816 546 3874 hoc
568 3827 674 3882 est,
705 3834 880 3888 usque
906 3819 974 3874 ad
998 3819 1339 3878 altitudinem
1371 3823 1676 3882 charitatis.
1710 3827 1812 3894 Qui

212 3906 412 3976 perfecit
466 3908 624 3978 pedes
667 3925 807 3963 meos
857 3918 1120 3980 tamquam
1167 3929 1467 3981 cervorum,
1512 3916 1579 3970 ad
1613 3918 1808 3972 transi-

210 3998 378 4055 lienda
409 4000 604 4056 saeculi
650 4001 814 4070 hujus
859 4003 1271 4074 impedimenta.
1314 4005 1385 4060 Et
1425 4024 1582 4079 super
1610 4007 1813 4064 excelsa

213 4096 385 4148 statuit
414 4112 520 4151 me.
577 4095 836 4165 Excelsa,
884 4107 1072 4156 sancta
1120 4100 1370 4157 Ecclesia
1402 4110 1532 4157 est:
1579 4113 1631 4158 et
1665 4103 1816 4159 Chri-

1911 3651 1981 3708 Et
2009 3656 2237 3712 odientes
2289 3673 2370 3713 me
2421 3659 2801 3731 disperdidisti.
2847 3662 3233 3734 Unusquisque
3273 3665 3420 3720 enim
3454 3664 3510 3720 in

1913 3749 2118 3804 malitia
2148 3762 2244 3806 sua
2272 3751 2553 3822 dispersus
2583 3765 2688 3810 est.

1985 3837 2371 3909 Clamaverunt,
2406 3859 2500 3899 nec
2529 3855 2642 3899 erat
2685 3849 2776 3917 qui
2827 3847 2995 3902 soleas
3044 3853 3237 3920 faceret
3281 3865 3366 3902 eos
3397 3865 3415 3903 :
3443 3849 3511 3903 ad

1914 3927 2220 4000 Dominum,
2277 3950 2371 3988 nec
2414 3938 2679 3992 exartdivit
2737 3954 2843 3994 eos.
2905 3940 3038 4008 Quia
3100 3940 3302 4012 indigni
3356 3953 3514 3998 erant
3606 3927 3617 3940 ’

1915 4021 2265 4080 cxauditione
2292 4026 2433 4095 ejus.
2481 4029 2824 4086 Clamabunt.
2877 4032 2976 4100 Qui
3022 4032 3512 4090 clamabunth-

1916 4116 1988 4186 pii
2016 4116 2314 4186 daemones,
2348 4129 2402 4176 et
2428 4123 2597 4178 Judtei
2628 4137 2683 4180 et
2726 4123 2961 4181 hmretici
2992 4126 3303 4182 clamabunt
3347 4127 3400 4184 in
3428 4128 3512 4184 fu-

216 4192 324 4239 stus
350 4199 524 4256 super
552 4187 792 4254 excelsa,
823 4198 877 4244 et
900 4189 1118 4246 excelsa
1149 4207 1314 4262 super
1337 4192 1554 4249 excelsa
1580 4210 1593 4247 :
1623 4193 1677 4249 id
1707 4204 1810 4261 est,

212 4293 370 4348 super
393 4280 639 4336 sublime
689 4280 971 4337 Ecclesiae.
1027 4283 1198 4357 Super
1241 4286 1444 4342 excelsa
1485 4288 1667 4342 statuit
1712 4304 1812 4359 me,

211 4384 358 4441 spem
389 4389 574 4429 meam
602 4374 653 4428 in
693 4375 1006 4434 cmlesdbus
1031 4379 1343 4434 collocavit.

284 4464 384 4531 Qui
412 4467 566 4520 docet
589 4482 774 4521 manus
800 4485 941 4523 meas
968 4470 1038 4523 ad
1071 4469 1330 4539 praelium.
1359 4471 1539 4542 Opera
1565 4489 1684 4530 mea
1712 4475 1813 4531 ad-

1921 4216 2046 4264 turo
2090 4207 2347 4280 judicio:
2400 4229 2492 4268 nec
2535 4216 2631 4270 erit
2676 4216 2762 4286 qui
2811 4218 2979 4271 salvos
3011 4219 3168 4289 faciat
3213 4235 3341 4274 eos:
3387 4221 3512 4292 quia

1919 4302 2137 4373 quando
2172 4305 2426 4362 clamavit
2469 4307 2612 4364 Deus
2657 4309 2721 4364 ad
2755 4310 2876 4366 illos
2923 4326 3017 4381 per
3064 4313 3381 4384 prophetas,
3432 4316 3517 4373 vel

1921 4411 2018 4468 per
2049 4397 2286 4470 reliquas
2313 4399 2645 4471 Scripturas,
2674 4405 2863 4460 audire
2891 4407 3181 4463 noluerunt
3205 4426 3219 4463 :
3267 4422 3510 4481 pr0pter-

1921 4501 1984 4543 ea
2016 4488 2095 4544 illi
2124 4491 2462 4560 clamabunt,
2499 4504 2553 4550 et
2592 4510 2697 4550 non
2734 4497 2841 4552 erit
2870 4496 2966 4568 qui
3018 4501 3271 4556 exaudiat
3300 4517 3426 4571 eos,
3463 4513 3522 4560 ut

214 4569 399 4613 versus
448 4558 732 4614 diabolum
795 4560 1220 4618 destructorem.
1286 4566 1386 4630 Qui
1439 4566 1588 4620 docet
1633 4584 1805 4624 manm

2436 4551 2462 4560 ..
2748 4551 2755 4552 κ
2888 4551 2901 4568 .
2954 4551 2961 4552 κ
3304 4551 3426 4571 ---,

1922 4580 2182 4639 Salomon
2212 4585 2326 4640 ait:
2361 4585 2583 4655 Vocavi,
2629 4600 2683 4645 et
2733 4591 3011 4658 renuistis,
3046 4595 3265 4650 extendi
3295 4614 3514 4654 humum

214 4666 350 4706 meas
381 4652 454 4705 ad
499 4652 764 4720 prndium,
793 4654 860 4708 ad
891 4654 1213 4712 debellanda
1246 4655 1502 4714 facinora.
1538 4658 1606 4714 Et
1647 4662 1818 4733 posuit

216 4754 267 4794 ut
291 4759 478 4797 arcum
507 4761 704 4798 cereum
733 4745 947 4799 brachia
980 4765 1113 4802 mea.
1137 4747 1330 4803 Arcum
1358 4766 1551 4806 aereum
1581 4768 1597 4806 :
1626 4752 1679 4807 id
1710 4764 1818 4822 est,

215 4835 472 4908 intentio,
523 4838 764 4910 brachia,
816 4840 1079 4897 fortitudo
1109 4860 1122 4896 :
1175 4843 1278 4900 hoc
1321 4855 1434 4912 est,
1466 4856 1524 4901 ut
1554 4860 1660 4901 non
1688 4846 1823 4904 deli-

216 4927 353 4984 ciaut
386 4931 536 4986 bene
563 4946 747 5002 agere.

282 5021 499 5078 Dedisti
524 5022 654 5076 mihi
679 5026 1054 5094 protectionem
1080 5025 1268 5082 salutis
1316 5037 1432 5084 tute.
1472 5029 1582 5086 Vox
1635 5030 1823 5089 Eccle-

217 5114 311 5169 siae
343 5115 415 5170 ad
445 5116 748 5171 Uhristum.
785 5118 984 5174 Salutis
1016 5137 1035 5174 :
1081 5122 1206 5191 quia
1253 5123 1365 5189 ipse
1410 5132 1494 5179 est
1539 5126 1691 5181 salus
1722 5143 1822 5183 no-

216 5218 353 5275 stra,
389 5219 456 5266 ut
484 5209 615 5265 dicit
650 5228 662 5263 :
707 5209 922 5267 Domini
952 5222 1039 5268 est
1064 5214 1232 5269 salus.
1267 5213 1472 5270 Dedisti
1500 5217 1624 5272 mihi
1647 5230 1824 5290 prote—

219 5305 444 5360 ctionent
477 5305 666 5360 salutis
690 5315 790 5360 tua:
807 5322 826 5360 :
858 5323 927 5362 ne
952 5307 1231 5377 Opprimar
1256 5323 1288 5363 a
1311 5310 1488 5366 malis.
1524 5311 1593 5366 Et
1618 5313 1827 5368 dextera

220 5407 306 5452 tua
328 5400 568 5469 suscepit
597 5417 696 5454 me.
732 5400 964 5456 Dextera
1001 5402 1178 5459 Patris
1213 5402 1466 5461 Christus
1491 5412 1596 5462 est.
1644 5407 1830 5464 Susce-

221 5494 296 5562 pit
325 5511 430 5558 me,
469 5493 765 5549 Ecclesiam
800 5512 897 5564 per
926 5497 1381 5554 incarnationem.
1421 5498 1715 5571 Disciplina
1744 5511 1832 5556 tua

221 5586 458 5639 correxit
492 5602 570 5638 me
611 5586 666 5640 in
698 5586 877 5654 ﬁnem.
925 5590 1100 5655 Quem
1129 5590 1275 5646 enirn
1320 5590 1497 5663 diligit
1547 5593 1829 5662 Dominus,

223 5676 480 5749 corripit.
535 5679 809 5748 Erigimur
876 5696 1006 5752 ergo
1055 5684 1145 5753 qui
1203 5684 1352 5754 prius
1407 5699 1830 5757 corrueramus,

224 5783 352 5826 cum
387 5768 521 5826 caesi
547 5786 578 5827 ι
612 5769 840 5830 Domino
875 5773 1155 5834 fuerimus.
1203 5775 1272 5835 Et
1319 5776 1561 5839 doctrina
1607 5791 1696 5840 tua
1721 5786 1834 5856 ipsa

1926 4689 2126 4741 meum,
2158 4683 2214 4731 et
2240 4691 2344 4731 non
2380 4677 2478 4733 fuit
2507 4683 2599 4751 qui
2638 4681 2906 4752 aspiceret
2947 4682 3130 4757 (Prov.
3163 4685 3227 4759 ι).
3265 4689 3520 4762 Despexi-

1924 4765 2023 4821 stis
2051 4781 2217 4822 omne
2263 4769 2548 4826 consilium
2596 4788 2772 4828 meum
2801 4817 2816 4842 ,
2849 4785 2902 4831 et
2934 4777 3331 4848 increpationes
3372 4799 3523 4839 meas

1926 4858 2263 4929 neglexistis.
2297 4862 2588 4935 Propterea
2619 4877 2667 4922 et
2715 4881 2817 4940 ego
2861 4869 2915 4925 in
2963 4871 3188 4929 interitu
3235 4885 3416 4932 vestro
3450 4878 3524 4933 ri-

1922 4948 2068 5005 debo
2099 4969 2111 5005 :
2143 4966 2267 5008 cum
2293 4955 2448 5011 vobis
2469 4958 2611 5028 quod
2641 4959 2910 5018 timebatis
2948 4964 3340 5035 supervenerit.
3378 4967 3520 5025 Sub-

1923 5045 2200 5116 sannabo,
2229 5063 2351 5103 cum
2384 5049 2607 5108 irruerit
2647 5067 2813 5126 super
2843 5071 2941 5113 vos
2975 5060 3258 5129 repentina
3296 5061 3522 5120 calami-

1929 5145 2030 5192 tas.
2065 5137 2216 5193 Tunc
2249 5141 2572 5201 invocabitis
2601 5161 2708 5212 me,
2743 5158 2798 5203 et
2839 5166 2946 5206 non
2974 5151 3284 5211 exaudiam.

1999 5228 2069 5282 Et
2097 5232 2442 5290 comminuam
2473 5237 2610 5302 illos,
2647 5249 2701 5295 ut
2731 5243 2990 5310 pulverem
3013 5255 3134 5301 ante
3161 5249 3342 5319 facient
3371 5244 3525 5308 renti.

1931 5320 2288 5380 Comminuam
2326 5328 2468 5400 illos,
2517 5331 2567 5386 id
2601 5343 2706 5402 est,
2757 5335 2879 5391 illos
2908 5339 3255 5409 supradictos
3295 5343 3523 5402 allectus

1937 5417 2186 5473 carnales
2211 5434 2308 5488 pro
2331 5422 2500 5478 nihilo
2522 5423 2805 5482 deducam.
2828 5427 2897 5482 Et
2922 5431 3266 5488 canuninuam
3297 5435 3439 5506 illos,
3476 5448 3531 5492 ut

1939 5511 2197 5580 puluerem
2227 5524 2348 5570 ante
2377 5517 2559 5588 faciem
2599 5524 2730 5576 venti
2760 5539 2778 5577 :
2808 5526 2930 5595 quia
2961 5525 3096 5581 aridi
3123 5537 3177 5584 et
3207 5529 3326 5585 sine
3358 5531 3534 5589 imbre

1939 5604 2329 5664 misericordia:
2377 5609 2599 5669 fuerunt
2648 5616 2906 5687 projeCIi,
2961 5629 3014 5676 et
3051 5624 3368 5679 comminuti
3408 5637 3538 5680 sunt
3620 5626 3628 5634 ’

1938 5695 1992 5752 in
2022 5701 2274 5770 superbia
2303 5719 2426 5771 sua,
2461 5715 2516 5761 et
2563 5709 2716 5777 quasi
2764 5713 2937 5782 pulvis
2966 5715 3140 5788 campi
3171 5717 3428 5787 dispersi.
3467 5719 3537 5773 Ut

1941 5788 2112 5845 lutum
2155 5792 2444 5864 platearum
2472 5798 2648 5858 delebo
2677 5817 2784 5875 eos,
2817 5803 2870 5860 in
2902 5806 3122 5866 modum
3167 5808 3369 5867 turbidi
3417 5810 3538 5869 luti.
