3944 6334
371 301 376 308 ·
443 283 540 342 871

1237 275 1589 337 ΔΡΡΕΝΒΙΧ
1630 279 1722 335 AD
1761 274 2004 336 TOMUM
2050 275 2406 336 SEPTIMUM
2444 279 2503 337 S.
2548 271 2950 337 IliERONYMl.

3642 278 3739 334 87?.

506 395 671 466 Eripe
700 410 778 448 mc
803 393 868 448 de
898 392 1398 448 contradictionibus
1427 392 1630 464 pepuli,
1657 391 1933 447 constitues
1965 406 2044 447 me
2071 391 2121 452 Α
2152 391 2616 462 persecutoribus.
2668 391 2712 444 Α
2758 392 2867 445 viro
2902 389 3078 461 iniquo
3115 389 3300 462 eripies
3328 405 3430 456 me,
3465 387 3520 445 id
3550 397 3635 445 est
3658 433 3672 456 ,
3709 405 3736 444 a

439 489 494 543 in
523 498 675 559 caput
707 488 960 559 gentium.
997 486 1111 541 Vox
1159 485 1364 542 Christi
1408 486 1476 541 ad
1522 486 1737 542 Patrem
1771 503 1786 539 :
1829 485 2041 555 Eripies

437 597 526 640 me
570 581 640 638 de
688 579 1218 637 contradictionibus
1278 578 1470 649 p0puli
1516 578 1728 634 Iudaici
1755 623 1768 647 ,
1813 578 2038 649 utique:

438 677 562 747 quia
587 690 709 731 cum
741 673 906 744 aliqui
950 672 1232 739 dicerent,
1267 671 1450 728 Verax
1490 681 1574 727 est
1605 689 1618 726 :
1649 671 1724 726 illi
1767 670 2043 726 contrario

439 767 732 834 dicebant,
768 765 883 822 Non
913 780 929 831 ;
962 765 1056 820 sed
1085 763 1299 821 seducit
1325 764 1560 820 turbam.
1596 764 1739 820 Erue
1767 778 1854 819 me
1882 762 1950 819 de
1980 761 2046 816 il-

437 859 508 915 lis
557 857 774 930 populis
819 855 1135 912 inﬁdclibus
1180 855 1272 927 qui
1325 855 1456 910 mihi
1516 854 1918 911 contradicunt.
1960 852 2039 908 ’I‘u

437 966 570 1007 erue
599 966 629 1005 a
659 948 863 1006 Judtcis
890 947 1234 1016 inﬁdelibus,
1282 957 1338 1004 et
1365 963 1555 1004 eorum
1602 955 1785 1018 caput,
1836 945 1888 1000 id
1933 954 2038 1011 est,

438 1045 684 1116 gentium
713 1043 1005 1100 constitue.

513 1134 754 1206 Popu’lus
784 1151 936 1207 quem
981 1150 1086 1189 non
1132 1133 1348 1206 cognovi
1396 1133 1600 1188 seruiuit
1649 1130 1796 1186 mihi.
1829 1130 1887 1186 Id
1931 1139 2038 1197 est,

437 1237 629 1300 gentes
659 1243 781 1298 quae
812 1241 900 1282 me
928 1241 1038 1282 non
1067 1235 1440 1297 cognoverunt
1487 1240 1663 1293 neque
1704 1238 1801 1294 per
1848 1222 2036 1291 ﬁdem,

437 1335 614 1392 neque
645 1334 743 1390 per
771 1319 972 1390 legem,
1004 1318 1250 1374 servient
1287 1317 1440 1374 mihi.
1474 1317 1712 1388 Populus
1738 1332 1897 1388 quem
1933 1332 2039 1371 non

437 1411 669 1483 cognovi
719 1411 926 1468 serviet
971 1410 1124 1466 mihi.
1166 1410 1484 1481 lgnorabam
1522 1410 1665 1466 enim
1713 1425 1874 1474 eum,
1915 1424 2039 1465 cum

440 1505 602 1563 idolis
632 1506 862 1562 serviret
892 1523 904 1560 :
938 1520 1085 1562 nunc
1111 1505 1368 1570 credens,
1397 1504 1645 1576 cognitus
1691 1519 1756 1560 ac
1798 1504 2043 1560 serviens

435 1598 616 1655 Iactus
643 1611 730 1656 est
757 1597 912 1654 Inibi.
956 1596 1021 1652 In
1048 1596 1234 1652 auditu
1260 1597 1406 1652 auris
1433 1596 1654 1652 obedirit
1686 1594 1834 1650 mihi.
1862 1595 2041 1651 Ohau-

435 1692 657 1750 dierunt
687 1692 822 1748 mihi
845 1689 1102 1759 auribus,
1129 1690 1255 1761 quia
1284 1705 1393 1746 non
1437 1689 1695 1745 viderunt
1741 1687 2038 1752 mirabilia,

2145 482 2362 539 diabolo
2398 526 2412 550 ,
2445 491 2504 538 ut
2529 483 2736 539 dictum
2767 492 2852 538 est
2875 481 3133 538 inimicus
3165 482 3327 536 homo
3362 481 3467 537 hoc
3490 480 3638 537 fecit.

2222 576 2510 650 Propterea
2561 577 2844 647 conﬁtebor
2870 575 2960 629 tibi
2999 576 3054 630 in
3093 575 3336 649 populis,
3366 573 3614 629 Domine.
3649 573 3742 630 Ec-

2145 667 2308 724 clesia
2355 669 2522 724 dicit:
2555 668 2814 726 Laudabo
2865 678 2918 726 te
2960 669 3013 724 in
3063 668 3438 724 credentibus.
3469 667 3740 722 Psalmum

2145 761 2324 817 dicam
2353 761 2450 816 tibi
2476 762 2618 817 inter
2660 771 2853 832 gentes
2883 779 2896 814 2
2925 760 2979 817 id
3005 770 3109 827 est,
3157 758 3410 828 laudabo,
3451 768 3506 814 ct
3549 773 3740 828 opera-

2144 854 2286 908 bor:
2324 853 2609 925 Propterea
2653 854 2936 924 conﬁtebor
2977 853 3070 907 tibi
3119 853 3174 906 in
3225 853 3454 924 populis,
3502 850 3741 907 Domine.

2145 943 2419 999 Psalmum
2449 945 2619 999 dicam
2647 945 2844 999 nomini
2888 953 2994 998 tuo.
3029 943 3166 1012 Quia
3208 957 3310 1014 ego
3349 943 3400 998 in
3447 941 3537 997 his
3583 956 3741 1007 sum;

2145 1051 2245 1108 ego
2289 1037 2595 1094 conlitebor
2635 1036 2769 1104 tibi,
2821 1036 2980 1092 Pater
3015 1053 3029 1088 τ
3079 1044 3135 1093 et
3177 1035 3435 1106 psallam,
3479 1049 3586 1090 vox
3628 1049 3744 1104 pro-

2145 1128 2342 1200 phette.

2217 1221 2567 1297 Magniﬁcam
2596 1223 2818 1278 salutem
2848 1223 2984 1294 regis
3031 1223 3217 1290 ipsius,
3264 1219 3478 1277 Christi
3509 1219 3742 1289 Domini,

2144 1317 2288 1389 quod
2331 1317 2652 1374 resurrexit.
2683 1319 2780 1374 Vel
2805 1319 3006 1374 aliter:
3038 1318 3307 1389 propheta
3337 1317 3405 1373 ad
3442 1318 3618 1374 Deum
3658 1318 3742 1373 Pa—

2146 1419 2282 1467 trem
2317 1410 2557 1482 loquitur
2587 1427 2602 1468 :
2641 1410 2764 1481 quia
2794 1411 3080 1468 sanitatem
3105 1410 3262 1479 facit,
3295 1420 3351 1468 et
3381 1411 3623 1468 salutem
3655 1426 3742 1482 per

2143 1504 2410 1574 singulos,
2429 1504 2553 1575 quia
2584 1505 2795 1560 animas
2815 1504 3044 1560 attrahit
3069 1521 3165 1575 per
3185 1504 3660 1576 praedicationem,
3691 1512 3741 1558 ut

2143 1599 2216 1656 sit
2241 1599 2388 1654 salus
2424 1598 2798 1668 credentium,
2830 1599 2923 1670 qui
2963 1599 3194 1656 credunt
3239 1601 3293 1655 in
3337 1599 3574 1655 salutem
3607 1598 3742 1669 regis

2145 1692 2331 1763 ipsius.
2381 1690 2450 1746 Et
2489 1692 2684 1763 faciens
2724 1693 3133 1748 misericordiam
3171 1691 3375 1748 Christo
3416 1707 3513 1746 suo
3545 1690 3741 1746 David:

436 1803 622 1860 neque
652 1801 833 1842 meam
863 1783 1210 1855 praesentiam
1241 1783 1604 1854 corporalem.
1635 1782 1830 1837 Postea
1858 1779 2034 1836 audie-
2073 1779 2123 1842 B
2151 1785 2261 1841 lloc
2301 1794 2404 1853 est,
2436 1785 2716 1856 unigenito
2744 1801 2867 1842 suo.
2894 1787 3063 1841 David
3109 1803 3269 1840 manu
3299 1786 3450 1857 fortis
3480 1785 3742 1855 interpre-

442 1889 604 1950 runt,
648 1889 704 1935 et
732 1877 1107 1936 crediderunt.
1159 1876 1542 1933 lmbuentibus
1586 1874 2044 1946 praedicatoribus

445 1972 658 2044 accepit
686 1971 937 2028 Ecclesia
963 1985 1152 2027 aurem
1178 1970 1519 2041 spiritualem
1552 1985 1568 2027 :
1599 1984 1703 2040 qua
1737 1967 2045 2038 intelligens

442 2065 720 2124 custodiat
746 2074 1018 2136 prtecepta
1043 2063 1248 2118 divina.

517 2160 649 2216 Filii
673 2159 854 2215 alieni.
883 2158 1000 2214 lloc
1030 2158 1174 2214 idem
1201 2168 1256 2214 et
1277 2157 1444 2212 Isaias
1479 2154 1869 2227 loquitur:,V:e
1896 2153 2046 2224 genti

443 2251 764 2326 peccatrici,
788 2250 914 2306 ﬁliis
935 2251 1150 2319 alienis,
1177 2251 1377 2320 populo
1404 2249 1567 2319 pleno
1590 2247 1825 2319 peccatis
1847 2245 1952 2320 (Is.
1976 2246 2039 2318 ι).

439 2347 680 2418 Autiquo
706 2345 996 2411 vocabulo,
1024 2343 1198 2400 Judaei
1231 2342 1330 2398 ﬁlii
1354 2343 1451 2399 Dei
1474 2341 1734 2413 appellati
1760 2349 1916 2397 sunt:
1944 2339 2044 2395 sed

445 2437 689 2506 alienati,
712 2437 839 2509 quia
864 2437 962 2492 ﬁlii
982 2436 1191 2492 diaboli
1212 2435 1386 2492 eﬂ‘ecti
1411 2444 1560 2491 sunt.
1589 2433 1658 2488 Et
1681 2433 1821 2488 idem
1847 2431 2040 2499 Judaei,

439 2546 672 2603 quorum
704 2537 858 2600 pater
887 2527 1140 2584 diabolus
1175 2535 1260 2583 est
1289 2545 1300 2580 :
1339 2525 1547 2580 Mentiti
1589 2534 1708 2578 sunt
1738 2519 2045 2594 mihi,'quia

444 2623 498 2680 in
530 2623 763 2679 veritate
789 2635 898 2677 non
929 2629 1202 2676 steterunt
1222 2619 1363 2676 sicut
1389 2627 1444 2674 et
1475 2628 1628 2689 pater
1666 2631 1879 2673 eorum.
1916 2614 2046 2669 Filii

438 2715 596 2770 alieni
625 2715 1034 2769 inveteraverunt
1066 2727 1086 2767 :
1142 2711 1248 2767 hoc
1294 2719 1398 2779 est,
1453 2709 1580 2782 quia
1631 2710 1756 2766 novi
1808 2707 2046 2764 hominis

447 2824 559 2867 non
589 2816 918 2880 receperunt
965 2806 1292 2875 adventum,
1329 2807 1383 2860 in
1434 2803 1608 2861 veteri
1657 2803 1891 2860 homine.
1924 2819 2049 2872 per-

446 2911 790 2962 manserunt.
825 2901 895 2956 Et
921 2901 1346 2956 claudicaverunt
1371 2918 1402 2954 a
1447 2902 1640 2958 semitis
1670 2900 1797 2954 suis.
1826 2897 2046 2954 Claudi-

445 3009 570 3056 cant
601 3015 612 3050 :
646 2995 772 3068 quia
804 3003 1012 3066 patrem
1041 2995 1304 3064 credunt,
1348 3003 1409 3052 et
1450 2995 1619 3050 ﬁlium
1654 3010 1761 3050 non
1791 2993 2043 3050 credunt.

447 3089 628 3148 Unum
666 3087 859 3159 pedem
905 3087 1108 3165 habent
1131 3129 1146 3155 ,
1174 3098 1253 3165 et
1287 3088 1454 3144 alium
1499 3102 1607 3143 non
1639 3086 1840 3143 habent
1865 3103 1886 3165 :
1917 3085 2045 3142 inde

457 3187 771 3244 claudicant
802 3187 856 3241 in
875 3160 1027 3256 legis-
1042 3163 1239 3239 littera.
1271 3181 1390 3238 Vox
1419 3182 1684 3238 ecclesiae.

525 3280 661 3334 Vivit
679 3276 1138 3343 Dominus.Quem
1167 3276 1221 3330 in
1251 3274 1504 3345 sepulcro
1519 3273 1621 3328 sub
1647 3272 2044 3343 signaculorum

445 3374 722 3449 positione
747 3373 1076 3428 clauserant.
1103 3367 1171 3423 Et
1193 3368 1488 3424 benedictus
1512 3366 1652 3422 Deus
1680 3382 1818 3421 meus
1836 3407 1850 3432 ,
1873 3382 1903 3420 a
1932 3366 2046 3422 Deo

448 3469 626 3526 Patre.
693 3465 825 3521 Vivit
875 3462 1161 3530 Dominus,
1198 3471 1245 3516 et
1281 3461 1569 3517 benedictus
1609 3459 1866 3515 Dominus
1903 3457 2046 3513 Deus

448 3577 612 3616 meus.
644 3556 917 3629 Numquid
956 3564 1116 3612 antea
1147 3569 1255 3612 non
1287 3554 1531 3610 vivebat?
1563 3553 1670 3610 Sed
1708 3553 1810 3608 hoc
1841 3568 1933 3622 pro
1965 3551 2047 3607 in-

446 3650 762 3708 carnatione
814 3649 946 3706 dicit
995 3666 1009 3703 :
1059 3648 1203 3704 sicut
1238 3655 1456 3703 sanctus
1491 3645 1690 3701 Paulus
1721 3644 1898 3701 dicit:
1941 3645 2046 3713 Qui

445 3754 692 3802 mortuus
743 3753 827 3800 est
860 3742 930 3799 ad
973 3751 1188 3813 tempus
1224 3757 1293 3798 ex
1332 3740 1647 3796 inﬁrmitate
1685 3738 1902 3806 carnis,
1949 3737 2046 3793 sed

447 3839 579 3895 vivit
612 3853 681 3894 ex
737 3837 941 3894 virtute
980 3835 1098 3893 Dei.
1140 3835 1259 3891 Iam
1292 3835 1435 3891 enim
1467 3849 1574 3889 non
1609 3832 1866 3898 moritur,
1899 3846 2047 3886 mors

449 3932 528 3988 illi
567 3931 709 3987 ultra
766 3945 871 3986 non
921 3927 1290 3986 dominabitur
1318 3927 1512 3999 (Rom.
1545 3927 1646 3993 vi).
1681 3925 1749 3980 Et
1794 3925 2048 3980 exallelur

446 4022 590 4083 Deus
617 4025 801 4082 salutis
829 4039 975 4078 meat.
1013 4021 1131 4079 Vox
1171 4021 1424 4078 Ecclesia:
1455 4019 1524 4076 ad
1563 4020 1832 4075 Christum
1867 4036 1880 4073 :
1911 4019 2046 4088 Quia

447 4117 696 4175 Christus
745 4115 1015 4173 exaltatus
1059 4125 1146 4172 est
1189 4116 1244 4171 in
1284 4115 1640 4172 Ascensione.
1691 4113 1788 4168 Vel
1827 4113 1988 4168 aliter
2030 4131 2044 4168 :

446 4210 722 4266 Exaltetur
761 4207 900 4265 Deus
929 4209 1117 4266 salutis
1151 4224 1278 4264 mea:
1314 4225 1331 4262 :
1363 4208 1418 4264 In
1448 4222 1535 4264 me
1561 4221 1776 4278 semper
1801 4207 2046 4262 excelsus

443 4302 521 4359 sit
553 4318 568 4358 :
606 4302 764 4371 cujus
790 4301 1008 4358 vocatio
1043 4300 1192 4357 salus
1223 4315 1344 4357 mea
1377 4311 1463 4358 est
1508 4319 1522 4354 :
1556 4315 1624 4356 ne
1651 4299 1946 4371 quidquam
1979 4299 2046 4356 de

447 4410 515 4451 eo
543 4393 656 4451 vile
684 4393 938 4450 sentiam.

518 4483 689 4550 Deus,
736 4485 824 4555 qui
866 4485 961 4539 das
997 4485 1284 4540 uindictam
1327 4484 1454 4540 mihi
1481 4526 1496 4551 ,
1537 4485 1903 4542 subvertendo
1951 4485 2048 4543 Ju-

449 4577 600 4635 dmos
647 4595 663 4633 :

447 4665 620 4736 Deus,
642 4669 730 4738 qui
753 4669 848 4723 das
884 4665 1334 4725 uindictam'mihi.
1363 4669 1481 4725 Vox
1511 4670 1770 4727 Ecclesia:
1794 4671 1861 4727 ad
1891 4671 2050 4727 Chri-

448 4772 616 4820 stum.
649 4761 808 4819 Dedit
837 4762 979 4819 Deus
1005 4773 1330 4834 potestatem
1360 4763 1836 4837 Ecclesiteligandi
1861 4777 1916 4822 et
1941 4768 2051 4824 sol-

450 4855 644 4928 vendi,
679 4865 734 4913 et
755 4855 1098 4927 disciplinam
1127 4855 1394 4925 laciendi;
1426 4868 1484 4914 ut
1510 4859 1697 4916 habuit
1727 4869 2046 4931 potestatem

447 4947 640 5006 Petrus
661 4957 718 5004 et
747 4947 975 5015 Paulus,
1002 4962 1100 5018 per
1127 4948 1387 5019 Spiritum
1420 4951 1634 5007 Domini
1664 4969 1676 5005 :
1703 4951 1847 5009 sicut
1869 4952 2007 5008 dixit
2031 4970 2045 5008 :

447 5043 594 5100 Ecce
619 5041 746 5099 dedi
777 5040 935 5098 vobis
956 5049 1287 5113 potestatem
1315 5043 1529 5101 calcare
1559 5062 1721 5118 super
1741 5055 2041 5118 serpentes,

447 5146 502 5194 et
554 5137 909 5208 scorpiones,
963 5147 1019 5193 et
1065 5152 1232 5207 super
1275 5153 1490 5194 omnem
1529 5140 1787 5198 virtutem
1839 5141 2046 5198 inimici

450 5229 607 5303 (Luc.
633 5228 710 5302 x).
746 5228 815 5285 Et
842 5231 1121 5287 subdidisti
1142 5231 1364 5304 populos
1395 5232 1488 5287 sub
1518 5250 1629 5303 me,
1657 5235 1756 5291 sub
1780 5243 2046 5305 potestate

447 5322 748 5394 Ecclesiae,
775 5324 844 5380 ad
871 5325 1168 5397 regendum
1197 5335 1388 5396 gentes
1416 5326 1750 5384 incredulas.
1779 5328 2048 5385 Liberator

448 5432 590 5472 meus
635 5415 896 5473 Dominus
932 5416 998 5473 de
1051 5418 1288 5490 gentibus
1330 5419 1598 5475 iracundis
1648 5437 1665 5476 :
1707 5421 1952 5478 Christus
1992 5421 2046 5477 in

449 5510 703 5581 passione
725 5525 757 5566 a
787 5510 992 5566 Judacis
1018 5512 1380 5568 clamantibus
1413 5530 1427 5568 :
1465 5512 1763 5584 Crucilige,
1792 5515 2047 5586 cruciﬁge

446 5619 573 5661 eum
597 5645 614 5674 ,
643 5613 698 5660 et
725 5603 968 5660 Ecclesia
985 5604 1340 5663 abhtereticis
1356 5646 1373 5674 ,
1399 5615 1454 5662 et
1474 5606 1659 5662 anima
1680 5605 1749 5662 ab
1778 5607 2046 5664 universis

448 5696 621 5767 vitiis,
649 5712 770 5769 qum
804 5696 1097 5768 appellavit
1123 5708 1335 5770 gentes.

522 5787 591 5844 Et
644 5789 708 5843 ab
756 5787 1136 5859 insurgentibus
1161 5790 1216 5842 in
1249 5806 1327 5845 me
1355 5791 1734 5862 exaltabisme,
1771 5792 1824 5850 id
1862 5803 1940 5852 est
1967 5837 1982 5865 ,
2013 5812 2043 5854 a

715 4577 804 4634 vel
851 4578 1026 4648 ipsum
1063 4578 1376 4634 traditorem
1413 4577 1632 4633 Judam.
1684 4577 1780 4634 Vel
1817 4578 1975 4634 aliter
2028 4563 2124 4633 :D

2150 1889 2330 1948 tatur,
2369 1879 2513 1950 quod
2561 1888 2644 1936 est
2667 1879 2941 1936 Christus.
2991 1878 3060 1933 Et
3103 1880 3286 1934 semini
3330 1882 3444 1952 ejus
3491 1895 3659 1951 usque
3696 1881 3741 1934 in

2152 1971 2330 2041 ﬁnem.
2357 1971 2556 2029 Semen
2588 1971 2728 2042 ejus,
2753 1971 2858 2028 hoc
2880 1979 3008 2028 sunt
3030 1971 3204 2027 sancti
3234 1971 3372 2042 ejus.
3403 1970 3557 2026 Facit
3585 1969 3741 2027 miseo

2148 2066 2440 2124 ricordiam
2490 2068 2751 2123 Dominus
2780 2083 2996 2138 semper
3041 2083 3164 2124 cum
3214 2069 3422 2124 sanctis
3465 2068 3584 2124 suis
3631 2069 3741 2126 sine

2151 2160 2278 2216 ﬁne.
2310 2159 2377 2214 Et
2422 2160 2615 2230 faciens
2660 2162 3069 2216 ntisericordiam
3099 2162 3302 2218 Clu-isto
3330 2179 3448 2230 suo,
3483 2161 3661 2216 David
3693 2172 3738 2218 et

2148 2253 2330 2307 semini
2366 2253 2478 2323 ejus
2519 2269 2680 2324 usque
2717 2253 2773 2307 in
2809 2254 3084 2320 swculum,
3131 2254 3234 2324 ipsi
3279 2252 3573 2309 mediatori
3620 2253 3740 2310 Iesu

2149 2344 2402 2412 Domino,
2444 2354 2500 2401 et
2547 2344 2754 2416 populo
2799 2346 3194 2413 ecclesiastico,
3234 2347 3333 2416 qui
3379 2362 3473 2416 per
3522 2347 3740 2402 verbum

2147 2437 2267 2507 ejus
2308 2435 2563 2493 credidit.
2605 2437 2725 2507 Ipse
2758 2435 3088 2494 fortissimus
3121 2437 3384 2493 liberator
3422 2453 3523 2493 nos
3551 2437 3622 2493 ab
3652 2441 3743 2494 hoc

2149 2529 2353 2584 mundo
2373 2529 2627 2598 dignetur
2653 2543 2868 2593 eruere,
2896 2538 2952 2585 et
2977 2528 3032 2584 in
3058 2527 3162 2584 lide
3188 2529 3433 2586 stabilire
3453 2545 3554 2600 per
3574 2530 3745 2584 Evan-

2149 2623 2370 2692 gelium,
2403 2621 2527 2692 quia
2562 2620 2666 2692 ipsi
2709 2621 2918 2694 gloria,
2958 2629 3014 2676 et
3054 2621 3346 2693 imperium
3387 2637 3512 2678 cum
3545 2631 3744 2678 aeterno

2149 2714 2332 2783 Patre,
2349 2723 2404 2770 et
2424 2713 2628 2785 Spiritu
2650 2723 2859 2780 sancto,
2883 2713 2936 2768 in
2957 2721 3152 2770 cuncta
3177 2712 3377 2770 saecula
3398 2714 3744 2770 saeculorum.

2151 2811 2348 2866 Amen.

2674 2878 2994 2937 PSALMUS
3035 2880 3224 2936 XVIII.

2150 2973 2217 3027 In
2261 2974 2438 3044 linem,
2487 2971 2718 3044 psalmus
2762 2973 2950 3028 David.
2993 2973 3468 3044 l’salmusivoeem
3502 2973 3745 3029 continet

2222 3043 2612 3117 propliettede
2650 3043 2868 3117 Christo
2916 3045 3204 3116 loquentis.
3250 3043 3356 3099 Iste
3398 3044 3644 3115 psalmus
3697 3046 3742 3117 in

2223 3115 2452 3187 persona
2486 3115 2692 3187 Christi
2735 3115 3002 3172 cantatur
3036 3131 3131 3187 per
3184 3117 3541 3187 prophetam,
3597 3124 3652 3170 et
3695 3115 3745 3171 in

2221 3186 2453 3258 persona
2483 3186 2763 3242 Ecclesiae.

2219 3280 2349 3338 Carli
2376 3290 2619 3336 enarrant
2661 3281 2881 3354 gloriam
2911 3280 3032 3351 Dei,
3061 3291 3169 3338 etc.
3216 3282 3302 3338 Ex
3325 3283 3596 3340 creaturis
3622 3298 3747 3339 cou-

2149 3383 2440 3446 sequenler
2466 3373 2703 3429 Creator
2731 3373 3065 3444 agnoscitur.
3097 3373 3270 3430 Aliter
3298 3392 3311 3428 :
3347 3375 3479 3430 Caeli
3508 3384 3749 3430 enarrant

2147 3468 2372 3541 gloriam
2398 3467 2537 3524 Dei:
2565 3468 2731 3526 Terra
2765 3483 2871 3524 non
2899 3477 3080 3539 potest
3109 3485 3395 3525 enarrare.
3437 3468 3747 3526 Secundum

2151 3559 2435 3616 historiam
2466 3562 2664 3618 caelum
2697 3571 2751 3618 et
2774 3570 2920 3618 terra
2945 3577 3069 3618 cum
3092 3563 3310 3619 caeteris
3343 3564 3612 3618 creaturis
3640 3563 3747 3618 suis

2147 3652 2376 3722 gloriam
2419 3655 2512 3710 Dei
2554 3664 2805 3722 narrant,
2839 3663 2898 3710 ut
2941 3657 3020 3710 ait
3066 3655 3264 3710 Paulus
3307 3672 3321 3711 :
3366 3655 3472 3710 Per
3519 3671 3586 3711 ea
3635 3670 3748 3726 qua:

2148 3745 2292 3800 tacta
2308 3757 2456 3812 sunt,
2490 3746 2759 3803 intellecta
2789 3748 3200 3818 conspiciuntur
3221 3747 3403 3818 (Rom.
3432 3747 3502 3818 t):
3554 3747 3609 3803 id
3646 3757 3746 3812 εει,

2149 3839 2216 3901 ab
2262 3839 2694 3910 intelligentibus
2739 3841 3016 3898 intellecta
3059 3838 3494 3911 conspiciuntur.
3538 3839 3747 3898 leum

2151 3934 2274 3999 hoc,
2305 3943 2389 3989 est
2437 3935 2868 3990 ﬁrmamentum.
2894 3933 3052 3991 Unde
3076 3934 3218 3990 dixit
3244 3951 3259 3990 :
3295 3934 3365 3989 Et
3397 3934 3584 4004 posuit
3614 3933 3750 3988 Deus

2149 4029 2550 4085 ﬁrmamentum
2581 4029 2722 4084 inter
2753 4027 2990 4085 medium
3018 4043 3304 4100 aquarum,
3329 4027 3382 4083 id
3413 4037 3520 4095 est,
3551 4027 3748 4084 cmlum

2149 4121 2360 4192 (Cenes.
2395 4123 2460 4194 ι).
2481 4121 2656 4179 Aliter
2686 4123 2993 4179 secundum
3025 4137 3245 4179 sensum
3273 4120 3449 4179 :Cdali
3480 4122 3744 4193 apostoli,

2148 4225 2202 4270 et
2230 4215 2373 4286 quod
2401 4223 2487 4272 est
2509 4216 2706 4287 gloria,
2737 4216 2839 4273 hoc
2871 4226 2976 4282 est,
3009 4232 3150 4288 Opus
3185 4235 3198 4271 :
3233 4225 3290 4272 et
3315 4215 3461 4288 quod
3503 4226 3593 4271 est
3620 4231 3748 4271 nar-

2149 4319 2293 4377 rant,
2344 4309 2452 4366 hoc
2479 4319 2563 4366 est
2605 4312 2934 4366 annuntiant
2970 4323 2984 4364 :
3017 4313 3141 4382 quia
3172 4309 3475 4381 praedicant
3516 4307 3750 4380 gloriam

2150 4401 2266 4457 Dei.
2302 4402 2371 4456 Et
2397 4410 2456 4458 ut
2486 4403 2730 4459 sciamus
2756 4403 2879 4474 quia
2911 4403 3015 4458 hoc
3060 4411 3144 4458 est
3175 4403 3585 4458 lirmamentum
3613 4398 3749 4471 quod

2151 4503 2206 4550 et
2230 4495 2427 4551 coelum
2457 4495 2588 4550 dicit
2617 4496 2670 4550 in
2701 4495 2899 4552 Genesi
2928 4513 2938 4548 :
2975 4495 3044 4550 Et
3066 4494 3366 4565 appellavit
3395 4493 3544 4550 Deus
3569 4493 3751 4547 ﬁrma-

2151 4600 2392 4648 mentum
2424 4592 2644 4648 coelum.
2696 4593 3044 4646 Annuntiant.
3080 4590 3236 4647 Unde
3283 4601 3342 4648 et
3371 4590 3646 4647 Dominus
3684 4586 3750 4642 ad

2151 4684 2448 4757 discipulos
2473 4703 2485 4740 :
2527 4685 2722 4742 Omnia
2751 4701 3109 4759 quaecumque
3138 4687 3323 4744 audivi
3350 4703 3378 4742 a
3406 4687 3573 4744 Patre
3602 4701 3746 4754 meo,

2151 4777 2470 4834 annuntiavi
2501 4779 2657 4834 vobis
2689 4777 2873 4851 (Joan.
2906 4778 3028 4851 xv).

2226 4868 2349 4924 Dies
2370 4869 2475 4924 diei
2498 4879 2700 4925 eructat
2727 4871 2960 4941 verbum,
2987 4882 3034 4927 et
3056 4888 3158 4927 nox
3185 4872 3323 4927 nocti
3351 4872 3554 4927 indth
3585 4873 3753 4927 scieno

2154 4962 2298 5015 tiam.
2320 4961 2479 5017 Paria
2504 4963 2722 5033 paribus
2740 4965 2946 5032 retulit,
2963 4963 3109 5036 quod
3134 4980 3199 5020 ex
3217 4964 3414 5020 ordine
3437 4973 3750 5035 temporum

2152 5054 2219 5109 ad
2251 5055 2342 5110 Dei
2361 5056 2534 5127 magis
2559 5057 2802 5112 notitiam
2837 5059 3242 5128 perveniamus.
3270 5057 3394 5113 Dies
3415 5058 3521 5112 diei
3551 5068 3754 5112 eructat

2151 5148 2374 5218 uerbum,
2406 5158 2453 5204 et
2484 5165 2588 5205 ηοω
2607 5151 2744 5205 nocti
2771 5151 2968 5205 indicat
2997 5151 3283 5206 scientiam.
3305 5150 3433 5206 Dies
3456 5150 3755 5206 hesternus

2150 5240 2293 5296 diem
2351 5241 2674 5297 hodiernum
2722 5241 3104 5310 annuntiavit,
3167 5252 3220 5297 et
3270 5240 3575 5298 hodiernus
3637 5239 3755 5297 dies

2149 5335 2448 5390 crastinum
2475 5335 2641 5392 diem.
2674 5334 2985 5391 Secundum
3011 5349 3268 5392 sensum:
3297 5335 3436 5404 dies,
3461 5332 3750 5389 Christus.

2155 5429 2223 5484 Et
2253 5429 2432 5497 aliter,
2465 5427 2603 5500 dies,
2623 5429 2882 5500 apostoli.
2903 5429 3189 5498 Quomodo
3212 5428 3461 5486 Christus
3488 5428 3615 5485 dies
3647 5437 3749 5494 est,

2153 5521 2294 5577 sicut
2322 5520 2492 5578 dicit:
2523 5521 2633 5593 Ego
2663 5536 2783 5576 sum
2815 5521 2905 5576 lux
2937 5521 3126 5577 mundi
3168 5519 3354 5595 (Joan.
3388 5516 3545 5590 vtn):
3591 5520 3674 5576 sic
3700 5528 3753 5575 ct

2151 5614 2384 5686 apostoli
2427 5614 2543 5672 dies
2589 5622 2736 5683 sunt,
2767 5615 2907 5671 sicut
2945 5615 3022 5671 ait
3062 5630 3077 5669 :
3126 5615 3234 5672 Vos
3260 5617 3392 5672 estis
3430 5613 3526 5670 lux
3561 5613 3750 5670 mundi

2154 5706 2376 5778 (Matth.
2412 5706 2489 5780 v).
2535 5707 2605 5762 Et
2653 5722 2793 5764 unus
2837 5706 2976 5776 dies,
3027 5707 3316 5765 duodecim
3351 5707 3515 5763 horas
3561 5705 3746 5761 habet.

2153 5797 2310 5857 Unde
2341 5801 2458 5872 ipse
2489 5801 2751 5858 Dominus
2782 5799 2835 5856 in
2861 5801 3153 5872 Evangelia
3183 5801 3356 5859 dixit:
3382 5799 3580 5857 Nonne
3608 5798 3749 5857 duo-
