3944 6334
170 283 260 341 813
1047 271 1476 332 BREVIARIUM
1517 269 1584 330 IN
1624 269 1960 330 PSALMOS.
2007 269 2250 328 I‘SALM.
2293 270 2479 328 XVIII.
3323 279 3424 338 8η

173 396 326 452 decim
357 391 508 448 horae
537 397 666 447 sunt
691 389 799 446 diei
833 388 1014 461 (Joan.
1052 387 1168 463 si)?
1197 389 1324 460 ipsae
1358 389 1734 460 intelliguntur
1763 388 1812 450 Α
1840 385 2051 442 Domini
2099 387 2453 442 immaculata.
2491 387 2593 455 Qui
2649 400 2744 456 per
2774 395 3052 444 creaturas
3103 390 3268 444 Deum
3309 402 3435 449 ante

176 485 429 543 duodecim
461 484 716 554 apostoli.
750 482 876 538 Nox
901 485 1060 539 nocti.
1097 482 1221 539 Nox
1256 483 1456 548 Judas;
1491 482 1737 538 noctiJu-
1843 480 2159 537 laudaverat
2189 498 2201 534 :
2239 496 2380 536 nunc
2410 496 2533 536 eum
2569 495 2666 548 per
2692 480 3043 538 donationem
3077 483 3213 553 legis
3245 485 3436 557 incipit

177 581 292 637 dxis
318 596 331 635 :
365 579 556 634 iudicat
578 579 866 645 scientiam,
893 579 945 634 id
976 588 1083 644 est,
1113 580 1332 649 quando
1359 580 1495 634 dixit
1523 596 1535 632 :
1564 579 1736 646 Quem
1844 574 2160 644 praedicare.
2185 572 2499 629 Conuertens
2513 575 2734 642 animas,
2760 574 2828 631 de
2848 577 3167 646 captivitate
3196 579 3247 634 in
3272 578 3439 635 liber-

177 674 420 731 oscnlatus
444 671 620 740 fuero,
654 671 769 744 ipse
799 681 905 739 est,
943 681 1123 728 tenete
1146 687 1269 728 eum
1302 670 1522 741 (Matth.
1565 670 1737 740 xxvi).
1842 676 2030 725 tatem.
2094 670 2466 725 Testimonium
2519 669 2734 724 Domini
2783 672 2956 741 ﬁdele.
2991 672 3162 740 Quale
3200 675 3429 730 testimo-

177 766 356 824 Aliter:
390 763 528 833 Nox,
567 763 904 836 profunditas
932 763 1336 834 Scripturatum
1361 763 1412 819 in
1437 763 1738 835 prephetis,
1843 764 1988 818 nium
2013 763 2036 816 ?
2067 764 2170 819 nisi
2189 764 2310 834 quia
2338 763 2481 820 dixit
2511 781 2525 818 :
2555 764 2808 820 Discitca
2833 780 2940 833 me,
2968 767 3091 837 quia
3119 767 3268 824 mitis
3316 783 3438 823 sum

181 859 367 915 nuntiat
388 857 812 928 profunditatem
840 857 1041 913 veteris
1058 857 1416 913 Testamenti.
1844 867 1902 912 et
1954 857 2174 912 humilis
2203 857 2390 925 corde,
2425 867 2480 912 et
2525 857 2815 914 invenietis
2859 863 3105 929 requiem
3153 860 3438 916 animabus

241 951 351 1008 Non
369 961 487 1007 sunt
514 949 754 1023 loquelis,
784 967 948 1022 neque
969 966 1489 1022 sermones,quorum
1514 966 1618 1005 non
1648 966 1745 1004 au-
1845 950 2044 1006 vestris
2081 950 2298 1020 (Matth.
2324 951 2441 1020 XI)?
2476 949 2681 1018 Fidele,
2715 952 2842 1023 quia
2872 967 2980 1008 non
3018 953 3300 1009 mentitur.
3332 954 3438 1011 Sa-

179 1051 360 1106 diantur
391 1047 544 1104 verba
574 1062 774 1102 eorum.
806 1045 929 1101 Non
973 1057 1090 1102 sunt
1120 1045 1375 1118 loquelae:
1407 1061 1470 1103 ac
1497 1047 1542 1101 si
1573 1045 1742 1113 dicat,
1850 1044 2096 1115 pientiam
2126 1055 2380 1117 praestans
2416 1047 2649 1117 parvulis
2669 1092 2682 1117 ,
2725 1047 2968 1118 parvulis
3001 1063 3107 1103 non
3131 1063 3316 1113 sensu,
3342 1048 3438 1104 sed

177 1144 384 1216 linguae:
415 1159 577 1214 neque
603 1139 1035 1212 sermones.quia
1059 1141 1257 1212 lingua:
1278 1140 1434 1196 multi
1460 1154 1746 1196 sermones
1852 1136 2178 1193 humilitate.
2235 1135 2387 1194 Unde
2439 1139 2704 1209 scriptum
2757 1150 2885 1196 est:
2930 1140 3064 1208 Quia
3107 1140 3443 1197 abscondisti

177 1249 304 1297 sunt.
348 1238 476 1295 Sive
523 1236 870 1294 diversitates
901 1235 1196 1292 verborum
1239 1233 1620 1305 intelliguntur
1649 1247 1748 1302 per
1851 1229 1969 1286 haec
2014 1245 2044 1284 a
2095 1231 2442 1300 sapientibus
2473 1241 2530 1286 et
2586 1232 2963 1302 prudentibus,
2997 1240 3053 1288 et
3097 1232 3352 1290 revelasti
3380 1247 3442 1289 ea

177 1347 473 1390 sermones:
506 1345 570 1387 ac
599 1333 645 1386 si
677 1330 859 1386 dicat:
892 1329 1011 1386 Non
1043 1330 1259 1384 fuerunt
1291 1328 1418 1384 ulla:
1444 1328 1749 1384 locutiones
1851 1319 2095 1391 parvulis
2116 1320 2337 1390 (Matth.
2367 1319 2444 1392 κ).

179 1439 292 1496 quas
317 1422 550 1494 apostoli
577 1424 631 1478 in
657 1423 923 1478 varietate
949 1422 1252 1493 linguarum
1278 1436 1384 1478 non
1411 1420 1746 1491 acceperint,

178 1526 226 1572 et
263 1515 373 1570 ideo
421 1529 530 1571 non
584 1513 808 1570 fuerunt
857 1513 985 1569 ulla:
1035 1513 1233 1584 linguae
1297 1528 1419 1585 quze
1467 1526 1750 1568 sermones

177 1609 526 1679 apostolorum
565 1623 674 1664 non
715 1606 999 1664 audissent
1032 1624 1045 1660 :
1079 1606 1206 1662 dum
1245 1605 1378 1663 dicit
1410 1624 1421 1660 :
1457 1605 1522 1661 In
1550 1621 1752 1662 omnem

182 1712 343 1756 terram
389 1701 548 1756 exivit
594 1718 752 1757 sonus
797 1717 980 1756 eorum
1012 1710 1101 1756 :ct
1149 1702 1201 1754 in
1244 1701 1374 1770 ﬁnes
1423 1699 1560 1755 orbis
1605 1708 1753 1755 terra:

1923 1413 2156 1470 Iustitia:
2185 1414 2396 1470 Domini
2423 1425 2595 1482 recla’,
2623 1417 2948 1486 thiﬁcantes
2975 1419 3152 1473 corda.
3183 1419 3442 1486 Justitiw,

1855 1508 1909 1565 id
1940 1518 2046 1574 est,
2091 1509 2293 1580 judicia
2323 1528 2336 1566 :
2369 1509 2544 1565 Recta?
2574 1528 2591 1565 :
2620 1511 2743 1583 quia
2774 1522 2924 1569 recte
2947 1512 3155 1582 judicat
3186 1515 3348 1583 Deus,
3392 1525 3444 1572 et

1855 1622 1886 1662 a
1932 1606 2094 1662 rectis
2125 1616 2272 1662 recta
2318 1606 2608 1662 habentur.
2643 1606 2988 1676 Lwliﬁcantes
3018 1608 3198 1674 corda,
3237 1609 3450 1665 animas

1857 1709 2192 1757 sanctorum.
2224 1700 2554 1771 Prwceptum
2580 1699 2793 1755 Domini
2814 1701 3065 1769 lucidunt,
3090 1718 3291 1758 novum
3317 1702 3453 1759 Tes-

178 1795 306 1850 M’ba
333 1811 534 1863 ίόηιηι,
583 1796 686 1850 hoc
732 1803 842 1863 εει,
873 1793 926 1848 in
975 1807 1166 1850 omnes
1216 1793 1447 1860 insulas.
1481 1792 1567 1848 vel
1617 1791 1754 1848 fines
1783 1781 1831 1843 Β
1861 1805 2178 1852 tomentum.
2207 1794 2529 1851 Illuminans
2553 1797 2753 1866 oculos,
2787 1795 2889 1852 hoc
2909 1805 3014 1864 εει,
3035 1797 3224 1854 oculos
3247 1797 3447 1854 cordis.

181 1887 366 1944 mundi.
763 1938 773 1947 .

241 1981 302 2038 In
345 1999 547 2039 omnem
577 1990 772 2038 terram
801 1983 956 2038 exiuit
993 1991 1367 2039 sonus‘eorum
1403 1991 1495 2039 :et
1542 1981 1596 2036 in
1627 1983 1755 2052 ﬁnes

181 2077 300 2132 orbis
326 2085 477 2132 terrw
505 2075 659 2132 verba
683 2093 882 2144 eorum,
925 2075 1298 2147 apostolorum
1327 2075 1563 2145 scilicet,
1593 2085 1756 2147 atque

178 2170 592 2242 evangeliorum.

239 2262 298 2319 In
321 2265 431 2320 sole
476 2267 654 2338 posuit
684 2264 1072 2322 tabernaculum
1098 2280 1273 2320 suum.
1320 2265 1377 2320 In
1422 2264 1649 2321 Hebraeo
1684 2265 1754 2320 ita

178 2359 356 2418 habet:
407 2362 529 2420 Soli
573 2363 746 2435 posuit
788 2363 1183 2419 tabernaculum
1229 2367 1283 2416 in
1312 2366 1406 2429 eis,
1454 2361 1506 2418 id
1551 2371 1656 2428 εει,
1701 2361 1754 2416 ἰιι

177 2454 332 2509 cells.
384 2455 532 2511 Deus
585 2456 640 2511 in
686 2456 796 2511 sole
845 2456 1019 2527 posuit
1062 2454 1452 2509 tabernaculum
1492 2470 1666 2522 suum,
1710 2463 1758 2508 et

176 2547 271 2618 ipse
306 2561 568 2616 tamquam
598 2565 824 2618 sponsus
851 2549 1136 2620 procedens
1168 2548 1232 2602 de
1262 2547 1496 2602 thalamo
1535 2563 1652 2602 suo.
1692 2544 1760 2602 In

175 2641 286 2704 sole,
317 2642 367 2696 in
396 2651 561 2697 utero
582 2651 787 2697 sanctae
815 2641 996 2696 Marias
1027 2641 1274 2713 virginis.
1298 2639 1466 2696 Maria
1497 2641 1762 2710 interpre-

177 2740 302 2788 tatur
323 2733 488 2789 stella
518 2735 708 2789 maris.
753 2733 960 2790 Lumen
1008 2733 1144 2791 solis
1193 2731 1366 2804 magis
1407 2733 1554 2790 lucet
1597 2748 1759 2805 quam

175 2827 459 2885 stellarum.
513 2828 608 2887 Sol
652 2829 878 2899 justitize
923 2828 1210 2896 Dominus,
1255 2837 1313 2882 ut
1340 2827 1417 2882 ait
1448 2829 1758 2898 propheta:

173 2919 370 2978 Orietur
419 2920 579 2978 vobis
626 2921 708 2977 sol
748 2920 976 2990 justitiae
1005 2919 1267 2992 (Malach.
1316 2917 1434 2991 tv):
1488 2918 1632 2990 quod
1680 2926 1766 2976 est

174 3011 430 3073 Christus.
455 3015 790 3071 llluminavit
812 3016 894 3070 sol
926 3013 1031 3070 iste
1055 3014 1291 3081 stellam,
1319 3014 1370 3069 id
1393 3021 1500 3080 est,
1516 3013 1759 3082 Mariam,

176 3113 229 3160 ut
251 3117 392 3162 esset
422 3108 569 3162 sicut
609 3106 713 3162 sol.
754 3105 887 3163 ldeo
923 3107 1104 3178 posuit
1142 3106 1555 3163 tabernaculum
1603 3121 1760 3162 suum

1929 1891 2110 1946 Timor
2135 1889 2349 1945 Domini
2369 1901 2581 1946 sanctus
2611 1901 2879 1961 permanet
2905 1892 2956 1946 in
2979 1893 3232 1947 saeculum
3255 1893 3453 1947 swculi.

1859 1983 2050 2040 Timor
2074 1999 2196 2042 cum
2223 1984 2492 2042 charitate
2525 2002 2538 2038 :
2567 1983 2721 2041 Unde
2745 1983 2884 2040 dixit
2906 2002 2919 2040 :
2939 1984 3189 2042 Perfecta
3215 1984 3452 2042 charitas

1860 2076 2008 2132 foras
2030 2076 2200 2132 mittit
2235 2077 2484 2132 timorem
2519 2074 2736 2148 (lJoan.
2769 2077 2866 2146 tv).
2887 2075 3100 2133 Timeat
3127 2093 3233 2132 non
3259 2077 3458 2132 timore

1857 2169 2145 2241 gehennae,
2179 2177 2272 2225 aut
2301 2170 2496 2225 timore
2521 2183 2718 2241 pcenm.
2759 2169 2862 2226 sed
2887 2173 3080 2225 timore
3106 2179 3299 2226 sancto
3331 2188 3344 2224 :
3377 2170 3456 2226 sic

1861 2262 2068 2327 timeat,
2105 2271 2163 2316 ut
2190 2277 2350 2334 quem
2378 2271 2528 2317 amat
2558 2278 2666 2318 non
2696 2261 2888 2333 perdat
2918 2278 3014 2333 per
3054 2263 3454 2334 negligentiam.

1857 2356 2072 2412 Judicia
2102 2356 2313 2412 Domini
2341 2373 2460 2412 t'era
2491 2359 2789 2431 justi/icata
2831 2358 2884 2411 in
2921 2359 3221 2429 semetipsa,
3256 2373 3362 2413 non
3390 2359 3458 2413 ab

1860 2451 1998 2520 alio,
2031 2451 2127 2507 sed
2167 2467 2196 2504 a
2243 2451 2573 2521 semetipsis.
2607 2449 2890 2508 Neminem
2923 2451 3066 2506 enim
3108 2449 3247 2505 fallit
3289 2451 3458 2509 Deus.

1934 2541 2313 2598 Desiderabilia
2365 2558 2523 2615 super
2564 2560 2754 2598 aurum
2812 2556 2859 2598 et
2904 2543 3132 2616 lapidem
3177 2527 3457 2616 pretiosum

1864 2638 2105 2706 multum,
2139 2655 2302 2709 super
2335 2655 2527 2696 omnes
2577 2641 2860 2696 thesauros
2891 2641 3192 2697 mundiales
3234 2640 3458 2697 dilecta.

1864 2729 1935 2787 Et
1979 2733 2222 2788 dulciora
2247 2750 2402 2806 super
2447 2733 2547 2790 ntel
2573 2744 2621 2790 et
2654 2737 2853 2805 favum,
2879 2737 3002 2807 quia
3035 2735 3242 2790 nullum
3269 2735 3458 2791 metal-

1868 2824 1978 2881 lum
2009 2826 2310 2896 pretiosum
2334 2826 2555 2898 judiciis
2603 2837 2695 2882 aut
2724 2827 3008 2898 sapientiae
3033 2827 3128 2883 Dei
3154 2827 3460 2898 comparari

1869 2929 2099 2991 potest:
2135 2936 2311 2993 neque
2359 2937 2549 2977 aurum
2597 2930 2690 2979 aut
2739 2922 2878 2993 lapis
2923 2923 3226 2994 pretiosus,
3287 2937 3466 2994 neque

1871 3014 2015 3085 quod
2055 3013 2122 3069 ad
2176 3025 2558 3070 ornamentum
2586 3023 2644 3070 et
2679 3015 2933 3070 vestitum
2966 3015 3197 3086 pertinet
3231 3033 3244 3068 :
3280 3031 3457 3086 neque

1871 3109 1976 3165 mel
2009 3107 2151 3164 unde
2177 3109 2443 3181 pascitur.
2477 3109 2572 3164 llis
2612 3109 2822 3166 duabus
2852 3108 3016 3166 rebus
3045 3111 3208 3166 homo
3234 3110 3464 3166 vestitur

179 3194 226 3253 in
262 3200 399 3266 sole,
441 3198 664 3270 quando
691 3213 895 3270 corpus
939 3200 1241 3270 assumpsit
1267 3198 1334 3256 de
1367 3207 1522 3255 utero
1549 3213 1668 3256 suo.
1700 3197 1766 3254 Et
1791 3171 1838 3236 ο
1871 3211 1925 3259 et
1947 3171 2220 3272 pascitun:
2251 3211 2307 3258 ut
2335 3202 2570 3257 Paulus:
2597 3202 2872 3259 Habentes
2895 3203 3094 3258 victum
3116 3202 3462 3270 etvestitum,

177 3290 278 3362 ipse
324 3301 595 3366 tamquam
652 3310 874 3365 sponsus
921 3294 1202 3364 procedens
1255 3294 1320 3349 de
1369 3294 1602 3349 thalamo
1649 3311 1763 3350 suo.

180 3383 435 3455 Sponsus,
462 3387 690 3443 verbum
713 3386 912 3454 Patris,
943 3401 1142 3458 sponsa
1169 3401 1296 3444 caro
1329 3386 1571 3442 humana
1603 3406 1614 3440 :
1645 3401 1765 3444 cum

178 3492 272 3550 qua
295 3480 362 3538 de
393 3481 638 3537 thalamo
664 3480 950 3552 processit,
983 3481 1033 3537 id
1067 3491 1174 3549 est,
1206 3485 1275 3538 de
1311 3491 1468 3539 utero
1507 3482 1766 3554 Virginis.

241 3573 540 3631 Exsultavit
571 3585 626 3630 ut
668 3577 814 3647 gigas
844 3577 912 3630 ad
945 3577 1250 3630 currendum
1279 3578 1434 3630 aiant.
1465 3577 1570 3633 Per
1596 3577 1767 3633 solem

181 3671 400 3740 mystice
427 3669 688 3726 Christus
716 3669 1060 3742 intelligitur.
1113 3668 1410 3725 Exsultavit
1438 3681 1493 3724 ut
1530 3671 1678 3744 gigas
1703 3671 1773 3726 ad

184 3766 482 3820 currendum
528 3765 685 3820 viam.
739 3763 837 3820 Hic
877 3763 1026 3836 gigas
1065 3779 1164 3835 pro
1203 3763 1526 3820 fortitudine
1566 3763 1771 3821 Christi

183 3859 416 3927 ponitur,
453 3873 524 3916 eo
565 3856 711 3931 quod
742 3857 862 3928 ipse
891 3857 1131 3928 alligavit
1162 3857 1357 3914 fortem
1386 3857 1686 3928 diabolum,
1720 3866 1776 3915 et

184 3966 303 4008 vasa
331 3955 457 4027 ejus
487 3954 636 4026 (qua:
667 3967 768 4009 nos
810 3952 1034 4025 fuimus)
1068 3952 1316 4024 diripuit.
1360 3951 1441 4007 Ad
1468 3953 1776 4007 currendum

183 4046 306 4102 riam
348 4065 368 4103 :
409 4047 540 4120 quia
589 4062 696 4104 non
729 4047 923 4104 habuit
953 4047 1045 4103 hic
1087 4063 1291 4104 moras.
1333 4047 1652 4115 Quomodo?
1679 4047 1779 4104 Hic

184 4151 330 4197 natus
360 4143 516 4198 venit
555 4143 610 4197 in
649 4143 984 4214 passionem,
1014 4141 1314 4198 resurrexit
1341 4151 1394 4197 et
1439 4141 1707 4197 ascendit.
1737 4145 1777 4196 Α

184 4249 374 4291 summo
402 4236 533 4292 caelo
563 4237 788 4309 egressio
831 4239 970 4308 ejus,
1017 4244 1066 4290 et
1097 4253 1340 4292 occursus
1375 4237 1485 4307 ejus
1514 4252 1670 4308 usque
1712 4237 1782 4292 ad

185 4345 436 4386 summum
461 4332 596 4404 ejus.
627 4331 672 4386 Α
700 4347 903 4386 summo
930 4328 1080 4397 caelo,
1134 4329 1186 4384 id
1218 4337 1322 4395 est,
1365 4345 1394 4383 a
1428 4330 1607 4400 Patre,
1635 4330 1779 4402 quod

187 4433 265 4478 est
291 4425 599 4496 principale
628 4439 828 4480 nomen
855 4439 869 4480 :
896 4438 1003 4480 non
1037 4422 1162 4478 ideo
1183 4421 1328 4494 quod
1351 4423 1529 4492 major
1551 4423 1620 4478 sit
1644 4422 1782 4479 Filio

188 4520 480 4576 secundum
528 4520 898 4587 divinitatem,
941 4517 1039 4574 sed
1069 4531 1171 4589 pro
1219 4517 1446 4573 nomine
1497 4514 1692 4573 Pairis.
1740 4517 1784 4571 Α

188 4625 403 4680 summo,
447 4614 503 4670 id
534 4625 642 4683 est,
671 4614 741 4671 ab
779 4614 1085 4671 aeternitate
1132 4625 1385 4683 egressus
1411 4612 1548 4683 ejus.
1597 4611 1662 4666 Et
1692 4628 1780 4667 oc-

187 4721 364 4762 cursus
395 4712 507 4782 ejus
549 4726 710 4781 usque
751 4709 818 4763 ad
863 4725 1123 4765 summum
1168 4715 1304 4784 ejus.
1351 4708 1614 4763 Occursus
1644 4711 1784 4780 eius,

189 4797 238 4854 in
265 4804 651 4874 coaequalitate
676 4805 1018 4861 aeternitatis.
1046 4805 1182 4872 Quia
1212 4804 1458 4861 ascendit
1486 4803 1553 4859 ad
1594 4803 1780 4870 caelos,

187 4893 340 4951 sedet
369 4895 440 4951 ad
469 4895 752 4952 dexteram
784 4897 988 4964 Patris,
1019 4899 1108 4955 ubi
1138 4906 1300 4955 antea
1330 4906 1385 4955 et
1437 4912 1656 4968 semper
1688 4896 1788 4952 fuit

189 5001 305 5043 cum
342 4989 488 5060 ipso.
537 4987 605 5044 Et
633 5007 737 5045 non
772 4999 848 5046 est
876 4991 961 5060 qui
986 5007 1039 5047 se
1067 4992 1348 5046 abscondat
1391 5007 1422 5045 a
1453 4990 1625 5046 calore
1649 4993 1785 5062 ejus.

188 5081 378 5141 Nullus
406 5087 607 5158 quippe
633 5095 742 5154 est,
762 5088 852 5160 qui
879 5103 985 5143 non
1019 5089 1217 5145 habeat
1243 5089 1454 5145 semina
1481 5087 1788 5145 intellectus

191 5174 307 5235 Dei.
346 5181 460 5238 Nec
508 5193 581 5238 est
625 5185 719 5256 qui
765 5201 818 5239 se
847 5185 1129 5240 abscondat
1165 5204 1197 5241 a
1232 5186 1406 5240 calore
1434 5186 1568 5255 ejus.
1600 5183 1791 5240 Nullus

189 5279 276 5323 est
298 5276 391 5340 qui
408 5273 473 5330 de
503 5274 692 5331 calore
713 5291 813 5332 suo
838 5291 944 5332 non
968 5277 1167 5333 habeat
1197 5276 1402 5348 aliquid
1433 5275 1579 5346 quod
1604 5275 1654 5331 ei
1684 5291 1792 5331 non

191 5359 440 5420 dedisset
467 5383 530 5422 ex
561 5370 752 5425 multis
779 5371 1142 5427 divisionibus
1163 5369 1459 5442 gratiarum
1481 5369 1796 5428 actionum:

191 5455 336 5513 sicut
363 5457 498 5513 dixit
527 5461 726 5518 Paulus
753 5482 765 5516 :
797 5464 903 5520 Alii
932 5465 1091 5521 datur
1112 5479 1296 5522 sermo
1327 5461 1609 5534 sapientia;
1648 5481 1658 5518 :
1701 5463 1794 5520 alii

194 5562 386 5605 sermo
413 5551 652 5607 scientia:
684 5552 727 5620 (Ι
758 5549 879 5608 Cor.
924 5559 1046 5624 xu).

263 5642 385 5697 Lex
406 5642 606 5700 Domini
632 5644 1127 5715 irrepreltensibilis.
1145 5646 1254 5700 Lex
1275 5646 1390 5716 ipse
1420 5653 1503 5702 est
1521 5648 1798 5714 Christus,

193 5735 286 5806 qui
323 5752 431 5792 non
461 5740 608 5794 venit
632 5740 803 5810 legem
836 5739 1087 5808 solvere,
1128 5740 1225 5796 sed
1252 5740 1550 5811 adimplere
1581 5741 1800 5818 (Matth.

191 5827 276 5897 v).
311 5827 798 5904 Irrepreltensibitis
827 5833 992 5904 :quia
1022 5849 1128 5888 non
1151 5833 1336 5891 habuit
1358 5843 1664 5906 peceatum.
1694 5837 1804 5892 Lex

615 5925 892 5986 ΡΑτιιοι.
945 5924 1180 5986 XXVI.

1871 3295 1959 3350 his
1985 3295 2225 3352 contenti
2255 3297 2425 3352 simus
2448 3294 2493 3368 (Ι
2521 3295 2656 3350 Tim.
2686 3294 2785 3368 ιιι).
2820 3295 2875 3353 Si
2907 3296 3072 3352 fueris
3096 3296 3234 3368 lapis
3266 3298 3470 3368 pretio-

1871 3405 1971 3448 sus
1999 3400 2054 3447 et
2087 3391 2350 3463 probatus
2381 3391 2522 3446 sicut
2567 3405 2780 3461 aurum,
2830 3391 3127 3449 mereberis
3154 3391 3468 3463 intelligere

1869 3485 2075 3556 judicia
2102 3495 2153 3542 et
2186 3485 2507 3557 sapientiam
2538 3485 2656 3542 Dei.

1951 3577 2160 3635 Etenim
2186 3595 2361 3635 servus
2387 3589 2509 3635 tuus
2542 3579 2768 3634 custodit
2796 3597 2878 3647 ea,
2910 3581 2961 3635 in
2987 3580 3338 3636 custodiendis
3364 3581 3472 3636 illis

1874 3671 2141 3727 retributio
2169 3673 2349 3727 multa.
2380 3672 2611 3742 Propter
2653 3673 2780 3743 quid
2820 3672 3061 3728 custodit
3092 3688 3156 3730 ea
3192 3691 3204 3728 :
3248 3675 3376 3740 nisi,
3418 3676 3472 3729 in

1878 3765 2231 3821 custodiendis
2255 3766 2360 3820 illis
2383 3765 2652 3821 retributio
2677 3765 2840 3820 multa
2859 3768 2883 3820 ζ)
2905 3765 2960 3822 Si
2975 3766 3364 3833 custodieritis,
3386 3765 3470 3822 in-

1879 3859 1995 3930 quit
2019 3858 2302 3926 Dominus,
2337 3870 2606 3930 praecepta
2633 3873 2771 3928 mea,
2798 3859 3087 3915 manebitis
3108 3859 3160 3914 in
3183 3859 3474 3917 dilectione

1879 3967 2000 4007 mea
2036 3950 2214 4022 (Joan.
2247 3953 2360 4023 xv).
2388 3952 2517 4020 Qua:
2544 3952 2720 4022 major
2746 3949 3033 4007 retributio
3064 3967 3224 4023 quam
3258 3959 3317 4006 ut
3351 3952 3475 4022 quis

1879 4043 2138 4116 diligatur
2167 4062 2197 4100 a
2229 4042 2378 4101 Deo?

1959 4136 2166 4192 Delicta
2197 4139 2312 4209 quis
2342 4136 2626 4209 intelligit?
2668 4135 2772 4206 Qui
2813 4137 2864 4190 in
2896 4135 3113 4192 delictis
3142 4145 3246 4206 est,
3281 4135 3332 4191 id
3366 4145 3474 4204 est,

1884 4230 1937 4287 in
1966 4231 2223 4303 peccatis,
2249 4229 2448 4301 judicia
2476 4231 2569 4286 Dei
2597 4246 2703 4286 non
2731 4228 3005 4301 intelligit,
3031 4245 3206 4302 neque
3234 4245 3328 4285 sua
3352 4245 3481 4302 pec-

1886 4333 2006 4381 cata
2043 4324 2346 4396 :quamdiu
2397 4332 2484 4380 est
2531 4325 2582 4378 in
2633 4324 2867 4380 delictis.
2912 4321 3114 4379 Delicta
3141 4325 3255 4396 quis
3283 4323 3479 4380 intelli-

1885 4419 2000 4492 git?
2029 4419 2212 4475 Tertia
2235 4417 2412 4474 laudis
2441 4417 2659 4488 divisio,
2702 4433 2808 4489 qua
2837 4416 2995 4473 docet
3039 4417 3372 4488 impossibile
3399 4417 3472 4474 le-

1887 4513 1992 4584 gis,
2023 4529 2130 4584 quo
2157 4528 2253 4584 per
2279 4512 2788 4584 praevaricationem
2830 4511 2962 4583 legis
2989 4521 3275 4582 peccatum
3306 4514 3484 4584 magis

1891 4615 2217 4678 apparuerat
2263 4605 2316 4660 in
2347 4605 2571 4673 mundo,
2610 4603 2887 4675 Evangelii
2914 4605 3088 4675 gratia
3134 4603 3302 4661 fuisse
3331 4620 3476 4662 com-

1891 4699 2094 4771 pletum
2131 4718 2142 4751 :
2176 4714 2352 4770 neque
2369 4712 2529 4770 posse
2549 4713 2877 4770 quemquam
2905 4713 2934 4752 a
2961 4697 3346 4770 cogitationum
3371 4714 3486 4755 sor-

1892 4802 2048 4858 dibus
2078 4801 2295 4857 liberari
2332 4820 2341 4854 :
2381 4801 2484 4857 nisi
2527 4815 2622 4872 per
2673 4801 2970 4856 adventum
3014 4799 3249 4872 Spiritus
3288 4801 3483 4856 sancti.

1895 4907 2103 4964 Delicta
2127 4908 2244 4976 quis
2277 4905 2550 4977 intelligit,
2593 4905 2694 4960 nisi
2726 4913 2998 4960 scrutator
3039 4904 3286 4961 cordium
3316 4901 3484 4968 Deus,

1899 5009 1988 5081 qui
2016 5019 2070 5064 et
2103 5017 2282 5079 potest
2329 5023 2390 5063 ea
2423 5006 2742 5062 dimittere?
2773 5007 2850 5061 Ab
2892 5005 3107 5062 occultis
3139 5007 3264 5060 meis
3293 5005 3488 5058 munda

1899 5132 1978 5170 tne
2001 5132 2018 5170 :
2041 5125 2088 5169 et
2111 5114 2172 5168 ab
2204 5115 2390 5169 alienis
2417 5130 2572 5186 parce
2601 5129 2747 5167 servo
2774 5123 2888 5169 tuo.
2912 5115 2995 5168 Ab
3026 5112 3275 5180 occultis,
3300 5111 3353 5166 id
3382 5121 3488 5178 est,

1898 5215 2192 5288 prmteritis
2216 5215 2479 5286 peccatis,
2512 5225 2560 5268 et
2589 5213 2653 5267 ab
2677 5212 2884 5279 alienis,
2909 5211 3012 5268 hoc
3034 5221 3140 5278 eSt,
3164 5226 3286 5282 quae
3317 5212 3492 5267 futura

1898 5328 2048 5386 sunt,
2071 5327 2127 5375 et
2156 5316 2332 5373 adhuc
2355 5315 2423 5371 ad
2457 5330 2543 5371 me
2586 5329 2694 5370 non
2731 5320 3015 5370 venerunt.
3049 5310 3145 5366 Vel
3176 5311 3338 5366 aliter
3372 5329 3384 5365 :
3415 5313 3493 5366 Ab

1901 5423 2142 5488 occultis,
2171 5420 2224 5475 id
2257 5428 2364 5488 est,
2395 5417 2649 5474 omnibus
2679 5431 2797 5488 quae
2828 5415 2880 5469 in
2913 5428 2999 5470 me
3025 5421 3171 5480 sunt,
3212 5411 3344 5467 etab
3369 5410 3496 5466 alic-

1900 5527 2005 5595 nis,
2037 5523 2275 5596 peccatis
2307 5542 2318 5575 :
2349 5523 2472 5593 quia
2493 5520 2746 5578 diabolus
2779 5517 2965 5574 habuit
2987 5516 3040 5572 in
3063 5517 3274 5572 occulto
3300 5531 3494 5586 super-

1902 5628 2068 5695 biam,
2097 5637 2153 5682 et
2180 5624 2454 5697 proiectus
2470 5632 2556 5680 est
2589 5641 2600 5676 :
2635 5631 2822 5692 postea
2843 5619 3184 5676 alienuserat
3211 5617 3278 5672 ab
3298 5615 3494 5687 Adam,

1906 5740 2195 5802 antequam
2227 5729 2342 5798 ipse
2382 5725 2552 5782 Adam
2578 5733 2878 5796 peccasset.
2912 5721 3018 5779 Sed
3050 5730 3333 5794 postquam
3365 5734 3498 5775 con-

1909 5834 2080 5893 sensit
2105 5833 2176 5901 ei,
2202 5828 2452 5902 superbia
2475 5833 2530 5884 et
2557 5827 2832 5883 voluntate
2864 5822 3138 5894 conjuncti
3169 5833 3312 5891 sunt,
3345 5829 3398 5878 et
3426 5819 3495 5876 de

2943 5916 3022 5978 28
