3944 6334
456 310 565 369 875

1248 300 1606 363 APPENDIX
1643 297 1736 357 AD
1773 288 2017 355 τοιιυιι
2054 286 2410 347 SEPTIMUM
2451 288 2513 349 Β.
2555 284 2957 351 HIEBONYMI.

3651 278 3741 341 876

458 443 570 483 uno
601 432 820 498 peccato
850 424 975 481 iecit
1001 422 1104 479 sibi
1128 419 1238 477 duo
1264 421 1466 493 judicia
1497 418 1766 485 diabolus,
1799 409 2054 482 utdupli-
2080 404 2134 467 Α
2159 409 2225 464 de
2270 408 2524 479 passione
2551 408 2723 477 dixit,
2772 405 2936 463 modo
2973 403 3044 463 de
3087 370 3491 498 resurrectione
3515 441 3530 466 ,
3564 405 3635 498 et
3671 412 3742 451 as-

460 525 601 580 citer
621 521 981 592 judicaretur,
1013 518 1142 589 quia
1165 525 1219 572 et
1247 531 1308 571 se
1329 524 1385 572 et
1414 514 1582 569 alium
1612 509 1838 567 occidit.

535 617 599 671 Si
624 616 722 670 mei
743 630 845 669 non
866 612 1056 683 fuerint
1085 609 1341 664 dominati
1360 650 1375 675 ,
1401 618 1523 662 tunc
1549 604 1917 661 immaculatus
1944 617 2054 659 ero.

463 709 520 766 Si
546 708 645 763 ista
675 712 899 776 peccata
926 719 1036 759 non
1065 702 1261 759 iuerint
1290 700 1426 757 mihi
1459 699 1763 767 dominata,
1813 704 1942 752 tunc
1961 707 2059 750 ero

461 798 864 858 immaculatus.
919 794 986 853 Et
1021 793 1342 851 entundabor
1369 810 1401 848 a
1452 778 1643 848 delicto
1694 788 1924 844 maximo
1953 828 1968 853 ,
2003 785 2058 842 id

456 906 543 955 est
572 938 587 965 ,
618 912 649 952 a
689 893 990 967 superbia;
1018 892 1148 963 quia
1186 889 1444 962 superbia
1498 888 1716 944 initium
1765 893 1852 942 est
1882 881 2061 940 omnis

460 989 691 1062 peccati.

533 1082 602 1137 Et
629 1090 778 1137 erunt
808 1090 861 1136 ut
893 1078 1244 1152 eomplaceant
1268 1075 1473 1148 eloquia
1505 1073 1612 1129 oris
1639 1072 1756 1128 mei.
1787 1071 1937 1127 Tunc
1964 1069 2063 1125 tibi

461 1177 752 1251 placebunt
785 1174 1001 1247 eloquia
1046 1190 1186 1229 mea.
1244 1171 1310 1227 Et
1348 1169 1616 1226 meditatio
1655 1167 1827 1223 cordis
1871 1166 1971 1220 mei
2008 1165 2065 1219 in

465 1275 739 1340 conspectu
763 1278 850 1324 tuo
880 1283 1102 1340 semper,
1144 1265 1200 1322 id
1223 1275 1341 1332 est,
1370 1263 1440 1321 de
1476 1261 1857 1320 recordatione
1887 1258 2065 1314 humi-

466 1362 651 1419 litatis.
2047 1360 2050 1364 '

528 1455 772 1520 Domine,
802 1454 1013 1527 adjutor
1041 1468 1184 1507 meus
1229 1461 1278 1505 et
1298 1450 1587 1522 redemptor
1624 1464 1795 1504 meus.
1841 1445 2066 1516 Adjutor

462 1564 515 1604 m
571 1544 922 1605 tribulatione
974 1554 1029 1602 et
1069 1545 1122 1601 in
1172 1543 1611 1601 necessitatibus.
1663 1542 1730 1597 Et
1775 1542 2068 1612 redanptor

461 1657 604 1699 meus
638 1658 651 1694 :
681 1640 805 1711 quia
834 1648 888 1695 tu
921 1653 1010 1695 me
1047 1638 1326 1695 redemisti
1370 1636 1633 1708 sanguine
1664 1644 1756 1690 tuo
1803 1634 2063 1705 pretioso.

459 1733 541 1790 'l‘u
571 1748 631 1788 es
662 1732 880 1803 adjutor
910 1732 1129 1788 humani
1151 1732 1409 1803 generis:
1440 1745 1567 1786 cum
1603 1746 1702 1785 nos
1735 1728 1800 1783 ad
1832 1738 1885 1783 te
1914 1741 2068 1782 acceo

2159 502 2455 570 censione,
2487 509 2546 558 et
2592 499 3051 557 remuneratione.
3114 494 3249 552 Duae
3291 499 3418 548 sunt
3470 488 3743 561 petitiones

2157 596 2361 652 Christi
2393 611 2514 652 cum
2534 595 2671 651 dicit
2702 612 2714 650 :
2745 593 3017 650 Exaudiat
3045 600 3099 648 te
3128 589 3424 654 Dominus,
3451 595 3506 642 et
3532 584 3745 655 impleat

2161 703 2352 746 omnes
2384 689 2680 760 petitiones
2708 696 2848 742 tuas.
2876 683 3107 753 Quando
3134 683 3268 739 dixit
3292 680 3541 738 Christus
3573 679 3638 731 ad
3664 677 3747 732 Pa-

2166 794 2306 842 trem
2343 801 2356 838 :
2388 781 2638 839 Clariﬁca
2671 796 2779 849 me,
2823 781 3007 851 Pater,
3038 779 3181 852 apud
3212 777 3553 850 temetipsum
3598 774 3747 830 clari-

2163 883 2296 945 tate,
2343 892 2503 948 quam
2546 875 2708 931 habui
2739 874 3055 947 priusquam
3093 872 3326 928 mundus
3371 871 3528 926 ﬁeret
3576 866 3745 940 (Joan.

2165 969 2321 1042 xvn).
2354 969 2423 1026 Et
2463 969 2595 1024 alibi
2626 986 2638 1023 :
2674 968 2834 1024 Pater
2860 978 3083 1037 sancte,
3124 980 3281 1023 serva
3312 977 3405 1021 eos
3443 963 3496 1018 in
3544 960 3749 1017 nomine

2168 1070 2260 1119 tuo
2281 1076 2420 1131 quos
2445 1060 2645 1117 dedisti
2676 1059 2831 1126 mihi,
2856 1068 2913 1113 ut
2938 1056 3213 1130 quomodo
3234 1071 3335 1113 nos
3361 1070 3525 1112 unum
3553 1068 3749 1117 sumus,

2166 1155 2246 1211 sic
2273 1164 2328 1209 et
2360 1153 2437 1209 illi
2483 1169 2648 1209 unum
2680 1152 2785 1208 sint
2818 1150 3119 1225 (Ibidem).
3155 1150 3310 1207 Nune
3355 1149 3596 1221 cognoui,
3648 1161 3753 1217 quo-

2168 1246 2309 1300 niam
2331 1244 2531 1300 salrum
2554 1245 2675 1317 fecit
2702 1242 2960 1299 Dominus
2975 1240 3241 1298 Christum
3262 1257 3433 1296 suum.
3459 1238 3615 1294 Nunc
3642 1237 3754 1291 dicit

2170 1338 2432 1409 prepheta
2461 1337 2529 1394 ad
2573 1347 2785 1408 tempus
2812 1335 3031 1407 quando
3059 1334 3268 1406 accepit
3305 1333 3571 1404 Spiritum
3616 1345 3754 1386 sane-

2169 1439 2305 1486 tum.
2330 1429 2484 1485 Tunc
2504 1428 2780 1501 cognovit,
2803 1427 2949 1501 quod
2973 1427 3210 1484 salvaret
3230 1426 3370 1482 Deus
3388 1424 3554 1481 Pater
3577 1423 3753 1479 Filium

2244 1613 2312 1669 Et
2341 1614 2581 1670 exaudiet
2621 1614 2776 1669 illum
2813 1612 2879 1667 de
2913 1610 3042 1667 calo
3078 1619 3257 1666 sancto
3291 1624 3387 1663 suo
3413 1622 3434 1663 :
3464 1606 3517 1662 id
3556 1614 3658 1669 est,
3698 1607 3757 1661 de

2170 1708 2464 1781 Beloetipso
2483 1717 2538 1765 et
2560 1707 2631 1764 de
2650 1718 2835 1764 sancta
2861 1706 3126 1762 Ecclesia.
3152 1703 3221 1759 In
3262 1700 3612 1777 potentatibus
3633 1698 3756 1754 saltu

461 1825 592 1882 dere
623 1825 773 1881 lacis.
812 1824 893 1881 'l'u
923 1840 983 1881 cs
1017 1824 1332 1894 redemptor
1362 1840 1375 1879 :
1408 1823 1534 1894 quia
1567 1838 1666 1877 nos
1698 1832 1784 1876 tua
1812 1820 2063 1890 passione

2183 1803 2397 1859 dextera:
2427 1802 2558 1873 ejus.
2607 1800 2982 1857 Potentatibus
3013 1807 3214 1855 saneta:
3245 1795 3508 1852 Ecclesia
3538 1810 3554 1848 :
3583 1793 3757 1863 quibus

459 1934 525 1973 ac
555 1916 957 1974 resurrectione
988 1916 1057 1971 ab
1088 1916 1313 1975 interitu
1345 1915 1658 1980 redemisti,
1686 1913 1778 1985 qui
1808 1929 1906 1968 nos
1929 1913 2067 1984 jngi-

467 2020 548 2067 ter
585 2011 638 2066 in
672 2012 791 2083 lege
833 2019 923 2067 tua
954 2010 1267 2083 gradientes
1309 2009 1592 2067 custodire
1623 2007 1863 2079 digneris
1895 2024 1908 2060 :
1945 2007 2069 2076 iptio

465 2103 558 2161 tibi
590 2112 675 2160 est
704 2118 824 2160 cum
858 2115 1065 2159 aeterno
1107 2104 1267 2159 Patre
1301 2111 1360 2158 et
1399 2101 1608 2172 Spiritu
1662 2109 1855 2157 sancto
1892 2099 2071 2155 honor

462 2204 519 2252 et
537 2195 709 2267 gloria
733 2194 788 2253 in
813 2195 1010 2253 saecula
1039 2195 1387 2252 saeculorum.
1414 2193 1610 2250 Amen.

1025 2330 1341 2389 PSALMUS
1371 2330 1517 2389 XIX.

468 2440 533 2500 In
561 2447 736 2515 ﬁnem,
768 2446 999 2517 psalmus
1031 2444 1217 2499 David.
1245 2445 1410 2501 Istum
1430 2445 1697 2531 psalmum
1724 2445 1981 2575 progheta
2016 2443 2067 2499 in

538 2534 769 2575 Det‘sona
796 2519 1050 2574 Ecclesiae
1070 2518 1215 2573 canit
1232 2517 1298 2572 de
1320 2520 1557 2574 Christo.
1578 2517 1820 2573 Praevide
1863 2528 1915 2575 at
1944 2533 2067 2575 pro-

538 2534 769 2588 pcrsona
796 2519 1050 2574 Ecclesiae
1070 2518 1215 2573 canit
1232 2517 1298 2572 de
1320 2517 1557 2574 Christo.
1578 2517 1915 2575 Praevidebat
1944 2533 2070 2584 pro-

540 2593 702 2660 pheta
738 2591 1009 2646 Christum
1046 2589 1111 2643 ad
1145 2590 1574 2658 redemptionem
1610 2598 1846 2643 nostram
1883 2588 2067 2660 venire

538 2659 591 2717 in
619 2677 819 2729 carne,
847 2669 904 2718 et
934 2676 1032 2733 pro
1063 2661 1297 2718 inimicis
1322 2676 1502 2719 orare.
1534 2660 1663 2717 lude
1688 2660 1851 2717 dixit:
1886 2659 2068 2715 Exau-

538 2734 669 2787 diat.

544 2848 809 2905 Exaudiat
840 2859 887 2903 te
916 2846 1175 2903 Dominus
1201 2848 1256 2902 in
1278 2848 1361 2902 die
1385 2847 1753 2909 tribulationis.
1785 2845 1850 2901 In
1875 2847 1958 2901 die
1980 2847 2073 2901 trio

467 2942 769 3008 bulationis,
794 2958 891 3014 pro
918 2952 1070 3012 parte
1103 2941 1288 2998 carnis
1319 2939 1476 2997 dixit.
1508 2941 1734 3008 Quidam
1757 2941 1900 2997 hunc
1930 2941 2072 3011 psal-

467 3050 614 3090 mum
643 3034 848 3089 diclum
874 3043 1066 3104 putant
1097 3050 1163 3090 ex
1194 3047 1324 3091 voce
1351 3034 1533 3105 populi
1567 3033 1636 3089 ad
1671 3034 1946 3090 Christum
1988 3034 2072 3088 lo-

465 3130 704 3200 quentis,
738 3138 796 3183 ut
823 3126 892 3183 ad
918 3106 1103 3199 regem
1134 3127 1333 3198 pariter
1360 3137 1415 3182 et
1451 3126 1813 3183 sacerdotem.

2172 1899 2318 1954 salus
2349 1897 2487 1953 facta
2514 1906 2596 1952 cst
2626 1913 2727 1968 per
2747 1896 3020 1952 Christum
3053 1894 3144 1961 qui
3174 1904 3258 1951 est
3285 1893 3516 1949 dextera
3546 1889 3683 1962 ejus,
3713 1889 3756 1944 id

2171 2005 2255 2050 est
2276 1993 2373 2050 Dei
2402 1992 2596 2060 l'atris,
2620 1992 2744 2063 quia
2771 1990 2933 2045 habet
2952 1989 3200 2049 Ecclesia
3223 1991 3324 2061 liga
3335 1989 3424 2045 ndl
3445 1998 3504 2044 et
3526 1987 3760 2044 solvendi

2170 2096 2528 2160 potestatem,
2573 2097 2628 2142 et
2666 2085 3008 2156 disciplinam
3055 2083 3310 2142 faciendi.
3362 2082 3431 2139 Et
3462 2082 3757 2137 Dominus:

2173 2181 2315 2238 Ecce
2339 2179 2462 2235 dedi
2491 2179 2646 2237 vobis
2668 2186 2995 2250 potestatem
3021 2178 3239 2234 calcare
3267 2191 3433 2247 super
3469 2182 3759 2246 serpentes,

2171 2282 2226 2331 et
2256 2274 2490 2330 virtutes
2521 2287 2712 2328 omnes
2739 2271 2945 2327 inimici
2978 2268 3137 2343 (Luc.
3162 2272 3246 2341 ι).
3281 2269 3439 2326 [inde
3467 2269 3666 2325 Paulus
3687 2268 3758 2324 di-

2172 2366 2244 2422 cit
2272 2383 2286 2420 :
2311 2365 2450 2435 Quid
2471 2364 2675 2421 vultis?
2701 2363 2763 2419 ln
2789 2364 2939 2433 virga
2966 2364 3180 2419 veniam
3209 2361 3274 2417 ad
3297 2377 3416 2429 vos,
3449 2376 3521 2417 an
3551 2362 3606 2415 in
3643 2359 3761 2416 eba-

2173 2457 2335 2515 ritate
2365 2456 2564 2531 (ICor.
2589 2456 2707 2528 tv)?
2738 2453 2805 2511 In
2838 2455 3185 2527 potentatibus
3212 2456 3355 2510 salus
3383 2455 3618 2509 deﬂere
3642 2456 3760 2526 ejus.

2172 2551 2231 2609 In
2258 2551 2349 2605 illa
2385 2550 2622 2621 potentia
2649 2564 2753 2620 qua
2779 2550 2956 2604 victor
2981 2549 3051 2603 ab
3078 2548 3266 2605 inieris
3288 2550 3613 2604 resurrexit.

2246 2645 2322 2700 Hi
2348 2646 2402 2702 in
2429 2645 2691 2710 curribus,
2717 2652 2765 2698 et
2793 2645 2847 2699 lii
2869 2645 2921 2699 in
2942 2645 3110 2717 equis.
3135 2646 3341 2700 Curras
3366 2655 3420 2700 et
3444 2659 3621 2715 equus
3638 2658 3767 2698 sem—

2175 2755 2271 2809 per
2303 2739 2355 2794 in
2389 2737 2636 2810 Egyptiis
2660 2748 2980 2807 argtmntur.
3016 2737 3122 2792 Alii
3142 2736 3369 2794 credant
3416 2736 3580 2794 idolis
3616 2744 3766 2807 atque

2174 2830 2489 2898 dmmoniis;
2511 2846 2612 2887 nos
2638 2830 2981 2886 conﬁdamus
3007 2831 3060 2885 in
3090 2829 3324 2885 Christo.
3354 2829 3452 2884 Vel
3474 2829 3670 2885 aliter:
3702 2827 3766 2883 Hi

2174 2927 2228 2983 in
2248 2926 2509 2992 curribus,
2530 2935 2577 2979 rt
2597 2925 2652 2979 hi
2679 2925 2733 2980 in
2757 2925 2924 2997 equis.
2940 2924 3046 2980 Per
3064 2936 3280 2990 currus,
3300 2923 3554 2994 voluptas
3569 2922 3761 2989 nnmdl,

2176 3021 2291 3079 sive
2341 3020 2737 3077 mundanorum
2794 3018 3035 3074 ontniutn
3089 3018 3357 3089 cupiditas
3408 3017 3763 3089 designatur;

2173 3116 2303 3186 quia
2317 3116 2470 3187 quasi
2504 3124 2659 3184 rotas,
2682 3129 2802 3184 quas
2821 3112 3106 3168 instabiles
3130 3110 3485 3180 sunt,sicipsi
3516 3110 3572 3164 in
3597 3118 3766 3165 mente

541 3188 720 3274 Mittat
755 3220 847 3273 tibi
877 3188 1149 3275 auxilium.
1176 3219 1241 3274 de
1269 3227 1469 3274 sancto.
1506 3219 1608 3288 Qui
1651 3219 1881 3275 formam
1928 3218 2072 3276 servi
2100 3188 2149 3253 ο
2178 3209 2285 3266 huc
2310 3209 2542 3280 illucque
2569 3207 2906 3264 discurrunt.
2961 3206 3069 3262 Per
3097 3220 3288 3276 equos,
3314 3205 3562 3276 superbi,
3594 3215 3648 3261 et
3673 3204 3764 3273 ipsi

467 3320 775 3383 acceperat,
810 3320 959 3367 recte
986 3313 1035 3367 ei
1066 3311 1222 3382 quasi
1273 3311 1477 3367 homini
1529 3311 1866 3382 imprecatur
1923 3313 2074 3368 ausi-

469 3407 621 3462 lium.
670 3403 843 3460 Mittat
870 3403 958 3459 tibi
982 3403 1233 3459 auxilium
1262 3404 1323 3459 tle
1370 3415 1547 3461 sancto
1568 3420 1587 3459 :
1618 3404 1719 3460 hoc
1742 3417 1858 3474 est,
1890 3406 1957 3461 de
1982 3421 2076 3463 se-

472 3500 704 3569 metipso
724 3541 739 3566 ,
759 3498 886 3569 quia
931 3499 1018 3552 illa
1051 3496 1310 3554 divinitas
1336 3497 1389 3554 in
1439 3500 1557 3569 ipso
1582 3513 1813 3571 corpore
1840 3513 1978 3555 erat.
2006 3499 2075 3554 Et

469 3593 531 3647 de
563 3593 693 3649 Sion
722 3591 963 3664 suscipiat
991 3600 1077 3646 te:
1112 3591 1222 3647 lloc
1255 3600 1359 3658 est,
1400 3591 1467 3648 de
1500 3592 1744 3648 Ecclesia
1779 3593 1893 3663 ipsa
1914 3590 2072 3663 Sion,

471 3701 592 3756 quae
616 3693 670 3741 et
690 3684 933 3740 Ecclesia
958 3725 974 3749 ,
1001 3692 1057 3739 et
1082 3685 1195 3755 ipse
1226 3685 1386 3740 estin
1420 3684 1681 3742 Ecclesia.

543 3776 741 3832 Memor
766 3777 831 3831 sit
874 3775 1129 3831 Dominus
1159 3777 1325 3831 omnis
1348 3777 1594 3849 sacriﬁcii
1620 3781 1716 3835 tui.
1755 3780 1859 3837 Hoc
1885 3791 1989 3846 est,
2023 3789 2082 3837 ut

470 3871 709 3929 redimat
739 3886 832 3944 per
864 3873 1171 3942 passionem
1202 3887 1375 3927 suam.
1406 3875 1539 3943 Quin
1570 3871 1819 3931 Christus
1852 3876 1967 3944 ipse
1997 3884 2081 3931 est

470 3982 590 4032 res,
631 3976 686 4021 et
725 3964 1003 4032 sacerdos,
1035 3976 1090 4020 ct
1129 3963 1351 4021 hostia:
1391 3966 1518 4037 quia
1572 3968 1928 4039 semetipsum
1985 3970 2082 4026 ob~

472 4057 592 4112 tulit
623 4056 677 4112 in
719 4055 976 4126 passione
1002 4098 1016 4123 ,
1067 4057 1195 4127 quia
1237 4072 1335 4128 pro
1366 4057 1521 4113 nobis
1567 4061 1885 4130 sanguinem
1923 4076 2081 4117 suum

471 4150 641 4206 dedit.
682 4149 1057 4205 Holoeaustum
1087 4160 1233 4204 tuum
1258 4153 1448 4224 pingue
1467 4154 1585 4223 ﬁat,
1617 4154 1667 4208 id
1698 4167 1806 4221 est,
1836 4163 2084 4226 accepta-

474 4246 584 4303 bile
611 4245 678 4301 sit
704 4246 835 4301 Deo.
853 4245 1237 4302 Holocaustnm
1258 4255 1342 4301 cst
1366 4256 1532 4302 totum
1552 4249 1890 4304 combustum
1920 4268 1932 4305 :
1957 4250 2087 4321 quia

473 4336 737 4394 Christus
777 4354 901 4394 cum
933 4354 1165 4410 corpore
1194 4349 1250 4394 et
1278 4339 1457 4395 anima
1489 4342 1736 4397 ascendit
1756 4344 1808 4397 in
1838 4357 2082 4398 crucem.

475 4432 678 4487 Omnes
728 4432 969 4487 victimae
1012 4440 1150 4499 tute,
1200 4433 1529 4490 sacriﬁcium
1571 4435 1769 4492 Llil‘lSll
1809 4447 1929 4501 est,
1971 4437 2084 4493 sive

474 4523 619 4596 quod
654 4524 702 4578 ci
731 4540 921 4579 omnes
947 4523 1224 4580 offerimus
1255 4524 1602 4596 deprecando
1626 4546 1640 4581 :
1669 4529 1785 4584 sive
1812 4528 1954 4599 quod
1983 4544 2082 4601 pro

474 4618 728 4674 omnibus
757 4634 917 4674 suum
948 4618 1064 4689 ipse
1091 4621 1411 4692 sanguinem
1436 4621 1595 4679 ludit.
1628 4623 1697 4679 Et
1724 4634 1806 4680 est
1843 4639 2035 4680 sensus
2061 4641 2077 4677 :

476 4713 556 4769 Ne
604 4713 825 4784 patiaris
864 4727 1193 4785 quemquam
1242 4715 1424 4785 perire
1453 4759 1469 4785 ,
1509 4733 1632 4773 cum
1679 4733 1778 4788 pro
1823 4720 2078 4775 UllllllDllS

476 4815 730 4860 mortuus
769 4805 876 4874 sis,
922 4813 978 4860 et
1024 4820 1239 4862 omnem
1281 4808 1612 4866 voluntatem
1660 4823 1804 4866 tuam
1858 4813 2080 4882 impleat

473 4898 654 4954 Pater.
689 4896 843 4954 Unde
870 4897 945 4951 ait
976 4915 990 4952 :
1024 4897 1157 4953 Volo
1202 4909 1259 4954 ut
1290 4902 1565 4972 quomodo
1600 4919 1700 4976 ego
1728 4915 1784 4961 et
1821 4914 1878 4961 tu
1912 4923 2076 4969 unum

468 5007 678 5060 sumus,
711 4992 788 5046 sic
818 5003 872 5047 et
902 4991 987 5046 isti
1019 4990 1071 5046 in
1100 4993 1258 5048 nobis
1288 5011 1453 5050 unum
1486 4997 1614 5053 sint.
1637 4997 1818 5072 (Joan.
1850 5002 2003 5075 xvn).

548 5081 763 5137 Tribuat
801 5081 893 5135 tibi
931 5081 1181 5137 Dominus
1224 5086 1503 5140 secundum
1542 5106 1629 5144 cor
1676 5100 1843 5160 tuum,
1876 5094 1929 5150 id
1968 5106 2071 5167 est,

477 5177 592 5231 sive
617 5191 716 5246 pro
740 5176 1076 5232 humanitate
1098 5178 1275 5233 carnis
1306 5178 1531 5253 Christi,
1581 5185 1696 5241 sive
1727 5203 1826 5258 pro
1848 5204 2077 5260 corpore

477 5285 597 5335 suo,
628 5270 727 5323 hoc
758 5279 862 5339 est,
890 5269 1156 5337 Ecc?esia,
1189 5283 1244 5328 ut
1274 5276 1592 5333 exaudiatur
1620 5291 1791 5351 Optat.
1821 5284 1890 5339 Et
1929 5302 2078 5341 omne

471 5361 747 5416 consilium
775 5372 921 5417 tuum
945 5364 1307 5433 ronﬁrntet.'id
1329 5377 1433 5439 est,
1461 5374 1749 5429 consilium
1770 5375 2071 5436 Trinitatis.

545 5453 860 5511 [sanabimur
881 5456 936 5509 in
966 5457 1185 5511 salutari
1225 5468 1330 5515 tuo.
1369 5462 1481 5517 Vox
1520 5462 1779 5522 Ecclesia:
1810 5486 1823 5522 :
1849 5470 1899 5523 in
1933 5471 2078 5526 salu-

473 5556 581 5605 tem
610 5565 769 5619 quam
792 5549 988 5609 dedisti
1021 5551 1293 5621 patiendo.
1325 5555 1395 5610 Et
1420 5558 1475 5611 in
1500 5561 1706 5615 nomine
1737 5559 1947 5618 Domini
1974 5563 2079 5622 Dei

471 5642 634 5697 nosfri
657 5642 1101 5713 magniﬁcabimur
1133 5664 1146 5701 :
1174 5645 1290 5704 Non
1321 5649 1373 5704 in
1400 5651 1575 5718 nobis,
1607 5655 1699 5708 sed
1728 5656 1780 5709 in
1812 5656 1927 5726 illo,
1952 5660 2073 5727 quia

474 5739 526 5792 in
552 5736 794 5793 Ecclesia
823 5736 878 5791 in
911 5746 1000 5792 tuo
1024 5754 1214 5797 sumus
1244 5746 1465 5803 nomine
1494 5754 1829 5819 congregati.

546 5826 770 5900 Impleat
797 5827 1047 5885 Dominus
1073 5848 1245 5888 omnes
1277 5837 1542 5906 petitiones
1578 5851 1712 5898 tuas.
1759 5842 1937 5917 Usque
1967 5846 2073 5906 huc

2177 3312 2301 3360 sunt
2325 3301 2529 3372 cupidi.
2589 3301 2702 3356 Nos
2724 3311 2899 3355 autem
2921 3301 2981 3355 in
3007 3301 3213 3353 nomine
3246 3297 3458 3353 Domini
3485 3296 3589 3354 Dei
3616 3295 3770 3352 nostri

2174 3394 2522 3450 incumbimus
2552 3410 2568 3448 :
2592 3410 2698 3449 non
2729 3393 2782 3448 in
2814 3392 2899 3448 bis
2921 3406 3087 3464 supra
3109 3392 3268 3448 dictis
3296 3431 3311 3457 ,
3343 3390 3441 3447 sed
3468 3390 3527 3447 in
3566 3389 3771 3446 nomine

2180 3486 2418 3542 Domini.

2252 3578 2277 3632 Ι
2286 3580 2365 3649 psi
2379 3578 2593 3650 obligati
2609 3588 2752 3645 sunt,
2771 3585 2820 3632 et
2833 3578 3130 3633 ceciderunt
3145 3594 3163 3632 :
3177 3577 3270 3649 qui
3288 3577 3541 3634 vitiorum
3565 3577 3770 3634 funibus

2179 3671 2330 3743 ligati
2357 3679 2484 3728 sunt
2507 3681 2561 3728 et
2589 3672 2645 3727 in
2667 3672 2950 3742 superiora
2974 3685 3086 3726 non
3112 3672 3296 3726 valent
3324 3671 3648 3738 ascendere,
3681 3667 3769 3725 sed

2181 3765 2381 3822 cadent
2419 3776 2476 3821 ut
2513 3766 2648 3822 illud
2679 3784 2690 3818 :
2727 3765 2793 3821 Et
2823 3765 3075 3821 abierunt
3108 3771 3439 3830 retrorsum,
3484 3776 3539 3821 et
3571 3767 3774 3821 cet-ida

2183 3866 2308 3912 runt
2339 3855 2517 3928 (Joan.
2556 3858 2736 3928 xvm).
2784 3856 2896 3913 Nos
2920 3874 3037 3912 vero
3089 3859 3471 3914 “surreximus
3524 3867 3575 3914 et
3629 3858 3774 3913 erecti

2181 3966 2379 4005 sumus.
2432 3948 2829 4007 Resutreximus
2873 3950 2941 4006 ab
2980 3949 3298 4008 inﬁdelitate
3340 3970 3353 4005 :

2184 4057 2281 4113 per
2302 4041 2463 4099 ﬁdem
2497 4060 2509 4098 :
2534 4044 2658 4113 quia
2688 4041 2924 4101 tortuosi
2947 4042 3150 4099 luimus
3173 4044 3229 4100 in
3258 4044 3523 4115 peccatis.

2244 4131 2482 4201 Domine,
2500 4135 2700 4190 saluum
2728 4138 2814 4207 foe
2840 4152 3009 4208 regem
3034 4153 3045 4188 :
3072 4145 3119 4190 et
3147 4136 3340 4193 exaudi
3366 4155 3463 4192 nos
3493 4138 3547 4192 in
3578 4138 3664 4192 die
3681 4151 3777 4205 qua

2182 4227 2587 4284 invocaverimus
2618 4239 2685 4285 te.
2727 4228 2947 4285 Salvum
2975 4233 3058 4301 [ac
3098 4247 3309 4303 regem:
3337 4232 3447 4287 hoc
3480 4241 3583 4296 est,
3629 4231 3775 4285 Chr-id

2182 4327 2348 4387 stum,
2381 4335 2480 4388 pro
2501 4330 2653 4391 parte
2672 4319 2873 4379 carni's.
2906 4320 2972 4377 Et
2992 4324 3181 4393 modi
3207 4340 3320 4381 nos.
3345 4326 3521 4395 Rogat
3538 4322 3777 4381 Ecclesia

2184 4422 2245 4469 ut
2279 4414 2602 4470 exaudiatur
2640 4425 2889 4489 tempore
2929 4427 3258 4487 opportuno.
3300 4417 3540 4485 Domine,
3586 4419 3775 4473 satius

2184 4510 2270 4577 [ae
2298 4523 2489 4579 regem,
2521 4519 2568 4563 et
2589 4508 2782 4565 exaudi
2812 4525 2904 4565 nos
2932 4511 2989 4564 in
3016 4510 3101 4564 die
3128 4528 3232 4581 qua
3269 4512 3679 4568 invocaverimus
3708 4521 3771 4563 te.

2184 4598 2241 4655 In
2271 4600 2503 4656 Hebraeo
2532 4601 2602 4657 ita
2634 4602 2892 4672 scriptum
2926 4613 3007 4659 est
3039 4621 3051 4657 :
3086 4601 3329 4669 Domine,
3354 4606 3549 4660 salvum
3580 4605 3668 4673 {ac
3694 4617 3773 4654 re-

2180 4708 2293 4765 gem
2328 4708 2347 4748 :
2373 4695 2461 4766 qui
2490 4696 2734 4749 exaudiat
2766 4711 2862 4750 nos
2900 4698 2957 4750 in
2987 4712 3308 4770 quacumque
3338 4698 3423 4753 die
3460 4694 3775 4752 invocaveri-

2181 4804 2293 4842 mus
2326 4796 2391 4842 te.

2743 4900 3062 4960 PSALMUS
3092 4901 3211 4958 XX.

2255 5012 2493 5084 Domine,
2513 5016 2565 5070 in
2585 5015 2891 5086 fortitudine
2911 5026 2996 5071 tua
3016 5016 3277 5073 [relabitur
3294 5033 3405 5073 rex.
3434 5016 3531 5073 lste
3553 5026 3637 5072 est
3662 5031 3772 5081 res,

2182 5108 2268 5162 cui
2301 5109 2434 5162 etin
2457 5109 2721 5178 superiori
2777 5109 2983 5180 psalmo
3035 5110 3327 5165 secundum
3379 5110 3605 5164 furinum
3639 5105 3773 5163 servi

2179 5208 2368 5257 oratur
2386 5203 2556 5257 salus.
2596 5200 2849 5259 Christus
2869 5219 2965 5259 rex
2986 5218 3172 5276 regum
3189 5245 3204 5271 ,
3229 5213 3284 5260 et
3306 5204 3566 5260 Dominus
3596 5203 3770 5257 domi-

2182 5298 2448 5351 nantium.
2481 5296 2550 5351 Et
2574 5314 2733 5365 super
2754 5297 2978 5352 salutari
3004 5307 3093 5353 tuo
3117 5298 3394 5353 exsultabit
3414 5296 3726 5351 vehernenter
3747 5304 3769 5347 .'

2183 5390 2235 5443 id
2269 5399 2354 5445 est
2395 5391 2538 5446 ineo
2564 5391 2707 5461 quod
2740 5392 2959 5447 salvasti
2988 5392 3240 5448 homines
3270 5411 3283 5447 :
3313 5392 3477 5448 Filius
3523 5396 3656 5443 tuus
3682 5385 3769 5456 qui

2178 5481 2434 5537 Salvator
2463 5494 2570 5549 εει,
2600 5484 2911 5540 exsultabit.

2248 5573 2578 5631 Desiderium
2599 5576 2770 5631 cordis
2799 5581 2910 5645 ejus
2931 5572 3117 5626 dedisti
3141 5572 3187 5626 ei
3209 5587 3228 5626 :
3247 5582 3293 5625 et
3317 5572 3576 5627 voluntate
3604 5572 3768 5627 labio-

2175 5683 2289 5719 rum
2311 5667 2423 5735 ejus
2448 5680 2552 5718 non
2581 5664 2844 5733 fruudasti
2869 5679 3003 5717 eum.
3052 5661 3175 5720 Jam
3217 5665 3420 5735 quippe
3442 5679 3542 5720 non
3581 5681 3765 5720 sumus

2176 5756 2342 5823 servi,
2378 5756 2475 5813 sed
2505 5757 2687 5813 amici.
2719 5755 2873 5822 Quod
2905 5756 3115 5826 petivit,
3150 5756 3425 5826 expletum
3467 5765 3571 5812 est.
3621 5757 3760 5825 Quo-

2179 5850 2339 5909 modo
2369 5850 2490 5920 ipse
2518 5858 2575 5908 et
2598 5850 2759 5908 Pater
2783 5865 2950 5907 unum
2999 5859 3125 5907 sunt
3147 5891 3162 5919 ,
3199 5849 3278 5908 sic
3307 5859 3363 5909 et
3410 5864 3499 5909 nos
3530 5849 3587 5905 in
3648 5853 3765 5923 ipso

3403 3954 3561 4007 erecti
3607 3967 3775 4006 suum
3850 4020 3855 4023 _
