3944 6334
208 388 295 447 877

1140 376 1568 438 BHEVIARIUM
1607 377 1674 434 IN
1717 376 2053 438 PSALMOS.
2099 380 2344 440 PSALM.
2386 378 2509 439 XX.

3374 389 3479 445 ΠΒ

206 517 344 560 unum
369 514 579 557 sumus.
609 498 708 557 Vel
737 498 893 555 aliter
929 514 941 550 :
970 495 1305 553 Desideria»:
1326 499 1515 552 animae
1540 500 1655 571 ejus
1677 495 1769 551 tri-
1803 500 1856 559 Α
1879 502 1954 554 tul
1990 518 2000 553 :
2027 500 2083 557 in
2112 501 2309 558 bonam
2336 506 2541 572 partem
2565 541 2580 567 ,
2614 511 2676 557 ut
2694 502 3086 559 comburantur
3115 502 3328 559 illorum
3357 518 3483 574 pee-

204 595 340 653 buisti
365 595 436 651 ei.
469 592 809 651 Desideravit
838 591 1004 648 Filius
1032 591 1128 648 Dei
1152 599 1213 647 ut
1240 590 1452 647 veniret
1478 604 1647 662 genus
1679 588 1779 645 hu-

202 702 397 750 manum
423 687 715 745 redimere.
743 686 898 744 Unde
934 686 1071 743 dixit
1099 706 1110 742 :
1144 686 1424 742 Desiderio
1474 684 1776 742 desideravi

1882 602 2021 648 cata.
2071 591 2223 649 Sicut
2273 593 2516 650 clibanus
2556 593 2887 651 intrinsecus
2934 594 3126 663 ardet,
3160 595 3238 653 sie
3268 596 3483 653 illorum

1885 686 2219 743 conscientia
2242 688 2572 744 intrinsecus
2606 684 2841 755 ardebit,
2868 703 2934 745 eo
2956 689 3100 760 quod
3112 689 3252 746 bona
3276 705 3381 747 non
3410 691 3486 747 le-

201 776 290 841 hoc
312 780 507 855 pascha
536 780 869 838 manducare
892 778 1172 835 vobiscum
1193 822 1208 847 ,
1240 787 1530 851 antequam
1576 777 1780 833 moriar
1882 787 2093 834 cerunt.
2122 776 2361 845 Domine,
2384 781 2440 836 in
2456 780 2536 835 ira
2558 782 2891 836 conturbabit
2905 794 3017 836 eos.
3043 780 3113 836 Et
3134 782 3225 839 hic
3242 784 3453 839 clemen
3469 814 3487 823 -

205 877 338 949 (Luc.
366 872 533 944 χιιι).
558 872 628 929 Et
650 874 913 929 voluntate
940 870 1195 928 labiorum
1243 874 1359 945 ejus
1389 886 1492 926 non
1522 867 1782 942 fraudasti

1889 874 1956 928 tia
1984 873 2079 931 Dei
2120 890 2224 931 non
2256 876 2431 946 punit,
2484 876 2577 932 sed
2632 876 2833 945 turbat,
2884 886 2942 931 ut
2986 872 3054 932 ad
3104 878 3478 948 paenitentiam

200 984 317 1027 ειιιιι.
338 964 408 1024 Et
429 967 533 1023 hoc
563 974 648 1023 est
669 965 889 1038 quando
916 963 1182 1022 Dominus
1200 962 1359 1021 dixit:
1382 962 1577 1021 Pacem
1602 974 1779 1018 meam
1883 976 2291 1024 convertantur.
2325 967 2600 1025 Devorabt‘t
2630 985 2718 1027 eos
2762 969 2897 1041 ignis
2928 1008 2941 1025 .
2988 986 3017 1025 a
3041 969 3249 1041 Spiritu
3291 980 3483 1028 sancto

197 1062 256 1119 do
277 1059 428 1116 vobis
460 1078 472 1114 :
506 1074 691 1129 pacem
714 1072 890 1115 meum
919 1059 1168 1129 relinQuo
1188 1056 1342 1114 vobis
1372 1054 1555 1130 (Joan.
1574 1056 1709 1125 xw).

257 1155 509 1222 Quoniam
546 1152 835 1225 prtcvenisti
872 1166 989 1206 eum
1023 1151 1075 1205 in
1121 1148 1553 1205 benedictionibus
1605 1144 1782 1200 dulce-

1887 1059 2106 1115 illorum
2131 1068 2373 1132 peccata.
2408 1060 2699 1118 Devorabit
2729 1061 2870 1133 ignis
2906 1062 2960 1117 in
3004 1071 3255 1136 tempore
3300 1064 3487 1120 vultus

1889 1151 1984 1210 Del
2015 1194 2030 1217 ,
2059 1166 2183 1209 eum
2221 1155 2432 1211 venerit
2448 1152 2697 1225 judicare
2740 1154 3023 1213 mundum.

195 1249 329 1304 diuit.
366 1246 482 1303 [ioc
509 1254 592 1303 est
614 1261 644 1301 a
670 1249 848 1317 longe,
877 1245 1095 1317 quando
1123 1241 1480 1301 Melchisedee
1508 1238 1772 1296 benedixit

1885 1277 1893 1287 -
1962 1247 2217 1305 Fructum
2242 1265 2423 1306 eorum
2451 1249 2516 1304 de
2542 1260 2680 1306 terra
2707 1246 2890 1322 perdes
2920 1267 2942 1308 :
2972 1248 3024 1308 id
3050 1261 3157 1321 est,
3181 1249 3331 1321 ipsos
3358 1268 3484 1323 per-

193 1330 447 1398 Abrahatn
477 1332 689 1411 (Cenes.
727 1336 860 1408 xlv).
899 1336 967 1393 Et
1011 1335 1209 1393 deinde
1236 1340 1499 1405 quotquot
1531 1331 1780 1387 benedic

192 1435 345 1492 tiones
374 1433 430 1489 in
449 1429 777 1504 patriarehis
809 1446 982 1501 usque
1000 1429 1071 1485 ad
1093 1428 1385 1485 adventum
1414 1425 1612 1483 Christi
1664 1423 1783 1478 lue-

191 1537 326 1592 runt,
359 1523 613 1582 Christus
637 1525 689 1580 in
720 1525 851 1595 ipsis
870 1522 1192 1580 benedictus
1220 1531 1322 1577 est.
1355 1519 1615 1586 Quoniam
1644 1530 1784 1589 prte-

187 1620 352 1678 ttcttisti
381 1634 500 1676 eum
524 1633 545 1675 :
578 1618 679 1673 hoc
707 1624 935 1674 estante
958 1614 1224 1687 praevenit
1246 1626 1370 1669 eum
1416 1611 1474 1667 in
1526 1607 1786 1664 benedic-

190 1713 414 1770 tionibus
462 1706 765 1768 dulcedinis
792 1753 807 1778 ,
850 1720 1010 1781 quam
1042 1722 1069 1760 a
1102 1698 1303 1764 Iudaeis
1350 1704 1425 1761 fel
1470 1709 1783 1774 porrectum

188 1815 445 1879 gustasset
475 1824 487 1859 :
515 1806 644 1877 quia
673 1810 832 1859 antea
858 1817 981 1857 cum
1014 1802 1130 1855 istac
1168 1798 1585 1855 benedictlunes
1616 1804 1785 1849 vene-

1886 1341 2005 1406 des,
2028 1342 2117 1397 vel
2146 1354 2314 1413 opera
2348 1346 2590 1411 ipsorum
2613 1344 2683 1400 de
2703 1352 2891 1401 sancta
2922 1344 3192 1401 Ecclesia.
3228 1344 3295 1400 Et
3315 1361 3487 1401 come-

1888 1436 1973 1490 det
2004 1452 2091 1491 eos
2120 1436 2276 1508 ignis.
2300 1434 2409 1493 lste
2442 1436 2581 1509 ignis
2609 1447 2693 1494 est
2723 1436 2791 1494 de
2810 1450 2919 1509 quo
2946 1437 3207 1494 Dominus
3231 1437 3286 1493 in
3309 1437 3485 1496 Evan-

1888 1528 2035 1600 gelio
2083 1530 2159 1585 ait
2190 1548 2204 1584 :
2230 1530 2411 1602 Ignem
2443 1526 2568 1587 veni
2618 1532 2834 1588 mittere
2874 1532 2929 1589 in
2978 1541 3183 1589 terram
3208 1573 3224 1600 ,
3270 1532 3484 1601 etquid

1888 1623 2016 1679 volo
2047 1623 2145 1679 nisi
2197 1633 2253 1678 ut
2301 1624 2490 1680 ardeat
2515 1624 2534 1696 (
2563 1624 2692 1681 Luc.
2725 1641 2801 1681 xu
2824 1624 2843 1695 )
2866 1625 2888 1679 τ
2914 1624 2988 1680 De
3019 1624 3122 1681 hoc
3150 1624 3274 1695 igne
3299 1633 3354 1682 et
3376 1625 3486 1679 duo

1891 1712 2087 1785 quibus
2116 1714 2171 1771 in
2202 1712 2397 1774 itinere
2422 1714 2737 1788 Scripturas
2765 1717 3019 1774 Salvator
3061 1717 3306 1790 aperuit,
3335 1716 3486 1773 dice-

1891 1804 2025 1861 bant
2054 1820 2067 1860 :
2099 1806 2292 1864 Nonne
2320 1822 2417 1865 cor
2452 1818 2703 1865 nostrum
2738 1808 2938 1865 ardens
2967 1815 3085 1867 erat
3123 1810 3178 1866 in
3204 1813 3294 1866 via
3316 1851 3330 1876 ,
3362 1826 3483 1865 cum

186 1908 315 1956 runt.
338 1892 596 1956 Gustavit
617 1887 1775 1965 etuoluitbibere(ﬂantum).Gustavit,
1811 1890 1852 1947 ll
1882 1899 2122 1967 aperiret
2147 1900 2303 1956 nobis
2330 1901 2653 1972 Scripturas
2674 1903 2693 1973 (
2718 1900 2855 1957 Ibid.
2889 1914 3017 1958 xxiv
3037 1899 3086 1972 )?
3110 1900 3176 1956 Et
3196 1918 3367 1958 semen
3393 1888 3485 1958 έο-

184 1992 294 2065 quia
320 1990 394 2048 de
419 1998 596 2046 morte
624 2000 816 2044 nostra
854 1987 1112 2057 suscepit.
1157 1984 1340 2040 Noluit
1392 1982 1621 2038 bibere:
1657 1978 1783 2048 quia

184 2084 261 2141 die
288 2083 444 2140 tertia
469 2081 785 2138 resurrexit.
818 2078 999 2135 Noluit
1025 2078 1215 2135 bibere
1240 2094 1251 2131 :
1275 2077 1379 2133 hoc
1402 2086 1508 2142 est,
1532 2089 1639 2130 non
1664 2084 1787 2142 pcr-

182 2177 363 2232 mansit
392 2176 446 2231 in
470 2184 668 2230 morte.
705 2172 933 2228 Posuisti
951 2188 1108 2244 super
1136 2172 1423 2243 caputejus
1451 2181 1694 2222 coronam
1720 2164 1786 2219 de

185 2269 341 2340 lapide
370 2271 621 2341 pretioso.
651 2265 866 2323 Corona
890 2266 982 2320 Dei
1012 2283 1024 2317 :
1050 2263 1291 2319 Ecclesia
1319 2278 1386 2318 ex
1419 2260 1585 2315 variis
1613 2258 1786 2328 genti-

183 2361 273 2417 bus
319 2361 674 2434 cungrcgatio
716 2366 818 2414 est.
873 2359 948 2412 Dc
996 2372 1104 2429 qua
1156 2355 1351 2411 Paulus
1399 2353 1500 2407 sub
1541 2363 1771 2422 persona

178 2451 504 2511 credentium
528 2456 605 2508 ait
633 2470 645 2505 :
670 2451 935 2509 Gaudium
950 2458 1004 2505 et
1025 2462 1225 2506 corona
1253 2460 1368 2503 utea
1384 2444 1643 2517 (Philipp.
1679 2439 1779 2512 tv).

244 2544 413 2600 Vitam
447 2546 593 2615 petiit
619 2591 634 2616 ,
665 2554 713 2599 et
744 2544 932 2600 dedisti
960 2545 1029 2599 ei.
1067 2544 1134 2598 Ut
1167 2542 1332 2596 homo
1360 2546 1610 2595 mortuus
1643 2545 1730 2591 est
1758 2580 1771 2604 ,

175 2645 228 2694 ut
246 2636 412 2693 homo
438 2639 739 2694 resurrexit
767 2655 778 2691 :
807 2638 949 2692 Deus
972 2637 1169 2707 quippe
1191 2635 1355 2689 vitam
1372 2633 1649 2703 postulare
1675 2645 1782 2684 non

173 2734 355 2803 potuit.
384 2731 783 2805 Longituth
810 2733 1009 2786 dierum
1028 2732 1080 2785 in
1104 2729 1352 2786 seculum
1380 2727 1577 2782 strculi.
1614 2721 1784 2794 Impia

174 2834 441 2898 synagoga
473 2825 921 2894 conticeat.Quis
948 2824 1226 2879 hominum
1257 2824 1389 2877 vivit
1410 2823 1461 2877 iu
1495 2818 1779 2886 saeculum,

166 2924 221 2974 et
248 2916 302 2974 in
342 2917 605 2973 saeculum
637 2918 868 2973 saeculi?
916 2917 1082 2972 David
1123 2924 1178 2972 et
1218 2914 1478 2973 women
1512 2926 1619 2967 non
1668 2926 1785 2965 atu-

169 3010 300 3081 plius
325 3026 494 3084 quam
524 3008 885 3084 quadragenis
915 3014 1073 3065 annis
1111 3017 1498 3082 regnaverunt.

234 3103 430 3178 Magna
452 3114 527 3159 est
551 3104 722 3176 gloria
741 3106 853 3177 ejus
879 3104 934 3158 in
960 3104 1180 3158 salutari
1206 3113 1311 3158 tuo.
1366 3104 1652 3172 Impletum
1692 3115 1779 3162 est

169 3196 303 3269 quod
330 3198 525 3270 ipsein
554 3197 846 3269 Evangelia
867 3196 1158 3268 postulavit
1188 3197 1657 3268 :Pater,glorillcu
1687 3214 1778 3255 me

1887 2002 2004 2047 runt
2034 2009 2065 2046 a
2091 1992 2217 2063 ﬁliis
2242 1992 2528 2048 bantinum.
2561 1994 2770 2061 Semen,
2805 1992 2859 2050 id
2886 1998 2991 2060 est,
3021 1992 3165 2052 ﬁlios
3202 1996 3293 2066 qui
3314 2010 3484 2067 gene-

1888 2087 1989 2140 rati
2012 2092 2141 2141 suut
2166 2086 2217 2140 in
2251 2083 2389 2142 mala
2414 2082 2683 2145 doctrina.
2713 2089 2758 2143 A
2786 2084 2915 2158 [iliis
2938 2086 3205 2143 hominum
3240 2107 3252 2142 :
3284 2087 3335 2143 id
3364 2097 3476 2154 est,

1889 2190 1917 2231 a
1950 2179 2232 2234 consortio
2262 2176 2531 2235 bonorum
2572 2179 2768 2249 perdes
2800 2180 2944 2236 illos.

1963 2268 2221 2337 Quoniam
2242 2270 2637 2326 declinaverunt
2660 2272 2714 2326 in
2743 2283 2789 2326 te
2814 2269 2974 2326 mala.
3018 2270 3192 2330 ιιιόωί
3222 2274 3368 2345 quod
3393 2288 3484 2330 Stt-

1890 2376 1986 2433 per
2015 2376 2073 2417 se
2100 2374 2201 2431 per
2226 2355 2429 2430 justam
2464 2360 2761 2419 vindictam
2795 2362 3045 2436 recipere
3069 2363 3403 2433 debuerant,
3433 2368 3485 2421 in

1886 2452 2163 2511 Christum
2212 2452 2668 2521 declinaverunt,
2722 2455 2940 2525 quando
2988 2455 3293 2523 dixerunt,
3341 2458 3485 2529 quod

1888 2546 2085 2619 dignus
2112 2558 2232 2603 erat
2256 2556 2449 2615 morte,
2476 2562 2529 2603 et
2556 2547 2776 2617 expedit
2796 2555 2853 2603 ut
2873 2564 3011 2602 unus
3031 2547 3297 2604 moriatur
3320 2564 3483 2620 quam

1889 2651 1946 2697 ut
1986 2649 2094 2697 tota
2141 2656 2272 2711 gens
2301 2650 2484 2711 pereat
2518 2637 2713 2715 (Joan.
2743 2657 2795 2696 ιιι
2824 2639 2865 2714 ).
2911 2638 3281 2713 ﬂagitaverunt
3320 2644 3491 2697 consi-

1888 2733 2013 2787 lium
2040 2732 2178 2799 quod
2207 2748 2309 2788 non
2349 2743 2624 2806 potuerunt
2658 2734 2888 2789 stabilire
2918 2750 2936 2788 :
2966 2734 3183 2807 quando
3226 2735 3482 2791 dixerunt

1889 2824 1956 2880 ad
1985 2823 2218 2880 Pilatum
2254 2843 2266 2879 :
2302 2825 2553 2894 Detuiue,
2584 2824 2863 2882 recordati
2893 2840 3099 2893 sumus,
3119 2827 3264 2899 quod
3289 2829 3487 2884 seduc-

1892 2926 1976 2971 tor
2004 2912 2096 2971 iile
2123 2916 2259 2972 dixit
2289 2917 2466 2974 adhuc
2494 2918 2702 2981 vivens,
2728 2927 2853 2990 post
2877 2919 3024 2975 diem
3057 2921 3278 2977 tertium
3305 2938 3493 2977 resur-

1889 3022 2030 3080 gam.
2075 3010 2213 3066 Jtthe
2243 3025 2371 3081 ergo
2396 3009 2661 3066 custodiri
2695 3013 3008 3081 sepulcrum
3042 3028 3213 3086 usque
3242 3013 3309 3070 ad
3339 3014 3484 3070 diem

1890 3105 2134 3160 tertium.
2167 3100 2235 3159 At
2266 3104 2358 3160 ille
2398 3122 2413 3160 :
2450 3104 2669 3160 Ilabctis
2701 3105 2999 3161 custodiant
3038 3123 3053 3162 :
3082 3107 3186 3174 ite,
3211 3108 3482 3164 custodite

1888 3199 2027 3254 sicut
2054 3198 2227 3254 scitis.
2265 3199 2329 3254 Et
2358 3208 2546 3270 postea
2579 3210 2874 3271 posuerunt
2908 3199 3119 3271 sigilla;
3150 3201 3244 3257 sed
3272 3203 3476 3257 mortui

170 3284 309 3364 apud
336 3294 687 3363 temetipsum
713 3289 891 3361 (Joan.
928 3306 1051 3358 xm,
1076 3294 1233 3361 xvu).
1277 3290 1472 3365 Magna
1497 3301 1572 3346 est
1605 3292 1776 3363 gloria
1800 3282 1850 3347 C
1882 3303 2073 3350 tenere
2113 3294 2390 3351 viventem
2424 3308 2531 3349 non
2568 3296 2901 3367 potuerunt(
2932 3290 3085 3350 Matt.
3117 3311 3263 3352 xxvtt
3286 3296 3330 3368 ).
3370 3295 3481 3351 Rc-

168 3390 271 3458 rju
288 3388 342 3442 in
366 3386 589 3441 salutari
616 3394 736 3441 tuo:
763 3400 825 3441 ac
844 3385 892 3440 si
918 3386 1091 3441 dicat:
1108 3384 1305 3459 Magna
1330 3396 1403 3440 est
1421 3387 1589 3461 gloria
1621 3388 1733 3459 ejus
1764 3422 1782 3461 .-

166 3488 416 3551 magnitm
446 3486 534 3535 est
562 3476 841 3535 hominem
869 3487 1207 3548 assumptum
1237 3492 1360 3535 esse
1388 3479 1455 3533 ad
1483 3477 1763 3536 dexteram

1888 3387 2147 3455 surrexit,
2177 3384 2321 3459 quod
2352 3388 2426 3443 illi
2462 3404 2561 3444 nec
2594 3388 2882 3443 voluerunt
2911 3431 2922 3451 ,
2970 3403 3072 3445 nec
3101 3388 3477 3446 crediderunt.

1882 3480 2038 3537 Tunc
2066 3496 2171 3535 non
2208 3488 2507 3551 potuerunt
2538 3481 2787 3537 stabilire
2831 3481 3121 3538 consilium
3151 3482 3295 3555 quod
3326 3484 3480 3555 cogi-

164 3568 257 3631 Dei
286 3574 483 3631 Patris.
505 3572 745 3629 Gloriam
768 3584 814 3627 et
844 3587 1088 3647 magnum
1108 3576 1343 3629 decorem
1366 3573 1599 3643 importes
1626 3589 1782 3645 super
1885 3581 1936 3627 ta
1948 3583 2159 3629 verunt.

164 3681 277 3721 cum
298 3684 318 3733 ;
349 3667 577 3739 gloriam
607 3666 1067 3731 resurrectionis;
1108 3664 1345 3719 decorem
1375 3707 1388 3728 ,
1451 3665 1670 3735 quando
1722 3666 1776 3721 in

162 3768 347 3815 mente
399 3755 741 3830 resplenduit
787 3757 952 3814 facies
995 3756 1117 3828 ejus
1142 3756 1282 3812 sicut
1320 3756 1444 3825 sol,
1494 3766 1553 3813 et
1606 3757 1777 3813 vesti-

165 3858 343 3905 menta
362 3848 484 3921 ejus
512 3848 657 3904 facta
672 3857 802 3904 sunt
826 3848 948 3905 alba
973 3849 1114 3904 sicut
1141 3849 1233 3903 nix
1263 3847 1449 3921 (Matt.
1478 3849 1636 3919 xvn).

233 3941 495 4010 Quoniam
517 3940 670 3997 dabis
697 3941 742 3996 ei
774 3940 1180 3996 benedictionem
1203 3940 1259 3994 in
1290 3942 1534 3996 saeculum
1557 3941 1737 3996 stecali
1754 3956 1774 3995 :

156 4033 280 4104 quia
304 4035 490 4089 omnis
510 4040 769 4089 creatura
796 4032 1067 4089 benedieit
1098 4047 1246 4088 eum.
1277 4031 1591 4101 Lwtiﬁcabia
1654 4048 1772 4087 eum

156 4126 212 4181 in
238 4127 437 4200 gaudio
458 4138 578 4182 cum
596 4127 742 4182 vultu
762 4136 850 4182 tuo
875 4142 893 4182 :
918 4126 1027 4183 hoc
1050 4136 1161 4193 est,
1191 4128 1297 4184 erit
1329 4134 1502 4183 tecum
1553 4140 1770 4198 semper

160 4219 214 4275 in
241 4223 418 4279 evntis.
470 4220 786 4292 Laetiﬁcabis
830 4237 945 4275 cum
975 4221 1028 4275 in
1066 4220 1255 4292 gaudio
1300 4238 1416 4275 cum
1462 4222 1605 4275 uultu
1655 4231 1766 4277 tuo.

153 4310 311 4371 Tune
328 4312 635 4371 latiﬂcabis
655 4312 853 4370 Filium
873 4314 925 4369 in
946 4312 1142 4385 gaudio
1159 4355 1174 4380 ,
1204 4328 1329 4369 cum
1350 4314 1589 4369 uduuata
1606 4314 1768 4371 fuerit

157 4402 243 4460 illa
271 4407 567 4463 multitudo
597 4416 908 4463 sanctorum
942 4449 955 4473 ,
989 4415 1043 4462 et
1068 4420 1329 4462 numerus
1376 4395 1660 4462 restitutus
1689 4406 1761 4462 ei.

150 4498 686 4559 GaudebitCht-i'stus
701 4514 800 4572 pro
811 4501 1119 4572 acquisitis,
1135 4516 1233 4572 pro
1245 4502 1441 4572 quibus
1456 4516 1641 4573 passus
1654 4510 1757 4557 est.

224 4592 493 4661 Quoniam
522 4610 616 4652 rem
638 4602 812 4666 sperat
842 4595 895 4649 in
927 4592 1152 4649 Domino
1183 4611 1201 4650 :
1231 4594 1533 4651 secundum
1564 4610 1759 4666 corpo-

1958 3665 2216 3732 Quoniatn
2258 3682 2415 3739 pones
2457 3684 2540 3721 eos
2577 3666 2812 3722 dorsum.
2849 3668 3074 3724 Duobus
3105 3668 3298 3725 modis.
3339 3666 3479 3725 Dor-

1881 3772 2031 3823 sunt,
2062 3759 2185 3827 quia
2221 3770 2443 3828 semper
2481 3768 2695 3814 terrena
2736 3758 3051 3815 desiderant
3086 3760 3317 3827 :sliter,
3356 3763 3478 3816 dor-

1879 3866 2027 3916 sum,
2062 3861 2118 3903 ut
2150 3859 2294 3906 retro
2320 3849 2554 3918 cadant,
2601 3860 2693 3906 aut
2716 3852 2936 3922 quando
2966 3852 3263 3924 respiciunt
3307 3862 3474 3909 retro.

1876 3939 1944 3995 In
1972 3942 2201 4013 reliquiis
2241 3943 2341 3998 tuis
2386 3943 2710 4015 prteparabis
2746 3941 2945 3997 vultum
2985 3958 3182 4000 eorum.
3217 3940 3323 3999 Pro
3354 3945 3475 4000 reli-

1875 4035 2031 4105 quiis,
2063 4036 2113 4089 in
2146 4034 2374 4091 Hebrteo
2402 4034 2456 4089 in
2483 4035 2628 4090 bonis
2657 4036 2836 4092 habet.
2887 4034 3094 4092 Sensus
3142 4036 3323 4108 itaque
3369 4037 3473 4094 iste

1874 4127 2188 4182 contexitur
2220 4142 2233 4180 :
2268 4125 2348 4182 Ad
2396 4126 2806 4184 similitudinem
2856 4137 3171 4185 sanctorum
3201 4143 3339 4199 quos
3367 4129 3465 4184 tibi

1872 4212 1940 4272 de
1968 4217 2111 4289 omni
2148 4217 2281 4273 orbe
2309 4217 2565 4283 servasti,
2599 4218 2763 4274 etiam
2791 4233 2887 4274 eos
2909 4220 3000 4290 qui
3029 4222 3315 4278 tormentis
3340 4238 3465 4293 pur-

1870 4310 1976 4380 gati
2006 4317 2135 4364 sunt
2155 4355 2168 4379 ,
2205 4325 2329 4365 esse
2356 4309 2557 4378 facias,
2590 4320 2649 4365 ut
2682 4310 2836 4382 juxta
2866 4315 3073 4368 vultum
3104 4322 3417 4370 sanctorum
3445 4359 3458 4384 ,

1869 4402 2049 4458 vultus
2080 4418 2296 4473 quoqtte
2324 4417 2447 4459 chc
2479 4403 2741 4471 incipiant
2770 4415 3116 4474 peccatorum
3152 4425 3166 4462 :
3200 4406 3307 4465 hoe
3337 4418 3452 4476 est,

1862 4501 1927 4549 ut
1950 4495 2087 4549 tales
2118 4493 2228 4549 sint
2269 4496 2359 4566 qui
2393 4506 2711 4564 peccatores
2760 4496 3017 4564 luerunt,
3070 4496 3261 4571 quales
3292 4510 3347 4557 et
3396 4500 3450 4556 hi

1865 4586 1956 4656 qui
1985 4587 2156 4641 sancti
2186 4598 2332 4642 sunt.
2372 4586 2465 4642 Vel
2497 4586 2660 4643 aliter
2689 4606 2700 4642 :
2738 4585 2802 4642 In
2848 4588 3078 4660 reliquiis
3108 4593 3213 4646 tuis
3253 4608 3461 4665 praepa-

152 4688 233 4742 ris
260 4689 737 4760 dispensationem
775 4706 786 4740 :
822 4688 905 4742 vel
932 4690 1097 4742 homo
1126 4697 1438 4758 assumptus
1481 4688 1538 4743 in
1568 4687 1765 4743 divini-
1792 4681 1840 4742 Ι)
1864 4680 2005 4736 fabis
2032 4680 2232 4735 vultum
2260 4696 2443 4737 eorum
2483 4696 2501 4735 ε
2532 4681 2584 4736 id
2613 4693 2719 4748 est,
2750 4680 3045 4753 prophetas
3065 4726 3081 4752 ,
3113 4698 3252 4755 quos
3277 4695 3463 4756 patres

154 4785 291 4836 tate.
326 4776 396 4834 Et
447 4782 503 4835 in
527 4780 886 4835 misericordia
927 4779 1182 4834 Altissimi
1211 4795 1315 4835 non
1341 4779 1757 4835 commovebitur.

147 4866 268 4931 Nec
283 4873 603 4931 humanitas
622 4873 769 4941 Filii,
787 4888 894 4931 nec
922 4874 1168 4930 Ecclesia
1190 4873 1484 4946 primitiva,
1510 4874 1564 4930 in
1594 4875 1757 4930 tinem

154 4968 634 5026 commovebitur.
660 4966 851 5039 Usque
879 4966 1011 5035 huc,
1044 4968 1314 5039 propheta
1344 4966 1555 5022 locutus
1583 4977 1667 5023 cst
1704 4970 1758 5021 in

150 5072 397 5130 persona
450 5060 718 5118 Ecclesiae
748 5061 815 5117 ad
846 5062 1017 5118 Deum
1048 5058 1263 5118 Patrem
1306 5061 1376 5117 de
1420 5058 1760 5115 immanitate

146 5153 371 5211 Christi
399 5172 415 5210 :
444 5156 614 5211 modo
644 5154 891 5225 IOquitur
917 5156 984 5211 ad
1004 5154 1370 5211 divinitatem.
1399 5153 1554 5212 Unde
1584 5154 1756 5209 dixit:

223 5240 541 5304 Inveniatur
589 5264 775 5303 manus
804 5257 894 5303 tua
931 5251 1166 5304 omnibus
1195 5249 1418 5303 inimicis
1456 5248 1577 5302 tuis.
1602 5246 1759 5302 Inve-

146 5340 323 5396 nient
356 5340 562 5397 inimici
586 5332 667 5397 tui
699 5346 1027 5412 potestatem
1054 5352 1225 5411 tuam,
1249 5350 1310 5396 ut
1331 5348 1679 5396 revertantur
1709 5338 1763 5392 in

1864 4790 2056 4829 cormn
2085 4774 2426 4831 occiderunt.
2456 4772 2721 4846 Reliquiae
2750 4788 2965 4845 eorum,
2996 4776 3095 4832 lilii
3145 4777 3457 4833 Iudaeorum

1868 4870 1958 4940 qui
1985 4866 2302 4924 occiderunt
2346 4879 2510 4940 caput
2541 4867 2933 4940 prophetarum
2968 4882 2982 4923 :
3011 4878 3074 4925 ut
3104 4870 3197 4925 illa
3225 4870 3461 4926 vindicta

1864 4976 1989 5032 qua:
2019 4962 2185 5031 coepit
2212 4977 2239 5015 a
2276 4960 2575 5032 prophetis,
2606 4962 2795 5018 veniat
2823 4978 2989 5035 super
3016 4963 3143 5019 illos
3170 4962 3263 5034 qui
3284 4964 3463 5021 Domi-

1870 5069 1996 5109 num
2029 5054 2366 5110 occiderunt.
2400 5055 2574 5110 Aliter
2603 5073 2615 5110 :
2652 5054 2677 5109 1
2687 5074 2718 5109 ιι
2749 5056 2983 5127 reliquiis
3014 5059 3116 5113 tuis
3146 5059 3466 5128 prwparabt's

1866 5148 2067 5202 vultum
2089 5147 2303 5202 illorum
2335 5164 2353 5201 :
2384 5148 2489 5203 hoc
2518 5157 2628 5216 est,
2660 5164 2758 5219 per
2785 5146 2961 5204 Etiam
2988 5160 3043 5205 et
3070 5148 3258 5206 Enoclt
3289 5151 3469 5208 credi—

1864 5243 1972 5297 turi
2004 5245 2204 5297 suntin
2236 5240 2423 5298 tinem.
2461 5240 2799 5313 Prwparabis
2820 5244 3019 5298 vultum
3044 5244 3295 5299 illorum:
3321 5244 3388 5301 ad
3416 5257 3469 5302 te

1869 5332 2236 5402 credentium,
2268 5343 2332 5392 ut
2354 5334 2487 5391 illud
2518 5351 2533 5388 :
2566 5333 2640 5393 Ut
2668 5346 2952 5392 convertat
2976 5337 3143 5393 corda
3167 5348 3382 5409 patrum
3418 5342 3469 5394 in

145 5430 394 5488 bonum.
425 5433 678 5490 Inveniat
706 5441 945 5503 potestas
970 5432 1072 5489 Dei
1104 5433 1230 5488 illos
1256 5432 1428 5503 quiin
1458 5430 1765 5488 humilitate
1868 5427 2011 5485 ﬁlios
2035 5428 2054 5502 (
2079 5428 2207 5505 Luc.
2234 5428 2304 5500 ι).

140 5524 465 5581 noluerunt
484 5520 761 5579 Christum
790 5525 1017 5582 credere
1043 5544 1055 5578 :
1090 5525 1372 5582 inveniant
1413 5524 1540 5580 illos
1563 5525 1614 5579 in
1642 5527 1764 5579 vin-

147 5614 574 5675 ﬂamma
598 5628 689 5671 tua
706 5616 930 5672 inveniat
943 5633 1116 5672 omnes
1138 5619 1295 5689 quite
1316 5618 1552 5672 ederunt.
1568 5615 1768 5674 Odien-

1949 5521 2199 5578 Exaltare
2225 5567 2238 5591 ,
2283 5521 2535 5592 Domine,
2564 5526 2619 5579 in
2640 5525 2828 5579 virtute
2858 5530 2969 5580 tua.
3023 5521 3136 5580 Vox
3187 5525 3468 5583 Ecclesize.

1879 5613 2132 5670 Exultare
2188 5616 2245 5669 in
2292 5616 2477 5671 rirtutc
2516 5626 2602 5671 tua
2634 5634 2654 5671 :
2682 5617 2735 5672 id
2783 5626 2910 5685 est,
2960 5617 3276 5675 demonstra
3320 5629 3470 5674 tuam

146 5722 245 5768 tes
268 5725 365 5775 se,
583 5711 874 5766 cluncsuia
898 5711 996 5766 Dei
1021 5711 1137 5765 vult
1168 5712 1433 5779 converti,
1456 5726 1581 5767 cum
1602 5711 1767 5766 etiam
1872 5716 2195 5777 potestatem
2237 5715 2292 5762 et
2320 5708 2686 5779 snajestatesc,
2717 5714 2844 5780 qlia
2879 5713 3027 5780 prius
3056 5712 3254 5767 venisti
3287 5714 3341 5767 in
3371 5713 3471 5768 hu.

146 5802 427 5862 inimicas
449 5820 581 5860 suos
602 5804 854 5859 inuenire
879 5803 1171 5860 desiderat.

238 5894 425 5951 Panes
478 5914 560 5953 eos
607 5906 659 5950 ut
703 5893 963 5951 cltbattunt
1019 5896 1177 5969 ignis,
1206 5898 1262 5950 in
1313 5905 1536 5968 tempore
1604 5899 1772 5953 vultus

1870 5798 2132 5866 utilitate,
2167 5797 2260 5855 sed
2285 5800 2448 5856 modo
2481 5805 2600 5856 venl
2633 5804 2682 5856 in
2713 5802 3016 5873 majestate.
3045 5804 3382 5861 Cantabimns
3410 5815 3456 5861 et

1881 5892 2160 5961 psaltentus
2206 5889 2417 5947 virtutes
2485 5904 2640 5962 tuas,
2706 5890 2941 5950 Domine.
3017 5893 3353 5955 Cantcbimus
3420 5899 3473 5954 iu
