3944 6334
509 362 610 417 8ῗο

509 476 677 533 corde
711 492 721 527 :
757 473 1041 544 psallentus
1089 473 1140 528 in
1203 489 1368 545 opere
1407 492 1420 530 :

511 570 730 627 tiautus.

1061 639 1384 697 PSALMUS
1412 639 1555 695 XXI.

504 759 573 812 In
595 759 781 831 ﬁnem,
813 776 907 831 pro
935 757 1294 831 assumptione
1323 757 1604 831 matutina.
1630 755 1883 831 _pst_tlmu_s
1912 753 2104 831 _David.

583 825 847 886 Matutine
909 825 1210 891 assumptio
1261 826 1672 884 resurrectionis
1717 825 2011 880 Domiuiezc
2054 831 2110 880 et

573 903 914 958 ascensionis
957 902 1023 955 ad
1084 899 1298 954 Patrem
1351 899 1618 970 signiﬁcat
1680 908 2103 970 sacramentum.

579 971 732 1028 Hanc
779 973 1199 1044 inscriptionem
1247 967 1671 1044 llebrfcialiter
1715 969 1964 1023 habent:
1999 967 2107 1022 Pro

573 1061 722 1099 cervo
747 1041 1031 1108 matutino,
1063 1053 1117 1097 et
1149 1041 1599 1110 interpretatione
1629 1055 1883 1109 perversa
1916 1048 2110 1110 putant

571 1117 640 1170 de
668 1125 695 1165 β
729 1117 927 1172 Esther
971 1125 1144 1169 totum
1191 1114 1508 1183 vigesimum
1555 1112 1788 1181 primum
1837 1113 2105 1183 psalmum

575 1202 698 1244 esse
741 1187 1130 1259 compositum,
1162 1181 1306 1259 quod
1339 1183 1606 1259 videlicet
1644 1183 1815 1259 ipsius
1860 1181 2107 1259 periculo

571 1270 624 1314 et
654 1252 1052 1316 intercessione
1083 1252 1224 1327 apud
1249 1270 1430 1326 regem
1471 1255 1552 1327 psit
1575 1254 1643 1308 de
1670 1252 1912 1324 periculo
1931 1252 2107 1327 Israc-

569 1331 750 1386 lilicus
778 1331 1020 1401 populus
1053 1323 1336 1384 liberatus:
1373 1326 1480 1382 Sed
1511 1340 1612 1380 nos
1643 1323 1864 1382 cervum
1896 1323 2105 1401 quiin-

571 1396 809 1458 terlicia't
838 1396 1126 1474 serpentes
1148 1441 1161 1464 ,
1193 1409 1251 1455 et
1278 1413 1492 1474 venena
1517 1406 1814 1474 Aeonsumat
1839 1439 1854 1463 ,
1898 1396 2104 1474 nullum

572 1474 742 1529 alium
801 1467 1243 1528 nisi'Cbristum
1301 1469 1692 1537 intelligimus,
1748 1467 1888 1524 sicut
1943 1467 2106 1522 totius

573 1545 770 1614 pSaImi
797 1551 1093 1601 contextus
1120 1540 1381 1598 ostendit.

570 1680 712 1735 Deus
741 1677 883 1734 Deus
913 1694 1054 1734 meus
1083 1719 1096 1742 ,
1151 1676 1346 1748 respice
1387 1677 1441 1728 in
1470 1690 1548 1728 me
1569 1715 1583 1740 ,
1628 1689 1784 1744 quare
1811 1687 1889 1725 me
1919 1667 2106 1725 dereli-

494 1773 694 1846 quisti?
735 1772 848 1828 Hoc
868 1770 1140 1827 versiculo
1166 1769 1423 1824 Dominus
1445 1768 1497 1822 in
1525 1781 1686 1822 cruce
1707 1766 1952 1837 pendens
1974 1779 2105 1821 usus

1308 356 1655 415 APPENDlX
1699 359 1787 414 AD
1828 357 2074 416 TOMUM
2117 355 2464 416 SEPTIMUM
2512 358 2568 417 S.
2616 355 3022 415 llIERONYMl.

1473 478 1685 531 virtutes
1732 483 1851 531 tuas
1903 490 2110 530 annun-
2139 476 2187 536 A
2217 475 2498 532 fratribus.
2533 473 2600 528 Et
2627 489 2733 530 non
2775 472 3070 531 exauditus
3105 489 3118 527 :
3152 471 3254 528 hoc
3286 480 3368 528 est
3411 483 3511 543 pro
3565 470 3674 527 illis
3717 471 3798 541 qui

3709 355 3800 412 880

2214 584 2320 623 non
2375 576 2532 625 erant
2582 566 2976 637 prmdcstinati.
3032 564 3186 621 Unde
3238 565 3377 621 dixit
3433 565 3799 636 evangelista:

2210 659 2442 731 Sanguis
2499 660 2618 731 ejus
2672 673 2840 730 super
2893 673 2994 713 nos
3047 666 3102 712 et
3157 673 3323 729 super
3379 659 3518 713 tilias
3589 667 3799 714 nostros

2215 756 2232 827 (
2259 754 2414 810 Matt.
2445 770 2592 809 χχι-ιι
2617 754 2659 824 ).
2691 753 2833 823 Ergo
2866 751 2986 808 dies
3017 749 3104 806 hic
3132 767 3230 823 pro
3261 751 3440 821 bonis,
3466 761 3525 808 et
3569 767 3672 808 nox
3709 765 3799 822 pro

2211 848 2376 904 malis
2401 847 2743 919 intelligitur.
2777 846 2876 902 Vel
2905 845 3024 901 dies
3055 855 3110 901 et
3140 861 3246 901 nox
3270 845 3606 917 prosperitas
3633 855 3688 902 et
3719 845 3806 900 ad-

2213 941 2444 997 versitas
2476 942 2530 996 in
2564 941 2829 997 Ecclesia.
2866 940 3113 996 Ecclesia
3146 955 3253 996 non
3283 940 3571 996 exauditur
3599 940 3653 995 in
3688 954 3804 1009 pro-

2210 1033 2494 1103 speritate,
2522 1043 2579 1088 ut
2608 1050 2716 1088 non
2752 1048 2811 1089 se
2839 1033 3087 1098 extollat,
3107 1041 3158 1089 et
3185 1048 3292 1089 non
3314 1033 3601 1090 exauditur
3629 1032 3682 1088 in
3712 1032 3804 1088 ad-

2215 1125 2498 1192 versitate,
2532 1137 2590 1182 ut
2632 1127 2866 1198 amplius
2894 1126 3204 1182 mundctur.
3239 1126 3305 1181 Et
3335 1144 3437 1181 non
3465 1127 3532 1181 ad
3561 1126 3804 1196 insipien-

2217 1219 2342 1272 tiam
2387 1220 2513 1273 mihi
2572 1235 2589 1273 :
2647 1219 2698 1274 id
2751 1228 2876 1289 est,
2930 1217 3102 1274 Filius
3161 1229 3467 1276 coaeternus
3516 1219 3665 1274 Patri
3707 1219 3803 1274 scit

2209 1311 2412 1378 omnia,
2445 1326 2543 1367 cur
2574 1311 2772 1367 nonsit
2800 1311 3090 1368 exauditus
3117 1311 3168 1366 in
3190 1312 3278 1368 die
3302 1311 3592 1383 passionis,
3621 1310 3674 1366 id
3703 1321 3798 1377 est,

2208 1421 2309 1476 pro
2334 1406 2459 1462 liliis
2490 1407 2706 1475 mortis,
2739 1415 2794 1463 et
2819 1406 3208 1478 prosperitate,
3241 1415 3298 1462 et
3322 1405 3680 1462 tribulatione
3706 1406 3798 1460 Ec-

2208 1499 2392 1555 clesia:
2421 1516 2556 1556 sum.

2283 1590 2362 1646 Tu
2391 1601 2566 1648 autem
2593 1594 2646 1648 in
2673 1604 2858 1648 sancto
2885 1593 3088 1650 [rebitas
3121 1609 3138 1648 :
3169 1595 3285 1650 laus
3315 1591 3503 1649 Israel.
3543 1593 3658 1650 Vox
3685 1609 3801 1665 pro-

2207 1685 2409 1756 phette.
2442 1685 2509 1740 In
2539 1696 2720 1743 sancto
2747 1687 2949 1744 habitas
2977 1730 2990 1756 ,
3030 1687 3132 1745 hoc
3161 1695 3248 1745 est
3271 1730 3286 1758 ,
3322 1687 3376 1744 in
3405 1703 3505 1745 suo
3534 1703 3795 1761 corpore,

2206 1780 2292 1835 vel
2326 1780 2380 1834 in
2405 1780 2568 1849 ctelo,
2604 1781 2720 1837 sive
2742 1782 2796 1837 in
2827 1781 3095 1839 Ecclesia.

491 1876 594 1923 est-
650 1865 726 1920 EX
757 1880 866 1936 quo
897 1860 1392 1918 animadvertimus
1425 1868 1598 1914 totum
1631 1858 1895 1929 psalmum
1929 1873 1960 1911 a
1991 1857 2102 1912 Do-
2133 1869 2182 1930 Β
2280 1872 2348 1928 ιη
2379 1882 2428 1928 ιε
2451 1884 2788 1945 sperarem,“
2815 1886 2988 1948 pum,
3019 1876 3183 1932 nam;
3209 1918 3224 1944 ,
3250 1874 3475 1932 nomine
3498 1893 3519 1932 ,ο
3559 1893 3794 1947 spem".

495 1961 644 2016 mino
688 1959 744 2014 in
789 1973 953 2014 cruce
983 1955 1163 2028 posito
1198 1955 1498 2011 decantari.
1529 1953 1684 2022 Quod
1715 1964 1900 2010 autem
1930 1953 2100 2010 habet

493 2057 550 2110 in
582 2053 784 2115 medio,
816 2051 1026 2107 intende
1050 2051 1196 2117 mihi,
1227 2052 1279 2106 in
1310 2050 1554 2107 llehrteis
1577 2049 1860 2106 codicibus
1881 2067 1990 2105 non
2013 2050 2101 2105 ba—

491 2146 679 2214 betur,
711 2154 765 2201 et
794 2144 1102 2215 appositum
1125 2159 1230 2200 vox
1255 2141 1472 2198 Domini
1495 2142 1760 2209 declarat,
1787 2159 1909 2213 quae
1932 2145 2095 2199 ctiam

491 2238 629 2293 illud
665 2237 718 2292 in
750 2235 1052 2308 Evangelio
1088 2236 1438 2306 prmtermisit
1467 2253 1480 2289 :
1509 2249 1573 2290 ac
1617 2235 1661 2289 si
1692 2235 1841 2290 dicat
1872 2252 1884 2289 :
1921 2235 2098 2304 Quare

495 2348 577 2384 me
617 2330 994 2401 dereliquisti?
1044 2328 1142 2384 Hic
1173 2327 1486 2384 humanitas
1532 2327 1772 2399 loquitur
1823 2329 2097 2400 quomodo

491 2421 756 2478 derelicta
778 2421 880 2477 fuit
903 2420 955 2476 in
971 2420 1165 2487 Adam,
1192 2419 1410 2491 quando
1436 2427 1770 2490 praeceptum
1789 2430 2097 2491 transgres-

488 2529 582 2570 sus
605 2523 710 2570 est.
736 2512 836 2569 Vel
865 2514 916 2568 in
948 2514 1203 2582 passione
1226 2511 1520 2568 derelictus
1547 2510 1800 2567 Christus
1822 2527 1919 2584 pro
1943 2521 2095 2582 parte

488 2607 696 2665 carnis.
731 2607 905 2680 Longe
926 2624 957 2660 a
985 2606 1153 2660 salute
1179 2621 1291 2660 mea
1324 2603 1475 2659 verba
1499 2604 1807 2659 delictorum
1834 2621 2088 2660 meorunt.

486 2699 722 2772 Longe:
775 2698 863 2754 hic
913 2697 1175 2753 divinitas
1233 2697 1496 2766 loquitur.
1565 2695 1728 2750 Verba
1783 2695 2092 2751 delictorum

488 2809 719 2847 meorum
750 2807 769 2846 :
797 2792 920 2862 quia
947 2799 1132 2846 nostra
1183 2799 1406 2861 peccata
1438 2805 1532 2844 sua
1570 2798 1808 2859 reputat.
1857 2790 1992 2846 Nam
2037 2791 2090 2845 in

486 2885 666 2941 salute
702 2899 799 2940 sua
839 2883 1048 2940 nullum
1088 2891 1173 2940 est
1217 2892 1499 2953 peccatum
1536 2901 1548 2936 :
1589 2882 1685 2938 sed
1724 2899 1752 2937 a
1803 2893 2093 2954 peccatore

487 2978 653 3048 longe
683 2984 768 3032 est
798 2976 967 3032 salus.
995 2974 1091 3030 Vel
1121 2975 1279 3030 aliter
1309 2993 1320 3028 :
1354 2973 1532 3047 Longe
1554 2992 1584 3027 a
1609 2976 1774 3030 salute
1804 2991 1916 3031 mea
1941 2977 2092 3031 verba

489 3069 802 3123 delictorum
832 3083 1084 3123 meorum.
1118 3067 1312 3135 Aquila
1343 3066 1487 3122 hunc
1515 3068 1692 3123 locum
1720 3067 1801 3124 sic
1819 3069 2090 3138 interpre-

488 3170 635 3217 tatus
662 3169 748 3218 est.
774 3180 784 3215 ε
814 3160 993 3233 Longe
1020 3179 1053 3215 a
1078 3159 1247 3216 salute
1281 3176 1396 3213 mea
1441 3161 1593 3216 verba
1624 3158 1650 3198 δ
1684 3161 1908 3230 gemitus
1938 3161 2039 3214 mei
2069 3176 2086 3216 :

2201 1975 2348 2034 runt,
2374 1975 2420 2022 et
2449 1966 2679 2022 liberasti
2704 1984 2811 2023 eos.
2839 1969 3211 2038 Speraverunt
3240 1969 3571 2041 patriarcha:
3602 1980 3657 2026 et
3682 1986 3793 2042 pro-

2200 2058 2420 2130 pheta},
2478 2059 2564 2116 vel
2612 2060 2806 2130 reliqui
2853 2071 2948 2115 :et
3001 2061 3236 2116 liberasti
3281 2079 3366 2117 eos
3409 2061 3512 2118 :id
3570 2072 3689 2128 est,
3738 2063 3795 2118 dc

2201 2151 2435 2224 IEgypto
2466 2153 2548 2208 vel
2595 2153 2662 2208 de
2691 2153 3011 2226 Babylonia.
3055 2151 3180 2208 Non
3220 2164 3343 2208 sunt
3388 2156 3597 2226 confusi
3629 2171 3648 2210 :
3679 2155 3787 2226 quia

2200 2245 2341 2316 quod
2377 2245 2677 2316 promisisti
2708 2246 3021 2317 adimplesti
3048 2291 3063 2318 ,
3089 2247 3193 2303 hoc
3218 2257 3304 2304 est
3331 2290 3344 2315 ,
3380 2256 3582 2304 terram
3612 2264 3790 2319 repro-

2198 2339 2479 2394 missionis
2519 2349 2572 2396 et
2601 2339 2769 2395 vitam
2797 2340 3038 2411 longam.
3065 2340 3244 2397 Aliter
3271 2359 3284 2395 ε
3309 2341 3362 2394 in
3391 2350 3440 2396 te
3463 2352 3786 2414 speraverant

2198 2441 2367 2504 patres
2412 2433 2596 2502 nostri,
2628 2431 2881 2489 doctores
2929 2433 3215 2490 Ecclesiaz.
3248 2433 3374 2490 Non
3401 2444 3520 2489 sunt
3552 2434 3785 2506 confusi,

2197 2526 2326 2596 quia
2356 2541 2481 2596 spes
2505 2526 2748 2597 ipsorum
2782 2542 3001 2598 semper
3026 2543 3106 2584 es.

2268 2617 2385 2692 Ego
2415 2629 2584 2676 autem
2616 2637 2730 2676 sum
2771 2621 2956 2677 vermis
2995 2632 3043 2676 et
3072 2639 3174 2678 non
3221 2623 3397 2678 homo.
3428 2623 3543 2680 lloc
3572 2631 3783 2695 propter

2196 2711 2557 2770 humilitatem
2591 2714 2862 2785 assumpti
2884 2715 3134 2785 corporis
3162 2716 3406 2788 loquitur
3436 2735 3450 2772 :
3483 2717 3627 2772 Isaia
3655 2732 3782 2788 quo-

2193 2819 2301 2876 que
2332 2805 2521 2862 eadem
2553 2808 2878 2863 concinente
2908 2826 2921 2864 :
2958 2807 3039 2864 Nc
3091 2808 3282 2866 timeas
3309 2852 3323 2878 ,
3376 2810 3580 2865 vermis
3628 2809 3784 2866 Jacob

2199 2899 2220 2971 (
2239 2898 2375 2956 Isai.
2409 2917 2493 2956 xu
2518 2901 2560 2974 ).
2595 2902 2941 2973 Opprobrium
2974 2903 3240 2958 hominum
3268 2913 3314 2958 et
3362 2903 3582 2974 abjectio
3610 2905 3783 2975 plebis.

2192 2991 2347 3059 Quod
2375 2993 2550 3064 majus
2580 2994 2930 3065 opprobrium
2975 3009 3140 3065 quam
3173 2995 3393 3051 crucis?
3429 2994 3493 3048 Et
3525 2996 3776 3066 despectio

2191 3087 2352 3157 plebis
2378 3101 2396 3142 :
2419 3087 2473 3143 id
2497 3097 2602 3153 est,
2633 3087 2844 3144 Judaici
2875 3089 3061 3159 populi
3089 3090 3328 3146 derisus.
3359 3089 3469 3146 Cur
3500 3091 3703 3146 vermis
3730 3100 3779 3147 et

2193 3194 2299 3234 non
2331 3179 2535 3248 homo;
2587 3181 2717 3236 dum
2768 3181 2902 3238 dicit
2947 3183 3004 3236 in
3036 3182 3336 3252 Evangelio
3370 3201 3383 3238 :
3415 3182 3580 3238 Venit
3606 3182 3770 3237 Filius

489 3254 888 3327 Symmachus,
949 3253 1100 3309 verba
1147 3253 1429 3324 gemituum
1485 3269 1719 3307 meorum
1754 3269 1771 3306 :
1803 3253 1990 3324 quinta
2035 3262 2087 3310 et

2201 3271 2427 3328 hominis
2459 3273 2727 3330 redimere
2748 3273 2893 3345 quod
2921 3273 3167 3345 perierat
3196 3274 3365 3346 (Luc.
3401 3291 3490 3330 xtx
3515 3273 3582 3348 )‘i
3632 3274 3780 3331 Chri-

485 3361 646 3405 scxta
676 3349 842 3406 editio
873 3366 888 3403 :
924 3349 1072 3404 verba
1099 3347 1341 3403 clamoris
1364 3349 1484 3404 mei.
1512 3348 1577 3402 Et
1607 3358 1688 3404 est
1719 3349 2082 3418 sensnsjuxta

487 3454 719 3498 cancros
766 3443 1139 3512 interpretes:
1183 3439 1429 3496 Gemitus
1480 3441 1585 3496 mei
1632 3450 1795 3512 atque
1855 3451 2083 3497 conatus

486 3534 684 3604 quibus
715 3548 931 3604 semper
949 3534 1204 3604 populum
1231 3532 1397 3588 Israel
1419 3532 1630 3601 salvare
1651 3534 1899 3605 quaesivi,
1923 3533 2082 3606 longe

485 3625 617 3681 facti
649 3636 773 3682 sunt
802 3643 830 3680 a
862 3627 1042 3681 salute
1083 3641 1201 3682 mea
1222 3667 1236 3693 ,
1280 3641 1440 3696 quam
1473 3625 1675 3697 populo
1705 3627 1948 3684 tribuere
1984 3642 2079 3683 cu-

482 3717 698 3789 piebam
734 3733 748 3770 :
782 3715 905 3786 quia
959 3716 1062 3787 ipsi
1132 3717 1425 3772 noluerunt
1473 3716 1716 3788 recipere
1767 3720 2076 3774 sanitatem.

487 3813 651 3870 Juxta
692 3811 839 3868 LXX
886 3825 1023 3867 vero
1069 3810 1398 3881 interpretes
1442 3810 1542 3866 iste
1572 3825 1766 3866 sensus
1813 3821 1896 3868 est
1927 3831 1938 3864 :
1968 3812 2082 3867 lloc

486 3906 634 3976 quod
680 3906 912 3962 salutem
941 3903 1209 3975 deprecor
1233 3943 1249 3970 ,
1281 3902 1424 3973 quod
1470 3917 1556 3959 me
1586 3918 1896 3974 conqueror
1925 3903 2082 3960 dere-

471 3998 664 4057 lictum
698 4016 711 4053 :
745 4013 855 4053 non
883 4013 950 4052 ex
981 3996 1200 4068 propria
1242 4010 1477 4066 persona
1518 3995 1735 4066 loquor,
1763 3996 1858 4053 sed
1889 4011 1958 4052 ex
1988 4011 2084 4068 po-

476 4094 600 4164 puli
627 4138 640 4160 ,
674 4092 829 4162 cujus
874 4101 1094 4162 peccata
1146 4090 1198 4144 in
1247 4103 1369 4144 meo
1411 4103 1641 4159 corpore
1688 4090 1804 4160 ipse
1845 4091 2078 4161 suscepi.

481 4185 642 4243 Unde
667 4187 789 4241 dico
821 4203 831 4239 :
870 4185 1050 4256 Longe
1078 4193 1206 4238 sunt
1236 4198 1264 4236 a
1287 4183 1461 4238 salute
1484 4199 1625 4249 mea,
1649 4185 1812 4239 verba
1837 4187 1936 4240 ista
1961 4201 2082 4256 qua:

479 4276 674 4333 fundo.
727 4276 846 4331 Non
880 4277 1025 4332 enim
1078 4284 1187 4329 tam
1237 4274 1372 4328 mihi
1420 4275 1651 4330 salutem
1686 4277 1937 4345 postulo,
1990 4277 2081 4348 qui

481 4369 635 4424 Deus
665 4385 809 4435 sum,
843 4383 1004 4439 quam
1040 4366 1242 4438 populo
1272 4367 1363 4437 qui
1391 4367 1568 4423 salute
1598 4367 1822 4440 indiget.

558 4460 805 4516 Clamabo
830 4477 919 4530 per
943 4460 1100 4526 diem,
1134 4467 1180 4513 et
1205 4475 1308 4513 non
1331 4459 1577 4514 exaudiet
1610 4475 1628 4513 :
1654 4470 1698 4514 et
1721 4472 1890 4532 nocte,
1916 4472 1963 4518 cl
1980 4482 2082 4520 non

486 4559 556 4613 ad
587 4556 941 4625 insipientior»:
971 4553 1120 4608 mihi.
1152 4553 1210 4608 In
1254 4553 1342 4609 die
1376 4553 1618 4624 pendens
1659 4570 1767 4611 non
1795 4558 2082 4615 exauditur

2191 3375 2311 3423 stus
2339 3375 2394 3422 ct
2416 3367 2620 3423 vermis
2647 3366 2850 3423 dicitur
2877 3377 2931 3423 et
2963 3367 3148 3424 homo.
3175 3367 3391 3424 Vermis
3416 3407 3433 3433 ,
3467 3377 3526 3422 ut
3554 3366 3626 3424 ait
3655 3381 3777 3438 pro-

2189 3458 2352 3530 pheta
2381 3476 2394 3514 :
2423 3459 2544 3515 Noli
2574 3459 2770 3516 timere
2793 3501 2807 3528 ,
2854 3461 3060 3516 vermis
3091 3459 3260 3517 Jacob
3286 3477 3301 3527 ;
3331 3469 3387 3516 et
3416 3459 3580 3517 homo
3603 3501 3620 3528 ,
3657 3458 3773 3530 quia

2189 3568 2263 3610 ex
2287 3553 2450 3609 Maria
2476 3561 2638 3610 natus
2661 3594 2676 3620 ,
2723 3553 3058 3609 assimilatur
3103 3568 3197 3608 sua
3254 3553 3515 3609 nativitas
3565 3551 3774 3609 vcrmi:

2189 3644 2315 3716 quia
2346 3645 2548 3701 vermis
2577 3646 2667 3716 qui
2697 3645 2748 3700 in
2770 3645 2914 3717 ligno
2940 3646 3204 3711 nascitur,
3228 3661 3335 3700 non
3363 3645 3526 3701 habet
3550 3655 3770 3716 patrem,

2189 3738 2294 3792 nisi
2324 3747 2578 3793 matrem.
2615 3737 2682 3792 Et
2710 3736 2959 3793 Christus
2989 3752 3058 3794 ex
3087 3737 3254 3792 Maria
3277 3747 3363 3793 est
3389 3746 3550 3792 natus
3574 3737 3768 3804 absque

2187 3830 2334 3886 coitu
2360 3830 2483 3885 viri.
2513 3830 2628 3886 Duo
2659 3829 2960 3887 habitacula
2985 3829 3113 3885 fecit
3140 3829 3287 3885 Deus
3306 3871 3321 3894 ,
3353 3829 3554 3886 crelum
3583 3837 3634 3885 et
3661 3836 3768 3884 ter-

2187 3938 2324 3978 ram.
2357 3921 2568 3980 Caelum
2596 3923 2856 3978 habitatio
2879 3923 3221 3994 angelorum,
3245 3932 3302 3978 et
3334 3931 3484 3978 terra
3515 3919 3765 3977 habitatio

2184 4015 2474 4073 vermium.
2506 4015 2658 4072 Fecit
2683 4016 2824 4071 Deus
2854 4031 3098 4072 vermem
3127 4014 3429 4071 ascendere
3472 4016 3526 4071 in
3557 4015 3764 4080 cmlum,

2185 4116 2241 4163 et
2261 4107 2512 4178 angelum
2540 4106 2594 4162 in
2618 4115 2840 4162 terram.
2873 4103 3126 4161 Christus
3159 4120 3256 4176 per
3289 4105 3644 4162 humilitatem
3682 4120 3770 4160 su-

2187 4215 2285 4271 per
2327 4215 2519 4257 omncs
2548 4201 2776 4272 angelos
2802 4198 3067 4267 ascendit,
3100 4209 3155 4254 et
3185 4198 3440 4255 diabolus
3471 4214 3565 4270 per
3591 4213 3767 4270 super-

2184 4293 2330 4349 biam
2364 4293 2640 4364 projectus
2663 4299 2747 4348 cst
2774 4295 2826 4348 in
2859 4301 3080 4347 terram.
3135 4291 3492 4362 Opprobrium
3519 4292 3764 4346 hominum

2184 4396 2233 4440 et
2265 4387 2486 4460 abjectio
2515 4383 2677 4455 plebis
2702 4401 2720 4439 :
2753 4384 3116 4457 opprobrium,
3145 4383 3366 4454 quando
3395 4384 3648 4440 dixerunt
3670 4381 3757 4438 Ju—

2185 4477 2285 4533 dati
2322 4493 2336 4532 :
2369 4477 2447 4534 Tu
2478 4476 2782 4548 discipulus
2829 4476 2974 4532 illius
3021 4476 3094 4530 sis
3123 4472 3326 4546 (Joan.
3354 4474 3457 4549 rx)
3490 4493 3506 4530 :
3535 4473 3756 4547 abjectio,

2184 4569 2402 4640 quando
2425 4569 2707 4639 ejecerunt
2726 4585 2851 4626 eum
2881 4577 3035 4627 extra
3061 4567 3333 4624 civitatem
3363 4609 3378 4635 ,
3404 4577 3460 4624 et
3491 4567 3758 4624 cruciﬁxc-

483 4667 516 4706 a
564 4650 724 4705 Patre
753 4666 765 4701 :
797 4657 961 4703 nocte
990 4645 1229 4716 resurgit
1281 4645 1350 4700 ab
1380 4645 1569 4702 inieris
1620 4647 1818 4704 victor.
1861 4651 2035 4706 Aliter
2065 4671 2078 4707 :
2107 4659 2158 4720 1)
2185 4670 2313 4716 rum
2341 4676 2486 4718 cum,

477 4746 582 4813 Qui
607 4743 662 4798 in
684 4742 880 4815 gaudio
912 4756 1023 4798 non
1050 4741 1360 4810 exauditur,
1393 4741 1687 4798 exauditur
1717 4745 1768 4799 in
1800 4745 2074 4818 lacrymis.

480 4835 642 4892 Unde
666 4834 742 4890 ait
771 4853 782 4887 :
813 4831 932 4888 Non
951 4833 1004 4886 in
1030 4832 1314 4888 stultitiam
1343 4833 1500 4901 mihi,
1531 4834 1583 4889 id
1610 4842 1714 4902 est,
1741 4851 1848 4892 non
1879 4836 2077 4896 frustra

480 4926 738 4986 clamavi.
772 4925 841 4980 Et
870 4924 1066 4996 Aquila
1101 4925 1373 4980 transtulit
1401 4941 1466 4980 ex
1494 4925 1725 4982 llebrzeo
1747 4927 1935 4985 dicens
1965 4949 1978 4984 :
2012 4930 2078 4986 Et

477 5032 649 5090 nocte,
684 5031 730 5076 et
757 5036 860 5074 non
893 5018 1085 5074 tacebis
1115 5033 1132 5072 :
1165 5017 1217 5074 id
1249 5027 1352 5085 est,
1407 5017 1597 5075 audies
1624 5035 1746 5076 me:
1782 5025 2079 5093 reaponde-

469 5114 557 5171 bis
604 5111 736 5169 mihi
770 5130 785 5167 :
821 5111 987 5166 facies
1018 5109 1162 5180 quod
1209 5111 1383 5165 oravi.
1439 5111 1582 5166 Deus
1629 5126 1784 5166 meus
1827 5111 2075 5172 clamabo

469 5224 571 5280 per
598 5208 764 5274 diem,
796 5219 898 5261 nec
923 5203 1206 5270 exaudies,
1241 5214 1295 5258 et
1327 5211 1510 5258 nocte.
1533 5202 1796 5259 Clamavit
1817 5205 2071 5266 Christus

462 5302 524 5359 iu
557 5317 740 5369 cruce,
764 5308 820 5357 et
844 5299 1024 5356 oravit
1052 5313 1150 5369 pro
1176 5298 1291 5353 suis
1315 5314 1328 5352 :
1357 5296 1667 5368 exauditus,
1696 5311 1751 5355 et
1773 5315 1879 5356 non
1902 5317 2064 5359 exau-

469 5395 637 5451 ditus.
692 5393 992 5449 Exauditus
1022 5407 1121 5464 pro
1154 5392 1561 5463 prcedestinatis
1598 5411 1611 5449 :
1656 5395 1796 5450 sicut
1839 5396 1891 5450 in
1939 5408 2064 5454 octo

464 5490 704 5548 millibus
727 5529 742 5557 ,
772 5487 857 5544 vel
888 5502 986 5558 pro
1014 5486 1119 5543 illis
1159 5495 1381 5543 centum
1417 5487 1606 5558 viginti
1655 5496 1710 5544 et
1747 5491 2058 5563 quingentis

537 5638 561 5663 ιι
599 5625 770 5701 Verus
818 5622 1046 5701 llicron.
1095 5623 1148 5701 in
1197 5631 1557 5701 commentar.
1602 5623 1654 5678 iu
1697 5624 1889 5681 Matth.
1939 5644 2064 5701 cap.

459 5715 616 5756 xxvn
643 5716 654 5749 :
689 5694 849 5766 [mpii
876 5703 996 5748 sunt
1016 5694 1124 5766 qui
1141 5696 1399 5766 psalmum
1423 5696 1576 5750 istum
1600 5711 1664 5750 ea:
1695 5713 1916 5764 persona
1955 5694 2068 5755 Da-

461 5771 586 5834 vid,
619 5769 722 5821 sive
755 5763 943 5819 Esther
972 5774 1020 5818 ct
1068 5763 1395 5820 Mardochati
1439 5767 1638 5818 dictum
1677 5763 1904 5835 putant,
1948 5789 2066 5826 cum

461 5842 619 5893 etiam
663 5835 976 5914 evangelista
1020 5835 1310 5892 testimonia
1333 5853 1394 5892 ex
1416 5853 1475 5893 eo
1514 5845 1725 5908 sumpta
1755 5854 1913 5914 super
1939 5842 2066 5900 Salo

457 5917 634 5966 vatorc
659 5905 933 5976 intelligat.

2263 4753 2450 4810 Omnes
2479 4754 2709 4810 videntes
2739 4771 2818 4809 me
2843 4754 3133 4809 irridebant
3155 4770 3254 4810 me.
3283 4753 3391 4810 Pro
3421 4762 3573 4826 parte
3603 4751 3756 4808 malo-

2184 4862 2304 4902 rum
2331 4847 2561 4916 dicitur,
2591 4849 2736 4904 sicut
2757 4857 2811 4905 et
2838 4847 2939 4919 ipsi
2980 4846 3155 4903 Judaei
3181 4847 3444 4905 dixerunt
3475 4867 3489 4904 :
3516 4848 3569 4906 Si
3600 4846 3751 4902 Filius

2185 4942 2282 4997 Dei
2310 4956 2400 5012 es,
2435 4943 2709 5001 descende
2740 4945 2808 5002 de
2839 4960 3002 5002 cruce
3039 4963 3052 5002 :
3085 4946 3172 5003 vel
3208 4965 3220 5002 :
3254 4945 3370 5002 Ave
3393 4987 3408 5012 ,
3442 4960 3535 5000 rex
3559 4941 3753 4999 Judazo-

2183 5051 2300 5091 rum
2333 5035 2353 5108 (
2379 5036 2572 5092 Matth.
2604 5054 2758 5095 xxvn
2785 5039 2825 5108 ).
2861 5038 3049 5094 Loculi
3068 5047 3186 5094 sunt
3217 5039 3405 5106 labiis,
3441 5046 3491 5092 et
3513 5039 3748 5090 moreth

2182 5136 2358 5200 caput.
2393 5127 2575 5183 Loculi
2624 5139 2743 5184 sunt
2787 5129 2974 5194 labiis,
3023 5131 3148 5202 quia
3198 5129 3345 5202 quod
3393 5129 3654 5184 habebant
3698 5122 3742 5177 in

2180 5220 2378 5289 corde,
2410 5221 2514 5278 hoc
2557 5222 2919 5294 loquebantur
2946 5223 2999 5278 in
3030 5224 3233 5280 verbis.
3277 5221 3557 5278 Moverunt
3584 5225 3747 5291 caput:

2173 5312 2226 5370 id
2254 5324 2361 5383 est,
2388 5317 2729 5387 reliquerunt
2759 5333 2925 5372 unum
2955 5326 3116 5388 caput
3141 5316 3286 5388 quod
3317 5314 3670 5376 esthristus,
3691 5313 3735 5361 et

2170 5407 2426 5464 fecerunt
2455 5410 2622 5465 multa
2651 5410 2756 5465 sibi
2787 5409 2964 5482 capita
2990 5409 3413 5465 dmmoniorum.

2239 5501 2478 5570 Speravit
2502 5503 2556 5556 in
2582 5503 2823 5572 Domino,
2849 5504 3035 5577 eripiat
3059 5520 3175 5560 cum
3199 5518 3218 5556 :
3234 5503 3432 5556 solvunt
3449 5497 3597 5564 faciat
3619 5508 3736 5556 eum,

2249 5634 2276 5673 ι’
2303 5637 2529 5716 Aquila,
2566 5637 2909 5716 βρυχήματὸς
2937 5660 3068 5709 μου,
3106 5636 3352 5706 praprie,
3390 5635 3579 5716 rugitus
3621 5628 3731 5716 mf,

2178 5722 2287 5762 non
2309 5699 2530 5778 gemitus
2593 5699 2714 5763 sed'
2728 5699 2784 5765 et
2811 5699 3002 5763 Vereor
3021 5699 3090 5762 ne
3108 5699 3633 5778 'sex'tatn'edit'ionem
3659 5699 3733 5778 hic

2175 5793 2296 5833 cum
2311 5775 2410 5833 illa
2446 5780 2836 5837 Tlteodotionis
2857 5779 3174 5846 confundat,
3201 5781 3505 5852 quiirevcra
3532 5775 3730 5852 βοήσξόή

2214 5870 2272 5902 ου
2304 5852 2486 5915 vertit,
2519 5863 2576 5907 ut
2609 5861 2664 5908 et
2693 5853 2920 5922 quinta;
2953 5867 3074 5906 nam
3109 5843 3259 5906 sext'a
3295 5851 3514 5913 δεήσεὼν
3532 5843 3624 5920 μου
3643 5843 3727 5899 ha-

2211 5928 2288 5985 et,
2319 5935 2513 5991 nempe
2540 5923 2977 5995 supplicationum
3014 5938 3266 5978 mearum.
3573 5925 3578 5928 ’
