3944 6334
203 319 280 376 881
1103 308 1532 367 BREVIARIUM
1575 308 1638 366 ΙΝ
1679 305 2015 367 PSALMOS.
2062 310 2308 368 PSALM.
2353 313 2496 370 XXI.

3337 318 3444 374 882

199 434 401 511 quoniam
428 432 528 488 vult
553 449 691 487 eunt.
714 433 827 489 Vos
861 430 1139 502 prophetae
1167 428 1236 484 de
1281 427 1616 482 humanitate
1659 425 1741 479 lo-
1770 424 1824 485 A
1851 425 2064 494 ponitur
2085 470 2099 495 ,
2128 427 2436 484 roboratur.
2474 427 2539 483 Et
2559 428 2814 485 Christus
2842 439 3193 501 posteaquam
3220 430 3274 486 in
3305 432 3447 501 pati-

198 532 363 603 quitur.
409 528 636 600 Speravit
663 529 713 582 in
757 525 983 580 Domino
1011 539 1026 577 :
1052 523 1154 579 hoc
1179 530 1284 589 est,
1324 521 1636 577 humanitas
1685 519 1738 574 in

195 625 451 680 divinitate.
498 619 702 687 Eripiat
724 635 880 674 eum:
913 619 964 672 id
991 628 1099 684 est,
1130 616 1198 672 de
1221 615 1445 672 Judteis.
1480 613 1740 682 Quoniam

193 720 280 775 ruit
307 733 444 772 eum:
467 715 516 770 id
547 723 648 781 est,
680 715 821 770 Dens
849 713 1010 768 Pater
1037 710 1388 766 voluittalem
1418 708 1616 764 Filium
1649 706 1741 759 ha-

193 816 297 870 bere
316 813 424 868 sine
448 819 691 881 peccato,
717 825 814 880 per
845 824 1006 879 quem
1034 815 1252 878 peccata
1283 801 1469 859 mundi
1497 801 1733 867 tolleret,

193 914 240 962 ut
259 906 322 959 ait
345 902 594 974 prepheta
618 919 631 958 :
678 901 699 955 Ι
707 917 799 972 pse
829 900 1173 956 inﬁrmitates
1197 907 1409 952 nostras
1436 895 1664 966 accepit,
1686 901 1740 948 et

188 997 491 1070 aegritudines
514 1006 730 1052 nostras
763 993 995 1064 portavit
1019 991 1040 1065 (
1061 991 1193 1047 Isai.
1212 1007 1282 1046 ut
1307 989 1349 1062 ).

245 1092 470 1159 Quoniam
497 1100 552 1144 tu
581 1107 633 1145 es
666 1090 758 1161 qui
783 1089 1014 1144 eduxisti
1044 1103 1122 1141 me
1149 1086 1211 1140 de
1243 1093 1438 1140 uentre.
1482 1081 1600 1138 Vox
1632 1079 1736 1135 hu-

187 1185 436 1242 manitatis.
473 1183 718 1238 Eduxisti
764 1199 843 1237 me
876 1183 940 1237 de
976 1191 1149 1236 uentre
1179 1196 1195 1232 :
1226 1178 1280 1233 id
1316 1186 1400 1234 est
1426 1223 1440 1244 ,
1487 1175 1554 1230 de
1585 1185 1740 1229 utero

185 1287 352 1334 sanctze
375 1276 574 1345 Marias,
606 1276 692 1331 vel
717 1275 786 1332 de
814 1289 1114 1348 synagoga,
1142 1274 1267 1344 quia
1297 1285 1394 1343 per
1425 1267 1736 1325 vaticinium

182 1371 536 1444 prophetarum
565 1381 867 1442 conceptus
892 1378 999 1439 est,
1033 1378 1090 1424 et
1129 1369 1196 1424 ad
1228 1382 1451 1423 sensum
1481 1364 1740 1435 spiritua-

184 1467 286 1530 lem,
311 1463 455 1535 quasi
481 1463 552 1519 de
575 1474 768 1520 ventre
794 1464 1021 1520 eductus
1048 1471 1156 1519 est.
1183 1462 1318 1532 Spes
1346 1477 1460 1515 mea
1486 1459 1547 1514 ab
1569 1457 1740 1513 uberi-

182 1561 254 1614 ιω
277 1559 441 1613 matris
467 1574 617 1625 metr,
642 1569 747 1614 etc.
774 1574 788 1612 :
816 1557 870 1612 id
897 1566 1000 1624 est,
1032 1556 1197 1612 ubera
1227 1553 1414 1610 matris
1445 1567 1553 1608 non
1579 1549 1738 1606 dedi-

181 1662 342 1725 gnatus
362 1658 442 1707 est
467 1665 669 1722 sugere
696 1650 945 1706 Christus
974 1668 988 1706 :
1023 1649 1075 1704 id
1106 1657 1210 1711 est,
1242 1648 1310 1703 ab
1343 1645 1601 1702 uberibus
1630 1641 1737 1697 Ma-

179 1746 272 1801 rite.
304 1745 391 1802 Vel
435 1745 606 1802 ubera
635 1746 821 1801 matris
856 1760 870 1799 :
913 1745 1003 1800 lex
1053 1756 1363 1815 synagoga).
1415 1739 1529 1794 Duo
1570 1736 1736 1791 ubera

1845 515 2029 573 bulum
2061 520 2242 574 crucis
2281 520 2556 588 ascendit,
2595 536 2749 576 suam
2793 521 3094 577 Ecclesium
3138 523 3438 578 roboravit.

1847 607 1988 681 Ergo
2015 625 2124 666 non
2157 613 2295 667 aruit
2326 614 2468 668 sicut
2495 614 2678 669 fenum
2727 624 2783 669 ut
2813 614 3040 671 caderet
3096 632 3111 671 :
3157 615 3251 672 sed
3281 619 3438 688 quasi

1847 710 1980 756 testa
2017 712 2074 757 ut
2111 703 2440 761 ﬁrmaretur.
2483 705 2552 760 Et
2594 707 2773 777 lingua
2808 723 2922 762 mea
2951 708 3173 762 adlttesit
3204 708 3439 779 faucibus

1845 796 1990 850 nteis.
2023 795 2080 851 ld
2107 807 2217 862 est,
2255 797 2454 870 lingua:
2481 800 2852 870 apostolorum
2877 801 3270 856 obmutuerunt
3303 811 3442 855 tem-

1844 903 1977 959 pore
2026 888 2302 945 Passionis
2355 909 2368 944 :
2427 891 2555 948 licet
2605 909 2745 948 unus
2809 893 3023 948 locutus
3073 903 3198 957 est,
3255 903 3436 948 tamen

1844 981 2090 1051 negando
2117 997 2222 1037 non
2251 983 2562 1040 conﬁtendo
2585 1026 2600 1052 ,
2650 986 2702 1040 id
2745 995 2827 1040 est
2859 986 3072 1042 Petrus.
3106 986 3243 1042 Nam
3272 985 3442 1042 disci-

1845 1075 1954 1145 puli
1985 1086 2266 1131 servantes
2311 1088 2580 1149 przecepta
2626 1093 2778 1145 mea,
2819 1079 2886 1134 de
2931 1095 3016 1135 me
3059 1081 3112 1135 in
3159 1087 3438 1150 posterum

1844 1166 2158 1238 loquuntur.
2189 1167 2260 1221 Et
2291 1170 2343 1222 in
2372 1168 2554 1223 limum
2585 1173 2766 1228 mortis
2798 1171 3126 1227 deduxerunt
3174 1189 3274 1227 me.
3317 1173 3434 1228 lloc

1845 1265 1961 1326 est,
2005 1261 2055 1313 itt
2098 1258 2570 1330 incarnationem,
2623 1263 2705 1318 vel
2753 1263 2809 1318 in
2855 1263 3168 1331 infernum,
3222 1264 3442 1334 quando

1843 1351 2052 1406 animas
2100 1364 2410 1408 sanctorum
2474 1353 2676 1410 exinde
2724 1355 2950 1411 deduxit
2996 1372 3206 1416 secum.
3257 1355 3325 1411 Et
3378 1359 3434 1412 in

1844 1446 2024 1500 limunt
2051 1448 2228 1502 mortis
2257 1448 2581 1504 deduxerunt
2607 1466 2706 1505 me.
2739 1450 2893 1506 Sicut
2919 1453 3114 1522 impios
3139 1467 3281 1524 quos
3302 1468 3440 1508 ven-

1847 1549 1931 1594 tus
1989 1542 2262 1613 projecit,
2317 1544 2386 1598 ita
2446 1560 2533 1599 me
2587 1543 3040 1602 existimaverunt
3098 1547 3153 1602 in
3207 1557 3437 1604 mortem

1844 1633 2097 1689 decidere
2132 1653 2144 1688 :
2180 1643 2452 1706 tamquam
2476 1637 2520 1692 si
2552 1653 2840 1708 resurgere
2871 1654 2976 1695 non
3011 1641 3274 1696 valerem.

1919 1727 2177 1794 Quoniam
2216 1729 2672 1785 circumdederunt
2698 1748 2778 1786 me
2803 1749 2955 1787 canes
3004 1732 3176 1787 multi.
3227 1734 3438 1790 Canum

181 1839 356 1894 habere
383 1839 679 1906 dicuntur,
724 1839 848 1910 quia
892 1837 1130 1892 litteram
1165 1846 1214 1891 et
1242 1847 1460 1890 sensum
1511 1830 1732 1885 habent.

1851 1818 2121 1888 proprium
2147 1829 2258 1886 est,
2297 1831 2352 1874 ut
2380 1820 2604 1876 domino
2642 1837 2743 1878 suo
2771 1824 3182 1894 congaudeant,
3205 1833 3261 1880 et
3285 1827 3441 1881 latro-

175 1934 260 1991 Sed
285 1937 408 2007 ipsi,
444 1934 498 1990 id
515 1933 842 2001 est,Jud;ri,
882 1949 984 1988 una
1011 1932 1175 1987 ubera
1203 1937 1556 1999 susceperunt
1589 1943 1602 1980 :
1632 1925 1736 1979 hoc.

175 2037 276 2094 est,
326 2028 446 2099 quia
501 2028 744 2084 litteram
799 2027 933 2097 legis
988 2023 1368 2081 tantummodo
1423 2021 1731 2075 observant.

177 2123 289 2180 Deus
327 2141 461 2179 meus
493 2141 549 2178 es
579 2132 658 2190 tu,
689 2140 752 2177 ne
781 2121 1017 2176 discedas
1047 2138 1078 2174 α
1111 2137 1207 2186 me,
1239 2119 1292 2173 in
1323 2116 1412 2172 die
1445 2111 1733 2186 passionis.

232 2217 474 2283 Quoniam
535 2216 806 2270 tribulatio
849 2215 1090 2284 proxima
1140 2221 1234 2267 est.
1281 2209 1349 2266 Ut
1400 2209 1516 2279 ipse
1558 2205 1732 2261 dixit:

171 2307 377 2380 Surgite,
398 2324 622 2365 eamus:
641 2323 770 2365 ecce
799 2305 1260 2379 appmpinquavit
1283 2301 1376 2376 qui
1398 2317 1484 2358 me
1511 2300 1736 2356 traditu-

170 2416 244 2455 rus
270 2411 345 2457 est
370 2400 568 2473 (Joan.
598 2417 684 2457 stv
701 2405 748 2472 j.
771 2400 895 2456 Non
918 2411 990 2455 est
1011 2401 1096 2472 qui
1119 2399 1355 2473 adjuvet,
1375 2411 1549 2468 neque
1574 2409 1737 2465 ange-

170 2495 252 2561 lus,
285 2513 450 2568 neque
482 2497 674 2564 homo,
709 2496 812 2551 nisi
843 2505 922 2564 tu,
947 2495 1128 2551 Pater.

223 2589 681 2647 Circumdederunt
712 2607 789 2644 me
826 2588 978 2643 vituli
1018 2587 1166 2642 multi
1191 2603 1210 2642 :
1234 2585 1399 2642 Vituli
1447 2583 1735 2640 lascivien-

169 2692 266 2742 Ies:
294 2685 343 2740 id
374 2695 478 2752 est,
504 2684 705 2750 Judmi,
734 2685 824 2754 qui
855 2683 1202 2740 lascivientes
1249 2689 1302 2737 et
1331 2678 1735 2736 incontinentes

164 2785 312 2832 erant.
341 2777 506 2832 Tauri
536 2779 754 2850 pingues
785 2775 1236 2830 circumdederunt
1260 2790 1359 2827 me.
1394 2773 1500 2829 Pro
1528 2772 1735 2846 pingui-

164 2869 259 2934 bus,
287 2869 650 2942 Symmachus
675 2870 846 2924 altiles
873 2869 1262 2938 interpretatus
1291 2876 1392 2922 est.
1418 2865 1474 2921 In
1499 2865 1731 2920 Πεδιατο

158 2960 356 3017 verbum
387 2960 613 3032 ponitur
642 2960 840 3027 Basan,
872 2959 1016 3030 quod
1040 2970 1094 3016 et
1125 2959 1424 3030 ignominia
1445 2954 1736 3013 transferri

164 3062 360 3122 potest:
392 3056 524 3125 quia
578 3052 1035 3108 circumdederunt
1087 3069 1185 3105 me.
1232 3049 1394 3105 Tauri
1445 3049 1730 3118 dicuntur,

157 3155 354 3216 propter
395 3147 715 3220 superbiam
746 3145 967 3201 illorum
999 3163 1010 3198 :
1044 3144 1095 3199 id
1123 3154 1238 3210 est,
1289 3142 1566 3215 principes
1612 3143 1733 3197 illo-

1841 1926 1968 1967 nem
2007 1912 2286 1969 allatrent.
2333 1913 2507 1970 Canes
2548 1915 2638 1971 hic
2686 1916 2860 1972 Judaei
2904 1919 3315 1990 intelliguntur,
3349 1922 3446 1991 qui

1839 2003 2232 2061 allatraveruut
2263 2005 2580 2074 Christum,
2633 2019 2690 2065 et
2731 2010 2928 2066 latroni
2957 2012 3238 2082 congavisi
3265 2022 3392 2068 sunt
3425 2032 3442 2070 :

1841 2095 1945 2152 hoc
1967 2107 2083 2165 est,
2117 2097 2676 2170 Barrabbaezquando
2707 2102 2856 2159 illum
2881 2105 3185 2175 petierunt,
3213 2113 3269 2161 et
3287 2106 3449 2162 Chriv

1839 2199 1982 2246 stum
2029 2190 2350 2247 occiderunt
2405 2192 2584 2266 (Joan.
2620 2195 2770 2261 svnt)
2832 2215 2846 2251 :
2911 2197 3173 2264 Quoniam
3220 2200 3440 2253 circum-

1839 2284 2088 2340 dederunt
2115 2302 2195 2340 me
2224 2302 2376 2341 canes
2402 2290 2553 2343 multi
2586 2303 2605 2344 :
2633 2305 2742 2344 non
2776 2289 3074 2362 loquentes
3117 2302 3265 2348 recta
3286 2335 3300 2360 ,
3343 2294 3439 2350 sed

1839 2381 2102 2437 latrantes
2135 2383 2336 2454 iniqua.
2366 2382 2652 2438 Consilium
2675 2385 3074 2458 malignantium
3105 2386 3302 2442 obsedit
3332 2405 3436 2442 me.

1838 2475 2200 2548 Congregatio
2224 2479 2562 2535 Judaeorum.
2593 2478 2755 2536 Canes
2782 2481 2949 2536 multi.
2985 2481 3092 2536 Pro
3122 2481 3349 2538 canibus
3382 2484 3436 2539 in

1840 2570 2071 2628 Hehrzeo
2098 2572 2262 2630 habet
2289 2575 2568 2643 chelabim,
2614 2575 2759 2646 quod
2791 2577 2985 2646 Aquila
3031 2585 3086 2631 et
3129 2576 3438 2632 Theodotin

1838 2675 2104 2723 venatores
2148 2669 2492 2739 interpretati
2531 2679 2676 2725 sunt.
2712 2670 3000 2726 Concilium
3042 2672 3437 2742 malignantium

1838 2761 2032 2817 obsedit
2072 2780 2169 2818 me.
2217 2763 2394 2819 ιιιόωὶ
2432 2763 2804 2822 obsederunt:
2837 2765 2891 2822 id
2916 2774 3032 2834 est,
3063 2766 3440 2823 circumdede-

1837 2865 1966 2911 runt
1993 2855 2294 2913 Christum.

1910 2953 2181 3011 Fuderunt
2214 2971 2398 3011 manus
2456 2972 2596 3010 meas
2637 2965 2684 3010 et
2713 2954 2869 3028 pedes
2899 2971 3058 3010 meos.
3094 2954 3437 3012 Prteteritum
3481 2951 3486 2956 ’

1839 3067 1937 3125 pro
1983 3052 2169 3108 futuro
2207 3052 2442 3122 ponitur.
2495 3050 2793 3119 Foderunt,
2835 3051 3023 3107 clavos
3078 3051 3344 3118 ﬁxerunt,
3382 3060 3438 3107 et

1841 3146 2076 3200 fructum
2106 3160 2360 3216 magnum
2403 3145 2728 3200 invenerunt
2763 3162 2777 3199 :
2813 3143 2867 3200 id
2897 3153 3017 3211 est,
3047 3143 3274 3199 salutem
3300 3158 3435 3214 get»

156 3251 258 3294 tum
279 3239 432 3296 Anna
465 3204 523 3297 et
551 3238 815 3310 Caiphas,
847 3238 932 3294 vel
963 3238 1178 3309 reliqui.
1214 3235 1477 3308 Pingues,
1511 3243 1733 3307 pr0pter
1761 3204 1806 3268 Ο
1841 3237 1993 3293 tium.
2019 3237 2089 3291 Et
2129 3237 2582 3292 dinumeraverunt
2631 3236 2805 3291 omnia
2832 3253 2950 3292 ossa
2995 3253 3127 3291 mea.
3175 3237 3234 3292 lu
3271 3250 3440 3292 cruce

152 3332 553 3389 crassitudinem
589 3331 834 3386 malitiae.

211 3426 533 3493 Aperuerunt
563 3427 616 3480 in
646 3441 726 3479 me
749 3442 803 3479 os
830 3440 1002 3480 suum.
1027 3423 1258 3492 Quando
1290 3421 1579 3488 dixerunt,
1607 3435 1732 3476 cru-

149 3517 399 3590 ciﬁgatur.
430 3519 586 3576 Sicut
617 3517 697 3574 leo
724 3521 927 3591 rapiens
954 3527 1000 3572 et
1024 3517 1256 3590 rugiens.
1283 3514 1340 3570 ld
1367 3525 1450 3570 est
1469 3557 1485 3582 ,
1515 3514 1732 3586 quando

151 3610 205 3664 de
254 3611 346 3668 illo
414 3611 740 3684 cogitabant
805 3609 1081 3682 quomodo
1146 3625 1268 3665 eum
1328 3609 1724 3666 interﬁcerent.

149 3701 388 3775 Rapiens,
429 3705 655 3776 quando
687 3719 812 3760 cum
842 3703 1038 3776 gladiis
1065 3711 1121 3760 et
1150 3702 1390 3759 fustibus
1423 3718 1548 3759 eum
1579 3717 1732 3759 com-

149 3797 572 3864 prehenderunt.

207 3888 344 3946 Sicut
377 3909 522 3963 aqua
577 3890 772 3958 e/fusus
817 3907 960 3956 sum,
1009 3899 1056 3944 et
1110 3890 1344 3964 dispersa
1393 3899 1514 3945 sunt
1559 3891 1733 3945 omnia

144 3996 244 4035 ossa
271 4000 404 4040 mea.
435 3984 532 4039 Sic
558 3984 848 4040 voluerunt
869 3982 1043 4039 Judaei
1073 3983 1349 4040 Christum
1383 3987 1734 4054 exstinguere

138 4079 275 4145 quasi
330 4093 574 4150 aquam,
625 4093 746 4149 qua:
807 4080 1087 4145 hauritur,
1142 4088 1199 4136 et
1254 4079 1614 4150 dispergitur,
1680 4087 1734 4135 et

142 4182 234 4221 non
267 4173 593 4226 revertitur.
629 4169 880 4240 Dispersa
912 4179 1032 4224 sunt
1077 4173 1252 4226 omnia
1279 4188 1395 4227 ossa
1425 4188 1561 4227 mea.
1595 4172 1732 4228 Ossa

136 4259 348 4329 Christi,
380 4263 630 4334 apostoli
669 4264 949 4330 dicuntur;
983 4265 1105 4334 quia
1134 4265 1275 4322 sicut
1313 4281 1443 4322 caro
1477 4267 1546 4322 ab
1594 4267 1736 4322 ossi-

139 4351 229 4410 bus
255 4356 578 4425 roboratur,
617 4359 688 4413 ita
714 4365 768 4412 et
788 4372 987 4427 corpus
1010 4355 1247 4426 Christi,
1273 4362 1414 4429 quod
1443 4366 1524 4414 est
1548 4358 1735 4415 Eccle-

135 4446 232 4512 sia,
262 4448 332 4504 ab
362 4449 640 4520 apostolis
667 4450 753 4505 vel
780 4449 1101 4505 doctoribus
1135 4450 1406 4506 ﬁrmatur.

198 4538 423 4596 Factum
454 4551 533 4596 est
558 4559 647 4596 cor
677 4559 864 4597 nteant.
894 4542 999 4599 Cor
1024 4541 1229 4598 Christi
1254 4543 1508 4600 Ecclesia
1530 4544 1733 4600 intelli-

1835 3332 2072 3388 distenta
2101 3341 2506 3402 conSpeserunt
2532 3330 2778 3386 membra
2810 3344 2930 3384 sua.

1911 3423 2021 3497 Ipsi
2066 3440 2186 3479 vero
2229 3424 2709 3488 consideraverunt,
2758 3429 2864 3476 etc.
2911 3421 3167 3477 Dicentes
3217 3439 3230 3477 :
3281 3420 3437 3477 Alios

1835 3521 2020 3576 salvos
2058 3519 2185 3576 lecit
2234 3535 2246 3573 :
2297 3518 2538 3590 seipsum
2587 3530 2694 3570 non
2756 3523 2937 3585 potest
2989 3515 3200 3570 salvum
3255 3516 3440 3573 facere

1837 3615 2016 3688 (Matt.
2050 3615 2251 3686 xxv").

1907 3706 2205 3764 Diviserunt
2237 3707 2334 3761 sibi
2363 3707 2663 3762 vestimenta
2698 3721 2830 3762 mea.
2865 3705 3164 3761 Facientes
3206 3703 3426 3759 unicui-

1835 3815 1941 3873 que
1964 3800 2123 3856 militi
2149 3813 2363 3872 partetn
2389 3816 2570 3855 suam.
2603 3799 2669 3853 Et
2697 3816 2853 3871 super
2878 3809 3063 3855 restent
3086 3814 3254 3854 meam
3276 3799 3430 3852 misc-

1835 3903 1957 3947 rant
1982 3902 2191 3949 sortem.
2225 3893 2550 3949 Tractantes
2593 3893 2661 3948 de
2701 3893 2883 3948 tunica
2919 3911 2932 3947 :
2963 3892 3080 3948 Non
3109 3893 3430 3948 scindamus

1837 4001 1956 4041 eam
2000 4005 2013 4042 :
2062 3987 2156 4041 sed
2202 3985 2498 4041 sortiatnur
2546 3987 2613 4041 de
2657 4002 2720 4042 ea
2761 3987 2919 4057 cujus
2954 3987 3046 4042 sit.
3083 3985 3178 4041 Vel
3211 3986 3379 4042 aliter
3416 4005 3432 4041 :

1840 4078 2139 4134 Diriserunt
2168 4079 2266 4134 sibi
2295 4080 2597 4134 vestimenta
2617 4096 2760 4145 mea,
2793 4091 2840 4135 et
2868 4097 3024 4152 super
3048 4088 3237 4134 vestem
3262 4096 3431 4133 meam

1837 4173 2087 4228 miserunt
2133 4183 2342 4228 sortem.
2395 4173 2550 4242 Quod
2612 4183 2849 4244 quatuor
2921 4173 3127 4229 milites
3183 4173 3436 4229 fecerunt

1837 4278 2068 4337 quatuor
2101 4274 2321 4337 partes,
2353 4275 2410 4321 et
2437 4263 2679 4320 tunicam
2712 4280 2817 4321 non
2862 4265 3175 4321 diviserunt
3208 4284 3220 4320 ;
3261 4266 3434 4336 signi-

1840 4357 2039 4414 ﬁcabat
2078 4359 2342 4415 unitatem
2389 4357 2683 4426 Ecclesim,
2729 4359 2877 4429 quod
2908 4373 3013 4414 non
3064 4358 3439 4417 scinderetur.

1838 4449 2043 4506 Volunt
2068 4441 2315 4508 hrrretiCi
2355 4465 2474 4506 eam
2506 4450 2788 4520 scindere,
2813 4461 2868 4507 et
2897 4467 3004 4508 non
3036 4461 3284 4523 possunt.
3330 4467 3340 4481 ’

1917 4543 1995 4597 Tu
2025 4552 2232 4610 autem,
2274 4543 2526 4611 Domine,
2556 4560 2621 4598 nc
2649 4545 2972 4617 elongaveris
3004 4545 3262 4601 auxilium
3291 4556 3438 4601 tuum

131 4631 282 4703 gitur,
327 4643 635 4707 antequam
682 4636 933 4691 Christus
998 4635 1329 4692 ascenderet
1373 4637 1424 4691 iu
1466 4636 1731 4710 crucem}:
1760 4608 1815 4668 Ῑ)
1840 4655 1873 4691 a
1901 4655 2000 4692 me.
2035 4637 2364 4693 Humanitas
2395 4639 2461 4692 ad
2494 4638 2836 4694 divinitatem
2878 4640 3122 4711 loquitur
3157 4658 3167 4694 :
3202 4647 3259 4694 ut
3286 4639 3441 4694 auxi-

131 4743 244 4798 qua:
287 4731 434 4786 dura
469 4730 756 4786 videbatur
797 4746 957 4796 esse,
1008 4731 1133 4803 quia
1176 4733 1332 4802 pauci
1369 4748 1467 4803 pro
1515 4733 1736 4789 nomine

129 4818 265 4878 illius
294 4823 681 4894 patiebantur.
713 4823 868 4879 Unde
893 4824 1095 4878 dicitur
1121 4843 1132 4878 :
1166 4824 1272 4879 Pro
1297 4824 1448 4894 justo
1473 4825 1594 4894 quis
1623 4840 1738 4880 mo-

129 4916 301 4971 ritur?
358 4918 663 4986 Tamquam
708 4934 827 4972 cera
887 4918 1197 4989 liquescens.
1249 4918 1387 4986 Quia
1448 4930 1735 4990 postquam

127 5004 378 5066 Christus
402 5009 660 5065 ascendit
685 5010 736 5064 in
759 5024 997 5080 crucem,
1014 5022 1200 5081 posma
1224 5025 1416 5066 omnes
1431 5013 1600 5066 sancti
1625 5026 1735 5068 coe-

126 5112 319 5168 perunt
379 5101 799 5157 tribulationem
860 5118 958 5172 pro
1004 5103 1123 5173 ipso
1178 5104 1455 5160 sustinere
1513 5116 1738 5175 pr0pter

121 5205 269 5262 spem
329 5194 723 5251 retributionis
771 5193 940 5250 futuri
992 5196 1238 5251 muneris
1287 5196 1476 5268 (Rom.
1530 5196 1606 5268 v).
1665 5196 1735 5252 In

122 5288 282 5340 medio
337 5288 542 5342 ventris
597 5287 720 5342 mei.
772 5287 884 5342 Hoc
940 5297 1056 5356 est,
1113 5289 1164 5343 in
1215 5291 1396 5346 medio
1451 5289 1732 5346 Ecclesia).

121 5372 346 5433 Factum
395 5388 481 5434 est
517 5395 606 5434 cor
655 5395 824 5434 meum
874 5391 1134 5452 tamquam
1177 5399 1296 5438 cera
1345 5383 1631 5454 liquescens
1679 5386 1734 5439 in

117 5472 284 5526 ntedio
331 5473 536 5528 ventris
584 5474 704 5527 ntei.
758 5475 1038 5544 Sapientia
1079 5492 1220 5544 mea,
1257 5492 1377 5548 qute
1424 5476 1576 5546 prius
1626 5493 1733 5534 non

117 5562 577 5637 intelligebatur,
619 5581 852 5622 accensa
887 5568 996 5638 igni
1045 5567 1315 5638 passionis
1364 5569 1628 5638 incaluit,
1679 5580 1734 5627 et

114 5669 373 5730 suscepta
405 5669 500 5714 est
526 5660 592 5716 ab
620 5660 894 5716 Ecclesia.

184 5749 428 5809 Exaruit
453 5763 714 5826 tamquam
744 5764 872 5810 testa
896 5754 1060 5811 virtus
1087 5771 1221 5812 mea.
1243 5755 1411 5814 Testa
1443 5767 1734 5831 antequam

111 5845 166 5902 in
207 5846 341 5920 igne
383 5857 661 5922 ponatur,
716 5847 924 5906 inﬁrma
970 5859 1055 5907 est
1106 5868 1118 5905 :
1176 5859 1465 5924 postquam
1514 5854 1567 5912 in
1614 5854 1738 5927 igne

1843 4733 2005 4788 lietur
2028 4732 2078 4788 ei
2110 4735 2162 4788 in
2195 4742 2440 4804 tempore
2471 4732 2776 4789 Passionis.
2811 4735 2894 4789 Tu
2925 4745 3128 4802 autem,
3175 4732 3431 4798 Domine,

1841 4845 1903 4882 ne
1940 4827 2262 4900 elongaveris
2303 4827 2559 4882 auxilium
2605 4837 2751 4882 tuum
2801 4846 2833 4883 a
2886 4847 3001 4896 me;
3048 4829 3145 4886 sed
3189 4829 3439 4899 protinus

1843 4937 1929 4979 me
1964 4924 2256 4979 resuscita.
2306 4923 2387 4976 Ad
2435 4924 2781 4994 defensionem
2824 4942 2993 4980 meam
3041 4925 3298 4997 conspice.
3347 4922 3430 4979 Ne

1842 5018 1970 5088 quid
1999 5017 2132 5072 mihi
2165 5033 2292 5088 pars
2321 5017 2518 5072 inferni
2548 5018 2638 5074 illa
2668 5020 2889 5074 voracis
2917 5018 3240 5088 praevaleat.

1916 5109 2056 5164 Erue
2081 5113 2334 5181 aframea
2368 5110 2599 5164 animam
2622 5126 2809 5165 meam.
2860 5110 3009 5166 Erue
3051 5125 3080 5162 a
3129 5107 3312 5179 gladio
3352 5107 3443 5163 vel

1841 5203 2048 5259 malitia
2077 5201 2412 5258 Judteorum.
2458 5201 2553 5257 Vel
2585 5217 2721 5258 erue
2760 5202 2999 5256 animam
3033 5215 3208 5256 meam
3240 5199 3308 5254 de
3337 5199 3432 5254 illa

1839 5303 2108 5365 potestate
2125 5339 2139 5363 ,
2171 5310 2292 5366 qua:
2315 5293 2628 5350 seducendo
2646 5293 2884 5365 jugulat.
2918 5293 2987 5346 Et
3014 5294 3078 5346 de
3101 5307 3261 5347 manu
3285 5293 3432 5347 canis

1839 5388 2047 5442 unicam
2077 5403 2263 5442 meam.
2307 5387 2512 5453 Canes,
2541 5387 2737 5444 Judaei.
2783 5384 2949 5442 Unica
2989 5403 3001 5438 :
3034 5384 3088 5440 id
3120 5392 3227 5454 est,
3259 5383 3441 5439 anima

1843 5479 2072 5536 Christi.
2106 5478 2273 5535 Unica
2317 5478 2551 5547 dicitur,
2604 5478 2727 5550 quia
2775 5492 2886 5533 non
2937 5476 3103 5533 habet
3149 5485 3438 5547 peccatum

1851 5573 1944 5628 illa
1972 5573 2153 5629 anima
2177 5616 2190 5639 ,
2221 5583 2276 5629 et
2304 5573 2424 5629 alia:
2451 5574 2648 5629 animae
2675 5574 2744 5629 ab
2773 5574 2889 5644 ipsa
2931 5572 3285 5628 mandantur.
3339 5569 3440 5627 Vel

1847 5667 2010 5723 unica
2031 5708 2044 5733 ,
2075 5667 2324 5724 Ecclesia
2357 5685 2374 5723 :
2403 5677 2452 5722 et
2482 5668 2546 5722 de
2575 5685 2732 5721 mantt
2761 5668 2906 5723 canis
2948 5683 2968 5723 :
2995 5666 3064 5723 de
3088 5681 3183 5723 ore
3214 5663 3441 5730 inferni,

1848 5761 1941 5834 qui
1969 5775 2121 5817 more
2147 5761 2346 5818 canino
2366 5759 2522 5816 avide
2548 5760 2799 5816 devorat.

1922 5855 2140 5912 Salvum
2167 5873 2247 5912 me
2285 5857 2368 5925 fac
2403 5854 2468 5908 de
2497 5870 2588 5910 ore
2620 5853 2800 5910 leonis.
2847 5853 2920 5910 Os
2965 5852 3171 5922 leonis,
3219 5849 3454 5925 populus
