3944 6334
466 321 573 375 8‘15

1256 302 1603 362 APPENDIX
1647 302 1741 358 AD
1777 297 2027 359 TOMUI
2066 292 2423 357 SEPTIMUM
2463 291 2525 347 ὃ.
2568 283 2978 345 HIERDNVMI.

3660 278 3763 335 εει

468 435 733 492 Jndaicus
767 449 781 485 :
817 439 1040 502 propter
1071 423 1448 481 fortitudinem
1494 418 1713 475 malitia:
1752 432 1887 473 sua).
1923 413 1992 471 Et
2027 431 2061 502 a
2089 423 2139 481 Α
2164 411 2413 485 gentium.
2438 400 3432 477 Regnumdiaholiccr-idit,ctrcgnum
3450 395 3651 453 Christi
3681 396 3763 498 ad-

474 526 720 584 cornibus
770 494 1101 578 animi-nium
1137 513 1483 571 humilitatem
1529 526 1713 566 meant.
1746 494 2062 573 Unicoruis,

476 621 593 692 ipso
623 617 861 689 populus
887 610 1147 668 Judslcus
1176 603 1500 675 intelligitur
1530 620 1545 658 :
1578 602 1705 668 quia
1737 615 1905 659 unum
1937 613 2063 655 cor-

475 729 551 770 nu
592 711 788 774 habet,
823 706 879 761 id
916 714 1034 771 est,
1079 717 1242 757 unum
1283 700 1460 769 tegent
1508 714 1520 750 :
1570 695 1713 749 unde
1764 692 2069 749 ventilahat

476 820 672 862 omnes
700 810 894 873 gentes
932 805 1057 852 ante
1098 791 1610 866 praevaricationem
1645 787 1887 843 illorum.
1927 785 1989 840 Et
2036 801 2071 841 a

477 897 716 954 cornibus
741 892 1069 948 unicornium
1088 886 1437 942 humilitatem
1458 897 1647 937 meum.
1669 880 1717 939 Α
1738 878 2071 936 satellitibus

475 990 693 1045 Satanae
723 1003 735 1038 :
769 998 865 1055 per
894 997 1039 1054 quos
1066 980 1316 1036 homines
1345 975 1700 1046 singulariter
1733 974 1788 1029 in
1814 972 2069 1043 superbia

475 1081 807 1137 exaltantur.
843 1075 1026 1145 Usque
1064 1074 1170 1128 huc
1197 1071 1265 1126 de
1295 1069 1562 1126 Passione
1600 1065 1738 1125 dixit
1791 1083 1805 1121 :
1846 1065 1955 1134 jam
2001 1063 2070 1118 de

474 1170 889 1228 resurrectione
920 1168 1160 1237 loquitur
1190 1179 1318 1219 cum
1341 1162 1476 1218 dicit
1507 1180 1519 1214 :

550 1263 797 1320 Narrabo
825 1276 1013 1316 nomen
1055 1271 1199 1312 tuum
1231 1254 1483 1327 fratribus
1506 1253 1653 1308 meis.
1693 1251 1808 1307 Vox
1847 1248 2068 1306 Christi.

479 1359 742 1422 Fratres,
795 1352 1069 1425 apostoli,
1113 1360 1407 1422 postquam
1454 1344 1792 1414 resurrexit,
1847 1352 1907 1398 ut
1954 1344 2072 1412 ipse

474 1454 592 1506 ait:
627 1450 730 1515 lle,
763 1447 1009 1503 nuntiate
1038 1443 1297 1500 fratribus
1329 1443 1496 1508 meis,
1552 1451 1611 1495 ut
1639 1446 1768 1496 eaut
1815 1438 1870 1493 in
1920 1436 2070 1493 Gali-

476 1544 671 1607 laeam,
706 1542 779 1596 ibi
827 1555 916 1595 me
956 1538 1215 1595 videbunt
1264 1534 1445 1609 (Matt.
1485 1531 1568 1605 Χ).
1601 1531 1667 1587 In
1696 1532 1867 1587 medio
1893 1529 2073 1587 Eccle-

475 1638 566 1692 sia:
613 1633 837 1689 laudabo
867 1643 933 1688 te.
986 1632 1099 1687 Hoc
1126 1639 1234 1698 est,
1266 1631 1319 1685 in
1377 1628 1590 1683 unitate
1638 1625 1903 1681 Ecclesiae
1959 1641 1972 1678 :
2021 1623 2075 1677 in

472 1734 658 1786 inedia
716 1729 1057 1784 credentium
1113 1725 1462 1796 populorum.
1504 1719 1755 1776 Laudabo
1795 1728 1881 1783 te,
1928 1731 2071 1788 pra:-

476 1822 673 1877 dittaho
703 1832 776 1875 te.

555 1915 656 1981 Qui
691 1913 879 1967 timetis
912 1911 1217 1975 Dominum,
1242 1908 1453 1963 laudate
1489 1921 1629 1961 eum.
1659 1903 1860 1960 Omnes
1899 1899 2076 1956 sancti

479 2008 572 2079 qui
600 2008 807 2061 timore
837 2014 1031 2061 sancto
1072 2002 1221 2057 illum
1250 2003 1481 2064 timent,
1511 1997 1733 2053 laudant
1767 2011 1914 2051 eum.
1947 1991 2081 2050 Uni-

478 2116 682 2156 versum
701 2113 871 2153 seuseu
890 2095 1074 2164 Iacob,
1105 2094 1434 2166 magniﬁcate
1459 2108 1596 2149 eum.
1626 2090 1681 2145 ld
1705 2100 1815 2156 est,
1845 2087 2080 2160 populus

478 2200 693 2266 minor,
718 2196 1177 2269 supplantatores
1195 2190 1489 2254 vitiorum,
1517 2184 1862 2256 magnilicate
1888 2182 2075 2239 illum:

482 2294 927 2351 Christianorum
981 2291 1170 2361 utique
1216 2302 1439 2357 scinen,
1487 2285 1577 2342 cui
1622 2285 1836 2340 serviet
1881 2283 2081 2355 major.

482 2391 640 2465 (Gen.
677 2389 827 2461 xxv).

559 2487 761 2542 Timent
801 2501 916 2540 eum
963 2500 1119 2539 omne
1158 2498 1331 2538 semen
1376 2479 1565 2536 Israel.
1620 2478 1735 2533 Hoc
1760 2484 1849 2532 est
1888 2486 2082 2528 omnes

485 2581 740 2634 videntes
771 2576 942 2633 Deum
967 2616 983 2641 ,
1013 2577 1104 2647 qui
1135 2574 1313 2631 renati
1347 2588 1445 2644 per
1477 2571 1804 2640 baptismum
1831 2608 1846 2631 ,
1880 2560 2078 2620 videtis

487 2684 673 2729 monte
714 2673 907 2728 Domo.
961 2671 1221 2737 Question:
1268 2685 1375 2723 non
1416 2665 1605 2738 spreuit
1648 2680 1806 2734 neque
1850 2661 2081 2734 despexit

487 2772 901 2842 deprecatin
939 2767 1182 2840 pauperis
1208 2781 1228 2819 :
1260 2763 1456 2828 Meam,
1488 2761 1579 2831 qui
1610 2774 1707 2829 pro
1729 2757 1884 2813 vobis
1907 2756 2083 2810 tactus

488 2879 609 2917 sum
658 2876 886 2932 pauper.
913 2860 1014 2915 Vel
1058 2857 1287 2928 populus
1332 2854 1677 2910 Christianos
1725 2869 1830 2907 rion
1874 2847 2084 2919 sprevit

494 2960 656 3019 Deus.
690 2956 788 3011 sed
822 2953 1129 3009 exaudivit.

565 3052 751 3121 Neque
774 3048 961 3104 auertit
990 3046 1176 3115 faciem
1206 3059 1359 3098 suam
1391 3059 1423 3095 a
1466 3057 1564 3096 me.
1595 3036 1709 3096 Sed
1734 3037 2083 3093 resuscitavit

489 3163 577 3201 me
609 3161 638 3200 a
669 3143 914 3200 mortuis.
945 3139 1014 3195 Et
1041 3156 1158 3194 cum
1194 3136 1473 3192 clamarent
1518 3133 1585 3186 ad
1622 3148 1740 3191 eum
1760 3172 1778 3195 ,
1811 3128 2082 3186 exaudivit

480 3256 582 3294 me.
616 3238 974 3306 Respondeas
1007 3252 1019 3285 :
1067 3233 1131 3286 Et
1165 3226 1462 3285 elarilicavi
1485 3268 1501 3291 ,
1546 3238 1597 3283 et
1640 3227 1836 3281 iterum
1877 3224 2078 3281 elarili.
2106 3198 2151 3259 (ἶ

488 3332 626 3387 ρειδο
649 3329 829 3400 (Joan.
863 3326 963 3395 xu)
993 3342 1006 3377 :
1036 3320 1295 3377 Christus
1312 3317 1598 3375 exauditus
1615 3326 1700 3371 est
1721 3318 1773 3373 in
1800 3315 2083 3385 Passieno,

489 3436 540 3478 et
577 3420 819 3477 Ecclesia
851 3418 903 3471 in
934 3414 1303 3470 tribulatione.

566 3512 718 3583 Apud
764 3520 812 3564 te
838 3509 952 3564 laus
986 3521 1105 3562 mea
1128 3505 1183 3559 in
1211 3502 1452 3559 Ecclesia
1480 3518 1686 3571 magna.
1720 3498 1777 3555 ld
1804 3508 1908 3564 est,
1940 3498 2082 3568 apud

492 3608 709 3661 Patrem
735 3612 786 3654 ut
807 3600 942 3655 dixit
969 3617 980 3650 :
1011 3598 1121 3667 Ego
1141 3606 1192 3650 et
1218 3595 1377 3649 Pater
1399 3610 1563 3647 unum
1586 3608 1774 3648 sumus
1796 3589 1976 3661 (Joan.
2001 3591 2081 3663 x).

486 3698 642 3771 Apud
663 3706 712 3750 te
731 3694 846 3748 laus
872 3708 985 3746 mea
1006 3692 1065 3747 in
1086 3688 1319 3745 Ecclesia
1338 3703 1567 3758 "mgna:
1595 3700 1717 3757 qum
1743 3701 1839 3756 per.
1862 3700 2082 3740 annuum

490 3792 680 3847 urbem
724 3799 990 3842 terrarum
1034 3781 1356 3843 credulitate
1398 3780 1589 3839 diffusa
1632 3789 1735 3835 est.
1798 3776 1927 3832 Vota
1972 3795 2086 3841 mea

492 3884 716 3940 Domino
746 3879 964 3936 reddens
983 3892 1160 3933 coram
1189 3875 1484 3931 timemibus
1514 3891 1647 3929 cum.
1680 3872 1815 3929 Vota
1844 3873 2044 3929 Christi
2065 3915 2082 3942 ,

493 3974 750 4032 nativitas
795 3972 881 4029 vel
925 3971 1109 4041 passio
1154 3985 1169 4022 :
1214 3977 1341 4024 vota
1392 3966 1688 4033 Ecclesiae,
1721 3982 1886 4036 opera
1919 3966 2082 4023 bona.

491 4068 593 4124 Vel
637 4066 965 4138 mysterium
1015 4059 1263 4130 corporis
1303 4073 1369 4114 ac
1403 4056 1686 4127 sanguinis
1717 4058 1824 4115 mei
1855 4057 2089 4114 ollerant

492 4178 615 4221 cum
647 4164 733 4217 his
757 4160 853 4231 qui
876 4160 931 4214 in
959 4157 1077 4228 ejus
1109 4156 1303 4211 timore
1340 4152 1460 4208 tunc
1491 4152 1792 4215 celebrant.

568 4252 738 4310 Edent
784 4264 1034 4322 pauperes
1069 4256 1117 4305 et
1152 4246 1549 4303 saturabautur.
1592 4243 1869 4315 Pauperes
1890 4283 1907 4312 ,
1951 4256 2087 4313 apo.

495 4346 658 4413 stoli,
704 4343 873 4401 edent
917 4354 1116 4410 corpus
1164 4336 1384 4394 Christi.
1436 4336 1755 4393 Laudabunt
1804 4331 2093 4401 Dominum

494 4438 583 4503 qui
611 4435 867 4506 requirent
890 4449 1028 4488 eum.
1056 4430 1162 4487 Per
1191 4428 1350 4487 linem
1382 4439 1438 4486 et
1463 4444 1629 4499 Opera
1652 4435 2087 4498 cognoscentes,

494 4529 643 4603 quod
686 4530 803 4599 ipse
848 4537 934 4584 est
978 4527 1132 4597 panis
1174 4526 1327 4582 vivus
1369 4523 1463 4595 qui
1513 4523 1581 4581 de
1624 4523 1769 4579 ctulo
1805 4521 2089 4579 descendit

497 4624 681 4696 (Joan.
714 4621 815 4694 Vl).

580 4714 759 4771 Vivent
788 4714 949 4771 corda
971 4730 1147 4775 eorum
1175 4714 1231 4769 in
1265 4714 1513 4771 secutum
1542 4713 1742 4775 muli.
1772 4712 1880 4777 Cor
1909 4718 2091 4775 anima

497 4809 763 4880 ipsorum.
804 4805 935 4865 Sine
968 4806 1256 4877 line,quia
1304 4808 1394 4877 qui
1439 4807 1847 4865 manducaverit
1877 4824 1943 4865 ex
1989 4809 2094 4868 hoc

500 4916 643 4973 pane
662 4940 679 4967 ,
714 4899 861 4961 vivet
886 4898 937 4955 in
966 4913 1033 4955 eo
1053 4898 1353 4970 spiritualis
1374 4913 1572 4959 sensus
1594 4900 1648 4963 in
1672 4902 2093 4972 sempiternum.

571 4993 983 5051 Reminisceutur
1014 5001 1065 5053 et
1102 4999 1457 5051 convertentur
1499 4992 1571 5047 ad
1600 4993 1880 5061 Dominum
1917 5011 2093 5053 omnes

497 5094 626 5161 fines
657 5100 829 5147 terrae.
862 5089 980 5146 Hoc
1003 5096 1120 5157 est,
1166 5087 1296 5145 fecit
1337 5087 1597 5147 Dominus
1646 5090 1786 5149 Dens
1829 5089 2087 5160 pupulum

494 5184 869 5243 Christianum
891 5222 907 5252 ,
937 5192 995 5258 ut
1022 5182 1408 5247 recordaretur
1430 5183 1486 5243 in
1510 5200 1634 5241 eum
1653 5224 1670 5253 ,
1700 5194 1757 5241 et
1786 5194 2089 5243 revertere-

499 5289 588 5336 tur
615 5279 682 5334 de
708 5277 811 5337 viis
853 5276 971 5337 suis
1020 5277 1225 5349 pravis.
1258 5277 1451 5335 Omnis
1504 5276 1793 5347 multitudo
1840 5281 2093 5350 gentium

499 5378 900 5442 recognoscant
928 5384 989 5433 se
1017 5370 1074 5428 in
1118 5369 1362 5429 tenebris
1401 5370 1672 5431 involutos
1717 5389 1731 5431 ι
1770 5370 1896 5433 ideo
1927 5388 2090 5434 accc.-

500 5464 635 5520 dunt
662 5474 719 5519 ut
748 5463 1147 5525 illumineutttr.

570 5558 640 5615 Et
684 5558 980 5619 odorabunt
1024 5559 1081 5615 in
1123 5564 1400 5629 conspectu
1444 5558 1560 5628 ejus
1586 5558 1836 5617 universes
1874 5560 2092 5630 [autilite

494 5651 741 5722 gentium.
795 5650 861 5707 Et
907 5648 991 5707 hic
1035 5647 1297 5715 adorant,
1335 5655 1393 5707 et
1421 5648 1474 5703 in
1513 5647 1696 5713 futuro
1727 5667 1743 5704 :
1773 5652 1899 5721 quia
1928 5652 2087 5720 iuxta

495 5741 817 5811 Apostolum
837 5781 852 5804 ,
882 5737 981 5807 ipsi
1002 5737 1291 5795 ﬂectentur
1308 5739 1489 5799 omnia
1508 5754 1684 5811 sanna
1707 5738 1968 5816 (Philipp.
1998 5744 2091 5814 It).

569 5833 831 5901 Quoniam
862 5830 1077 5889 Domini
1106 5842 1177 5890 est
1209 5850 1421 5906 regnum
1464 5854 1480 5892 .'
1506 5847 1554 5895 et
1603 5837 1711 5910 ipse
1744 5838 2091 5899 dominabitur

2116 4555 2318 4656 Dideo
2344 4555 2543 4610 nullius
2588 4569 2745 4626 egeo.
2775 4553 2873 4610 Vel
2904 4553 3099 4610 aliter:
3134 4553 3296 4624 Regit
3343 4569 3430 4609 me
3482 4572 3497 4607 :

2167 504 2337 559 venit.
2358 500 2699 558 Ascendente
2716 513 2781 552 eo
2809 498 2860 552 in
2884 494 3062 559 caelis,
3085 492 3266 549 omnia
3285 490 3527 560 subjecta
3553 498 3680 545 sunt
3698 487 3763 551 ei.

2242 594 2687 651 Mandueuverunt
2717 600 2762 647 et
2809 588 3155 643 ador-atterunt
3177 600 3352 639 omnes
3389 581 3569 637 divites
3595 589 3760 634 terra.

2170 688 2228 744 Id
2270 700 2392 753 est,
2442 685 2677 754 apostoli
2727 683 2812 739 vel
2861 679 3043 737 caeleri
3093 677 3267 734 sancti
3311 674 3767 735 manducaverunt

2169 795 2367 850 corpus
2394 777 2624 845 Christi,
2660 785 2719 831 ut
2743 774 2877 831 dixit
2900 772 3173 845 superius.
3224 769 3414 825 Divites
3437 776 3587 822 terra:
3617 782 3635 821 :
3662 766 3759 822 hoc

2172 883 2284 937 est,
2322 873 2373 929 in
2405 870 2542 940 lidc,
2571 878 2627 927 et
2654 883 2856 939 opere,
2886 865 2971 921 vel
3011 863 3300 920 virtutibus
3326 880 3339 917 :
3369 867 3757 932 cognoscentes

2172 966 2296 1034 quia
2335 963 2518 1018 suavis
2556 969 2641 1017 est
2688 959 2967 1016 Dominus.
3021 956 3086 1012 In
3125 962 3404 1025 conspectu
3434 952 3547 1033 ejus
3579 951 3762 1009 cadent

2170 1056 2394 1112 uniuersi
2419 1055 2506 1127 qui
2536 1053 2849 1109 descendunt
2880 1052 2937 1105 in
2965 1058 3175 1106 terram.
3205 1044 3497 1103 Procident
3518 1087 3533 1113 ,
3565 1043 3619 1099 id
3647 1053 3730 1105 est
3753 1084 3767 1110 ,

2173 1159 2485 1219 peccatores
2524 1148 2579 1204 in
2626 1148 2715 1203 die
2760 1145 2951 1217 jndicii
2998 1144 3051 1200 in
3092 1151 3385 1217 conspectu
3441 1139 3533 1196 Dei
3580 1147 3758 1194 erunt.

2175 1242 2524 1301 Descendunt
2554 1257 2584 1297 a
2617 1239 2875 1312 superbia
2916 1238 3100 1295 saeculi
3131 1255 3146 1292 :
3176 1245 3235 1299 ut
3259 1235 3488 1301 adorent
3517 1234 3569 1292 in
3602 1247 3763 1289 Sensu

2181 1333 2502 1391 humilitatis
2531 1348 2709 1407 purae.

2245 1428 2435 1487 Anima
2459 1442 2575 1483 mea
2605 1425 2686 1481 illi
2719 1426 2843 1479 viret
2875 1440 2892 1477 :
2928 1433 2972 1479 et
3003 1438 3173 1477 semen
3217 1436 3386 1475 meum
3428 1418 3608 1481 serviet
3652 1417 3769 1489 ipsi.

2175 1520 2448 1586 Ecclesia,
2511 1534 2633 1591 quze
2686 1519 2798 1590 jam
2859 1532 2965 1577 non
3018 1514 3126 1570 sibi
3180 1510 3341 1580 vivit,
3403 1510 3542 1567 vivit
3588 1518 3765 1565 autem

2174 1612 2423 1670 Christus
2460 1611 2511 1669 in
2541 1626 2625 1666 ea.
2664 1609 2754 1664 Vel
2789 1608 2947 1665 aliter
2979 1626 2993 1663 :
3028 1605 3215 1662 Anima
3252 1621 3366 1659 mea
3412 1604 3493 1659 illi
3523 1603 3691 1672 vivet,
3735 1611 3774 1655 et

2176 1723 2348 1761 semen
2392 1721 2563 1759 meum
2605 1704 2786 1760 serviet
2832 1701 2955 1774 ipsi.
3008 1700 3201 1756 Anima
3241 1696 3445 1753 Christi
3491 1695 3627 1755 vivit
3672 1694 3775 1751 Deo

2107 1813 2150 1873 η
2184 1799 2361 1864 Patri,
2386 1805 2442 1854 et
2461 1812 2607 1853 mors
2627 1794 2676 1851 ei
2700 1794 2837 1849 ultra
2862 1809 2967 1848 non
2992 1791 3363 1847 dominabitur
3408 1787 3587 1862 (Rom.
3634 1786 3770 1857 vin).

2186 1891 2279 1945 Vel
2350 1890 2590 1945 Ecclesia
2652 1888 2802 1942 vivet
2859 1885 3097 1941 Christo.
3174 1882 3360 1939 Semen
3412 1897 3618 1948 meum,
3676 1880 3765 1935 lilii

2185 1981 2477 2049 Ecclesiae,
2505 1980 2685 2035 serviet
2718 1977 2850 2052 ipsi,
2885 1975 3116 2050 populus
3143 1974 3509 2031 credentium.

2258 2072 2660 2135 Anuunliabitur
2694 2069 2919 2125 Domino
2950 2068 3213 2143 generatio
3244 2076 3477 2121 ventura.
3516 2063 3774 2135 Propheta

2182 2164 2317 2221 dicit
2344 2185 2359 2219 :
2388 2162 2667 2221 Generatio
2694 2171 2914 2216 ventura
2936 2202 2951 2227 ,
2978 2158 3083 2214 hoc
3106 2168 3219 2225 est,
3255 2156 3494 2228 populus
3514 2157 3773 2226 gentium,

2183 2258 2274 2328 qui
2333 2255 2549 2311 venturi
2616 2262 2774 2310 erant
2822 2261 3115 2321 antequam
3170 2249 3421 2305 Christus
3465 2247 3682 2302 veniret
3727 2250 3774 2303 in

2187 2346 2446 2403 mundum
2479 2345 2547 2401 ad
2573 2344 2909 2401 credendum
2940 2343 3013 2399 ei.
3064 2342 3191 2407 Vel,
3235 2341 3503 2413 generatio
3530 2348 3772 2405 ventura,

2185 2440 2288 2497 hoc
2315 2448 2401 2497 est
2420 2480 2437 2507 ,
2463 2442 2513 2495 in
2536 2439 2679 2496 diem
2702 2438 2899 2510 judicii
2928 2446 3037 2492 tota
3060 2437 3276 2507 integra
3299 2434 3548 2490 claritas.
3575 2435 3778 2488 Annuu-

2184 2534 2384 2591 tiabunt
2438 2534 2552 2593 σιειὶ
2591 2532 2855 2606 justitiam
2912 2532 3050 2601 ejus.
3098 2528 3214 2584 Hoc
3240 2536 3354 2596 est,
3414 2525 3652 2598 apostoli
3700 2526 3772 2584 vel

2182 2628 2459 2684 doctores.
2500 2628 2771 2683 Justitiam
2814 2627 2947 2699 ejus.
2991 2624 3105 2679 Hoc
3150 2633 3269 2691 est,
3322 2621 3574 2676 mandata
3624 2621 3774 2676 illius.

2181 2721 2399 2794 Populo
2430 2725 2520 2793 qui
2561 2729 2821 2775 nascetur.
2857 2720 2971 2774 lloc
2998 2726 3111 2782 cst,
3144 2731 3241 2785 per
3268 2717 3494 2771 verbum
3525 2715 3774 2785 praedica-

2184 2814 2341 2869 tionis
2354 2855 2366 2869 .
2388 2815 2547 2881 Quem
2563 2815 2682 2886 fecit
2699 2812 2968 2867 Dominus.
2988 2811 3029 2866 ll
3038 2827 3104 2865 oc
3119 2820 3222 2877 est,
3241 2809 3651 2878 pra‘destinavit
3668 2819 3779 2865 ante

2182 2908 2401 2964 saacula.
2420 2905 2623 2977 Populo
2634 2909 2721 2978 qui
2732 2917 2962 2961 nascetur
2984 2922 3128 2974 queui
3148 2904 3265 2976 fecit
3281 2901 3554 2958 Dominus.
3574 2902 3674 2971 Qui
3695 2917 3779 2973 per

2184 2998 2342 3054 fidem
2370 2998 2760 3069 acccdens,per
2787 3000 3219 3069 baptismumﬁst
3245 2993 3775 3051 renatusiuChristo.

2181 3091 2285 3157 Qui
2307 3089 2461 3144 nobis
2484 3098 2741 3160 praestare
2760 3088 3074 3162 diguetnrin
3098 3096 3393 3160 conspectu
3409 3095 3603 3142 nostro
3623 3085 3780 3139 hahe-

2187 3198 2244 3237 re
2274 3184 2492 3237 vulnera
2529 3182 2648 3251 ejus
2674 3224 2687 3246 ,
2747 3191 2799 3237 et
2829 3198 2950 3236 cum
2978 3180 3183 3235 Thoma
3239 3179 3519 3251 palpantes
3559 3180 3777 3234 ﬁxuram

2187 3279 2460 3333 clavorum
2495 3277 2640 3331 illius
2687 3276 2866 3343 (Joau.
2900 3275 3033 3347 xx):
3084 3274 3169 3330 vel
3209 3273 3278 3329 de
3305 3272 3451 3328 omni
3482 3272 3776 3328 humilitate

2190 3371 2461 3441 passionis
2506 3372 2625 3437 eius
2688 3371 2872 3442 jugcm
2930 3369 3251 3424 memoriam
3307 3367 3605 3432 facientes,
3650 3381 3768 3421 cum

2187 3464 2428 3534 SuSpirio
2489 3464 2651 3517 etiam
2700 3479 2823 3518 eum
2868 3477 2969 3533 pro
3020 3461 3260 3534 peccatis
3311 3461 3513 3516 nostris
3567 3458 3765 3514 inferna

2190 3564 2507 3625 penetrasse
2538 3556 2880 3620 recolentes,
2914 3570 2976 3610 ea
3031 3568 3255 3622 semper
3303 3568 3527 3623 agamus
3570 3553 3619 3606 in
3667 3551 3767 3606 hoc

2187 3661 2417 3717 corpore
2472 3658 2729 3709 terreno,
2784 3658 2840 3701 ut
2892 3647 2994 3717 ipsi
3050 3646 3292 3715 capulari
3351 3660 3649 3702 mereamur
3721 3645 3773 3709 in

2180 3756 2379 3812 regno.
2410 3740 2606 3797 Amen.

2731 3811 3049 3873 PSALMUS
3091 3810 3261 3867 XXII.

2193 3925 2435 3982 Psalmus
2466 3926 2654 3982 David.
2692 3927 2946 3983 Psalmus
2977 3927 3079 3987 iste
3101 3925 3358 3982 continet
3383 3941 3570 3987 vocem
3596 3924 3773 3981 Eccle-

2591 4000 2684 4054 site
2712 3998 3072 4054 collaudantis
3093 3998 3404 4054 Christum.

2263 4088 2520 4145 Dominus
2544 4092 2707 4162 pascit
2736 4107 2850 4158 nte,
2881 4099 2929 4145 et
2969 4091 3103 4145 nihil
3150 4090 3279 4145 mihi
3325 4091 3508 4145 deerit.
3564 4090 3634 4145 De
3672 4090 3776 4143 isne

2194 4192 2446 4253 pastore,
2476 4191 2531 4239 et
2562 4183 2809 4238 Ezechiel
2841 4184 3087 4255 loquitur
3116 4201 3129 4239 :
3160 4184 3455 4239 Suscitaho
3481 4191 3761 4255 pastorem,

2192 4287 2249 4332 et
2296 4286 2485 4347 pascet
2527 4274 2624 4332 eos
2668 4291 2860 4333 servus
2895 4292 3051 4333 meus
3104 4277 3273 4332 David
3319 4276 3536 4349 (Ezech.
3573 4275 3763 4347 xxxiv).

2198 4368 2289 4424 Vel
2315 4369 2477 4424 aliter
2503 4385 2516 4422 :
2553 4369 2743 4424 Pastor
2772 4369 2977 4433 bonus,
3005 4369 3095 4437 qui
3117 4369 3354 4423 animum
3381 4384 3534 4423 suam
3560 4383 3653 4439 pro
3676 4382 3759 4422 me

2196 4462 2375 4530 posuit
2415 4459 2599 4530 (Joan.
2630 4464 2688 4530 x)
2736 4479 2751 4516 :
2795 4474 2954 4531 atquo
3002 4474 3089 4515 me
3134 4460 3513 4516 moderamine
3561 4461 3692 4529 regit
3752 4473 3768 4509 :

3550 4550 3769 4608 Ecclesia

2198 4648 2528 4704 ﬁducialiter
2552 4647 2795 4717 loquitur
2823 4662 2922 4717 per
2950 4646 3115 4703 ﬁdem
3146 4663 3161 4703 :
3188 4648 3317 4717 quia
3341 4656 3470 4703 ante
3498 4647 3773 4703 adventum

2196 4741 2438 4807 Christi,
2503 4740 2759 4797 diabolus
2807 4740 3037 4812 regebat
3084 4741 3351 4797 mundum
3401 4758 3416 4797 :
3471 4742 3567 4798 sed
3624 4738 3768 4797 modo

2197 4834 2450 4890 Christus
2479 4835 2616 4903 regit
2648 4833 2951 4890 Ecclesium
2981 4848 3157 4890 suam.
3192 4832 3347 4901 Quod
3380 4850 3483 4891 nos
3506 4834 3723 4891 dicimus
3748 4847 3769 4885 :

2198 4926 2454 4983 Dominus
2492 4928 2622 4999 regit
2672 4943 2770 4983 me.
2831 4928 3047 4985 Hebrari
3088 4928 3308 4996 dicunt,
3356 4931 3500 4986 sicut
3544 4930 3768 5001 superius

2199 5028 2282 5075 est
2302 5018 2562 5089 scriptum
2588 5037 2602 5073 :
2630 5016 2881 5075 Dominus
2905 5022 3067 5091 pascit
3096 5038 3194 5089 me,
3228 5033 3274 5077 et
3300 5022 3435 5078 nihil
3458 5022 3587 5077 mihi
3603 5021 3761 5077 deerit.

2192 5113 2297 5180 Qui
2331 5113 2499 5168 Deum
2530 5112 2724 5178 habet,
2763 5124 2819 5168 et
2864 5113 2957 5185 qui
2985 5114 3097 5169 Deo
3143 5114 3423 5182 adhaeret,
3477 5114 3607 5169 nihil
3648 5110 3763 5167 boni

2194 5205 2355 5262 deest
2387 5205 2441 5262 ei
2463 5249 2478 5275 ,
2513 5215 2574 5261 ut
2604 5206 2681 5261 ult
2724 5208 2992 5278 propheta
3024 5224 3040 5260 :
3069 5206 3219 5263 Nihil
3266 5208 3428 5265 deest
3472 5206 3762 5263 timentibus

2195 5312 2321 5354 eum
2377 5295 2553 5371 (Psal.
2587 5299 2765 5369 xxiii).
2794 5297 2864 5353 In
2890 5300 3004 5354 loro
3036 5315 3241 5367 pascua:
3285 5301 3359 5354 ibi
3389 5317 3469 5354 me
3497 5296 3758 5355 collocarit.

2196 5388 2275 5445 Ac
2303 5391 2349 5445 sl
2369 5389 2553 5444 dicat:
2580 5387 2637 5443 lu
2662 5390 2927 5446 unitatem
2948 5390 3075 5446 ﬁdei
3093 5431 3107 5455 ,
3134 5390 3190 5446 in
3212 5391 3481 5447 unitatem
3505 5389 3754 5447 Ecclesiae.

2196 5479 2265 5535 In
2293 5480 2409 5535 loco
2437 5495 2646 5553 pascua
2668 5480 2743 5535 ibi
2772 5497 2855 5537 me
2878 5480 3155 5537 collocavit
3182 5499 3199 5536 :
3226 5481 3289 5538 lu
3323 5483 3503 5539 natura
3546 5479 3761 5538 beatitu-

2197 5573 2322 5628 dine
2354 5573 2669 5643 composult
2706 5588 2861 5645 spem
2908 5588 3104 5632 meam.
3136 5574 3345 5630 Passus
3394 5574 3569 5641 enim,
3596 5572 3755 5629 futura

2198 5665 2519 5736 intelligitur
2549 5666 2855 5723 beatitudo.

2268 5756 2443 5828 Super
2463 5773 2653 5829 aquam
2674 5758 2970 5828 relationis
2992 5758 3240 5815 educauit
3256 5777 3360 5816 me.
3381 5756 3653 5817 Abluettdo
3666 5765 3751 5825 per

2194 5848 2528 5920 baptismum
2559 5864 2647 5907 uss
2674 5850 2939 5909 enutrivlt
2964 5891 2980 5919 ,
3027 5851 3115 5909 vel
3153 5852 3397 5911 doctrina
3441 5843 3749 5927 patriarcha-
