3944 6334
211 298 296 355 185

1110 293 1544 353 εκενιλιιιωι
1583 294 1649 352 IN
1688 294 2024 354 PSAIMOS.
2063 294 2313 355 PSALM.
2359 291 2538 356 XXIII.

3374 301 3480 361 886

211 425 338 476 rem,
380 419 439 463 et
482 407 870 479 prophetarum
892 449 909 476 ,
958 410 1079 465 sive
1113 409 1506 481 apostolorum.
1541 408 1779 463 Auriniam
1804 408 1855 471 Δ
1883 420 1935 466 ει
1962 408 2331 481 subsequitur.
2366 409 2635 465 Prasvenit
2657 452 2671 475 ,
2712 425 2810 481 per
2840 410 3000 467 tidem
3029 429 3043 467 :
3077 412 3439 485 subsequitur
3464 452 3478 481 ,

212 520 345 560 tam:
375 505 653 560 convertit.
686 503 768 559 Ad
806 518 865 560 se
894 504 1339 575 cognoscendum
1366 516 1380 557 :
1418 502 1471 557 id
1501 512 1584 558 est
1607 543 1622 566 ,
1653 502 1777 557 ani-

207 612 323 654 mam
346 596 649 652 Ecclesize:
679 595 807 667 quia
836 605 1001 653 antea
1024 597 1092 652 ad
1115 595 1391 651 infernum
1416 594 1779 650 descenderat

206 706 284 762 per
308 689 530 760 culpam
558 690 717 759 primi
750 689 989 746 hominis
1013 687 1145 745 Adae
1179 707 1194 744 :
1223 688 1322 745 sed
1345 688 1506 744 modo
1529 686 1596 742 ad
1614 685 1774 743 Chri-

206 793 323 838 stum
344 796 617 838 conversa
644 790 725 838 est
751 796 852 854 per
876 780 1063 837 (idem.

259 874 481 929 Deduxit
500 891 580 929 me
595 892 754 945 super
771 876 1005 930 semitam
1018 874 1276 947 justitite:
1295 873 1347 928 id
1365 882 1474 940 est,
1492 887 1661 944 super
1685 885 1773 929 se.

203 968 365 1025 mitam
395 969 787 1025 mandatorum
813 985 910 1040 per
928 980 1136 1025 arctam
1154 970 1321 1025 viam.
1350 968 1572 1041 Propter
1590 984 1775 1025 nomen

202 1077 328 1117 suum
348 1078 369 1126 ;
391 1075 505 1117 non
538 1071 766 1132 propter
786 1078 967 1117 meum
993 1064 1271 1118 meritum.

256 1153 389 1209 Nam
414 1164 463 1209 et
493 1155 540 1209 si
567 1155 899 1211 ambulavero
919 1155 974 1210 in
1002 1156 1174 1211 medio
1196 1154 1392 1210 umbris
1416 1154 1600 1208 mortis
1624 1169 1643 1207 :
1676 1166 1774 1224 per

208 1246 343 1316 hujus
366 1246 561 1303 seculi
583 1248 951 1304 obscuritates
968 1266 981 1303 :
998 1264 1104 1302 non
1123 1247 1312 1302 timebo
1335 1245 1505 1301 mala:
1525 1246 1773 1317 quoniam

200 1353 243 1399 ut
265 1357 465 1396 mecum
491 1358 567 1397 es.
600 1341 854 1412 Domine,
890 1353 943 1398 te
973 1342 1145 1399 corde
1176 1341 1411 1397 retineo.
1443 1339 1542 1396 Vel
1567 1339 1770 1395 aliter:

198 1436 373 1493 Umbra
396 1435 619 1491 duobus
641 1436 838 1502 modis,
874 1436 925 1492 id
957 1444 1066 1503 est,
1096 1451 1125 1490 a
1154 1449 1409 1506 corpore.
1436 1444 1493 1489 et
1513 1448 1545 1489 a
1565 1433 1773 1490 lumine

198 1531 261 1585 tit.
301 1529 402 1585 Per
432 1544 675 1599 corpus,
722 1546 872 1587 mors
914 1530 1283 1602 intelligitur:
1327 1543 1427 1599 per
1471 1527 1723 1583 umbram
1748 1566 1768 1595 ,

195 1632 393 1693 peccata
444 1632 499 1678 et
534 1623 862 1694 ignorantia.
899 1623 966 1678 Et
998 1633 1199 1689 tamen,
1242 1619 1490 1692 quamvis
1524 1620 1768 1676 Ecclesia

193 1716 311 1771 inter
340 1716 461 1771 hac
493 1716 809 1787 supradicta
834 1715 1103 1783 ambulet,
1137 1730 1244 1769 non
1281 1714 1435 1769 timet
1464 1730 1477 1767 :
1504 1713 1630 1784 quia
1666 1712 1769 1767 Doo

1881 501 1934 555 in
1976 500 2341 557 custodiendo
2383 502 2633 559 mandata
2679 503 2796 558 Dei.
2843 504 3092 561 Omnibus
3140 506 3320 561 diebus
3366 508 3485 562 vim

1881 611 2026 651 mere.
2057 595 2329 664 Quamdiu
2361 596 2414 650 in
2447 596 2550 653 hoc
2578 610 2812 666 corpore
2848 599 3007 671 dego.

1952 688 2022 743 Et
2053 698 2108 744 ut
2127 689 2411 745 inhabilem
2430 693 2485 746 in
2506 693 2659 748 domo
2688 691 2918 749 Domini.
2942 696 3188 752 Ecclesia
3212 697 3301 754 hic
3322 696 3478 770 quasi

1879 783 1934 837 in
1983 782 2337 840 tabernaculo
2387 785 2660 841 consistit.
2708 789 2846 856 Quia
2886 791 3033 846 sicut
3068 791 3476 852 tabernaculum

1881 886 2123 933 mutatur
2149 879 2218 936 de
2247 879 2372 935 loco
2399 878 2452 935 in
2482 881 2663 937 locum
2709 901 2721 938 :
2765 883 2844 939 sic
2887 894 2941 940 et
2970 885 3213 942 Ecclesia
3260 887 3328 944 de
3374 890 3479 946 isto

1881 974 2229 1030 tabernaculo
2249 973 2578 1031 transfertur
2599 975 2655 1030 in
2679 976 2924 1047 domum,
2958 979 3066 1035 hoc
3095 988 3202 1047 est,
3225 979 3280 1036 in
3305 982 3474 1039 vitam

1879 1076 2162 1133 aeternam,
2206 1068 2324 1122 sive
2366 1077 2708 1138 perpetuam,
2740 1070 2832 1125 ubi
2865 1072 2987 1127 sine
3017 1074 3124 1128 line
3154 1072 3480 1132 habitabant

1878 1161 2071 1215 sancti.
2104 1159 2169 1213 In
2204 1161 2584 1234 longitudinem
2614 1164 2837 1219 dierum.
2869 1164 3069 1220 Diebus
3095 1166 3216 1221 sine
3247 1168 3376 1223 line.
3408 1168 3478 1224 Ut

1874 1251 2154 1307 inhabilem
2182 1254 2236 1306 in
2257 1253 2412 1307 domo
2434 1251 2647 1309 Domini
2672 1257 2725 1309 in
2751 1255 3133 1327 longitudinem
3152 1259 3356 1313 dierum
3381 1276 3400 1315 :
3420 1260 3475 1316 id

1875 1353 1981 1409 est,
2012 1344 2295 1400 eteiestem
2323 1344 2628 1401 Jerusalem
2670 1350 3041 1404 communiter
3068 1346 3192 1405 c‘nm
3221 1353 3476 1409 omnibus

1876 1438 2083 1494 sanctis
2113 1440 2468 1511 congregatis
2496 1440 2550 1495 in
2582 1455 2668 1495 me
2691 1456 2791 1513 per
2820 1442 2983 1498 fidem
3015 1444 3338 1502 inhabitem.

2400 1553 2719 1611 PSALMUS
2760 1554 2950 1612 XXIII.

1878 1643 2126 1700 Psalmus
2176 1644 2346 1700 David
2374 1689 2409 1719 ,ν
2446 1647 2499 1700 in
2551 1649 2720 1719 prima
2769 1648 3009 1705 Sobbati.
3065 1650 3315 1719 Psaltnus
3368 1655 3472 1710 iste

1945 1719 2192 1793 continet
2238 1718 2511 1773 interdum
2551 1715 2747 1776 vocem
2796 1721 3081 1793 propheta
3125 1722 3195 1778 de
3224 1715 3472 1779 Ecclesia

194 1809 375 1863 minum
406 1807 553 1879 apud
581 1823 644 1864 se
673 1808 871 1874 habet,
917 1820 978 1863 ut
1006 1810 1123 1875 ipse
1153 1806 1295 1862 dixit
1323 1823 1335 1860 :
1367 1805 1512 1862 Ecce
1543 1819 1645 1875 ego
1674 1821 1759 1860 vo

1948 1788 2248 1859 loquentis.

197 1902 385 1958 hiscum
429 1916 553 1957 sum
596 1902 853 1958 omnibus
881 1901 1077 1957 diebus
1117 1914 1288 1970 usque
1321 1898 1387 1953 ad
1415 1910 1766 1953 consumma-

194 1994 376 2050 tionem
405 1993 594 2049 szeculi
630 1992 805 2066 (Mat.
833 1991 973 2062 ult.)
1020 1992 1321 2062 Propterea
1361 1988 1610 2046 Ecclesia
1654 1997 1763 2044 non

192 2085 339 2142 timot.

255 2176 404 2249 Virga
436 2187 526 2233 tua
555 2187 604 2232 et
636 2177 852 2233 baculus
884 2188 1006 2234 tuus
1038 2195 1055 2234 :
1085 2179 1202 2247 ipsa
1224 2193 1305 2232 me
1325 2176 1593 2232 consolata
1621 2185 1760 2231 sunt.

188 2270 338 2339 Quem
369 2270 520 2326 enim
544 2269 720 2341 diligit
748 2271 1034 2336 Dominus,
1064 2270 1289 2340 corripit
1317 2268 1506 2342 (Prov.
1530 2268 1632 2341 ut).
1661 2269 1764 2325 Per

188 2364 373 2433 virgam
418 2362 745 2432 intelligitur
788 2363 1077 2419 tribulatio
1102 2363 1188 2419 vel
1216 2360 1507 2432 disciplina
1546 2361 1759 2431 patris,

187 2464 266 2510 aut
290 2456 607 2527 persecutio
636 2455 915 2511 Ecclesiae.
964 2454 1029 2509 Et
1060 2454 1277 2509 baculus
1308 2462 1451 2516 tuus.
1484 2469 1593 2523 quo
1622 2452 1763 2509 tilios

183 2549 397 2619 castigas
425 2549 763 2619 spirituales.
803 2549 896 2605 Vel
924 2564 1020 2618 per
1048 2548 1322 2613 baculum,
1359 2548 1685 2606 sustentatio
1707 2555 1762 2603 et

183 2641 468 2698 consolatio
487 2643 689 2699 futura.
714 2639 847 2712 Ipsa
870 2659 949 2696 me
970 2641 1239 2699 consolata
1258 2651 1401 2697 sunt.
1428 2640 1761 2697 Erudierunt

180 2750 254 2791 me
276 2735 639 2802 consolando,
672 2749 780 2790 non
805 2734 1121 2791 afﬂixerunt
1148 2733 1552 2790 mortiticando.

243 2828 449 2886 Parasti
479 2830 535 2901 in
563 2839 842 2900 conspectu
871 2845 984 2884 meo
1005 2844 1262 2895 mensam,
1291 2836 1400 2884 etc.
1430 2826 1627 2897 Utjam
1646 2842 1756 2882 non

1942 1901 2161 1958 Domini
2188 1912 2263 1957 est
2296 1913 2436 1958 terra
2460 1914 2508 1958 et
2548 1905 2820 1975 plenitudo
2863 1909 2998 1979 ejus.
3051 1907 3189 1963 Cum
3227 1909 3477 1964 conversi

1868 1994 2072 2051 fuerint
2094 1994 2189 2064 qui
2216 2002 2431 2051 terrena
2455 1997 2697 2067 sapiunt.
2720 1996 2933 2053 Domini
2958 2007 3033 2054 est
3057 2009 3219 2065 terra,
3238 2000 3345 2056 hoe
3365 2010 3466 2068 est,

1871 2100 2017 2145 totus
2039 2088 2277 2145 mundus
2308 2107 2320 2143 :
2345 2100 2392 2145 et
2412 2091 2684 2162 plenitudo
2703 2095 2842 2165 ejus,
2869 2092 2971 2148 hoc
2995 2104 3099 2156 est,
3128 2094 3470 2151 habitatores

1868 2183 2053 2239 mundi
2081 2183 2395 2250 istius.VeI,
2417 2183 2631 2239 Domini
2651 2194 2725 2239 est
2747 2196 2909 2253 terra,
2939 2186 3042 2241 hoc
3063 2197 3168 2255 est,
3190 2187 3465 2243 Ecclesia:

1867 2283 1914 2331 et
1945 2275 2223 2343 plenitudo
2250 2281 2387 2347 ejus,
2420 2275 2476 2332 id
2511 2286 2617 2343 est,
2652 2293 2845 2332 omnes
2874 2282 3076 2333 sancti.
3111 2280 3265 2337 Urbis
3298 2291 3466 2335 terro-

1864 2384 1982 2423 rum
2001 2409 2016 2434 ,
2049 2377 2098 2422 et
2150 2369 2373 2423 uniuersi
2398 2369 2487 2440 qui
2513 2367 2751 2424 habitant
2778 2370 2833 2423 in
2860 2386 2941 2423 ea.
2971 2368 3282 2427 Clariﬂcuto
3309 2374 3458 2438 lesu,

1864 2463 2105 2519 omnium
2135 2463 2378 2532 gentium
2406 2464 2540 2520 lides
2570 2462 2632 2519 iit
2660 2479 2763 2518 una
2798 2464 3062 2520 Ecclesia.

1936 2553 1964 2608 1
1972 2571 2060 2625 pse
2086 2572 2241 2627 super
2263 2558 2429 2610 maria
2458 2558 2700 2627 fundavit
2719 2574 2854 2612 eam.
2885 2558 2987 2613 Per
3012 2558 3206 2624 maria,
3237 2558 3463 2613 ﬂuctua-

1865 2650 2044 2706 tiones
2070 2649 2230 2705 istius
2282 2650 2468 2706 mundi
2501 2669 2512 2705 :
2540 2651 2668 2722 quia
2694 2652 2912 2708 calcant
2970 2662 3025 2707 et
3066 2664 3324 2723 superant
3361 2655 3459 2708 Ec-

1862 2742 2085 2798 clesium
2118 2741 2189 2797 ab
2211 2742 2368 2797 initio
2388 2741 2772 2800 ﬂuctuationes
2799 2744 3011 2800 smeuli.
3044 2744 3153 2801 Sed
3185 2744 3455 2815 (undavit,

1861 2833 1966 2889 hoc
1991 2844 2099 2900 est,
2129 2834 2503 2891 corroboravit
2537 2835 2843 2892 Ecclesiam
2869 2850 3023 2891 stram
3055 2836 3109 2891 in
3134 2835 3262 2891 tlde.
3284 2836 3459 2907 Super

177 2921 305 2977 lacte
330 2921 488 2993 quasi
515 2921 776 2992 parvulus
800 2922 934 2988 alar,
965 2921 1060 2976 sed
1090 2919 1267 2975 solido
1296 2920 1419 2976 cibo
1449 2937 1464 2974 :
1492 2921 1542 2975 id
1568 2927 1674 2983 est.
1701 2929 1758 2976 ut

1870 2925 2064 2983 ﬂuctus
2092 2926 2253 2996 hujus
2283 2929 2467 2983 saeculi
2489 2928 2754 2983 stabilivit
2781 2943 2926 2992 eam,
2956 2940 3026 2984 ne
3051 2930 3121 2984 ab
3144 2928 3231 2985 his
3250 2928 3457 2985 dilatis-

177 3013 432 3081 spiritnali
453 3012 622 3069 dente
644 3014 928 3068 ruminans
949 3013 1258 3083 Scripturas
1281 3021 1521 3079 sanctas,
1549 3012 1769 3083 possim-
1858 3030 1970 3077 tur.
2018 3020 2085 3075 Et
2122 3036 2275 3091 super
2301 3022 2524 3092 [Iuntina
2551 3023 2860 3093 praeparavit
2892 3021 3064 3079 illam.
3097 3022 3203 3077 Per
3231 3022 3455 3077 ﬂumine

176 3106 436 3175 perversis
459 3104 743 3163 resistere.
773 3106 986 3161 Parasti
1011 3106 1062 3160 in
1087 3115 1368 3177 conspectu
1389 3121 1500 3159 meo
1526 3120 1756 3159 mensam
1794 3179 1825 3184 _
1860 3111 2236 3183 intelliguntur
2267 3120 2516 3182 potentes
2548 3112 2758 3181 saeculi,
2794 3114 2876 3169 vel
2903 3113 3089 3184 cupidi
3121 3132 3134 3168 ε
3167 3125 3226 3168 ιιι
3252 3112 3328 3169 ait
3350 3114 3453 3171 Sa.

174 3200 405 3255 adversus
421 3216 507 3256 eos
527 3201 620 3271 qui
642 3199 892 3257 tribulam
916 3218 1015 3256 me.
1033 3200 1244 3267 Mensa,
1266 3199 1318 3254 id
1343 3207 1449 3267 est,
1468 3198 1754 3271 Scriptura
1781 3179 1828 3245 ο
1859 3179 2092 3261 [σωθῇ-ς
2125 3179 2321 3261 Omnia
2352 3203 2576 3261 ﬂumina
2607 3179 2812 3261 intrant
2841 3207 2893 3261 in
2936 3179 3109 3262 mare.
3142 3206 3231 3263 Sic
3261 3217 3319 3262 et
3349 3209 3449 3278 ipsi

174 3293 359 3351 divina.
404 3293 556 3351 Sicut
588 3305 712 3365 post
742 3293 985 3350 laborem
1016 3294 1068 3349 in
1101 3308 1287 3349 mensa
1320 3292 1596 3349 invenitur
1622 3307 1755 3349 con-
1858 3308 2140 3368 potentes,
2173 3297 2300 3354 licet
2330 3313 2584 3368 magnum
2614 3297 2854 3356 habeant
2878 3313 3126 3367 censum,
3147 3314 3447 3370 numquam

175 3387 381 3455 solatio,
402 3396 456 3442 et
480 3386 738 3451 reiectio,
772 3387 854 3442 sic
879 3393 937 3443 et
955 3386 1130 3441 sancti
1155 3400 1250 3457 per
1271 3398 1540 3453 mensam,
1570 3384 1622 3441 id
1644 3393 1751 3454 est,

172 3495 258 3551 per
291 3481 633 3553 Scripturam
661 3480 902 3537 divinam
936 3480 1139 3537 habent
1177 3479 1611 3536 consolationem
1639 3521 1655 3547 ,
1698 3488 1753 3537 et

177 3574 516 3633 refectionem
538 3619 553 3644 ,
598 3575 653 3633 id
683 3586 769 3633 est
796 3622 809 3645 ,
854 3591 1004 3647 spem
1031 3620 1045 3643 ,
1088 3574 1245 3633 iidem
1268 3620 1283 3645 ,
1315 3585 1370 3632 ει
1405 3575 1747 3632 charitatcm.

173 3666 415 3723 Adversus
432 3686 519 3724 eos
539 3670 631 3742 qui
653 3668 912 3725 tribulant
933 3686 1033 3724 me.
1052 3668 1440 3725 Persecutores
1460 3670 1716 3726 Ecclesia:
1731 3711 1751 3739 ,

173 3759 255 3827 qui
283 3766 409 3815 sunt
433 3757 750 3825 daemones,
793 3758 962 3816 Judaei
994 3767 1051 3814 et
1086 3759 1350 3816 haeretici.
1381 3758 1584 3816 Contra
1618 3762 1753 3819 istos

170 3865 349 3907 omnes
368 3851 423 3907 in
438 3851 743 3923 Scripturis
766 3850 943 3909 sacris
966 3852 1276 3909 invenimus
1293 3852 1750 3909 consolatiOnem.

234 3943 585 4021 Impinguasli
622 3948 678 4003 in
701 3947 815 4001 oleo
836 3958 992 4020 caput
1018 3964 1207 4003 meum.
1232 3947 1336 4004 Per
1357 3958 1541 4018 caput,
1570 3948 1619 4003 id
1644 3957 1752 4017 est,

170 4038 456 4110 principale
477 4040 697 4107 mentis,
723 4040 973 4097 Ecclesia
996 4039 1343 4111 intelligitur.
1374 4040 1528 4096 Mens
1548 4040 1749 4097 etenim

168 4145 325 4203 caput
343 4142 566 4191 vocatur
584 4152 601 4189 :
616 4136 744 4206 quia
765 4136 909 4192 sicut
925 4149 958 4191 a
981 4134 1158 4204 capite
1182 4143 1446 4206 reguntur
1469 4135 1711 4190 membra
1731 4178 1747 4204 ,

166 4224 236 4280 ita
265 4228 619 4297 cogitationes
642 4236 829 4284 mente
852 4225 1238 4297 disponuntur.
1260 4226 1362 4282 Per
1382 4227 1563 4284 oleum
1591 4227 1752 4283 intel-

165 4318 347 4389 ligitur
368 4322 674 4379 consolatio
706 4336 720 4374 :
753 4322 879 4392 quia
910 4321 1049 4376 sicut
1082 4336 1177 4392 per
1213 4320 1395 4376 oleum
1432 4321 1753 4378 consolatur

165 4427 360 4483 corpus
378 4455 394 4481 ,
412 4415 484 4470 ita
505 4422 563 4471 et
583 4430 681 4485 per
699 4415 1130 4471 consolatiOnem
1145 4415 1575 4485 Scripturarum,
1598 4430 1752 4471 mens

165 4504 441 4563 Ecclesiae.
462 4504 820 4579 Impinguasti
840 4507 893 4561 in
911 4507 1022 4563 oleo
1043 4515 1199 4578 caput
1218 4522 1387 4561 meum
1402 4526 1423 4562 :
1440 4506 1749 4562 Latilicasli

1855 3391 2142 3445 satiantur.
2179 3388 2355 3459 Super
2387 3390 2488 3445 ista
2520 3389 2740 3446 ﬂumina
2784 3401 2871 3447 est
2912 3390 3156 3448 Ecclesia
3192 3435 3206 3457 ,
3249 3401 3310 3447 ut
3348 3392 3456 3447 illis

1854 3484 2113 3555 praedicet
2141 3504 2152 3538 :
2179 3492 2236 3539 et
2260 3493 2651 3541 convertantur
2673 3485 2764 3554 qui
2791 3493 3122 3555 potestatem
3150 3485 3376 3541 habent.
3396 3488 3453 3542 Si

1853 3574 2045 3630 audire
2093 3574 2367 3630 noluerint
2402 3593 2414 3628 :
2460 3591 2616 3646 super
2653 3578 2875 3646 ﬂumina
2919 3579 3234 3650 prtrpuravit
3275 3579 3451 3636 illam.

1854 3667 2027 3740 Super
2057 3668 2386 3739 cupiditates
2416 3667 2582 3739 hujus
2621 3670 2806 3725 saeculi
2839 3671 3122 3726 constituit
3154 3688 3273 3727 eam
3329 3691 3340 3727 :
3395 3681 3454 3728 ut

1854 3760 1971 3832 ipsa
2003 3762 2256 3832 superior
2283 3770 2454 3829 esset,
2488 3760 2688 3816 munda
2715 3761 2835 3818 sine
2862 3765 3071 3819 macula
3102 3772 3159 3819 et
3185 3778 3340 3834 ruga.

1902 3853 2027 3921 Quis
2053 3856 2282 3911 ascendit
2301 3854 2355 3909 in
2377 3864 2598 3908 montem
2615 3850 2825 3912 David?
2849 3857 2961 3913 Vox
2979 3858 3259 3928 prophetas
3284 3859 3453 3913 inter-

1854 3949 2107 4019 rogantis
2137 3966 2149 4006 :
2187 3949 2236 4004 id
2268 3960 2375 4017 cst,
2402 3950 2458 4006 in
2490 3953 2771 4008 coeleStcm
2803 3950 3154 4006 Jerusalem?
3188 3951 3319 4018 Quis
3351 3966 3450 4019 pro

1852 4043 2123 4097 charitate
2150 4042 2390 4112 ponitur.
2424 4042 2515 4097 Vel
2547 4059 2706 4099 mons
2738 4042 2825 4098 hic
2854 4058 2953 4113 pro
2979 4043 3085 4097 alta
3108 4042 3321 4111 juStitia
3348 4060 3360 4095 :
3393 4052 3452 4099 ut

1853 4134 1985 4191 illuni
2008 4133 2208 4203 :Vade,
2240 4133 2416 4191 vende
2443 4135 2622 4191 omnia
2653 4151 2777 4206 qua:
2803 4135 2994 4203 habes,
3026 4145 3079 4190 et
3100 4135 3165 4189 da
3192 4136 3444 4206 panperi'

1851 4227 1953 4283 bus
1978 4245 1991 4282 :
2021 4236 2075 4282 et
2098 4226 2322 4282 habebis
2350 4226 2667 4284 thesaurum
2692 4229 2748 4283 in
2771 4228 2927 4285 ctelis
2950 4227 3105 4299 (Luc.
3136 4227 3448 4299 xvm).‘_Aut

1852 4320 1965 4390 quis
1992 4319 2149 4377 stabit
2176 4320 2231 4373 in
2262 4317 2377 4375 loco
2405 4329 2586 4376 sancto
2616 4321 2773 4394 ejus?
2802 4320 2979 4391 Super
3007 4320 3335 4377 altissimam
3361 4322 3448 4392 jn-

1851 4413 2055 4470 Stitiam
2103 4412 2221 4483 eius
2260 4429 2274 4466 :
2319 4427 2384 4469 ac
2420 4416 2464 4469 si
2502 4413 2678 4479 dicat,
2710 4412 2834 4484 quis
2862 4413 3283 4484 perseverabit?
3322 4415 3453 4485 quia

1857 4506 2012 4562 multi
2055 4506 2379 4574 ascendunt,
2407 4516 2462 4561 et
2490 4521 2597 4562 non
2629 4514 3001 4577 perseverant.

164 4600 427 4670 spirituali
455 4600 641 4657 laetitia
666 4608 903 4655 mentem
930 4614 1130 4667 meam,
1154 4616 1273 4671 qum
1298 4608 1460 4670 caput
1481 4607 1567 4654 est
1585 4599 1750 4656 totius
1781 4571 1833 4630 Β
1930 4598 2191 4653 lnnocens
2239 4598 2477 4655 manibus
2497 4607 2544 4653 et
2556 4582 2763 4653 .mundo
2782 4598 2956 4653 corde.
2977 4599 3154 4656 Purus
3173 4601 3226 4657 in
3249 4617 3448 4673 opere:

163 4695 425 4764 corporis.
459 4692 526 4749 Et
552 4694 694 4751 calix
717 4710 861 4751 meus
884 4696 1145 4754 inebrians
1166 4711 1325 4769 quam
1347 4695 1628 4767 praclarus
1651 4705 1746 4752 est.
1784 4688 1789 4695 ’

166 4786 319 4843 Catia:
344 4789 665 4860 intelligitur
695 4788 922 4845 verbum
962 4789 1079 4847 Dei.
1128 4786 1402 4845 Inebrians
1427 4831 1444 4858 ,
1484 4790 1612 4861 quia
1651 4804 1751 4861 per

160 4878 607 4951 praedicationem
629 4882 1012 4951 compungitur
1035 4884 1199 4937 homo
1226 4881 1277 4936 in
1303 4890 1507 4950 mente,
1531 4881 1752 4949 quando

162 4984 376 5045 separat
399 4974 683 5033 hominem
712 5016 728 5042 ,
774 4975 825 5032 id
856 4986 936 5032 est
959 5020 974 5045 ,
1024 4986 1234 5047 patrem
1265 4994 1291 5028 a
1326 4974 1440 5030 tilio
1470 4993 1483 5029 :
1518 4974 1685 5031 Ilium
1717 4991 1748 5030 a

160 5077 321 5137 patre
345 5085 438 5125 suo
467 5087 481 5123 :
513 5078 749 5127 matrem
779 5082 810 5124 a
835 5068 968 5136 tilia,
998 5076 1055 5125 et
1081 5068 1245 5125 tiliam
1270 5082 1302 5122 a
1328 5077 1501 5127 matre
1528 5086 1623 5124 sua
1652 5088 1666 5126 :
1696 5079 1753 5126 et

161 5175 359 5217 nurum
398 5162 660 5219 adversus
700 5176 920 5219 socrum
958 5177 1133 5219 suam.
1169 5162 1319 5218 Tunc
1345 5177 1446 5217 nos
1479 5161 1707 5217 inebriat
1734 5202 1749 5229 ,

158 5253 377 5323 quando
395 5254 497 5311 ista
518 5254 675 5312 facit.
698 5253 806 5310 Per
826 5255 1072 5324 calicem,
1107 5267 1363 5309 mensura
1392 5253 1751 5324 intelligitur:

161 5347 298 5416 quia
329 5350 606 5422 unicuique
630 5349 787 5420 juxta
817 5348 963 5420 quod
995 5361 1272 5417 meretur,
1313 5348 1397 5402 vel
1438 5354 1619 5419 potest
1660 5361 1753 5403 ca-

161 5454 334 5506 pere,
362 5443 440 5497 sic
471 5442 548 5497 illi
578 5442 774 5498 dividit
800 5442 947 5497 Deus
970 5482 985 5507 ,
1019 5441 1069 5496 id
1097 5450 1215 5509 est,
1249 5441 1363 5496 dat.
1397 5441 1490 5496 Vel
1522 5440 1752 5510 mystico

162 5546 257 5587 me
289 5533 445 5589 calice
475 5534 789 5605 inebriasti,
820 5544 879 5590 ut
909 5534 1170 5591 oblivioni
1205 5536 1477 5591 traderem
1505 5533 1751 5591 delecta—

162 5627 346 5681 tiones
381 5628 572 5697 prioris
601 5630 748 5686 vitm.

247 5714 320 5769 Et
345 5720 693 5776 misericordia
724 5728 835 5791 tua,
872 5721 1111 5791 Domine,
1145 5721 1483 5793 subsequetnr
1510 5737 1609 5775 me.
1641 5719 1756 5776 Vox

167 5810 435 5869 Ecclesiae
466 5814 529 5870 ad
560 5814 863 5872 Christum.
897 5814 1272 5872 Misericordia
1296 5813 1391 5872 Dei
1417 5824 1469 5872 ct
1496 5812 1757 5885 prmvenit

1852 4693 1978 4765 quia
2000 4707 2098 4763 per
2121 4705 2337 4759 manus,
2362 4704 2528 4761 opera
2552 4691 2961 4762 intelliguntur:
2983 4702 3031 4745 et
3055 4693 3248 4749 mundo
3269 4694 3448 4762 corde,

1855 4788 1908 4843 id
1930 4797 2035 4853 est,
2060 4785 2279 4842 mundis
2297 4785 2671 4843 sermonibus.
2688 4782 2786 4839 Vel
2806 4786 3010 4843 mundo
3029 4787 3216 4854 corde,
3231 4798 3450 4843 sanctus

1853 4880 1908 4937 in
1952 4881 2306 4951 cogitatione.
2362 4878 2463 4946 Qui
2513 4895 2616 4933 non
2654 4882 2851 4948 accepit
2892 4880 2945 4933 in
2990 4895 3177 4934 uanum
3217 4881 3449 4935 animum

1854 4989 2025 5029 suam.
2049 4970 2151 5040 Qui
2189 4970 2357 5025 nullis
2384 4984 2505 5025 eam
2539 4968 2765 5025 fascibus
2795 4972 3171 5039 peccaminum
3201 4980 3325 5041 post
3356 4972 3449 5027 ba-

1857 5066 2112 5135 ptismum
2129 5060 2437 5118 maculavit.
2458 5060 2553 5116 Ille
2574 5059 2627 5115 in
2644 5075 2840 5115 vanum
2859 5075 2968 5114 non
2986 5062 3199 5129 accepit
3214 5062 3449 5116 animum

1855 5173 2031 5221 suam,
2064 5156 2154 5227 qui
2182 5170 2352 5225 opera
2385 5154 2526 5208 bona
2555 5151 2686 5222 agit.
2724 5151 2837 5205 Nec
2864 5152 3053 5218 iuravit
3079 5153 3133 5206 in
3166 5153 3288 5206 dolo
3324 5169 3452 5223 pro—

1854 5253 1997 5308 ximo
2037 5267 2155 5307 suo.
2206 5249 2300 5305 llle
2343 5249 2394 5304 in
2431 5248 2559 5305 dolo
2592 5262 2697 5301 non
2721 5246 2870 5316 jurat
2897 5245 3152 5315 proximo
3191 5262 3313 5317 suo,
3356 5248 3450 5317 qui

1855 5360 1977 5417 quae
2003 5344 2227 5415 cogitat,
2257 5341 2375 5396 hac
2404 5339 2691 5410 praedicat,
2721 5337 2853 5392 etin
2878 5352 3045 5406 opere
3071 5337 3279 5407 implet.
3303 5339 3453 5393 Multi

1856 5447 1981 5494 sunt
2005 5435 2152 5492 enim
2176 5434 2263 5505 qui
2288 5432 2700 5502 dolosejurant,
2728 5439 2785 5484 ut
2802 5429 3078 5500 decipiant
3101 5433 3409 5499 proximum
3433 5451 3447 5491 :

1855 5529 1997 5603 quod
2029 5527 2377 5584 abominalur
2408 5525 2570 5580 Pater
2602 5523 2864 5577 luminum
2900 5522 3070 5585 Dens,
3104 5522 3323 5579 dicente
3347 5524 3452 5579 Pe-

1856 5632 1942 5680 tro
1969 5640 1982 5680 :
2015 5621 2133 5678 Non
2160 5636 2220 5676 es
2248 5617 2559 5674 hominibus
2587 5615 2884 5681 mentitus,
2934 5613 3030 5670 sed
3062 5615 3171 5671 Deo
3202 5613 3338 5686 (Act.
3371 5616 3450 5689 v).

1856 5719 2002 5789 Ergo
2029 5716 2122 5787 qui
2153 5729 2214 5770 se
2242 5713 2311 5768 ab
2342 5711 2429 5767 his
2458 5708 2781 5765 custodierit
2811 5708 3063 5776 maculis,

1861 5817 1897 5883 {_
1937 5807 2038 5864 llic
2080 5805 2297 5876 accipiet
2338 5801 2743 5858 benedictionem
2771 5816 2803 5853 a
2832 5799 3058 5855 Domino
3102 5814 3118 5851 :
3164 5806 3212 5855 et
3253 5799 3455 5855 miseri-
