3944 6334
448 302 553 362 887

1234 300 1588 360 APPENDIX
1631 301 1722 358 AD
1761 301 2006 361 TOMUM
2048 301 2403 362 SEPTIMUM
2443 303 2500 362 S.
2542 301 2950 360 HIERONYMI.

3633 304 3724 365 888

452 419 686 477 cordiam
713 435 747 474 a
771 419 884 476 Deo
913 416 1133 476 salutari
1161 435 1274 474 suo.
1309 422 1349 474 Α
1382 418 1602 474 Christo
1631 417 1830 488 aequali
1858 417 2045 486 Patri,
2079 423 2124 486 Α
2157 425 2481 474 aeternarum
2525 417 2723 474 :edium
2773 417 2968 474 valvae.
3021 415 3089 472 Et
3131 416 3365 473 introibit
3407 433 3501 473 rex.
3540 419 3726 489 gloria.

455 513 614 583 cujus
644 523 820 569 morte
850 513 1093 569 salvatus
1131 522 1238 569 est.
1291 511 1392 569 Vel
1433 511 1594 568 aliter
1635 529 1649 569 :
1691 511 1792 566 Hic
1831 513 2049 585 accipiet

455 603 861 660 benedictionem
903 620 936 657 a
975 601 1224 657 Domino.
1263 601 1341 658 De
1382 603 1487 658 isto
1527 603 1842 674 supradicto
1869 603 2046 660 dicit:

456 697 559 766 Qui
591 711 698 750 non
726 695 874 766 jurat
903 695 955 748 in
987 694 1120 750 dolo
1153 695 1403 766 proximo
1433 709 1534 751 suo
1559 736 1574 762 ,
1621 695 1851 766 accipiet
1887 695 2053 751 bene-

459 788 758 845 dictionem
785 801 816 841 a
842 787 1099 857 Domino,
1128 787 1352 858 quando
1377 787 1624 843 dicturus
1652 787 1758 842 erit
1785 806 1799 846 :
1833 787 2050 859 Venite,

461 879 734 935 benedicti
751 879 929 934 Patris
949 880 1077 945 mei,
1096 879 1360 950 percipite
1382 887 1628 950 paratum
1649 879 1806 936 vobis
1825 895 2054 948 regnum

460 989 492 1029 a
514 973 910 1029 constitutione
935 973 1121 1028 mundi
1147 971 1539 1046 (Matth.xxv).
1561 970 1629 1024 Et
1652 973 2057 1028 misericordiam

460 1086 494 1124 a
517 1069 624 1124 Deo
646 1069 871 1124 salutari
891 1086 1006 1125 suo.
1033 1070 1468 1126 Misericordiam
1495 1085 1524 1125 a
1551 1070 1660 1126 Deo
1680 1073 2056 1143 consequitur,

463 1165 556 1236 qui
584 1180 645 1220 se
678 1173 832 1236 putat
863 1180 989 1222 esse
1021 1165 1306 1222 miserum.

538 1255 670 1310 Ηίεσ
695 1266 770 1311 est
799 1258 1064 1328 generatio
1095 1260 1439 1327 qmerentium
1462 1259 1764 1314 Dominum.
1796 1260 2061 1332 Superius

468 1349 821 1420 singulariter
847 1349 1018 1406 dixit:
1049 1350 1152 1405 Hic
1177 1353 1392 1424 accipiet
1425 1353 1829 1408 benedictionem
1860 1371 1878 1407 :
1902 1355 2063 1411 modo

467 1443 750 1514 pluraliter
774 1485 788 1510 ,
834 1444 962 1514 quia
1009 1445 1250 1500 Ecclesia
1277 1462 1343 1500 ex
1378 1446 1626 1516 pluribus
1659 1448 1904 1517 personis
1935 1463 2064 1504 con-

466 1545 730 1606 gregatur
771 1554 784 1591 :
817 1546 869 1592 et
909 1545 1092 1594 tamen
1127 1553 1231 1592 una
1260 1539 1462 1594 dicitur
1489 1581 1504 1605 ,
1548 1548 1771 1610 promer
1801 1540 2062 1598 unitatem

472 1629 618 1685 ﬁdei.
657 1629 948 1686 Generatio
971 1631 1112 1702 haec,
1147 1632 1198 1687 id
1223 1642 1326 1701 est,
1356 1633 1585 1704 p0pulus
1606 1633 2063 1704 Christianorum,

471 1737 591 1793 quae
622 1722 674 1777 in
716 1723 959 1780 tenebris
981 1725 1206 1794 jacens,
1258 1741 1442 1782 verum
1484 1726 1776 1783 Dominum
1819 1727 2065 1786 Salvato—

472 1830 699 1887 remqne
730 1818 1000 1887 quaesivit.

547 1911 940 1983 Requirentium
969 1914 1156 1983 faciem
1197 1913 1293 1969 Dei
1329 1914 1512 1971 Jacob.
1561 1915 1618 1971 Id
1661 1925 1747 1973 cst
1773 1959 1789 1985 ,
1839 1919 2070 1988 populus

477 2004 822 2060 Christianus
849 2006 1081 2077 requirit
1111 2007 1304 2064 faciem
1332 2008 1424 2064 Dei
1453 2007 1644 2065 Jacob.
1683 2009 1836 2066 Unde
1861 2011 2070 2070 dictum

475 2108 560 2155 est
586 2116 600 2154 :
626 2098 796 2170 Major
818 2101 1016 2156 serviet
1040 2101 1235 2158 minori
1260 2100 1418 2174 (Gen.
1451 2101 1584 2177 xxv)
1615 2123 1626 2158 :
1650 2106 1774 2176 quia
1796 2108 2072 2178 posterius

480 2201 610 2248 nato
641 2194 933 2264 primatum
965 2194 1138 2252 dedit.
1185 2195 1478 2254 lntercedit
1504 2199 1798 2273 diapsalma
1824 2243 1839 2270 ,
1885 2212 1943 2257 ut
1971 2201 2073 2258 im-

479 2297 654 2344 mutet
683 2303 996 2359 personam.
1036 2291 1154 2363 Ipse
1183 2294 1329 2348 enim
1365 2293 1628 2350 Dominus
1658 2311 1800 2352 nunc
1828 2298 2072 2354 ctelestia

479 2393 642 2451 regna
671 2390 946 2451 repetens,
981 2384 1280 2440 nuntiatur.
1305 2385 1646 2442 Ascendente
1670 2403 1801 2459 ergo
1830 2404 1951 2446 cum
1980 2407 2076 2446 an»

480 2472 619 2542 gelis
643 2517 657 2541 ,
701 2473 755 2528 hi
783 2475 874 2545 qui
905 2476 1290 2547 praecedebant
1319 2480 1434 2535 sive
1463 2480 1867 2538 comitabantur
1888 2524 1901 2549 ,
1955 2483 2076 2541 aliis

480 2580 670 2622 eorum
705 2567 1050 2638 principibus
1081 2571 1458 2628 acclamabant
1487 2594 1500 2630 :

552 2657 745 2716 Tollite
775 2672 956 2733 portas
984 2707 998 2731 ,
1045 2666 1307 2738 principes
1329 2708 1344 2733 ,
1387 2678 1584 2723 uestras
1625 2685 1644 2724 :
1686 2679 1734 2724 et
1763 2671 2034 2726 eleramini
2059 2714 2074 2738 ,

483 2762 650 2822 porta:
683 2758 969 2812 wternales.
1015 2758 1127 2814 Hoc
1155 2769 1256 2826 est,
1292 2771 1536 2818 reserate
1568 2763 1824 2819 caelestes
1857 2764 2074 2819 aditus:

481 2857 663 2920 pateat
687 2852 1017 2908 aeternitatis
1043 2854 1344 2925 ingressus.
1370 2855 1494 2923 Vel,
1522 2858 1685 2913 tollite
1707 2866 1911 2928 portas,
1933 2859 2079 2930 prin-

481 2941 644 3013 cipea,
666 2953 858 2998 vestras
883 2943 1029 3000 :Vox
1054 2947 1374 3017 angelorum
1401 2958 1428 2986 α
1454 2949 1741 3016 bonorum,
1765 2951 1834 3006 ad
1859 2951 2078 3022 angelos

483 3033 661 3089 malos
692 3051 704 3088 :
738 3051 971 3106 quorum
1003 3039 1257 3108 princeps
1288 3039 1540 3094 diabolus
1567 3049 1672 3096 est.
1701 3041 1910 3109 Portus,
1937 3043 2080 3111 prin-

483 3127 642 3198 cipes,
673 3136 913 3183 vestras:
943 3129 995 3184 id
1025 3139 1130 3199 est,
1161 3132 1512 3201 cupiditatem
1545 3142 1599 3188 et
1628 3135 1899 3189 timorem.
1932 3135 2078 3192 Bene

483 3220 768 3290 conjunxit
814 3223 1167 3294 cupiditatem
1198 3237 1251 3282 et
1283 3228 1535 3283 timorem
1563 3246 1576 3284 :
1600 3230 1723 3299 quia
1751 3231 2078 3302 quicumque

487 3330 585 3384 per
609 3316 966 3386 cupiditatem
991 3329 1303 3390 congregat,
1341 3337 1436 3392 per
1461 3323 1711 3378 timorem
1741 3334 1795 3380 et
1820 3325 2078 3382 malitiam

487 3409 749 3476 custodit,
786 3421 845 3465 ut
874 3427 979 3467 non
1012 3415 1230 3482 perdat;
1265 3424 1319 3470 ct
1348 3416 1438 3486 qui
1471 3418 1743 3484 timorem,
1789 3429 1842 3474 et
1871 3421 2084 3491 cupidi-

489 3509 678 3570 tatem,
711 3515 765 3560 et
796 3506 1056 3562 malitiam
1087 3507 1270 3573 habet,
1317 3511 1568 3580 Spiritum
1601 3513 1892 3583 malignum
1927 3514 1995 3569 de
2021 3529 2080 3570 se

489 3614 599 3653 non
631 3600 836 3670 dejicit.
881 3602 950 3657 Et
989 3604 1287 3672 elevamini,
1319 3615 1480 3678 portte
1505 3607 1773 3662 (etei-nales
1802 3624 1819 3660 :
1862 3608 1912 3662 id
1955 3618 2038 3664 est
2061 3648 2077 3676 ,

487 3693 622 3750 ﬁdes
641 3703 693 3750 et
718 3697 978 3752 charitas.
1006 3696 1319 3756 Eternales
1347 3700 1636 3756 dicuntur:
1670 3702 1792 3771 quia
1817 3703 1884 3757 ab
1906 3701 2077 3757 Adam

487 3802 657 3860 usque
689 3790 754 3844 ad
783 3789 1055 3846 Christum
1081 3793 1132 3847 in
1159 3793 1266 3847 imo
1286 3793 1580 3864 jacuerunt
1607 3812 1618 3848 :
1648 3803 1702 3849 et
1725 3795 1846 3850 ideo
1873 3797 2078 3852 elevari

485 3881 760 3938 dicuntur.
795 3881 866 3936 Et
895 3885 1130 3940 introibit
1158 3902 1255 3940 rex
1283 3886 1463 3958 gloria:
1486 3905 1504 3943 :
1527 3887 1630 3942 hoc
1658 3897 1759 3955 est,
1792 3888 2073 3954 Christus;

482 3976 608 4046 quia
641 3991 738 4045 per
795 3977 954 4033 ﬁdem
1020 3988 1076 4034 et
1113 3979 1436 4036 eharitatem
1483 3981 1725 4037 introivit
1748 3981 1997 4038 Christus
2025 3984 2077 4038 in

483 4072 809 4129 Ecclesium.
843 4074 908 4128 Et
928 4076 1157 4130 introibit
1179 4093 1270 4130 rex
1294 4077 1475 4149 gloria:
1499 4095 1516 4132 :
1538 4077 1790 4133 Christus
1817 4077 2077 4133 Dominus

483 4165 765 4220 immensa:
793 4166 1061 4222 claritatis
1091 4168 1337 4223 retinens
1369 4185 1616 4238 regnum.
1655 4171 1717 4224 lli
1749 4186 1967 4242 quoque
1997 4181 2080 4226 at-

478 4259 635 4313 toniti
667 4268 724 4314 et
749 4260 948 4315 mentis
978 4269 1200 4330 stupore
1228 4262 1464 4332 perculsi
1492 4263 1680 4318 dicunt
1709 4281 1720 4316 :

560 4348 690 4414 Quis
717 4359 790 4404 est
816 4350 910 4404 iste
934 4367 1028 4405 rea:
1052 4351 1278 4422 gloritc?
1303 4352 1422 4408 Vox
1451 4353 1716 4422 majorum
1745 4354 2075 4411 d:emonnm.

483 4442 563 4496 Ac
596 4441 641 4494 si
673 4440 919 4496 dicerent
957 4458 972 4499 :
1004 4442 1117 4497 Nos
1146 4453 1395 4498 nostrum
1441 4459 1626 4515 regem
1671 4445 1930 4500 habemus
1957 4446 2078 4502 dia-

485 4531 667 4588 bolum
696 4551 710 4587 :
747 4533 851 4588 iste
885 4548 978 4588 rex
1011 4535 1198 4604 gloriae
1233 4537 1352 4605 quis
1379 4537 1505 4591 est?
1539 4537 1666 4604 Quis
1691 4577 1706 4602 ,
1747 4537 1956 4608 inquit,
2003 4547 2078 4592 est

480 4624 579 4678 iste
615 4640 709 4678 rea;
746 4625 974 4696 gloriae?
1020 4625 1338 4696 ReSpondet
1367 4629 1455 4698 qui
1494 4628 1730 4699 loquitur
1765 4646 1778 4683 :
1820 4628 2072 4684 Dominus

480 4717 631 4789 {ortis
659 4726 703 4770 et
728 4727 930 4789 potens.
958 4717 1075 4774 Vox
1101 4720 1417 4788 angelorum
1444 4720 1732 4778 bonorum.
1761 4721 1943 4776 Fortis
1965 4732 2069 4789 est,

483 4812 576 4882 qui
611 4811 844 4881 alligavit
881 4812 1076 4867 fortem
1108 4814 1411 4885 principem
1440 4825 1679 4871 vestrum
1714 4817 1918 4887 (Marc.
1952 4819 2070 4889 ιιι).

487 4901 689 4969 Fortis,
722 4919 844 4958 cum
871 4905 1116 4976 suscepit
1143 4913 1371 4962 mortem
1400 4925 1412 4960 :
1441 4919 1651 4976 potens,
1686 4925 1806 4964 cum
1837 4909 1964 4966 vicit
1993 4913 2074 4965 in-

477 4995 718 5052 ternum.
764 4996 831 5052 In
865 4997 1071 5068 praelia,
1116 5013 1236 5054 cum
1279 5000 1510 5070 spoliato
1544 5003 1772 5058 Tartaro
1798 5050 1810 5072 ,
1855 5004 2074 5060 reduxit

476 5103 664 5146 secum
696 5089 1100 5147 multitudinem
1134 5092 1496 5164 captivorum.
1527 5094 1740 5151 Clamat
1773 5097 1989 5166 iterato,
2019 5107 2074 5154 et

475 5181 648 5236 dicit:

549 5275 740 5331 Tollite
767 5287 969 5348 portas,
1001 5279 1286 5350 principes,
1319 5290 1534 5350 vestras,
1569 5291 1615 5336 et
1638 5282 1924 5349 elevamini,
1950 5301 2070 5355 por-

477 5377 543 5424 tae
568 5368 858 5425 wlernales.
898 5370 1199 5427 Elevenlur
1227 5373 1476 5430 :ethereae
1499 5374 1721 5445 ianuae:
1753 5374 2072 5445 aperiantur

547 5585 571 5612 α
609 5576 994 5649 Hieronymum
1018 5576 1350 5646 Origeniano
1373 5577 1548 5632 errori
1569 5575 1637 5630 de
1663 5574 1868 5649 sanctis
1888 5575 2062 5631 homi-

471 5647 654 5720 nibus,
686 5650 776 5720 qui
808 5645 937 5704 vere
969 5645 1158 5703 natura
1189 5649 1368 5720 angeli
1399 5659 1608 5713 essent,
1642 5645 1964 5720 adhaesisse,
1993 5664 2056 5704 ex

470 5718 574 5772 hoc
621 5719 807 5787 psalmi
853 5718 1682 5776 commentario‘Genehrardus
1727 5719 2053 5788 suspicatur.

468 5790 640 5856 Quam
687 5805 817 5844 vero
863 5790 930 5844 ab
963 5791 1065 5845 hoc
1102 5807 1290 5846 errore
1336 5793 1392 5846 S.
1427 5791 1615 5846 doctor
1655 5789 2010 5846 ahhorrucrit
2037 5832 2052 5854 ,

472 5859 724 5915 evincunt
762 5875 849 5930 ep.
885 5860 950 5916 ad
983 5861 1186 5930 Evang.
1228 5863 1294 5917 de
1321 5860 1724 5919 Melchisedech
1767 5862 1819 5918 in
1870 5870 2052 5918 nostra

2105 4579 2158 4640 D

2159 4635 2446 4705 .ravimus,
2474 4648 2535 4687 ac
2566 4648 2665 4703 pro
2693 4630 2860 4687 nihilo
2889 4630 3197 4686 habuimus.
3234 4627 3627 4699 Respondent:
3656 4622 3747 4675 Do—

2152 511 2288 581 Quia
2333 527 2440 569 non
2483 512 2660 568 solum
2701 522 2821 584 post
2863 513 3322 569 resurrectionem
3353 554 3367 580 ,
3419 512 3731 570 immensam

2155 606 2396 677 possedit
2436 607 2744 664 claritatem
2792 625 2806 661 :
2849 622 3037 663 verum
3083 607 3246 663 etiam
3293 616 3347 663 et
3392 607 3541 662 illam
3585 623 3731 677 quam

2155 699 2414 771 aequalem
2447 715 2572 756 cum
2601 699 2766 756 Patre
2804 699 2993 756 habuit
3029 699 3344 774 priusquam
3391 700 3552 756 ﬁeret
3581 715 3733 756 mun-

2156 792 2278 848 dus.
2305 791 2606 848 Adorantes
2634 793 2798 863 igitur
2825 793 2878 847 hi
2910 802 3072 848 tanta:
3099 793 3289 866 gloria:
3316 793 3532 848 unicam
3566 792 3735 864 singu.

2158 885 2441 956 laremque
2471 885 2767 956 potentiam
2788 931 2802 954 ,
2839 887 2990 941 aiunt
3019 903 3032 940 :

2233 979 2358 1046 Quis
2389 986 2462 1033 est
2493 979 2587 1033 iste
2617 995 2711 1034 rex
2739 979 2964 1051 glorite?
2995 978 3385 1050 Respondetur
3412 977 3499 1033 his
3527 995 3539 1032 :
3571 976 3740 1032 Domi-

2160 1085 2259 1124 nus
2285 1070 2531 1124 virtutum
2556 1069 2666 1140 ipse
2695 1078 2768 1126 est
2797 1086 2888 1124 rea:
2923 1067 3126 1141 glorior.
3162 1069 3452 1125 Pluraliter
3480 1069 3571 1125 hic
3600 1071 3740 1124 virtu-

2161 1171 2290 1226 tum.
2307 1161 2558 1218 Christus
2584 1163 2903 1232 intelligitur
2927 1184 2940 1217 :
2963 1164 3090 1235 quia
3113 1179 3276 1236 super
3301 1178 3498 1220 novem
3525 1165 3741 1221 virtutes

2162 1258 2425 1314 caelorum
2449 1257 2624 1314 sedet.
2651 1257 2752 1313 Vel
2775 1259 3019 1314 virtutum
3041 1259 3172 1314 dicit
3196 1277 3208 1312 :
3235 1258 3356 1329 quia
3379 1274 3547 1330 super
3568 1273 3743 1315 omnes

2163 1353 2392 1408 virtutes
2422 1351 2650 1419 diaboli,
2683 1353 2945 1408 Dominus
2974 1363 3078 1408 est.
3120 1353 3214 1410 Vel
3242 1353 3491 1408 virtutum
3523 1354 3746 1410 dicitur:

2164 1445 2287 1517 quia
2327 1445 2578 1502 diabolus
2623 1459 2816 1501 novem
2868 1445 3090 1501 ordines
3139 1447 3460 1517 angelorum
3510 1447 3617 1501 sub
3664 1461 3747 1502 sua

2165 1537 2355 1594 habuit
2401 1538 2796 1605 dominatione,
2849 1537 2963 1592 sive
3009 1537 3182 1593 bonos
3238 1537 3351 1594 sive
3400 1538 3594 1594 malos.
3638 1537 3749 1593 Tot-

2168 1634 2257 1688 lite
2281 1642 2478 1706 portas.
2521 1631 2636 1687 Vox
2665 1632 2983 1703 angelorum
3013 1633 3304 1688 bonorum.
3334 1633 3432 1690 Vel
3459 1651 3563 1688 vox
3596 1633 3752 1691 Domi-

2172 1726 2292 1780 nica
2322 1724 2390 1780 ad
2419 1725 2643 1794 angelos
2670 1725 2865 1780 honos.
2902 1723 3094 1780 Tollite
3119 1735 3315 1796 portas,
3342 1725 3447 1782 hoc
3478 1735 3567 1782 est
3597 1769 3611 1793 ,
3643 1727 3753 1798 quia

2101 1798 2148 1859 Β
2174 1818 2392 1890 quando
2415 1818 2587 1873 Adam
2618 1819 2899 1889 peccavit,
2926 1829 3099 1890 portae
3139 1820 3376 1890 paradisi
3409 1820 3620 1876 clausa:
3650 1824 3754 1877 lue-

2173 1921 2301 1968 runt
2335 1921 2428 1968 :et
2457 1912 2580 1967 data
2614 1921 2699 1968 est
2726 1911 3000 1982 romphaea
3033 1913 3188 1983 ignea
3225 1914 3424 1984 angelo
3453 1913 3754 1986 Seraphim,

2174 2017 2234 2063 ut
2261 2022 2385 2063 eum
2432 2007 2711 2064 custodire
2758 2007 3004 2063 deberet.
3052 2006 3158 2063 Sed
3189 2018 3476 2079 postquam
3520 2007 3757 2066 Christus

2175 2101 2324 2156 venit
2353 2101 2406 2156 in
2437 2099 2717 2168 mundum,
2745 2108 2801 2155 et
2836 2100 3060 2155 luctavit
3093 2115 3218 2154 eum
3251 2099 3478 2156 diabolo
3505 2142 3520 2166 ,
3554 2102 3759 2171 aperuit

2178 2194 2446 2250 internum
2475 2236 2489 2261 ,
2539 2203 2591 2250 et
2637 2189 2845 2248 animas
2893 2203 3207 2248 sanctorum
3239 2207 3424 2248 secum
3459 2192 3683 2248 eduxit:
3711 2203 3761 2249 et

2175 2303 2296 2344 cum
2325 2287 2531 2358 angelis
2560 2288 2717 2344 b0nis
2745 2287 2812 2342 ad
2836 2286 3080 2342 caelestia
3104 2285 3383 2342 remeavit.
3421 2286 3576 2342 Tunc
3605 2296 3758 2357 porta:

2177 2381 2435 2455 paradisi,
2468 2396 2590 2452 qua:
2621 2388 2747 2436 ante
2772 2381 2971 2435 clausa:
2997 2378 3234 2445 fuerant,
3267 2386 3471 2448 apertae
3493 2385 3640 2434 sunt.
3673 2376 3758 2433 Vel

2178 2484 2341 2548 porta:
2361 2474 2629 2530 teternales
2652 2516 2667 2542 ,
2713 2472 2889 2544 angeli
2928 2471 3181 2528 dicuntur
3210 2487 3224 2526 :
3257 2486 3356 2542 per
3390 2485 3620 2541 quorum
3651 2485 3762 2525 cus-

2181 2570 2382 2626 todiam
2406 2612 2420 2637 ,
2451 2569 2516 2622 ad
2544 2568 2789 2624 ctelestia
2819 2565 3269 2622 conscendimus.
3297 2565 3538 2620 Elevatzn
3583 2565 3762 2621 dicun-

2181 2676 2273 2722 tur
2302 2684 2317 2722 :
2346 2666 2471 2737 quia
2511 2674 2670 2719 antea
2701 2677 2892 2720 omnes
2933 2663 3130 2718 anima:
3159 2669 3472 2717 sanctorum
3500 2660 3566 2716 ad
3610 2660 3763 2716 inier-

2183 2775 2308 2816 num
2336 2758 2761 2816 descendebant.
2791 2757 2899 2812 Sed
2941 2765 3222 2827 postquam
3253 2753 3506 2810 Christus
3531 2753 3766 2810 ascendit

2182 2869 2286 2910 uita
2309 2868 2432 2908 cum
2456 2866 2690 2922 corpore
2718 2864 2817 2906 suo
2839 2865 3005 2921 super
3026 2863 3216 2906 omnes
3229 2848 3460 2908 virtutes
3485 2847 3760 2916 caelorum,

2183 2955 2305 3019 post
2358 2946 2538 3017 angeli
2586 2946 2750 3001 laetati
2795 2953 2920 3000 sunt
2963 2963 2976 2998 :
3022 2946 3147 3016 quia
3197 2943 3409 2998 animas
3462 2951 3765 2998 sanctorum

2175 3041 2322 3112 apud
2353 3056 2414 3096 se
2445 3040 2572 3095 illuc
2609 3037 2854 3094 deduxit.
2894 3037 3019 3104 Quis
3047 3046 3122 3090 est
3153 3037 3248 3090 iste
3294 3052 3385 3091 rex
3415 3036 3627 3107 gloriae?
3650 3033 3764 3090 Vox

2184 3133 2496 3204 angelorum
2519 3174 2535 3200 ,
2569 3132 2658 3202 qui
2685 3130 2825 3201 apud
2851 3130 3070 3185 Patrem
3101 3143 3319 3200 semper
3343 3128 3554 3184 fuerant
3587 3146 3599 3182 :
3632 3141 3700 3182 ac
3722 3127 3765 3184 si

2183 3229 2427 3285 dicerent
2454 3248 2465 3282 :
2490 3227 2597 3283 Nos
2628 3227 2862 3293 Patrem,
2900 3237 2952 3282 et
2984 3225 3179 3280 Filium
3205 3238 3421 3294 semper
3451 3221 3604 3277 simul
3641 3235 3768 3277 esse

2181 3323 2432 3380 videmus
2461 3341 2475 3378 :
2507 3322 2608 3377 iSte
2637 3337 2729 3377 rex
2759 3321 2944 3392 gloria:
2969 3320 3086 3392 quis
3129 3319 3254 3375 est?
3281 3319 3385 3374 Pro
3412 3325 3570 3388 parte
3593 3317 3765 3371 carnis

2184 3419 2445 3473 dicebant
2479 3434 2490 3470 :
2519 3415 2713 3471 Tollite
2742 3425 2919 3487 portas
2952 3431 2971 3470 :
2996 3415 3109 3470 Vox
3141 3414 3419 3485 prophetm
3449 3411 3516 3467 dc
3542 3411 3759 3478 Iudaeis,

2182 3511 2375 3566 Tollite
2396 3519 2569 3582 portas
2601 3525 2618 3562 :
2644 3508 2698 3564 id
2723 3518 2826 3577 est,
2854 3507 3166 3580 superbiam
3191 3552 3204 3575 ,
3229 3516 3281 3562 et
3312 3505 3679 3577 cupiditatem,
3713 3513 3765 3558 et

2183 3604 2462 3660 avaritiam
2495 3621 2508 3658 :
2563 3604 2686 3675 quia
2718 3618 2814 3674 per
2865 3605 2962 3658 has
3005 3610 3117 3657 tres
3143 3643 3157 3666 ,
3204 3598 3380 3656 omnis
3412 3598 3573 3654 homo
3593 3596 3651 3652 ad
3683 3596 3762 3651 in-

2182 3700 2395 3754 ternum
2427 3697 2814 3753 descendebat.
2841 3696 2935 3752 Vel
2963 3695 3179 3751 elevate
3214 3703 3398 3764 portas
3418 3736 3432 3760 ,
3457 3692 3719 3763 principes
3743 3731 3757 3756 ,

2181 3802 2391 3847 vestras
2423 3808 2434 3843 :
2466 3806 2565 3861 pro
2613 3806 2721 3858 quo
2762 3791 2814 3844 in
2861 3789 3092 3846 llebrzeo
3137 3788 3368 3858 positum
3400 3796 3481 3842 est
3509 3804 3525 3841 :
3550 3785 3756 3850 Lerate,

2183 3893 2364 3952 portte,
2397 3882 2568 3954 capita
2606 3892 2812 3937 vestra:
2852 3889 3002 3936 recto
3026 3879 3506 3935 leranturitincre.
3540 3877 3614 3932 Ad
3642 3891 3761 3946 per-

2183 3975 2383 4032 fectum
2416 3975 2696 4032 munditire
2725 3975 2857 4030 dicit
2887 3975 3167 4030 hominem
3198 3973 3390 4029 venire
3431 3987 3534 4026 non
3559 3984 3710 4042 posse
3739 3986 3751 4022 :

2181 4079 2237 4125 ct
2284 4085 2611 4141 quemquam
2659 4069 2724 4125 ad
2769 4068 3064 4140 perlectum
3115 4065 3396 4122 munditim
3440 4066 3618 4121 venire
3655 4077 3756 4116 non

2183 4164 2386 4218 valere.
2421 4161 2600 4217 Portze
2631 4160 2918 4217 teternales
2961 4175 3096 4231 quas
3134 4159 3270 4215 dicit
3318 4157 3558 4221 elevari,
3590 4153 3714 4208 ﬁdes
3739 4193 3754 4215 ,

2183 4257 2445 4324 charitas,
2472 4264 2528 4310 et
2559 4255 2782 4310 castitas
2813 4261 2919 4322 est,
2958 4254 3082 4323 quia
3115 4267 3210 4322 per
3239 4251 3337 4306 has
3367 4259 3482 4305 tres
3518 4246 3751 4304 Christus

2185 4352 2480 4408 Ecclesiam
2510 4348 2817 4421 ingreditur
2837 4388 2851 4402 .
2883 4346 3011 4413 Quis
3042 4356 3114 4401 est
3141 4346 3237 4400 iste
3275 4361 3367 4399 rex
3402 4342 3619 4416 gloriae?
3646 4338 3753 4392 llu-

2185 4462 2340 4502 mana
2381 4445 2644 4517 fragilitas
2674 4442 2955 4514 respondit
2990 4461 3003 4498 :
3033 4441 3162 4507 Quis
3200 4452 3274 4494 est
3319 4441 3464 4494 iste?
3495 4440 3567 4494 Ac
3605 4436 3645 4489 si
3673 4432 3748 4488 di-

2184 4551 2308 4596 cant
2339 4558 2352 4594 :
2393 4540 2495 4595 lste
2522 4547 2607 4594 est
2635 4553 2795 4609 quem
2827 4552 2923 4592 nos
2947 4536 3350 4600 crucitiximus,
3393 4541 3450 4589 et
3501 4532 3754 4602 imprope-

2182 4727 2358 4781 minus
2386 4726 2654 4792 uirtutum,
2679 4724 2732 4781 id
2745 4733 2849 4792 est,
2873 4724 2965 4795 qui
2991 4731 3235 4778 mortuus
3263 4731 3346 4776 est
3377 4719 3444 4776 ad
3471 4730 3669 4790 tempus
3693 4730 3747 4770 ex

2186 4820 2504 4875 inﬁrmitate
2550 4819 2774 4875 carnis:
2809 4818 2904 4874 sed
2938 4832 3080 4873 nunc
3119 4815 3256 4871 vivit
3302 4831 3370 4871 ex
3417 4816 3607 4869 virtute
3646 4811 3743 4866 Dei.

2185 4912 2279 4968 Vel
2311 4912 2480 4966 virtus
2504 4910 2625 4977 fuit,
2655 4910 2869 4982 quando
2900 4908 3037 4965 dixit
3067 4907 3292 4963 Thomas
3330 4925 3343 4962 ε
3378 4905 3520 4961 luier
3547 4903 3744 4976 digitum

2183 5016 2333 5062 tuum
2367 5006 2418 5060 in
2451 5004 2628 5060 locum
2659 5004 2938 5059 clavorum
2969 5043 2985 5069 ,
3019 5011 3073 5056 et
3104 5001 3256 5055 mitte
3287 5013 3510 5054 manum
3539 5007 3671 5052 tuam
3699 4995 3741 5048 in

2183 5099 2324 5154 latus
2358 5112 2566 5162 meum,
2620 5104 2675 5152 et
2717 5096 2828 5150 noli
2879 5109 3001 5151 esse
3043 5092 3397 5159 incredulus,
3444 5091 3538 5148 sed
3593 5087 3740 5145 ﬁdelis

2176 5193 2194 5260 (
2211 5190 2370 5246 Jonn.
2405 5205 2530 5246 xxvr
2554 5190 2592 5261 ).
2625 5189 2872 5244 Dominus
2894 5189 3136 5243 virtutum
3159 5186 3379 5252 dicitur,
3409 5186 3548 5241 sicut
3569 5182 3737 5239 Paulus

2174 5285 2282 5340 ait:
2309 5284 2439 5351 Quis
2455 5298 2553 5339 nos
2574 5283 2849 5354 separabit
2880 5297 2909 5336 a
2926 5281 3190 5336 charitate
3204 5277 3409 5334 Christi
3427 5277 3599 5350 (Rom.
3621 5270 3740 5340 vin)?

2176 5376 2477 5434 Tribulatio
2503 5419 2518 5444 ,
2552 5391 2618 5430 an
2643 5375 2884 5448 angustia
2910 5416 2924 5441 ,
2970 5389 3038 5429 an
3070 5371 3384 5444 persecutio
3411 5412 3426 5437 ,
3457 5379 3511 5426 et
3539 5368 3736 5438 reliqua.

2169 5590 2386 5632 recens.
2411 5576 2482 5632 7'5
2499 5583 2555 5631 et
2581 5574 2674 5630 l2l
2705 5573 2973 5648 adAlgas.
2999 5571 3205 5648 Quaest.
3235 5572 3286 5637 l,
3308 5579 3414 5626 etc.
3439 5569 3574 5637 Quin
3597 5581 3735 5648 eeonf

2173 5649 2341 5702 trario
2389 5662 2586 5702 novum
2635 5645 2831 5701 exinde
2867 5641 3152 5718 excudere
3207 5653 3580 5718 argumentum
3635 5641 3733 5718 licet

2167 5728 2355 5775 contra
2400 5719 2625 5788 hujusce
2669 5719 2851 5786 operis
2891 5713 3334 5785 germanitalem.
3379 5713 3500 5771 Vid.
3538 5726 3646 5784 qua:
3690 5713 3731 5762 in

2167 5805 2285 5861 cap.
2319 5806 2334 5845 ι
2365 5790 2546 5862 Aggmi
2581 5790 2986 5846 annotavimus.
