  <div class='ocr_page' id='page_1' title='image "/cluster/home/n/w/nwhite01/storage/ocr_20150623/26/hvd.32044015471402/450.png"; bbox 0 0 3944 6334; ppageno 0'>
   <div class='ocr_carea' id='block_1_1' title="bbox 233 247 2560 310">
    <p class='ocr_par' dir='ltr' id='par_1_1' title="bbox 233 247 2560 310">
     <span class='ocr_line' id='line_1_1' title="bbox 233 247 2560 310; baseline 0 -2"><span class='ocrx_word' id='word_1_1' title='bbox 233 251 322 309; x_wconf 80' lang='lat'><strong>889</strong></span> <span class='ocrx_word' id='word_1_2' title='bbox 1119 247 1550 307; x_wconf 65' lang='lat' dir='ltr'><strong>BREVIARIUM</strong></span> <span class='ocrx_word' id='word_1_3' title='bbox 1596 249 1656 306; x_wconf 83' lang='lat' dir='ltr'><strong>IN</strong></span> <span class='ocrx_word' id='word_1_4' title='bbox 1699 249 2033 308; x_wconf 77' lang='lat' dir='ltr'><strong>PS.\LMOS.</strong></span> <span class='ocrx_word' id='word_1_5' title='bbox 2081 251 2325 310; x_wconf 81' lang='lat' dir='ltr'><strong>PSALM.</strong></span> <span class='ocrx_word' id='word_1_6' title='bbox 2369 251 2560 310; x_wconf 75' lang='lat' dir='ltr'><strong>XXIV.</strong></span> 
     </span>
    </p>
   </div>
   <div class='ocr_carea' id='block_1_2' title="bbox 3385 257 3493 313">
    <p class='ocr_par' dir='ltr' id='par_1_2' title="bbox 3385 257 3493 313">
     <span class='ocr_line' id='line_1_2' title="bbox 3385 257 3493 313; baseline 0 0"><span class='ocrx_word' id='word_1_7' title='bbox 3385 257 3493 313; x_wconf 75' lang='lat'><strong>890</strong></span> 
     </span>
    </p>
   </div>
   <div class='ocr_carea' id='block_1_3' title="bbox 233 362 3495 438">
    <p class='ocr_par' dir='ltr' id='par_1_3' title="bbox 233 362 3495 438">
     <span class='ocr_line' id='line_1_3' title="bbox 233 362 3495 438; baseline 0 -15"><span class='ocrx_word' id='word_1_8' title='bbox 233 367 345 424; x_wconf 89' lang='lat' dir='ltr'><strong>Item</strong></span> <span class='ocrx_word' id='word_1_9' title='bbox 373 382 385 420; x_wconf 92' lang='lat'><strong>:</strong></span> <span class='ocrx_word' id='word_1_10' title='bbox 420 362 612 420; x_wconf 87' lang='lat' dir='ltr'><strong>Tollite</strong></span> <span class='ocrx_word' id='word_1_11' title='bbox 631 372 834 437; x_wconf 85' lang='lat' dir='ltr'><strong>porlas,</strong></span> <span class='ocrx_word' id='word_1_12' title='bbox 875 363 1155 436; x_wconf 74' lang='lat' dir='ltr'><strong>principes,</strong></span> <span class='ocrx_word' id='word_1_13' title='bbox 1182 370 1396 418; x_wconf 82' lang='lat' dir='ltr'><strong>vestras.</strong></span> <span class='ocrx_word' id='word_1_14' title='bbox 1424 363 1540 420; x_wconf 80' lang='lat' dir='ltr'><strong>Vox</strong></span> <span class='ocrx_word' id='word_1_15' title='bbox 1578 365 1797 434; x_wconf 82' lang='lat' dir='ltr'><strong>angelo-</strong></span> <span class='ocrx_word' id='word_1_16' title='bbox 1823 369 1871 427; x_wconf 82' lang='grc' dir='ltr'><strong>Î‘</strong></span> <span class='ocrx_word' id='word_1_17' title='bbox 1901 365 2028 422; x_wconf 87' lang='lat' dir='ltr'><strong>hinc</strong></span> <span class='ocrx_word' id='word_1_18' title='bbox 2057 381 2159 422; x_wconf 67' lang='lat' dir='ltr'><strong>vos</strong></span> <span class='ocrx_word' id='word_1_19' title='bbox 2191 367 2438 422; x_wconf 89' lang='lat' dir='ltr'><strong>succedit</strong></span> <span class='ocrx_word' id='word_1_20' title='bbox 2469 365 2729 422; x_wconf 64' lang='lat' dir='ltr'><strong>Ecclesiae</strong></span> <span class='ocrx_word' id='word_1_21' title='bbox 2765 383 2780 420; x_wconf 89' lang='lat'><strong>:</strong></span> <span class='ocrx_word' id='word_1_22' title='bbox 2808 380 2929 438; x_wconf 58' lang='lat' dir='ltr'><strong>quae</strong></span> <span class='ocrx_word' id='word_1_23' title='bbox 2972 375 3094 438; x_wconf 88' lang='lat' dir='ltr'><strong>post</strong></span> <span class='ocrx_word' id='word_1_24' title='bbox 3132 369 3495 425; x_wconf 85' lang='lat' dir='ltr'><strong>resurrectio-</strong></span> 
     </span>
    </p>
   </div>
   <div class='ocr_carea' id='block_1_4' title="bbox 233 455 1796 528">
    <p class='ocr_par' dir='ltr' id='par_1_4' title="bbox 233 455 1796 528">
     <span class='ocr_line' id='line_1_4' title="bbox 233 455 1796 528; baseline -0.001 -11"><span class='ocrx_word' id='word_1_25' title='bbox 233 475 353 524; x_wconf 86' lang='lat' dir='ltr'><strong>rutn,</strong></span> <span class='ocrx_word' id='word_1_26' title='bbox 385 458 472 528; x_wconf 86' lang='lat' dir='ltr'><strong>qui</strong></span> <span class='ocrx_word' id='word_1_27' title='bbox 505 474 627 512; x_wconf 90' lang='lat' dir='ltr'><strong>cum</strong></span> <span class='ocrx_word' id='word_1_28' title='bbox 658 455 876 514; x_wconf 94' lang='lat' dir='ltr'><strong>Christo</strong></span> <span class='ocrx_word' id='word_1_29' title='bbox 901 457 966 513; x_wconf 91' lang='lat' dir='ltr'><strong>ad</strong></span> <span class='ocrx_word' id='word_1_30' title='bbox 991 459 1260 513; x_wconf 89' lang='lat' dir='ltr'><strong>infernum</strong></span> <span class='ocrx_word' id='word_1_31' title='bbox 1284 457 1709 526; x_wconf 88' lang='lat' dir='ltr'><strong>descenderunt,</strong></span> <span class='ocrx_word' id='word_1_32' title='bbox 1729 458 1796 515; x_wconf 89' lang='lat' dir='ltr'><strong>ad</strong></span> 
     </span>
    </p>
   </div>
   <div class='ocr_carea' id='block_1_5' title="bbox 232 551 1795 623">
    <p class='ocr_par' dir='ltr' id='par_1_5' title="bbox 232 551 1795 623">
     <span class='ocr_line' id='line_1_5' title="bbox 232 551 1795 623; baseline -0.003 -11"><span class='ocrx_word' id='word_1_33' title='bbox 232 555 488 623; x_wconf 72' lang='lat' dir='ltr'><strong>subjectos</strong></span> <span class='ocrx_word' id='word_1_34' title='bbox 525 552 726 608; x_wconf 84' lang='lat' dir='ltr'><strong>diaboli</strong></span> <span class='ocrx_word' id='word_1_35' title='bbox 774 553 979 608; x_wconf 90' lang='lat' dir='ltr'><strong>dicunt.</strong></span> <span class='ocrx_word' id='word_1_36' title='bbox 1031 551 1338 608; x_wconf 89' lang='lat' dir='ltr'><strong>Ostenduut</strong></span> <span class='ocrx_word' id='word_1_37' title='bbox 1383 566 1444 608; x_wconf 90' lang='lat' dir='ltr'><strong>se</strong></span> <span class='ocrx_word' id='word_1_38' title='bbox 1492 551 1795 623; x_wconf 84' lang='lat' dir='ltr'><strong>principem</strong></span> 
     </span>
    </p>
   </div>
   <div class='ocr_carea' id='block_1_6' title="bbox 229 645 1796 719">
    <p class='ocr_par' dir='ltr' id='par_1_6' title="bbox 229 645 1796 719">
     <span class='ocr_line' id='line_1_6' title="bbox 229 645 1796 719; baseline -0.001 -15"><span class='ocrx_word' id='word_1_39' title='bbox 229 649 419 705; x_wconf 91' lang='lat' dir='ltr'><strong>illorum</strong></span> <span class='ocrx_word' id='word_1_40' title='bbox 451 647 671 718; x_wconf 86' lang='lat' dir='ltr'><strong>ligatum</strong></span> <span class='ocrx_word' id='word_1_41' title='bbox 701 648 900 703; x_wconf 90' lang='lat' dir='ltr'><strong>ducere</strong></span> <span class='ocrx_word' id='word_1_42' title='bbox 927 665 940 700; x_wconf 90' lang='lat'><strong>:</strong></span> <span class='ocrx_word' id='word_1_43' title='bbox 979 645 1168 701; x_wconf 78' lang='lat' dir='ltr'><strong>Tollite</strong></span> <span class='ocrx_word' id='word_1_44' title='bbox 1208 656 1385 719; x_wconf 85' lang='lat' dir='ltr'><strong>portas</strong></span> <span class='ocrx_word' id='word_1_45' title='bbox 1410 663 1426 700; x_wconf 91' lang='lat'><strong><em>:</em></strong></span> <span class='ocrx_word' id='word_1_46' title='bbox 1454 645 1579 718; x_wconf 86' lang='lat' dir='ltr'><strong>quia</strong></span> <span class='ocrx_word' id='word_1_47' title='bbox 1609 646 1796 703; x_wconf 78' lang='lat' dir='ltr'><strong>fractae</strong></span> 
     </span>
    </p>
   </div>
   <div class='ocr_carea' id='block_1_7' title="bbox 229 742 1794 811">
    <p class='ocr_par' dir='ltr' id='par_1_7' title="bbox 229 742 1794 811">
     <span class='ocr_line' id='line_1_7' title="bbox 229 742 1794 811; baseline 0 -13"><span class='ocrx_word' id='word_1_48' title='bbox 229 752 334 798; x_wconf 88' lang='lat' dir='ltr'><strong>sunt</strong></span> <span class='ocrx_word' id='word_1_49' title='bbox 360 749 550 811; x_wconf 68' lang='lat' dir='ltr'><strong>portae,</strong></span> <span class='ocrx_word' id='word_1_50' title='bbox 597 743 648 796; x_wconf 90' lang='lat' dir='ltr'><strong>id</strong></span> <span class='ocrx_word' id='word_1_51' title='bbox 677 751 761 798; x_wconf 92' lang='lat' dir='ltr'><strong>est</strong></span> <span class='ocrx_word' id='word_1_52' title='bbox 783 785 797 808; x_wconf 92' lang='lat'><strong>,</strong></span> <span class='ocrx_word' id='word_1_53' title='bbox 846 750 1084 810; x_wconf 74' lang='lat' dir='ltr'><strong>potestas</strong></span> <span class='ocrx_word' id='word_1_54' title='bbox 1119 742 1333 798; x_wconf 84' lang='lat' dir='ltr'><strong>illorqu</strong></span> <span class='ocrx_word' id='word_1_55' title='bbox 1365 750 1491 797; x_wconf 91' lang='lat' dir='ltr'><strong>tunc</strong></span> <span class='ocrx_word' id='word_1_56' title='bbox 1521 743 1794 799; x_wconf 89' lang='lat' dir='ltr'><strong>abstracta</strong></span> 
     </span>
    </p>
   </div>
   <div class='ocr_carea' id='block_1_8' title="bbox 229 833 1797 908">
    <p class='ocr_par' dir='ltr' id='par_1_8' title="bbox 229 833 1797 908">
     <span class='ocr_line' id='line_1_8' title="bbox 229 833 1797 908; baseline -0.001 -16"><span class='ocrx_word' id='word_1_57' title='bbox 229 845 318 892; x_wconf 85' lang='lat' dir='ltr'><strong>est.</strong></span> <span class='ocrx_word' id='word_1_58' title='bbox 347 833 411 888; x_wconf 83' lang='lat' dir='ltr'><strong>Et</strong></span> <span class='ocrx_word' id='word_1_59' title='bbox 448 835 746 905; x_wconf 79' lang='lat' dir='ltr'><strong>elei-nmini,</strong></span> <span class='ocrx_word' id='word_1_60' title='bbox 791 844 952 908; x_wconf 79' lang='lat' dir='ltr'><strong>porta:</strong></span> <span class='ocrx_word' id='word_1_61' title='bbox 990 835 1282 890; x_wconf 69' lang='lat' dir='ltr'><strong>wternales.</strong></span> <span class='ocrx_word' id='word_1_62' title='bbox 1318 835 1387 890; x_wconf 86' lang='lat' dir='ltr'><strong>Et</strong></span> <span class='ocrx_word' id='word_1_63' title='bbox 1423 844 1545 889; x_wconf 73' lang='lat' dir='ltr'><strong>tunc</strong></span> <span class='ocrx_word' id='word_1_64' title='bbox 1573 834 1797 891; x_wconf 74' lang='lat' dir='ltr'><strong>elevata:</strong></span> 
     </span>
    </p>
   </div>
   <div class='ocr_carea' id='block_1_9' title="bbox 231 927 1794 995">
    <p class='ocr_par' dir='ltr' id='par_1_9' title="bbox 231 927 1794 995">
     <span class='ocr_line' id='line_1_9' title="bbox 231 927 1794 995; baseline 0 -11"><span class='ocrx_word' id='word_1_65' title='bbox 231 935 339 984; x_wconf 88' lang='lat' dir='ltr'><strong>sunt</strong></span> <span class='ocrx_word' id='word_1_66' title='bbox 365 928 671 995; x_wconf 81' lang='lat' dir='ltr'><strong>:eternales,</strong></span> <span class='ocrx_word' id='word_1_67' title='bbox 707 927 760 982; x_wconf 90' lang='lat' dir='ltr'><strong>id</strong></span> <span class='ocrx_word' id='word_1_68' title='bbox 790 937 896 994; x_wconf 91' lang='lat' dir='ltr'><strong>est,</strong></span> <span class='ocrx_word' id='word_1_69' title='bbox 925 930 1120 984; x_wconf 88' lang='lat' dir='ltr'><strong>animae</strong></span> <span class='ocrx_word' id='word_1_70' title='bbox 1135 939 1444 984; x_wconf 87' lang='lat' dir='ltr'><strong>sanetorum</strong></span> <span class='ocrx_word' id='word_1_71' title='bbox 1460 927 1528 983; x_wconf 91' lang='lat' dir='ltr'><strong>de</strong></span> <span class='ocrx_word' id='word_1_72' title='bbox 1554 928 1794 984; x_wconf 88' lang='lat' dir='ltr'><strong>inferno.</strong></span> 
     </span>
    </p>
   </div>
   <div class='ocr_carea' id='block_1_10' title="bbox 229 1018 1794 1091">
    <p class='ocr_par' dir='ltr' id='par_1_10' title="bbox 229 1018 1794 1091">
     <span class='ocr_line' id='line_1_10' title="bbox 229 1018 1794 1091; baseline -0.002 -14"><span class='ocrx_word' id='word_1_73' title='bbox 229 1019 516 1077; x_wconf 64' lang='lat' dir='ltr'><strong>Eternales</strong></span> <span class='ocrx_word' id='word_1_74' title='bbox 571 1018 848 1087; x_wconf 88' lang='lat' dir='ltr'><strong>dicuntur,</strong></span> <span class='ocrx_word' id='word_1_75' title='bbox 899 1019 1025 1091; x_wconf 83' lang='lat' dir='ltr'><strong>quia</strong></span> <span class='ocrx_word' id='word_1_76' title='bbox 1085 1034 1299 1090; x_wconf 80' lang='lat' dir='ltr'><strong>semper</strong></span> <span class='ocrx_word' id='word_1_77' title='bbox 1343 1020 1466 1074; x_wconf 88' lang='lat' dir='ltr'><strong>sine</strong></span> <span class='ocrx_word' id='word_1_78' title='bbox 1507 1018 1615 1075; x_wconf 84' lang='lat' dir='ltr'><strong>line</strong></span> <span class='ocrx_word' id='word_1_79' title='bbox 1653 1018 1794 1090; x_wconf 89' lang='lat' dir='ltr'><strong>apud</strong></span> 
     </span>
    </p>
   </div>
   <div class='ocr_carea' id='block_1_11' title="bbox 227 1115 1796 1187">
    <p class='ocr_par' dir='ltr' id='par_1_11' title="bbox 227 1115 1796 1187">
     <span class='ocr_line' id='line_1_11' title="bbox 227 1115 1796 1187; baseline -0.003 -14"><span class='ocrx_word' id='word_1_80' title='bbox 227 1118 373 1174; x_wconf 88' lang='lat' dir='ltr'><strong>Deum</strong></span> <span class='ocrx_word' id='word_1_81' title='bbox 404 1117 684 1187; x_wconf 81' lang='lat' dir='ltr'><strong>regnaturi</strong></span> <span class='ocrx_word' id='word_1_82' title='bbox 711 1125 856 1172; x_wconf 88' lang='lat' dir='ltr'><strong>sunt.</strong></span> <span class='ocrx_word' id='word_1_83' title='bbox 887 1115 1144 1171; x_wconf 79' lang='lat' dir='ltr'><strong>Dominus</strong></span> <span class='ocrx_word' id='word_1_84' title='bbox 1169 1116 1419 1170; x_wconf 86' lang='lat' dir='ltr'><strong>virtutum</strong></span> <span class='ocrx_word' id='word_1_85' title='bbox 1441 1157 1455 1182; x_wconf 92' lang='lat'><strong>,</strong></span> <span class='ocrx_word' id='word_1_86' title='bbox 1481 1116 1591 1187; x_wconf 85' lang='lat' dir='ltr'><strong>ipse</strong></span> <span class='ocrx_word' id='word_1_87' title='bbox 1613 1125 1688 1169; x_wconf 87' lang='lat' dir='ltr'><strong>est</strong></span> <span class='ocrx_word' id='word_1_88' title='bbox 1706 1130 1796 1169; x_wconf 78' lang='lat' dir='ltr'><strong>rex</strong></span> 
     </span>
    </p>
   </div>
   <div class='ocr_carea' id='block_1_12' title="bbox 224 1205 1797 1282">
    <p class='ocr_par' dir='ltr' id='par_1_12' title="bbox 224 1205 1797 1282">
     <span class='ocr_line' id='line_1_12' title="bbox 224 1205 1797 1282; baseline -0.003 -18"><span class='ocrx_word' id='word_1_89' title='bbox 224 1211 396 1282; x_wconf 81' lang='lat' dir='ltr'><strong>glorite.</strong></span> <span class='ocrx_word' id='word_1_90' title='bbox 433 1209 544 1264; x_wconf 88' lang='lat' dir='ltr'><strong>Pro</strong></span> <span class='ocrx_word' id='word_1_91' title='bbox 575 1208 795 1265; x_wconf 89' lang='lat' dir='ltr'><strong>Domino</strong></span> <span class='ocrx_word' id='word_1_92' title='bbox 826 1211 1092 1279; x_wconf 85' lang='lat' dir='ltr'><strong>virtutum,</strong></span> <span class='ocrx_word' id='word_1_93' title='bbox 1127 1209 1179 1263; x_wconf 91' lang='lat' dir='ltr'><strong>in</strong></span> <span class='ocrx_word' id='word_1_94' title='bbox 1209 1208 1440 1264; x_wconf 74' lang='lat' dir='ltr'><strong>Hebraro</strong></span> <span class='ocrx_word' id='word_1_95' title='bbox 1463 1207 1663 1278; x_wconf 91' lang='lat' dir='ltr'><strong>legitur</strong></span> <span class='ocrx_word' id='word_1_96' title='bbox 1684 1205 1797 1260; x_wconf 82' lang='lat' dir='ltr'><strong>Do-</strong></span> 
     </span>
    </p>
   </div>
   <div class='ocr_carea' id='block_1_13' title="bbox 204 1302 1785 1373">
    <p class='ocr_par' dir='ltr' id='par_1_13' title="bbox 204 1302 1785 1373">
     <span class='ocr_line' id='line_1_13' title="bbox 204 1302 1785 1373; baseline -0.001 -17"><span class='ocrx_word' id='word_1_97' title='bbox 204 1304 374 1356; x_wconf 85' lang='lat' dir='ltr'><strong>&#39;minus</strong></span> <span class='ocrx_word' id='word_1_98' title='bbox 405 1303 643 1371; x_wconf 81' lang='lat' dir='ltr'><strong>sabaotlt,</strong></span> <span class='ocrx_word' id='word_1_99' title='bbox 676 1303 818 1372; x_wconf 90' lang='lat' dir='ltr'><strong>quod</strong></span> <span class='ocrx_word' id='word_1_100' title='bbox 854 1303 906 1357; x_wconf 93' lang='lat' dir='ltr'><strong>in</strong></span> <span class='ocrx_word' id='word_1_101' title='bbox 934 1303 1044 1357; x_wconf 90' lang='lat' dir='ltr'><strong>alio</strong></span> <span class='ocrx_word' id='word_1_102' title='bbox 1081 1304 1198 1357; x_wconf 88' lang='lat' dir='ltr'><strong>loco</strong></span> <span class='ocrx_word' id='word_1_103' title='bbox 1231 1302 1582 1373; x_wconf 74' lang='lat' dir='ltr'><strong>Septuaginta</strong></span> <span class='ocrx_word' id='word_1_104' title='bbox 1615 1302 1785 1356; x_wconf 86' lang='lat' dir='ltr'><strong>inter-</strong></span> 
     </span>
    </p>
   </div>
   <div class='ocr_carea' id='block_1_14' title="bbox 225 1395 1794 1468">
    <p class='ocr_par' dir='ltr' id='par_1_14' title="bbox 225 1395 1794 1468">
     <span class='ocr_line' id='line_1_14' title="bbox 225 1395 1794 1468; baseline -0.001 -17"><span class='ocrx_word' id='word_1_105' title='bbox 225 1404 380 1466; x_wconf 85' lang='lat' dir='ltr'><strong>pretes</strong></span> <span class='ocrx_word' id='word_1_106' title='bbox 407 1397 809 1468; x_wconf 81' lang='lat' dir='ltr'><strong>omnipotentem</strong></span> <span class='ocrx_word' id='word_1_107' title='bbox 867 1396 1281 1451; x_wconf 88' lang='lat' dir='ltr'><strong>transtulerunt.</strong></span> <span class='ocrx_word' id='word_1_108' title='bbox 1316 1396 1512 1451; x_wconf 84' lang='lat' dir='ltr'><strong>Merito</strong></span> <span class='ocrx_word' id='word_1_109' title='bbox 1536 1395 1794 1450; x_wconf 90' lang='lat' dir='ltr'><strong>virtutum</strong></span> 
     </span>
    </p>
   </div>
   <div class='ocr_carea' id='block_1_15' title="bbox 227 1487 1798 1560">
    <p class='ocr_par' dir='ltr' id='par_1_15' title="bbox 227 1487 1798 1560">
     <span class='ocr_line' id='line_1_15' title="bbox 227 1487 1798 1560; baseline -0.001 -18"><span class='ocrx_word' id='word_1_110' title='bbox 227 1487 488 1555; x_wconf 85' lang='lat' dir='ltr'><strong>Dominus,</strong></span> <span class='ocrx_word' id='word_1_111' title='bbox 519 1489 607 1560; x_wconf 90' lang='lat' dir='ltr'><strong>qui</strong></span> <span class='ocrx_word' id='word_1_112' title='bbox 651 1503 748 1559; x_wconf 91' lang='lat' dir='ltr'><strong>pro</strong></span> <span class='ocrx_word' id='word_1_113' title='bbox 778 1489 934 1545; x_wconf 85' lang='lat' dir='ltr'><strong>nobis</strong></span> <span class='ocrx_word' id='word_1_114' title='bbox 961 1488 1127 1543; x_wconf 90' lang='lat' dir='ltr'><strong>homo</strong></span> <span class='ocrx_word' id='word_1_115' title='bbox 1158 1488 1329 1544; x_wconf 87' lang='lat' dir='ltr'><strong>factus</strong></span> <span class='ocrx_word' id='word_1_116' title='bbox 1360 1499 1472 1544; x_wconf 91' lang='lat' dir='ltr'><strong>est:</strong></span> <span class='ocrx_word' id='word_1_117' title='bbox 1497 1487 1659 1542; x_wconf 89' lang='lat' dir='ltr'><strong>morti</strong></span> <span class='ocrx_word' id='word_1_118' title='bbox 1685 1497 1798 1542; x_wconf 88' lang='lat' dir='ltr'><strong>tra-</strong></span> 
     </span>
    </p>
   </div>
   <div class='ocr_carea' id='block_1_16' title="bbox 231 1578 1795 1650">
    <p class='ocr_par' dir='ltr' id='par_1_16' title="bbox 231 1578 1795 1650">
     <span class='ocr_line' id='line_1_16' title="bbox 231 1578 1795 1650; baseline -0.001 -14"><span class='ocrx_word' id='word_1_119' title='bbox 231 1581 378 1646; x_wconf 90' lang='lat' dir='ltr'><strong>ditus,</strong></span> <span class='ocrx_word' id='word_1_120' title='bbox 410 1580 775 1638; x_wconf 77' lang='lat' dir='ltr'><strong>infernalibus</strong></span> <span class='ocrx_word' id='word_1_121' title='bbox 805 1592 888 1637; x_wconf 90' lang='lat' dir='ltr'><strong>est</strong></span> <span class='ocrx_word' id='word_1_122' title='bbox 929 1581 1168 1637; x_wconf 88' lang='lat' dir='ltr'><strong>tenebris</strong></span> <span class='ocrx_word' id='word_1_123' title='bbox 1194 1581 1446 1636; x_wconf 81' lang='lat' dir='ltr'><strong>addictus</strong></span> <span class='ocrx_word' id='word_1_124' title='bbox 1477 1599 1490 1634; x_wconf 89' lang='lat'>:</span> <span class='ocrx_word' id='word_1_125' title='bbox 1516 1578 1662 1650; x_wconf 91' lang='lat' dir='ltr'><strong>quod</strong></span> <span class='ocrx_word' id='word_1_126' title='bbox 1689 1579 1795 1635; x_wconf 89' lang='lat' dir='ltr'><strong>cle-</strong></span> 
     </span>
    </p>
   </div>
   <div class='ocr_carea' id='block_1_17' title="bbox 223 1671 1789 1745">
    <p class='ocr_par' dir='ltr' id='par_1_17' title="bbox 223 1671 1789 1745">
     <span class='ocr_line' id='line_1_17' title="bbox 223 1671 1789 1745; baseline -0.002 -15"><span class='ocrx_word' id='word_1_127' title='bbox 223 1683 412 1731; x_wconf 88' lang='lat' dir='ltr'><strong>menter</strong></span> <span class='ocrx_word' id='word_1_128' title='bbox 439 1675 704 1745; x_wconf 82' lang='lat' dir='ltr'><strong>suscepit,</strong></span> <span class='ocrx_word' id='word_1_129' title='bbox 737 1676 1010 1745; x_wconf 84' lang='lat' dir='ltr'><strong>patienter</strong></span> <span class='ocrx_word' id='word_1_130' title='bbox 1037 1673 1330 1739; x_wconf 86' lang='lat' dir='ltr'><strong>toleravit,</strong></span> <span class='ocrx_word' id='word_1_131' title='bbox 1374 1672 1591 1730; x_wconf 75' lang='lat' dir='ltr'><strong>fortiter</strong></span> <span class='ocrx_word' id='word_1_132' title='bbox 1623 1671 1746 1727; x_wconf 77' lang='lat' dir='ltr'><strong>vicit</strong></span> <span class='ocrx_word' id='word_1_133' title='bbox 1775 1716 1789 1740; x_wconf 92' lang='lat'><strong>,</strong></span> 
     </span>
    </p>
   </div>
   <div class='ocr_carea' id='block_1_18' title="bbox 1900 461 3059 533">
    <p class='ocr_par' dir='ltr' id='par_1_18' title="bbox 1900 461 3059 533">
     <span class='ocr_line' id='line_1_18' title="bbox 1900 461 3059 533; baseline 0 -17"><span class='ocrx_word' id='word_1_134' title='bbox 1900 475 2021 516; x_wconf 88' lang='lat' dir='ltr'><strong>nem</strong></span> <span class='ocrx_word' id='word_1_135' title='bbox 2051 461 2385 518; x_wconf 89' lang='lat' dir='ltr'><strong>Dominicam</strong></span> <span class='ocrx_word' id='word_1_136' title='bbox 2424 476 2484 518; x_wconf 88' lang='lat' dir='ltr'><strong>se</strong></span> <span class='ocrx_word' id='word_1_137' title='bbox 2515 461 2788 533; x_wconf 87' lang='lat' dir='ltr'><strong>supplicat</strong></span> <span class='ocrx_word' id='word_1_138' title='bbox 2815 461 3059 518; x_wconf 87' lang='lat' dir='ltr'><strong>edoceri.</strong></span> 
     </span>
    </p>
   </div>
   <div class='ocr_carea' id='block_1_19' title="bbox 1981 553 3488 623">
    <p class='ocr_par' dir='ltr' id='par_1_19' title="bbox 1981 553 3488 623">
     <span class='ocr_line' id='line_1_19' title="bbox 1981 553 3488 623; baseline 0.004 -17"><span class='ocrx_word' id='word_1_139' title='bbox 1981 553 2102 609; x_wconf 84' lang='lat' dir='ltr'><strong>Vias</strong></span> <span class='ocrx_word' id='word_1_140' title='bbox 2132 567 2282 623; x_wconf 85' lang='lat' dir='ltr'><strong>tuas,</strong></span> <span class='ocrx_word' id='word_1_141' title='bbox 2319 555 2538 609; x_wconf 86' lang='lat' dir='ltr'><strong>Domine</strong></span> <span class='ocrx_word' id='word_1_142' title='bbox 2561 596 2576 622; x_wconf 90' lang='lat'><strong>,</strong></span> <span class='ocrx_word' id='word_1_143' title='bbox 2626 554 2921 609; x_wconf 86' lang='lat' dir='ltr'><strong>dentonstra</strong></span> <span class='ocrx_word' id='word_1_144' title='bbox 2969 555 3096 609; x_wconf 83' lang='lat' dir='ltr'><strong>milii</strong></span> <span class='ocrx_word' id='word_1_145' title='bbox 3128 571 3146 608; x_wconf 87' lang='lat'><strong><em>:</em></strong></span> <span class='ocrx_word' id='word_1_146' title='bbox 3193 564 3241 609; x_wconf 91' lang='lat' dir='ltr'><strong>et</strong></span> <span class='ocrx_word' id='word_1_147' title='bbox 3272 557 3488 612; x_wconf 79' lang='lat' dir='ltr'><strong>seruitus</strong></span> 
     </span>
    </p>
   </div>
   <div class='ocr_carea' id='block_1_20' title="bbox 1895 647 3488 719">
    <p class='ocr_par' dir='ltr' id='par_1_20' title="bbox 1895 647 3488 719">
     <span class='ocr_line' id='line_1_20' title="bbox 1895 647 3488 719; baseline 0.001 -17"><span class='ocrx_word' id='word_1_148' title='bbox 1895 656 2008 702; x_wconf 88' lang='lat' dir='ltr'><strong>tuas</strong></span> <span class='ocrx_word' id='word_1_149' title='bbox 2058 649 2210 704; x_wconf 86' lang='lat' dir='ltr'><strong>edoce</strong></span> <span class='ocrx_word' id='word_1_150' title='bbox 2251 665 2350 703; x_wconf 89' lang='lat' dir='ltr'><strong>me.</strong></span> <span class='ocrx_word' id='word_1_151' title='bbox 2399 647 2524 703; x_wconf 87' lang='lat' dir='ltr'><strong>Illas</strong></span> <span class='ocrx_word' id='word_1_152' title='bbox 2580 664 2677 717; x_wconf 87' lang='lat' dir='ltr'><strong>per</strong></span> <span class='ocrx_word' id='word_1_153' title='bbox 2717 662 2852 719; x_wconf 87' lang='lat' dir='ltr'><strong>quas</strong></span> <span class='ocrx_word' id='word_1_154' title='bbox 2899 649 3116 703; x_wconf 84' lang='lat' dir='ltr'><strong>venitur</strong></span> <span class='ocrx_word' id='word_1_155' title='bbox 3159 647 3216 702; x_wconf 90' lang='lat' dir='ltr'><strong>in</strong></span> <span class='ocrx_word' id='word_1_156' title='bbox 3264 663 3488 719; x_wconf 85' lang='lat' dir='ltr'><strong>regnum</strong></span> 
     </span>
    </p>
   </div>
   <div class='ocr_carea' id='block_1_21' title="bbox 1898 739 3493 808">
    <p class='ocr_par' dir='ltr' id='par_1_21' title="bbox 1898 739 3493 808">
     <span class='ocr_line' id='line_1_21' title="bbox 1898 739 3493 808; baseline 0.003 -14"><span class='ocrx_word' id='word_1_157' title='bbox 1898 749 2079 806; x_wconf 89' lang='lat' dir='ltr'><strong>tuum,</strong></span> <span class='ocrx_word' id='word_1_158' title='bbox 2121 740 2205 796; x_wconf 91' lang='lat' dir='ltr'><strong>vel</strong></span> <span class='ocrx_word' id='word_1_159' title='bbox 2235 742 2349 796; x_wconf 84' lang='lat' dir='ltr'><strong>vias</strong></span> <span class='ocrx_word' id='word_1_160' title='bbox 2380 752 2497 796; x_wconf 86' lang='lat' dir='ltr'><strong>tuas</strong></span> <span class='ocrx_word' id='word_1_161' title='bbox 2531 758 2541 795; x_wconf 91' lang='lat'><strong>:</strong></span> <span class='ocrx_word' id='word_1_162' title='bbox 2575 739 2676 796; x_wconf 91' lang='lat' dir='ltr'><strong>hoc</strong></span> <span class='ocrx_word' id='word_1_163' title='bbox 2723 751 2832 808; x_wconf 88' lang='lat' dir='ltr'><strong>est,</strong></span> <span class='ocrx_word' id='word_1_164' title='bbox 2881 740 3136 796; x_wconf 90' lang='lat' dir='ltr'><strong>mandata</strong></span> <span class='ocrx_word' id='word_1_165' title='bbox 3169 749 3256 796; x_wconf 90' lang='lat' dir='ltr'><strong>tua</strong></span> <span class='ocrx_word' id='word_1_166' title='bbox 3285 757 3300 798; x_wconf 87' lang='lat'><strong>:</strong></span> <span class='ocrx_word' id='word_1_167' title='bbox 3335 751 3493 798; x_wconf 88' lang='lat' dir='ltr'><strong>notas</strong></span> 
     </span>
    </p>
   </div>
   <div class='ocr_carea' id='block_1_22' title="bbox 1896 830 3480 898">
    <p class='ocr_par' dir='ltr' id='par_1_22' title="bbox 1896 830 3480 898">
     <span class='ocr_line' id='line_1_22' title="bbox 1896 830 3480 898; baseline 0.003 -13"><span class='ocrx_word' id='word_1_168' title='bbox 1896 830 2002 895; x_wconf 89' lang='lat' dir='ltr'><strong>fac,</strong></span> <span class='ocrx_word' id='word_1_169' title='bbox 2036 831 2140 888; x_wconf 93' lang='lat' dir='ltr'><strong>hoc</strong></span> <span class='ocrx_word' id='word_1_170' title='bbox 2165 840 2266 898; x_wconf 92' lang='lat' dir='ltr'><strong>est,</strong></span> <span class='ocrx_word' id='word_1_171' title='bbox 2299 831 2613 888; x_wconf 85' lang='lat' dir='ltr'><strong>demonstra</strong></span> <span class='ocrx_word' id='word_1_172' title='bbox 2644 832 2801 891; x_wconf 90' lang='lat' dir='ltr'><strong>mihi.</strong></span> <span class='ocrx_word' id='word_1_173' title='bbox 2824 832 3047 888; x_wconf 86' lang='lat' dir='ltr'><strong>Semitas</strong></span> <span class='ocrx_word' id='word_1_174' title='bbox 3074 843 3188 887; x_wconf 84' lang='lat' dir='ltr'><strong>tuas</strong></span> <span class='ocrx_word' id='word_1_175' title='bbox 3210 833 3364 888; x_wconf 87' lang='lat' dir='ltr'><strong>edoce</strong></span> <span class='ocrx_word' id='word_1_176' title='bbox 3380 851 3480 889; x_wconf 89' lang='lat' dir='ltr'><strong>me.</strong></span> 
     </span>
    </p>
   </div>
   <div class='ocr_carea' id='block_1_23' title="bbox 1896 924 3483 1000">
    <p class='ocr_par' dir='ltr' id='par_1_23' title="bbox 1896 924 3483 1000">
     <span class='ocr_line' id='line_1_23' title="bbox 1896 924 3483 1000; baseline 0.003 -19"><span class='ocrx_word' id='word_1_177' title='bbox 1896 924 2096 981; x_wconf 86' lang='lat' dir='ltr'><strong>Semita</strong></span> <span class='ocrx_word' id='word_1_178' title='bbox 2125 926 2301 980; x_wconf 89' lang='lat' dir='ltr'><strong>minor</strong></span> <span class='ocrx_word' id='word_1_179' title='bbox 2326 935 2411 982; x_wconf 90' lang='lat' dir='ltr'><strong>est</strong></span> <span class='ocrx_word' id='word_1_180' title='bbox 2438 942 2601 998; x_wconf 92' lang='lat' dir='ltr'><strong>quam</strong></span> <span class='ocrx_word' id='word_1_181' title='bbox 2632 927 2715 982; x_wconf 88' lang='lat' dir='ltr'><strong>via</strong></span> <span class='ocrx_word' id='word_1_182' title='bbox 2751 944 2766 982; x_wconf 93' lang='lat'><strong>:</strong></span> <span class='ocrx_word' id='word_1_183' title='bbox 2799 942 2894 998; x_wconf 89' lang='lat' dir='ltr'><strong>per</strong></span> <span class='ocrx_word' id='word_1_184' title='bbox 2940 927 3189 984; x_wconf 89' lang='lat' dir='ltr'><strong>semitam</strong></span> <span class='ocrx_word' id='word_1_185' title='bbox 3223 927 3483 1000; x_wconf 67' lang='lat' dir='ltr'><strong>iutelligi~</strong></span> 
     </span>
    </p>
   </div>
   <div class='ocr_carea' id='block_1_24' title="bbox 1899 1021 3272 1093">
    <p class='ocr_par' dir='ltr' id='par_1_24' title="bbox 1899 1021 3272 1093">
     <span class='ocr_line' id='line_1_24' title="bbox 1899 1021 3272 1093; baseline 0.003 -19"><span class='ocrx_word' id='word_1_186' title='bbox 1899 1029 1985 1074; x_wconf 91' lang='lat' dir='ltr'><strong>tur</strong></span> <span class='ocrx_word' id='word_1_187' title='bbox 2010 1028 2160 1074; x_wconf 88' lang='lat' dir='ltr'><strong>arcta</strong></span> <span class='ocrx_word' id='word_1_188' title='bbox 2181 1031 2235 1075; x_wconf 91' lang='lat' dir='ltr'><strong>et</strong></span> <span class='ocrx_word' id='word_1_189' title='bbox 2265 1029 2494 1091; x_wconf 87' lang='lat' dir='ltr'><strong>angusta</strong></span> <span class='ocrx_word' id='word_1_190' title='bbox 2517 1021 2604 1075; x_wconf 87' lang='lat' dir='ltr'><strong>via</strong></span> <span class='ocrx_word' id='word_1_191' title='bbox 2627 1063 2642 1087; x_wconf 88' lang='lat'><strong>,</strong></span> <span class='ocrx_word' id='word_1_192' title='bbox 2667 1037 2789 1093; x_wconf 66' lang='lat' dir='ltr'><strong>quae</strong></span> <span class='ocrx_word' id='word_1_193' title='bbox 2814 1021 2961 1076; x_wconf 87' lang='lat' dir='ltr'><strong>ducit</strong></span> <span class='ocrx_word' id='word_1_194' title='bbox 2991 1022 3056 1076; x_wconf 90' lang='lat' dir='ltr'><strong>ad</strong></span> <span class='ocrx_word' id='word_1_195' title='bbox 3085 1024 3272 1079; x_wconf 79' lang='lat' dir='ltr'><strong>vitam.</strong></span> 
     </span>
    </p>
   </div>
   <div class='ocr_carea' id='block_1_25' title="bbox 1972 1111 3488 1188">
    <p class='ocr_par' dir='ltr' id='par_1_25' title="bbox 1972 1111 3488 1188">
     <span class='ocr_line' id='line_1_25' title="bbox 1972 1111 3488 1188; baseline 0.006 -24"><span class='ocrx_word' id='word_1_196' title='bbox 1972 1111 2152 1185; x_wconf 85' lang='lat' dir='ltr'><strong>Dirige</strong></span> <span class='ocrx_word' id='word_1_197' title='bbox 2179 1128 2258 1166; x_wconf 89' lang='lat' dir='ltr'><strong>me</strong></span> <span class='ocrx_word' id='word_1_198' title='bbox 2283 1112 2334 1166; x_wconf 86' lang='lat' dir='ltr'><strong>in</strong></span> <span class='ocrx_word' id='word_1_199' title='bbox 2358 1114 2566 1167; x_wconf 83' lang='lat' dir='ltr'><strong>veritate</strong></span> <span class='ocrx_word' id='word_1_200' title='bbox 2588 1123 2696 1167; x_wconf 90' lang='lat' dir='ltr'><strong>tua.</strong></span> <span class='ocrx_word' id='word_1_201' title='bbox 2725 1112 2838 1168; x_wconf 80' lang='lat' dir='ltr'><strong>Vox</strong></span> <span class='ocrx_word' id='word_1_202' title='bbox 2865 1114 3140 1170; x_wconf 61' lang='lat' dir='ltr'><strong>Ecclesiae.</strong></span> <span class='ocrx_word' id='word_1_203' title='bbox 3164 1114 3344 1188; x_wconf 85' lang='lat' dir='ltr'><strong>Dirige</strong></span> <span class='ocrx_word' id='word_1_204' title='bbox 3373 1134 3451 1172; x_wconf 89' lang='lat' dir='ltr'><strong>me</strong></span> <span class='ocrx_word' id='word_1_205' title='bbox 3471 1159 3488 1184; x_wconf 94' lang='lat'><strong>,</strong></span> 
     </span>
    </p>
   </div>
   <div class='ocr_carea' id='block_1_26' title="bbox 1897 1205 3491 1278">
    <p class='ocr_par' dir='ltr' id='par_1_26' title="bbox 1897 1205 3491 1278">
     <span class='ocr_line' id='line_1_26' title="bbox 1897 1205 3491 1278; baseline 0.005 -19"><span class='ocrx_word' id='word_1_206' title='bbox 1897 1207 2018 1277; x_wconf 85' lang='lat' dir='ltr'><strong>quia</strong></span> <span class='ocrx_word' id='word_1_207' title='bbox 2043 1220 2142 1276; x_wconf 84' lang='lat' dir='ltr'><strong>ego</strong></span> <span class='ocrx_word' id='word_1_208' title='bbox 2172 1215 2447 1260; x_wconf 87' lang='lat' dir='ltr'><strong>turtttosus</strong></span> <span class='ocrx_word' id='word_1_209' title='bbox 2480 1220 2622 1262; x_wconf 88' lang='lat' dir='ltr'><strong>sum.</strong></span> <span class='ocrx_word' id='word_1_210' title='bbox 2658 1205 2722 1260; x_wconf 89' lang='lat' dir='ltr'><strong>In</strong></span> <span class='ocrx_word' id='word_1_211' title='bbox 2760 1209 2972 1264; x_wconf 83' lang='lat' dir='ltr'><strong>veritate</strong></span> <span class='ocrx_word' id='word_1_212' title='bbox 3003 1217 3132 1264; x_wconf 87' lang='lat' dir='ltr'><strong>tua:</strong></span> <span class='ocrx_word' id='word_1_213' title='bbox 3157 1209 3259 1265; x_wconf 87' lang='lat' dir='ltr'><strong>hoc</strong></span> <span class='ocrx_word' id='word_1_214' title='bbox 3290 1221 3394 1278; x_wconf 89' lang='lat' dir='ltr'><strong>est,</strong></span> <span class='ocrx_word' id='word_1_215' title='bbox 3436 1212 3491 1268; x_wconf 88' lang='lat' dir='ltr'><strong>in</strong></span> 
     </span>
    </p>
   </div>
   <div class='ocr_carea' id='block_1_27' title="bbox 1897 1298 3495 1372">
    <p class='ocr_par' dir='ltr' id='par_1_27' title="bbox 1897 1298 3495 1372">
     <span class='ocr_line' id='line_1_27' title="bbox 1897 1298 3495 1372; baseline 0.003 -19"><span class='ocrx_word' id='word_1_216' title='bbox 1897 1298 2114 1354; x_wconf 86' lang='lat' dir='ltr'><strong>Christo</strong></span> <span class='ocrx_word' id='word_1_217' title='bbox 2137 1307 2259 1353; x_wconf 89' lang='lat' dir='ltr'><strong>tuo:</strong></span> <span class='ocrx_word' id='word_1_218' title='bbox 2293 1298 2448 1352; x_wconf 85' lang='lat' dir='ltr'><strong>edoce</strong></span> <span class='ocrx_word' id='word_1_219' title='bbox 2477 1314 2577 1364; x_wconf 88' lang='lat' dir='ltr'><strong>me,</strong></span> <span class='ocrx_word' id='word_1_220' title='bbox 2610 1308 2669 1353; x_wconf 92' lang='lat' dir='ltr'><strong>ut</strong></span> <span class='ocrx_word' id='word_1_221' title='bbox 2697 1299 2831 1354; x_wconf 88' lang='lat' dir='ltr'><strong>nihil</strong></span> <span class='ocrx_word' id='word_1_222' title='bbox 2857 1315 3116 1370; x_wconf 88' lang='lat' dir='ltr'><strong>perverse</strong></span> <span class='ocrx_word' id='word_1_223' title='bbox 3157 1315 3335 1372; x_wconf 85' lang='lat' dir='ltr'><strong>agam.</strong></span> <span class='ocrx_word' id='word_1_224' title='bbox 3358 1301 3495 1370; x_wconf 87' lang='lat' dir='ltr'><strong>Quia</strong></span> 
     </span>
    </p>
   </div>
   <div class='ocr_carea' id='block_1_28' title="bbox 1897 1389 3496 1450">
    <p class='ocr_par' dir='ltr' id='par_1_28' title="bbox 1897 1389 3496 1450">
     <span class='ocr_line' id='line_1_28' title="bbox 1897 1389 3496 1450; baseline 0.003 -5"><span class='ocrx_word' id='word_1_225' title='bbox 1897 1401 1953 1445; x_wconf 91' lang='lat' dir='ltr'><strong>tu</strong></span> <span class='ocrx_word' id='word_1_226' title='bbox 1986 1407 2037 1444; x_wconf 86' lang='lat' dir='ltr'><strong>es</strong></span> <span class='ocrx_word' id='word_1_227' title='bbox 2072 1389 2215 1446; x_wconf 85' lang='lat' dir='ltr'><strong>Deus</strong></span> <span class='ocrx_word' id='word_1_228' title='bbox 2248 1389 2496 1444; x_wconf 85' lang='lat' dir='ltr'><strong>salutaris</strong></span> <span class='ocrx_word' id='word_1_229' title='bbox 2548 1406 2713 1444; x_wconf 86' lang='lat' dir='ltr'><strong>meus.</strong></span> <span class='ocrx_word' id='word_1_230' title='bbox 2745 1389 2861 1445; x_wconf 86' lang='lat' dir='ltr'><strong>Tua</strong></span> <span class='ocrx_word' id='word_1_231' title='bbox 2899 1391 3038 1446; x_wconf 91' lang='lat' dir='ltr'><strong>enim</strong></span> <span class='ocrx_word' id='word_1_232' title='bbox 3089 1393 3496 1450; x_wconf 87' lang='lat' dir='ltr'><strong>resurrectione</strong></span> 
     </span>
    </p>
   </div>
   <div class='ocr_carea' id='block_1_29' title="bbox 1898 1483 3493 1541">
    <p class='ocr_par' dir='ltr' id='par_1_29' title="bbox 1898 1483 3493 1541">
     <span class='ocr_line' id='line_1_29' title="bbox 1898 1483 3493 1541; baseline 0 -1"><span class='ocrx_word' id='word_1_233' title='bbox 1898 1499 2078 1540; x_wconf 90' lang='lat' dir='ltr'><strong>meum</strong></span> <span class='ocrx_word' id='word_1_234' title='bbox 2108 1484 2343 1540; x_wconf 90' lang='lat' dir='ltr'><strong>salutare</strong></span> <span class='ocrx_word' id='word_1_235' title='bbox 2376 1483 2506 1539; x_wconf 89' lang='lat' dir='ltr'><strong>mihi</strong></span> <span class='ocrx_word' id='word_1_236' title='bbox 2535 1483 2790 1538; x_wconf 90' lang='lat' dir='ltr'><strong>collatum</strong></span> <span class='ocrx_word' id='word_1_237' title='bbox 2816 1492 2920 1540; x_wconf 89' lang='lat' dir='ltr'><strong>est.</strong></span> <span class='ocrx_word' id='word_1_238' title='bbox 2951 1483 3020 1538; x_wconf 82' lang='lat' dir='ltr'><strong>Et</strong></span> <span class='ocrx_word' id='word_1_239' title='bbox 3043 1494 3090 1539; x_wconf 88' lang='lat' dir='ltr'><strong>te</strong></span> <span class='ocrx_word' id='word_1_240' title='bbox 3119 1486 3344 1541; x_wconf 75' lang='lat' dir='ltr'><strong>sustinui</strong></span> <span class='ocrx_word' id='word_1_241' title='bbox 3385 1496 3493 1540; x_wconf 88' lang='lat' dir='ltr'><strong>tota</strong></span> 
     </span>
    </p>
   </div>
   <div class='ocr_carea' id='block_1_30' title="bbox 1898 1578 3496 1651">
    <p class='ocr_par' dir='ltr' id='par_1_30' title="bbox 1898 1578 3496 1651">
     <span class='ocr_line' id='line_1_30' title="bbox 1898 1578 3496 1651; baseline -0.001 -15"><span class='ocrx_word' id='word_1_242' title='bbox 1898 1581 2005 1636; x_wconf 86' lang='lat' dir='ltr'><strong>die.</strong></span> <span class='ocrx_word' id='word_1_243' title='bbox 2045 1579 2158 1636; x_wconf 86' lang='lat' dir='ltr'><strong>Hoc</strong></span> <span class='ocrx_word' id='word_1_244' title='bbox 2184 1589 2268 1637; x_wconf 90' lang='lat' dir='ltr'><strong>est</strong></span> <span class='ocrx_word' id='word_1_245' title='bbox 2303 1589 2416 1635; x_wconf 92' lang='lat' dir='ltr'><strong>toto</strong></span> <span class='ocrx_word' id='word_1_246' title='bbox 2459 1589 2726 1650; x_wconf 89' lang='lat' dir='ltr'><strong>tempore.</strong></span> <span class='ocrx_word' id='word_1_247' title='bbox 2760 1578 3030 1635; x_wconf 82' lang='lat' dir='ltr'><strong>Videbunt</strong></span> <span class='ocrx_word' id='word_1_248' title='bbox 3068 1594 3155 1635; x_wconf 90' lang='lat' dir='ltr'><strong>me</strong></span> <span class='ocrx_word' id='word_1_249' title='bbox 3179 1595 3279 1651; x_wconf 91' lang='lat' dir='ltr'><strong>pro</strong></span> <span class='ocrx_word' id='word_1_250' title='bbox 3303 1589 3353 1635; x_wconf 91' lang='lat' dir='ltr'><strong>te</strong></span> <span class='ocrx_word' id='word_1_251' title='bbox 3376 1594 3496 1635; x_wconf 82' lang='lat' dir='ltr'><strong>sus-</strong></span> 
     </span>
    </p>
   </div>
   <div class='ocr_carea' id='block_1_31' title="bbox 1902 1673 3489 1748">
    <p class='ocr_par' dir='ltr' id='par_1_31' title="bbox 1902 1673 3489 1748">
     <span class='ocr_line' id='line_1_31' title="bbox 1902 1673 3489 1748; baseline -0.001 -15"><span class='ocrx_word' id='word_1_252' title='bbox 1902 1679 2076 1733; x_wconf 90' lang='lat' dir='ltr'><strong>tinere</strong></span> <span class='ocrx_word' id='word_1_253' title='bbox 2103 1692 2202 1748; x_wconf 91' lang='lat' dir='ltr'><strong>per</strong></span> <span class='ocrx_word' id='word_1_254' title='bbox 2224 1691 2386 1732; x_wconf 90' lang='lat' dir='ltr'><strong>omne</strong></span> <span class='ocrx_word' id='word_1_255' title='bbox 2412 1676 2534 1731; x_wconf 65' lang='lat' dir='ltr'><strong>vita:</strong></span> <span class='ocrx_word' id='word_1_256' title='bbox 2572 1674 2733 1746; x_wconf 81' lang='lat' dir='ltr'><strong>hujus</strong></span> <span class='ocrx_word' id='word_1_257' title='bbox 2765 1683 2997 1745; x_wconf 88' lang='lat' dir='ltr'><strong>tempus.</strong></span> <span class='ocrx_word' id='word_1_258' title='bbox 3023 1673 3314 1730; x_wconf 87' lang='lat' dir='ltr'><strong>Audieram</strong></span> <span class='ocrx_word' id='word_1_259' title='bbox 3343 1674 3489 1732; x_wconf 92' lang='lat' dir='ltr'><strong>enim</strong></span> 
     </span>
    </p>
   </div>
   <div class='ocr_carea' id='block_1_32' title="bbox 223 1761 3494 1844">
    <p class='ocr_par' dir='ltr' id='par_1_32' title="bbox 223 1761 3494 1844">
     <span class='ocr_line' id='line_1_32' title="bbox 223 1761 3494 1844; baseline -0 -22"><span class='ocrx_word' id='word_1_260' title='bbox 223 1768 526 1826; x_wconf 83' lang='lat' dir='ltr'><strong>mirabiliter</strong></span> <span class='ocrx_word' id='word_1_261' title='bbox 567 1768 990 1825; x_wconf 87' lang='lat' dir='ltr'><strong>consummavit.</strong></span> <span class='ocrx_word' id='word_1_262' title='bbox 1039 1767 1139 1836; x_wconf 92' lang='lat' dir='ltr'><strong>Qui</strong></span> <span class='ocrx_word' id='word_1_263' title='bbox 1181 1783 1302 1823; x_wconf 90' lang='lat' dir='ltr'><strong>cum</strong></span> <span class='ocrx_word' id='word_1_264' title='bbox 1337 1767 1535 1822; x_wconf 87' lang='lat' dir='ltr'><strong>virtute</strong></span> <span class='ocrx_word' id='word_1_265' title='bbox 1579 1765 1792 1836; x_wconf 86' lang='lat' dir='ltr'><strong>propria</strong></span> <span class='ocrx_word' id='word_1_266' title='bbox 1826 1761 1871 1821; x_wconf 88' lang='lat' dir='ltr'><strong>B</strong></span> <span class='ocrx_word' id='word_1_267' title='bbox 1902 1787 1997 1844; x_wconf 85' lang='lat' dir='ltr'><strong>per</strong></span> <span class='ocrx_word' id='word_1_268' title='bbox 2069 1784 2230 1826; x_wconf 84' lang='lat' dir='ltr'><strong>voces</strong></span> <span class='ocrx_word' id='word_1_269' title='bbox 2305 1769 2693 1840; x_wconf 88' lang='lat' dir='ltr'><strong>pr0phetarum</strong></span> <span class='ocrx_word' id='word_1_270' title='bbox 2763 1777 2816 1823; x_wconf 91' lang='lat' dir='ltr'><strong>te</strong></span> <span class='ocrx_word' id='word_1_271' title='bbox 2881 1775 3175 1823; x_wconf 89' lang='lat' dir='ltr'><strong>venturum</strong></span> <span class='ocrx_word' id='word_1_272' title='bbox 3248 1782 3371 1824; x_wconf 87' lang='lat' dir='ltr'><strong>esse</strong></span> <span class='ocrx_word' id='word_1_273' title='bbox 3438 1768 3494 1824; x_wconf 88' lang='lat' dir='ltr'><strong>in</strong></span> 
     </span>
    </p>
   </div>
   <div class='ocr_carea' id='block_1_33' title="bbox 222 1860 1792 1932">
    <p class='ocr_par' dir='ltr' id='par_1_33' title="bbox 222 1860 1792 1932">
     <span class='ocr_line' id='line_1_33' title="bbox 222 1860 1792 1932; baseline -0.002 -17"><span class='ocrx_word' id='word_1_274' title='bbox 222 1860 416 1916; x_wconf 82' lang='lat' dir='ltr'><strong>calcans</strong></span> <span class='ocrx_word' id='word_1_275' title='bbox 447 1861 653 1917; x_wconf 86' lang='lat' dir='ltr'><strong>inferos</strong></span> <span class='ocrx_word' id='word_1_276' title='bbox 682 1879 694 1915; x_wconf 92' lang='lat'><strong>:</strong></span> <span class='ocrx_word' id='word_1_277' title='bbox 727 1877 847 1918; x_wconf 91' lang='lat' dir='ltr'><strong>cum</strong></span> <span class='ocrx_word' id='word_1_278' title='bbox 875 1860 1151 1932; x_wconf 87' lang='lat' dir='ltr'><strong>triumpho</strong></span> <span class='ocrx_word' id='word_1_279' title='bbox 1179 1860 1396 1916; x_wconf 90' lang='lat' dir='ltr'><strong>rediens</strong></span> <span class='ocrx_word' id='word_1_280' title='bbox 1431 1860 1496 1914; x_wconf 90' lang='lat' dir='ltr'><strong>ad</strong></span> <span class='ocrx_word' id='word_1_281' title='bbox 1519 1873 1748 1930; x_wconf 87' lang='lat' dir='ltr'><strong>superos</strong></span> <span class='ocrx_word' id='word_1_282' title='bbox 1781 1877 1792 1912; x_wconf 93' lang='lat'>:</span> 
     </span>
    </p>
   </div>
   <div class='ocr_carea' id='block_1_34' title="bbox 221 1949 1796 2023">
    <p class='ocr_par' dir='ltr' id='par_1_34' title="bbox 221 1949 1796 2023">
     <span class='ocr_line' id='line_1_34' title="bbox 221 1949 1796 2023; baseline -0.002 -16"><span class='ocrx_word' id='word_1_283' title='bbox 221 1966 322 2007; x_wconf 87' lang='lat' dir='ltr'><strong>cum</strong></span> <span class='ocrx_word' id='word_1_284' title='bbox 347 1952 520 2023; x_wconf 82' lang='lat' dir='ltr'><strong>gloria</strong></span> <span class='ocrx_word' id='word_1_285' title='bbox 549 1951 795 2009; x_wconf 84' lang='lat' dir='ltr'><strong>ascendit</strong></span> <span class='ocrx_word' id='word_1_286' title='bbox 820 1951 889 2008; x_wconf 91' lang='lat' dir='ltr'><strong>ad</strong></span> <span class='ocrx_word' id='word_1_287' title='bbox 916 1952 1087 2008; x_wconf 91' lang='lat' dir='ltr'><strong>coelos</strong></span> <span class='ocrx_word' id='word_1_288' title='bbox 1113 1971 1124 2004; x_wconf 88' lang='lat'><strong>:</strong></span> <span class='ocrx_word' id='word_1_289' title='bbox 1151 1951 1306 2008; x_wconf 88' lang='lat' dir='ltr'><strong>sedet</strong></span> <span class='ocrx_word' id='word_1_290' title='bbox 1331 1967 1474 2006; x_wconf 91' lang='lat' dir='ltr'><strong>nunc</strong></span> <span class='ocrx_word' id='word_1_291' title='bbox 1507 1949 1575 2005; x_wconf 84' lang='lat' dir='ltr'><strong>ad</strong></span> <span class='ocrx_word' id='word_1_292' title='bbox 1607 1950 1796 2006; x_wconf 73' lang='lat' dir='ltr'><strong>dexte-</strong></span> 
     </span>
    </p>
   </div>
   <div class='ocr_carea' id='block_1_35' title="bbox 222 2042 1796 2117">
    <p class='ocr_par' dir='ltr' id='par_1_35' title="bbox 222 2042 1796 2117">
     <span class='ocr_line' id='line_1_35' title="bbox 222 2042 1796 2117; baseline -0.003 -17"><span class='ocrx_word' id='word_1_293' title='bbox 222 2059 316 2100; x_wconf 87' lang='lat' dir='ltr'><strong>ram</strong></span> <span class='ocrx_word' id='word_1_294' title='bbox 367 2045 465 2100; x_wconf 86' lang='lat' dir='ltr'><strong>Dei</strong></span> <span class='ocrx_word' id='word_1_295' title='bbox 501 2044 674 2100; x_wconf 84' lang='lat' dir='ltr'><strong>Patris</strong></span> <span class='ocrx_word' id='word_1_296' title='bbox 719 2045 1145 2117; x_wconf 87' lang='lat' dir='ltr'><strong>omnipotentis,</strong></span> <span class='ocrx_word' id='word_1_297' title='bbox 1192 2043 1549 2115; x_wconf 87' lang='lat' dir='ltr'><strong>interpellans</strong></span> <span class='ocrx_word' id='word_1_298' title='bbox 1593 2042 1796 2098; x_wconf 89' lang='lat' dir='ltr'><strong>nostris</strong></span> 
     </span>
    </p>
   </div>
   <div class='ocr_carea' id='block_1_36' title="bbox 219 2139 1034 2212">
    <p class='ocr_par' dir='ltr' id='par_1_36' title="bbox 219 2139 1034 2212">
     <span class='ocr_line' id='line_1_36' title="bbox 219 2139 1034 2212; baseline 0.002 -19"><span class='ocrx_word' id='word_1_299' title='bbox 219 2139 400 2212; x_wconf 81' lang='lat' dir='ltr'><strong>jugiter</strong></span> <span class='ocrx_word' id='word_1_300' title='bbox 430 2155 533 2212; x_wconf 89' lang='lat' dir='ltr'><strong>pro</strong></span> <span class='ocrx_word' id='word_1_301' title='bbox 564 2139 802 2197; x_wconf 88' lang='lat' dir='ltr'><strong>delictis.</strong></span> <span class='ocrx_word' id='word_1_302' title='bbox 834 2140 1034 2197; x_wconf 82' lang='lat' dir='ltr'><strong>Amen.</strong></span> 
     </span>
    </p>
   </div>
   <div class='ocr_carea' id='block_1_37' title="bbox 711 2258 1264 2316">
    <p class='ocr_par' dir='ltr' id='par_1_37' title="bbox 711 2258 1264 2316">
     <span class='ocr_line' id='line_1_37' title="bbox 711 2258 1264 2316; baseline -0.005 0"><span class='ocrx_word' id='word_1_303' title='bbox 711 2258 1032 2316; x_wconf 76' lang='lat' dir='ltr'><strong>PSALMUS</strong></span> <span class='ocrx_word' id='word_1_304' title='bbox 1075 2258 1264 2315; x_wconf 78' lang='lat' dir='ltr'><strong>XXIV.</strong></span> 
     </span>
    </p>
   </div>
   <div class='ocr_carea' id='block_1_38' title="bbox 224 2346 1798 2421">
    <p class='ocr_par' dir='ltr' id='par_1_38' title="bbox 224 2346 1798 2421">
     <span class='ocr_line' id='line_1_38' title="bbox 224 2346 1798 2421; baseline -0.001 -15"><span class='ocrx_word' id='word_1_305' title='bbox 224 2346 455 2406; x_wconf 68' lang='lat' dir='ltr'><strong>Paulinus</strong></span> <span class='ocrx_word' id='word_1_306' title='bbox 486 2348 680 2405; x_wconf 81' lang='lat' dir='ltr'><strong>David.</strong></span> <span class='ocrx_word' id='word_1_307' title='bbox 715 2350 1018 2407; x_wconf 84' lang='lat' dir='ltr'><strong>Vicesimus</strong></span> <span class='ocrx_word' id='word_1_308' title='bbox 1059 2361 1281 2421; x_wconf 90' lang='lat' dir='ltr'><strong>quartus</strong></span> <span class='ocrx_word' id='word_1_309' title='bbox 1314 2349 1560 2421; x_wconf 86' lang='lat' dir='ltr'><strong>psalmus</strong></span> <span class='ocrx_word' id='word_1_310' title='bbox 1591 2348 1798 2404; x_wconf 86' lang='lat' dir='ltr'><strong>media-</strong></span> 
     </span>
    </p>
   </div>
   <div class='ocr_carea' id='block_1_39' title="bbox 284 2421 1793 2479">
    <p class='ocr_par' dir='ltr' id='par_1_39' title="bbox 284 2421 1793 2479">
     <span class='ocr_line' id='line_1_39' title="bbox 284 2421 1793 2479; baseline 0.003 -4"><span class='ocrx_word' id='word_1_311' title='bbox 284 2422 410 2475; x_wconf 79' lang='lat' dir='ltr'><strong>toris</strong></span> <span class='ocrx_word' id='word_1_312' title='bbox 443 2424 615 2478; x_wconf 86' lang='lat' dir='ltr'><strong>nostri</strong></span> <span class='ocrx_word' id='word_1_313' title='bbox 647 2423 865 2478; x_wconf 88' lang='lat' dir='ltr'><strong>missam</strong></span> <span class='ocrx_word' id='word_1_314' title='bbox 898 2423 964 2477; x_wconf 88' lang='lat' dir='ltr'><strong>ad</strong></span> <span class='ocrx_word' id='word_1_315' title='bbox 1009 2423 1222 2478; x_wconf 85' lang='lat' dir='ltr'><strong>Patrem</strong></span> <span class='ocrx_word' id='word_1_316' title='bbox 1270 2421 1513 2477; x_wconf 81' lang='lat' dir='ltr'><strong>continet</strong></span> <span class='ocrx_word' id='word_1_317' title='bbox 1560 2436 1747 2476; x_wconf 84' lang='lat' dir='ltr'><strong>vocem</strong></span> <span class='ocrx_word' id='word_1_318' title='bbox 1779 2435 1793 2479; x_wconf 70' lang='grc' dir='ltr'>Ï‚</span> 
     </span>
    </p>
   </div>
   <div class='ocr_carea' id='block_1_40' title="bbox 279 2492 1791 2565">
    <p class='ocr_par' dir='ltr' id='par_1_40' title="bbox 279 2492 1791 2565">
     <span class='ocr_line' id='line_1_40' title="bbox 279 2492 1791 2565; baseline -0.002 -17"><span class='ocrx_word' id='word_1_319' title='bbox 279 2492 542 2549; x_wconf 87' lang='lat' dir='ltr'><strong>interdum</strong></span> <span class='ocrx_word' id='word_1_320' title='bbox 573 2494 734 2550; x_wconf 87' lang='lat' dir='ltr'><strong>habet</strong></span> <span class='ocrx_word' id='word_1_321' title='bbox 778 2493 1038 2550; x_wconf 76' lang='lat' dir='ltr'><strong>Ecclesia:</strong></span> <span class='ocrx_word' id='word_1_322' title='bbox 1082 2494 1437 2565; x_wconf 86' lang='lat' dir='ltr'><strong>supplicantis</strong></span> <span class='ocrx_word' id='word_1_323' title='bbox 1477 2493 1791 2548; x_wconf 86' lang='lat' dir='ltr'><strong>clamorem.</strong></span> 
     </span>
    </p>
   </div>
   <div class='ocr_carea' id='block_1_41' title="bbox 279 2606 1796 2678">
    <p class='ocr_par' dir='ltr' id='par_1_41' title="bbox 279 2606 1796 2678">
     <span class='ocr_line' id='line_1_41' title="bbox 279 2606 1796 2678; baseline 0 -17"><span class='ocrx_word' id='word_1_324' title='bbox 279 2607 355 2661; x_wconf 79' lang='lat' dir='ltr'><strong>Ad</strong></span> <span class='ocrx_word' id='word_1_325' title='bbox 388 2617 454 2674; x_wconf 89' lang='lat' dir='ltr'><strong>te,</strong></span> <span class='ocrx_word' id='word_1_326' title='bbox 479 2606 729 2676; x_wconf 87' lang='lat' dir='ltr'><strong>Domine,</strong></span> <span class='ocrx_word' id='word_1_327' title='bbox 753 2607 917 2663; x_wconf 87' lang='lat' dir='ltr'><strong>levavi</strong></span> <span class='ocrx_word' id='word_1_328' title='bbox 943 2609 1167 2663; x_wconf 87' lang='lat' dir='ltr'><strong>animam</strong></span> <span class='ocrx_word' id='word_1_329' title='bbox 1199 2625 1386 2663; x_wconf 88' lang='lat' dir='ltr'><strong>meam.</strong></span> <span class='ocrx_word' id='word_1_330' title='bbox 1411 2608 1519 2678; x_wconf 23' lang='lat' dir='ltr'><strong>{llic</strong></span> <span class='ocrx_word' id='word_1_331' title='bbox 1554 2623 1658 2663; x_wconf 78' lang='lat' dir='ltr'><strong>vox</strong></span> <span class='ocrx_word' id='word_1_332' title='bbox 1690 2607 1796 2662; x_wconf 85' lang='lat' dir='ltr'><strong>Ec-</strong></span> 
     </span>
    </p>
   </div>
   <div class='ocr_carea' id='block_1_42' title="bbox 220 2699 1793 2774">
    <p class='ocr_par' dir='ltr' id='par_1_42' title="bbox 220 2699 1793 2774">
     <span class='ocr_line' id='line_1_42' title="bbox 220 2699 1793 2774; baseline 0.001 -18"><span class='ocrx_word' id='word_1_333' title='bbox 220 2700 388 2756; x_wconf 65' lang='lat' dir='ltr'><strong>clesiae</strong></span> <span class='ocrx_word' id='word_1_334' title='bbox 413 2701 737 2774; x_wconf 78' lang='lat' dir='ltr'><strong>intelligitur</strong></span> <span class='ocrx_word' id='word_1_335' title='bbox 760 2701 826 2757; x_wconf 88' lang='lat' dir='ltr'><strong>ad</strong></span> <span class='ocrx_word' id='word_1_336' title='bbox 856 2699 1152 2758; x_wconf 90' lang='lat' dir='ltr'><strong>Christum.</strong></span> <span class='ocrx_word' id='word_1_337' title='bbox 1186 2703 1370 2757; x_wconf 79' lang='lat' dir='ltr'><strong>Levavi</strong></span> <span class='ocrx_word' id='word_1_338' title='bbox 1414 2701 1579 2768; x_wconf 91' lang='lat' dir='ltr'><strong>dicit,</strong></span> <span class='ocrx_word' id='word_1_339' title='bbox 1613 2701 1664 2757; x_wconf 89' lang='lat' dir='ltr'><strong>id</strong></span> <span class='ocrx_word' id='word_1_340' title='bbox 1689 2709 1793 2767; x_wconf 87' lang='lat' dir='ltr'><strong>est,</strong></span> 
     </span>
    </p>
   </div>
   <div class='ocr_carea' id='block_1_43' title="bbox 220 2797 1797 2871">
    <p class='ocr_par' dir='ltr' id='par_1_43' title="bbox 220 2797 1797 2871">
     <span class='ocr_line' id='line_1_43' title="bbox 220 2797 1797 2871; baseline -0.001 -17"><span class='ocrx_word' id='word_1_341' title='bbox 220 2797 414 2854; x_wconf 88' lang='lat' dir='ltr'><strong>elevavi</strong></span> <span class='ocrx_word' id='word_1_342' title='bbox 449 2815 462 2851; x_wconf 91' lang='lat'><strong>:</strong></span> <span class='ocrx_word' id='word_1_343' title='bbox 497 2798 625 2869; x_wconf 88' lang='lat' dir='ltr'><strong>quia</strong></span> <span class='ocrx_word' id='word_1_344' title='bbox 652 2800 801 2869; x_wconf 90' lang='lat' dir='ltr'><strong>prius</strong></span> <span class='ocrx_word' id='word_1_345' title='bbox 831 2797 883 2852; x_wconf 92' lang='lat' dir='ltr'><strong>in</strong></span> <span class='ocrx_word' id='word_1_346' title='bbox 905 2798 1042 2853; x_wconf 86' lang='lat' dir='ltr'><strong>valle</strong></span> <span class='ocrx_word' id='word_1_347' title='bbox 1071 2799 1458 2871; x_wconf 83' lang='lat' dir='ltr'><strong>lacrymarum,</strong></span> <span class='ocrx_word' id='word_1_348' title='bbox 1490 2797 1573 2853; x_wconf 81' lang='lat' dir='ltr'><strong>vel</strong></span> <span class='ocrx_word' id='word_1_349' title='bbox 1601 2797 1652 2851; x_wconf 92' lang='lat' dir='ltr'><strong>in</strong></span> <span class='ocrx_word' id='word_1_350' title='bbox 1687 2797 1797 2853; x_wconf 92' lang='lat' dir='ltr'><strong>imo</strong></span> 
     </span>
    </p>
   </div>
   <div class='ocr_carea' id='block_1_44' title="bbox 215 2889 1796 2963">
    <p class='ocr_par' dir='ltr' id='par_1_44' title="bbox 215 2889 1796 2963">
     <span class='ocr_line' id='line_1_44' title="bbox 215 2889 1796 2963; baseline 0.002 -18"><span class='ocrx_word' id='word_1_351' title='bbox 215 2889 414 2961; x_wconf 78' lang='lat' dir='ltr'><strong>iacebat</strong></span> <span class='ocrx_word' id='word_1_352' title='bbox 436 2892 705 2959; x_wconf 86' lang='lat' dir='ltr'><strong>Ecclesia,</strong></span> <span class='ocrx_word' id='word_1_353' title='bbox 734 2900 1022 2963; x_wconf 87' lang='lat' dir='ltr'><strong>antequam</strong></span> <span class='ocrx_word' id='word_1_354' title='bbox 1046 2893 1292 2949; x_wconf 89' lang='lat' dir='ltr'><strong>Christus</strong></span> <span class='ocrx_word' id='word_1_355' title='bbox 1316 2895 1526 2950; x_wconf 82' lang='lat' dir='ltr'><strong>veniret</strong></span> <span class='ocrx_word' id='word_1_356' title='bbox 1564 2893 1617 2947; x_wconf 92' lang='lat' dir='ltr'><strong>in</strong></span> <span class='ocrx_word' id='word_1_357' title='bbox 1643 2909 1796 2948; x_wconf 87' lang='lat' dir='ltr'><strong>mun-</strong></span> 
     </span>
    </p>
   </div>
   <div class='ocr_carea' id='block_1_45' title="bbox 218 2983 1799 3055">
    <p class='ocr_par' dir='ltr' id='par_1_45' title="bbox 218 2983 1799 3055">
     <span class='ocr_line' id='line_1_45' title="bbox 218 2983 1799 3055; baseline 0.001 -17"><span class='ocrx_word' id='word_1_358' title='bbox 218 2983 355 3040; x_wconf 92' lang='lat' dir='ltr'><strong>dum.</strong></span> <span class='ocrx_word' id='word_1_359' title='bbox 395 2985 451 3040; x_wconf 91' lang='lat' dir='ltr'><strong>ln</strong></span> <span class='ocrx_word' id='word_1_360' title='bbox 481 2983 609 3055; x_wconf 91' lang='lat' dir='ltr'><strong>quid</strong></span> <span class='ocrx_word' id='word_1_361' title='bbox 639 2985 918 3041; x_wconf 84' lang='lat' dir='ltr'><strong>elevavit?</strong></span> <span class='ocrx_word' id='word_1_362' title='bbox 946 2985 1058 3040; x_wconf 88' lang='lat' dir='ltr'><strong>lloc</strong></span> <span class='ocrx_word' id='word_1_363' title='bbox 1099 2996 1178 3041; x_wconf 91' lang='lat' dir='ltr'><strong>est</strong></span> <span class='ocrx_word' id='word_1_364' title='bbox 1203 3027 1220 3054; x_wconf 90' lang='lat'><strong>,</strong></span> <span class='ocrx_word' id='word_1_365' title='bbox 1275 2986 1326 3040; x_wconf 89' lang='lat' dir='ltr'><strong>in</strong></span> <span class='ocrx_word' id='word_1_366' title='bbox 1366 3001 1465 3055; x_wconf 85' lang='lat' dir='ltr'><strong>Spe</strong></span> <span class='ocrx_word' id='word_1_367' title='bbox 1492 3029 1506 3052; x_wconf 89' lang='lat'><strong>,</strong></span> <span class='ocrx_word' id='word_1_368' title='bbox 1567 2984 1676 3040; x_wconf 85' lang='lat' dir='ltr'><strong>ï¬de</strong></span> <span class='ocrx_word' id='word_1_369' title='bbox 1743 2994 1799 3041; x_wconf 88' lang='lat' dir='ltr'><strong>et</strong></span> 
     </span>
    </p>
   </div>
   <div class='ocr_carea' id='block_1_46' title="bbox 217 3075 1791 3149">
    <p class='ocr_par' dir='ltr' id='par_1_46' title="bbox 217 3075 1791 3149">
     <span class='ocr_line' id='line_1_46' title="bbox 217 3075 1791 3149; baseline 0.001 -18"><span class='ocrx_word' id='word_1_370' title='bbox 217 3075 486 3145; x_wconf 84' lang='lat' dir='ltr'><strong>charitate,</strong></span> <span class='ocrx_word' id='word_1_371' title='bbox 529 3093 625 3149; x_wconf 85' lang='lat' dir='ltr'><strong>per</strong></span> <span class='ocrx_word' id='word_1_372' title='bbox 653 3076 1168 3145; x_wconf 85' lang='lat' dir='ltr'><strong>sanetiflcatiouem,</strong></span> <span class='ocrx_word' id='word_1_373' title='bbox 1215 3079 1340 3148; x_wconf 88' lang='lat' dir='ltr'><strong>quia</strong></span> <span class='ocrx_word' id='word_1_374' title='bbox 1374 3078 1617 3134; x_wconf 89' lang='lat' dir='ltr'><strong>triticum</strong></span> <span class='ocrx_word' id='word_1_375' title='bbox 1650 3079 1696 3134; x_wconf 90' lang='lat' dir='ltr'><strong>si</strong></span> <span class='ocrx_word' id='word_1_376' title='bbox 1740 3078 1791 3133; x_wconf 90' lang='lat' dir='ltr'><strong>in</strong></span> 
     </span>
    </p>
   </div>
   <div class='ocr_carea' id='block_1_47' title="bbox 1902 1862 3494 1935">
    <p class='ocr_par' dir='ltr' id='par_1_47' title="bbox 1902 1862 3494 1935">
     <span class='ocr_line' id='line_1_47' title="bbox 1902 1862 3494 1935; baseline 0 -14"><span class='ocrx_word' id='word_1_377' title='bbox 1902 1865 2183 1922; x_wconf 91' lang='lat' dir='ltr'><strong>mundum.</strong></span> <span class='ocrx_word' id='word_1_378' title='bbox 2221 1864 2459 1921; x_wconf 83' lang='lat' dir='ltr'><strong>Sustinui</strong></span> <span class='ocrx_word' id='word_1_379' title='bbox 2490 1872 2666 1920; x_wconf 89' lang='lat' dir='ltr'><strong>autem</strong></span> <span class='ocrx_word' id='word_1_380' title='bbox 2699 1878 2794 1935; x_wconf 89' lang='lat' dir='ltr'><strong>per</strong></span> <span class='ocrx_word' id='word_1_381' title='bbox 2817 1862 2995 1920; x_wconf 90' lang='lat' dir='ltr'><strong>lumen</strong></span> <span class='ocrx_word' id='word_1_382' title='bbox 3022 1862 3170 1930; x_wconf 79' lang='lat' dir='ltr'><strong>fidei,</strong></span> <span class='ocrx_word' id='word_1_383' title='bbox 3204 1862 3378 1920; x_wconf 89' lang='lat' dir='ltr'><strong>donec</strong></span> <span class='ocrx_word' id='word_1_384' title='bbox 3407 1879 3494 1921; x_wconf 90' lang='lat' dir='ltr'><strong>me</strong></span> 
     </span>
    </p>
   </div>
   <div class='ocr_carea' id='block_1_48' title="bbox 1900 1972 2148 2014">
    <p class='ocr_par' dir='ltr' id='par_1_48' title="bbox 1900 1972 2148 2014">
     <span class='ocr_line' id='line_1_48' title="bbox 1900 1972 2148 2014; baseline -0.012 0"><span class='ocrx_word' id='word_1_385' title='bbox 1900 1972 2148 2014; x_wconf 85' lang='lat' dir='ltr'><strong>vocares.</strong></span> 
     </span>
    </p>
   </div>
   <div class='ocr_carea' id='block_1_49' title="bbox 1978 2047 3494 2114">
    <p class='ocr_par' dir='ltr' id='par_1_49' title="bbox 1978 2047 3494 2114">
     <span class='ocr_line' id='line_1_49' title="bbox 1978 2047 3494 2114; baseline -0.001 -8"><span class='ocrx_word' id='word_1_386' title='bbox 1978 2051 2332 2106; x_wconf 84' lang='lat' dir='ltr'><strong>Reminiscere</strong></span> <span class='ocrx_word' id='word_1_387' title='bbox 2352 2049 2745 2104; x_wconf 86' lang='lat' dir='ltr'><strong>miserationum</strong></span> <span class='ocrx_word' id='word_1_388' title='bbox 2769 2058 2995 2114; x_wconf 86' lang='lat' dir='ltr'><strong>tuarum,</strong></span> <span class='ocrx_word' id='word_1_389' title='bbox 3021 2047 3268 2114; x_wconf 88' lang='lat' dir='ltr'><strong>Domine,</strong></span> <span class='ocrx_word' id='word_1_390' title='bbox 3305 2056 3412 2104; x_wconf 87' lang='lat' dir='ltr'><strong>etc.</strong></span> <span class='ocrx_word' id='word_1_391' title='bbox 3435 2048 3494 2104; x_wconf 85' lang='lat' dir='ltr'><strong>In</strong></span> 
     </span>
    </p>
   </div>
   <div class='ocr_carea' id='block_1_50' title="bbox 1900 2140 3498 2216">
    <p class='ocr_par' dir='ltr' id='par_1_50' title="bbox 1900 2140 3498 2216">
     <span class='ocr_line' id='line_1_50' title="bbox 1900 2140 3498 2216; baseline 0 -20"><span class='ocrx_word' id='word_1_392' title='bbox 1900 2143 2099 2216; x_wconf 90' lang='lat' dir='ltr'><strong>quibus</strong></span> <span class='ocrx_word' id='word_1_393' title='bbox 2127 2154 2183 2197; x_wconf 87' lang='lat' dir='ltr'><strong>ut</strong></span> <span class='ocrx_word' id='word_1_394' title='bbox 2206 2157 2307 2198; x_wconf 89' lang='lat' dir='ltr'><strong>nos</strong></span> <span class='ocrx_word' id='word_1_395' title='bbox 2337 2142 2660 2209; x_wconf 91' lang='lat' dir='ltr'><strong>redimeres,</strong></span> <span class='ocrx_word' id='word_1_396' title='bbox 2694 2140 2857 2195; x_wconf 89' lang='lat' dir='ltr'><strong>homo</strong></span> <span class='ocrx_word' id='word_1_397' title='bbox 2887 2140 3059 2196; x_wconf 79' lang='lat' dir='ltr'><strong>factus</strong></span> <span class='ocrx_word' id='word_1_398' title='bbox 3085 2156 3166 2196; x_wconf 88' lang='lat' dir='ltr'><strong>es.</strong></span> <span class='ocrx_word' id='word_1_399' title='bbox 3194 2140 3291 2196; x_wconf 81' lang='lat' dir='ltr'><strong>Vel</strong></span> <span class='ocrx_word' id='word_1_400' title='bbox 3327 2155 3498 2212; x_wconf 89' lang='lat' dir='ltr'><strong>popu-</strong></span> 
     </span>
    </p>
   </div>
   <div class='ocr_carea' id='block_1_51' title="bbox 1900 2233 3495 2306">
    <p class='ocr_par' dir='ltr' id='par_1_51' title="bbox 1900 2233 3495 2306">
     <span class='ocr_line' id='line_1_51' title="bbox 1900 2233 3495 2306; baseline -0.002 -13"><span class='ocrx_word' id='word_1_401' title='bbox 1900 2237 1985 2293; x_wconf 91' lang='lat' dir='ltr'><strong>lus</strong></span> <span class='ocrx_word' id='word_1_402' title='bbox 2009 2236 2354 2292; x_wconf 89' lang='lat' dir='ltr'><strong>Christianus</strong></span> <span class='ocrx_word' id='word_1_403' title='bbox 2376 2235 2615 2306; x_wconf 89' lang='lat' dir='ltr'><strong>loquitur</strong></span> <span class='ocrx_word' id='word_1_404' title='bbox 2648 2253 2659 2289; x_wconf 89' lang='lat'>:</span> <span class='ocrx_word' id='word_1_405' title='bbox 2686 2243 2746 2290; x_wconf 90' lang='lat' dir='ltr'><strong>ut</strong></span> <span class='ocrx_word' id='word_1_406' title='bbox 2774 2243 2952 2290; x_wconf 87' lang='lat' dir='ltr'><strong>rectos</strong></span> <span class='ocrx_word' id='word_1_407' title='bbox 2975 2248 3072 2290; x_wconf 89' lang='lat' dir='ltr'><strong>eos</strong></span> <span class='ocrx_word' id='word_1_408' title='bbox 3109 2233 3273 2288; x_wconf 80' lang='lat' dir='ltr'><strong>faciat</strong></span> <span class='ocrx_word' id='word_1_409' title='bbox 3297 2234 3366 2290; x_wconf 89' lang='lat' dir='ltr'><strong>de</strong></span> <span class='ocrx_word' id='word_1_410' title='bbox 3399 2249 3495 2290; x_wconf 91' lang='lat' dir='ltr'><strong>sua</strong></span> 
     </span>
    </p>
   </div>
   <div class='ocr_carea' id='block_1_52' title="bbox 1901 2326 3495 2396">
    <p class='ocr_par' dir='ltr' id='par_1_52' title="bbox 1901 2326 3495 2396">
     <span class='ocr_line' id='line_1_52' title="bbox 1901 2326 3495 2396; baseline -0.003 -11"><span class='ocrx_word' id='word_1_411' title='bbox 1901 2330 2287 2396; x_wconf 89' lang='lat' dir='ltr'><strong>miseratione;</strong></span> <span class='ocrx_word' id='word_1_412' title='bbox 2356 2338 2415 2384; x_wconf 91' lang='lat' dir='ltr'><strong>ut</strong></span> <span class='ocrx_word' id='word_1_413' title='bbox 2464 2328 2646 2383; x_wconf 91' lang='lat' dir='ltr'><strong>illud:</strong></span> <span class='ocrx_word' id='word_1_414' title='bbox 2697 2326 3088 2383; x_wconf 87' lang='lat' dir='ltr'><strong>Misericordiae</strong></span> <span class='ocrx_word' id='word_1_415' title='bbox 3150 2336 3255 2383; x_wconf 76' lang='lat' dir='ltr'><strong>tute</strong></span> <span class='ocrx_word' id='word_1_416' title='bbox 3309 2326 3495 2382; x_wconf 73' lang='lat' dir='ltr'><strong>multa:</strong></span> 
     </span>
    </p>
   </div>
   <div class='ocr_carea' id='block_1_53' title="bbox 1899 2419 3498 2487">
    <p class='ocr_par' dir='ltr' id='par_1_53' title="bbox 1899 2419 3498 2487">
     <span class='ocr_line' id='line_1_53' title="bbox 1899 2419 3498 2487; baseline -0.001 -11"><span class='ocrx_word' id='word_1_417' title='bbox 1899 2432 2046 2487; x_wconf 88' lang='lat' dir='ltr'><strong>sunt,</strong></span> <span class='ocrx_word' id='word_1_418' title='bbox 2080 2421 2340 2487; x_wconf 88' lang='lat' dir='ltr'><strong>Domine;</strong></span> <span class='ocrx_word' id='word_1_419' title='bbox 2373 2429 2429 2476; x_wconf 90' lang='lat' dir='ltr'><strong>et</strong></span> <span class='ocrx_word' id='word_1_420' title='bbox 2459 2437 2473 2475; x_wconf 85' lang='lat'>:</span> <span class='ocrx_word' id='word_1_421' title='bbox 2503 2419 2888 2474; x_wconf 77' lang='lat' dir='ltr'><strong>Misericordia:</strong></span> <span class='ocrx_word' id='word_1_422' title='bbox 2921 2427 3026 2473; x_wconf 69' lang='lat' dir='ltr'><strong>tum</strong></span> <span class='ocrx_word' id='word_1_423' title='bbox 3054 2433 3085 2473; x_wconf 91' lang='lat' dir='ltr'><strong>a</strong></span> <span class='ocrx_word' id='word_1_424' title='bbox 3120 2419 3323 2474; x_wconf 75' lang='lat' dir='ltr'><strong>smculo</strong></span> <span class='ocrx_word' id='word_1_425' title='bbox 3368 2428 3498 2475; x_wconf 87' lang='lat' dir='ltr'><strong>sunt</strong></span> 
     </span>
    </p>
   </div>
   <div class='ocr_carea' id='block_1_54' title="bbox 1900 2511 3479 2587">
    <p class='ocr_par' dir='ltr' id='par_1_54' title="bbox 1900 2511 3479 2587">
     <span class='ocr_line' id='line_1_54' title="bbox 1900 2511 3479 2587; baseline -0.002 -18"><span class='ocrx_word' id='word_1_426' title='bbox 1900 2517 1918 2587; x_wconf 89' lang='lat'>(</span> <span class='ocrx_word' id='word_1_427' title='bbox 1945 2515 2094 2572; x_wconf 83' lang='lat' dir='ltr'><strong>Psal.</strong></span> <span class='ocrx_word' id='word_1_428' title='bbox 2126 2514 2321 2587; x_wconf 84' lang='lat' dir='ltr'><strong>cxvnt)</strong></span> <span class='ocrx_word' id='word_1_429' title='bbox 2349 2532 2364 2581; x_wconf 89' lang='lat'><strong>;</strong></span> <span class='ocrx_word' id='word_1_430' title='bbox 2394 2523 2449 2570; x_wconf 91' lang='lat' dir='ltr'><strong>et</strong></span> <span class='ocrx_word' id='word_1_431' title='bbox 2480 2533 2492 2569; x_wconf 88' lang='lat'><strong>:</strong></span> <span class='ocrx_word' id='word_1_432' title='bbox 2517 2511 2919 2570; x_wconf 85' lang='lat' dir='ltr'><strong>Misericordias</strong></span> <span class='ocrx_word' id='word_1_433' title='bbox 2949 2521 3067 2568; x_wconf 87' lang='lat' dir='ltr'><strong>tuas</strong></span> <span class='ocrx_word' id='word_1_434' title='bbox 3094 2513 3162 2568; x_wconf 92' lang='lat' dir='ltr'><strong>ab</strong></span> <span class='ocrx_word' id='word_1_435' title='bbox 3189 2511 3340 2568; x_wconf 88' lang='lat' dir='ltr'><strong>initio</strong></span> <span class='ocrx_word' id='word_1_436' title='bbox 3369 2526 3479 2568; x_wconf 60' lang='lat' dir='ltr'><strong>sa:-</strong></span> 
     </span>
    </p>
   </div>
   <div class='ocr_carea' id='block_1_55' title="bbox 1899 2608 2783 2682">
    <p class='ocr_par' dir='ltr' id='par_1_55' title="bbox 1899 2608 2783 2682">
     <span class='ocr_line' id='line_1_55' title="bbox 1899 2608 2783 2682; baseline -0.002 -15"><span class='ocrx_word' id='word_1_437' title='bbox 1899 2610 2006 2667; x_wconf 91' lang='lat' dir='ltr'><strong>culi</strong></span> <span class='ocrx_word' id='word_1_438' title='bbox 2042 2611 2342 2680; x_wconf 85' lang='lat' dir='ltr'><strong>promisisti</strong></span> <span class='ocrx_word' id='word_1_439' title='bbox 2379 2609 2534 2665; x_wconf 89' lang='lat' dir='ltr'><strong>nobis</strong></span> <span class='ocrx_word' id='word_1_440' title='bbox 2568 2608 2783 2682; x_wconf 88' lang='lat' dir='ltr'><strong>(lbid.).</strong></span> 
     </span>
    </p>
   </div>
   <div class='ocr_carea' id='block_1_56' title="bbox 1976 2701 3494 2778">
    <p class='ocr_par' dir='ltr' id='par_1_56' title="bbox 1976 2701 3494 2778">
     <span class='ocr_line' id='line_1_56' title="bbox 1976 2701 3494 2778; baseline -0.002 -20"><span class='ocrx_word' id='word_1_441' title='bbox 1976 2704 2178 2759; x_wconf 89' lang='lat' dir='ltr'><strong>Delicta</strong></span> <span class='ocrx_word' id='word_1_442' title='bbox 2191 2706 2488 2778; x_wconf 87' lang='lat' dir='ltr'><strong>juventntis</strong></span> <span class='ocrx_word' id='word_1_443' title='bbox 2520 2719 2644 2757; x_wconf 73' lang='lat' dir='ltr'><strong>mea:</strong></span> <span class='ocrx_word' id='word_1_444' title='bbox 2689 2712 2736 2756; x_wconf 90' lang='lat' dir='ltr'><strong>et</strong></span> <span class='ocrx_word' id='word_1_445' title='bbox 2769 2701 3096 2774; x_wconf 86' lang='lat' dir='ltr'><strong>ignorantias</strong></span> <span class='ocrx_word' id='word_1_446' title='bbox 3125 2717 3262 2754; x_wconf 85' lang='lat' dir='ltr'><strong>meas</strong></span> <span class='ocrx_word' id='word_1_447' title='bbox 3302 2717 3365 2754; x_wconf 88' lang='lat' dir='ltr'><strong>ne</strong></span> <span class='ocrx_word' id='word_1_448' title='bbox 3390 2717 3494 2756; x_wconf 82' lang='lat' dir='ltr'><strong>nte-</strong></span> 
     </span>
    </p>
   </div>
   <div class='ocr_carea' id='block_1_57' title="bbox 1900 2794 3490 2868">
    <p class='ocr_par' dir='ltr' id='par_1_57' title="bbox 1900 2794 3490 2868">
     <span class='ocr_line' id='line_1_57' title="bbox 1900 2794 3490 2868; baseline -0.003 -14"><span class='ocrx_word' id='word_1_449' title='bbox 1900 2800 2131 2868; x_wconf 84' lang='lat' dir='ltr'><strong>mineris,</strong></span> <span class='ocrx_word' id='word_1_450' title='bbox 2181 2797 2424 2853; x_wconf 88' lang='lat' dir='ltr'><strong>Domine.</strong></span> <span class='ocrx_word' id='word_1_451' title='bbox 2475 2797 2571 2853; x_wconf 87' lang='lat' dir='ltr'><strong>Illa</strong></span> <span class='ocrx_word' id='word_1_452' title='bbox 2626 2811 2749 2868; x_wconf 71' lang='lat' dir='ltr'><strong>qua:</strong></span> <span class='ocrx_word' id='word_1_453' title='bbox 2803 2796 2856 2851; x_wconf 94' lang='lat' dir='ltr'><strong>in</strong></span> <span class='ocrx_word' id='word_1_454' title='bbox 2895 2794 3270 2851; x_wconf 86' lang='lat' dir='ltr'><strong>adolescentia</strong></span> <span class='ocrx_word' id='word_1_455' title='bbox 3315 2795 3490 2867; x_wconf 85' lang='lat' dir='ltr'><strong>gessi,</strong></span> 
     </span>
    </p>
   </div>
   <div class='ocr_carea' id='block_1_58' title="bbox 1900 2887 3494 2965">
    <p class='ocr_par' dir='ltr' id='par_1_58' title="bbox 1900 2887 3494 2965">
     <span class='ocr_line' id='line_1_58' title="bbox 1900 2887 3494 2965; baseline -0.003 -17"><span class='ocrx_word' id='word_1_456' title='bbox 1900 2894 2214 2965; x_wconf 89' lang='lat' dir='ltr'><strong>priusquam</strong></span> <span class='ocrx_word' id='word_1_457' title='bbox 2253 2893 2321 2949; x_wconf 90' lang='lat' dir='ltr'><strong>de</strong></span> <span class='ocrx_word' id='word_1_458' title='bbox 2362 2892 2524 2947; x_wconf 91' lang='lat' dir='ltr'><strong>domo</strong></span> <span class='ocrx_word' id='word_1_459' title='bbox 2557 2891 2725 2961; x_wconf 84' lang='lat' dir='ltr'><strong>patris</strong></span> <span class='ocrx_word' id='word_1_460' title='bbox 2773 2889 2945 2959; x_wconf 84' lang='lat' dir='ltr'><strong>iniqui</strong></span> <span class='ocrx_word' id='word_1_461' title='bbox 2981 2887 3355 2959; x_wconf 86' lang='lat' dir='ltr'><strong>procederem.</strong></span> <span class='ocrx_word' id='word_1_462' title='bbox 3385 2889 3494 2944; x_wconf 78' lang='lat' dir='ltr'><strong>Ant</strong></span> 
     </span>
    </p>
   </div>
   <div class='ocr_carea' id='block_1_59' title="bbox 1900 2982 3492 3056">
    <p class='ocr_par' dir='ltr' id='par_1_59' title="bbox 1900 2982 3492 3056">
     <span class='ocr_line' id='line_1_59' title="bbox 1900 2982 3492 3056; baseline -0.004 -12"><span class='ocrx_word' id='word_1_463' title='bbox 1900 2987 2094 3044; x_wconf 88' lang='lat' dir='ltr'><strong>delicta</strong></span> <span class='ocrx_word' id='word_1_464' title='bbox 2131 2985 2434 3056; x_wconf 72' lang='lat' dir='ltr'><strong>iuventutis</strong></span> <span class='ocrx_word' id='word_1_465' title='bbox 2460 3027 2474 3053; x_wconf 91' lang='lat'><strong>,</strong></span> <span class='ocrx_word' id='word_1_466' title='bbox 2517 2993 2642 3040; x_wconf 90' lang='lat' dir='ltr'><strong>ante</strong></span> <span class='ocrx_word' id='word_1_467' title='bbox 2683 2984 3012 3054; x_wconf 88' lang='lat' dir='ltr'><strong>baptismum</strong></span> <span class='ocrx_word' id='word_1_468' title='bbox 3041 2999 3057 3040; x_wconf 88' lang='lat'><strong>:</strong></span> <span class='ocrx_word' id='word_1_469' title='bbox 3087 2993 3140 3038; x_wconf 91' lang='lat' dir='ltr'><strong>et</strong></span> <span class='ocrx_word' id='word_1_470' title='bbox 3173 2982 3492 3053; x_wconf 67' lang='lat' dir='ltr'><strong>ignorantia:</strong></span> 
     </span>
    </p>
   </div>
   <div class='ocr_carea' id='block_1_60' title="bbox 1901 3077 2836 3149">
    <p class='ocr_par' dir='ltr' id='par_1_60' title="bbox 1901 3077 2836 3149">
     <span class='ocr_line' id='line_1_60' title="bbox 1901 3077 2836 3149; baseline -0.006 -12"><span class='ocrx_word' id='word_1_471' title='bbox 1901 3096 2038 3137; x_wconf 75' lang='lat' dir='ltr'><strong>mea:</strong></span> <span class='ocrx_word' id='word_1_472' title='bbox 2066 3079 2168 3135; x_wconf 89' lang='lat' dir='ltr'><strong>hoc</strong></span> <span class='ocrx_word' id='word_1_473' title='bbox 2195 3087 2301 3146; x_wconf 86' lang='lat' dir='ltr'><strong>est,</strong></span> <span class='ocrx_word' id='word_1_474' title='bbox 2333 3087 2456 3149; x_wconf 90' lang='lat' dir='ltr'><strong>post</strong></span> <span class='ocrx_word' id='word_1_475' title='bbox 2481 3077 2836 3148; x_wconf 86' lang='lat' dir='ltr'><strong>baptismum.</strong></span> 
     </span>
    </p>
   </div>
   <div class='ocr_carea' id='block_1_61' title="bbox 218 3157 3492 3243">
    <p class='ocr_par' dir='ltr' id='par_1_61' title="bbox 218 3157 3492 3243">
     <span class='ocr_line' id='line_1_61' title="bbox 218 3157 3492 3243; baseline -0 -18"><span class='ocrx_word' id='word_1_476' title='bbox 218 3170 316 3226; x_wconf 92' lang='lat' dir='ltr'><strong>imo</strong></span> <span class='ocrx_word' id='word_1_477' title='bbox 339 3171 537 3242; x_wconf 85' lang='lat' dir='ltr'><strong>jaceat,</strong></span> <span class='ocrx_word' id='word_1_478' title='bbox 557 3171 981 3241; x_wconf 87' lang='lat' dir='ltr'><strong>computrescit;</strong></span> <span class='ocrx_word' id='word_1_479' title='bbox 1007 3172 1051 3226; x_wconf 91' lang='lat' dir='ltr'><strong>si</strong></span> <span class='ocrx_word' id='word_1_480' title='bbox 1076 3185 1290 3226; x_wconf 89' lang='lat' dir='ltr'><strong>sursum</strong></span> <span class='ocrx_word' id='word_1_481' title='bbox 1317 3171 1584 3236; x_wconf 87' lang='lat' dir='ltr'><strong>elevatur,</strong></span> <span class='ocrx_word' id='word_1_482' title='bbox 1615 3183 1797 3226; x_wconf 85' lang='lat' dir='ltr'><strong>rusto-</strong></span> <span class='ocrx_word' id='word_1_483' title='bbox 1822 3157 1868 3222; x_wconf 83' lang='lat' dir='ltr'><strong>C</strong></span> <span class='ocrx_word' id='word_1_484' title='bbox 1973 3173 2275 3229; x_wconf 86' lang='lat' dir='ltr'><strong>Secundum</strong></span> <span class='ocrx_word' id='word_1_485' title='bbox 2306 3188 2550 3243; x_wconf 87' lang='lat' dir='ltr'><strong>magnam</strong></span> <span class='ocrx_word' id='word_1_486' title='bbox 2580 3170 2990 3225; x_wconf 85' lang='lat' dir='ltr'><strong>misericordiam</strong></span> <span class='ocrx_word' id='word_1_487' title='bbox 3013 3177 3154 3224; x_wconf 87' lang='lat' dir='ltr'><strong>tuam</strong></span> <span class='ocrx_word' id='word_1_488' title='bbox 3183 3179 3492 3226; x_wconf 87' lang='lat' dir='ltr'><strong>memoresto</strong></span> 
     </span>
    </p>
   </div>
   <div class='ocr_carea' id='block_1_62' title="bbox 217 3264 1800 3337">
    <p class='ocr_par' dir='ltr' id='par_1_62' title="bbox 217 3264 1800 3337">
     <span class='ocr_line' id='line_1_62' title="bbox 217 3264 1800 3337; baseline 0.002 -17"><span class='ocrx_word' id='word_1_489' title='bbox 217 3264 364 3323; x_wconf 87' lang='lat' dir='ltr'><strong>ditur.</strong></span> <span class='ocrx_word' id='word_1_490' title='bbox 397 3266 484 3322; x_wconf 87' lang='lat' dir='ltr'><strong>Sic</strong></span> <span class='ocrx_word' id='word_1_491' title='bbox 512 3277 568 3323; x_wconf 89' lang='lat' dir='ltr'><strong>et</strong></span> <span class='ocrx_word' id='word_1_492' title='bbox 590 3267 795 3334; x_wconf 90' lang='lat' dir='ltr'><strong>anima,</strong></span> <span class='ocrx_word' id='word_1_493' title='bbox 821 3267 866 3322; x_wconf 92' lang='lat' dir='ltr'><strong>si</strong></span> <span class='ocrx_word' id='word_1_494' title='bbox 898 3267 949 3320; x_wconf 91' lang='lat' dir='ltr'><strong>in</strong></span> <span class='ocrx_word' id='word_1_495' title='bbox 985 3275 1327 3337; x_wconf 75' lang='lat' dir='ltr'><strong>peccatorum</strong></span> <span class='ocrx_word' id='word_1_496' title='bbox 1353 3266 1662 3337; x_wconf 88' lang='lat' dir='ltr'><strong>putredine,</strong></span> <span class='ocrx_word' id='word_1_497' title='bbox 1695 3267 1800 3323; x_wconf 92' lang='lat' dir='ltr'><strong>hoc</strong></span> 
     </span>
    </p>
   </div>
   <div class='ocr_carea' id='block_1_63' title="bbox 216 3357 1795 3432">
    <p class='ocr_par' dir='ltr' id='par_1_63' title="bbox 216 3357 1795 3432">
     <span class='ocr_line' id='line_1_63' title="bbox 216 3357 1795 3432; baseline 0.003 -20"><span class='ocrx_word' id='word_1_498' title='bbox 216 3366 309 3424; x_wconf 89' lang='lat' dir='ltr'><strong>est,</strong></span> <span class='ocrx_word' id='word_1_499' title='bbox 339 3360 385 3413; x_wconf 87' lang='lat' dir='ltr'><strong>si</strong></span> <span class='ocrx_word' id='word_1_500' title='bbox 423 3359 474 3413; x_wconf 89' lang='lat' dir='ltr'><strong>in</strong></span> <span class='ocrx_word' id='word_1_501' title='bbox 499 3357 608 3413; x_wconf 90' lang='lat' dir='ltr'><strong>imo</strong></span> <span class='ocrx_word' id='word_1_502' title='bbox 629 3358 851 3429; x_wconf 87' lang='lat' dir='ltr'><strong>jaceat,</strong></span> <span class='ocrx_word' id='word_1_503' title='bbox 899 3361 1288 3430; x_wconf 86' lang='lat' dir='ltr'><strong>computrescit</strong></span> <span class='ocrx_word' id='word_1_504' title='bbox 1314 3369 1369 3415; x_wconf 89' lang='lat' dir='ltr'><strong>et</strong></span> <span class='ocrx_word' id='word_1_505' title='bbox 1393 3361 1556 3432; x_wconf 90' lang='lat' dir='ltr'><strong>perit.</strong></span> <span class='ocrx_word' id='word_1_506' title='bbox 1585 3360 1717 3416; x_wconf 82' lang='lat' dir='ltr'><strong>Nam</strong></span> <span class='ocrx_word' id='word_1_507' title='bbox 1750 3361 1795 3417; x_wconf 91' lang='lat' dir='ltr'><strong>si</strong></span> 
     </span>
    </p>
   </div>
   <div class='ocr_carea' id='block_1_64' title="bbox 217 3450 1796 3526">
    <p class='ocr_par' dir='ltr' id='par_1_64' title="bbox 217 3450 1796 3526">
     <span class='ocr_line' id='line_1_64' title="bbox 217 3450 1796 3526; baseline 0.004 -21"><span class='ocrx_word' id='word_1_508' title='bbox 217 3463 414 3506; x_wconf 83' lang='lat' dir='ltr'><strong>sursum</strong></span> <span class='ocrx_word' id='word_1_509' title='bbox 442 3450 684 3508; x_wconf 86' lang='lat' dir='ltr'><strong>elevatur</strong></span> <span class='ocrx_word' id='word_1_510' title='bbox 715 3453 768 3507; x_wconf 93' lang='lat' dir='ltr'><strong>in</strong></span> <span class='ocrx_word' id='word_1_511' title='bbox 798 3451 881 3508; x_wconf 89' lang='lat' dir='ltr'><strong>his</strong></span> <span class='ocrx_word' id='word_1_512' title='bbox 907 3453 1250 3524; x_wconf 73' lang='lat' dir='ltr'><strong>supradicns,</strong></span> <span class='ocrx_word' id='word_1_513' title='bbox 1279 3470 1401 3526; x_wconf 89' lang='lat' dir='ltr'><strong>spe,</strong></span> <span class='ocrx_word' id='word_1_514' title='bbox 1441 3455 1546 3511; x_wconf 82' lang='lat' dir='ltr'><strong>ï¬de</strong></span> <span class='ocrx_word' id='word_1_515' title='bbox 1592 3465 1645 3512; x_wconf 91' lang='lat' dir='ltr'><strong>et</strong></span> <span class='ocrx_word' id='word_1_516' title='bbox 1663 3454 1796 3512; x_wconf 84' lang='lat' dir='ltr'><strong>cha-</strong></span> 
     </span>
    </p>
   </div>
   <div class='ocr_carea' id='block_1_65' title="bbox 217 3543 1797 3618">
    <p class='ocr_par' dir='ltr' id='par_1_65' title="bbox 217 3543 1797 3618">
     <span class='ocr_line' id='line_1_65' title="bbox 217 3543 1797 3618; baseline 0.005 -20"><span class='ocrx_word' id='word_1_517' title='bbox 217 3543 382 3612; x_wconf 83' lang='lat' dir='ltr'><strong>ritate,</strong></span> <span class='ocrx_word' id='word_1_518' title='bbox 411 3545 715 3602; x_wconf 88' lang='lat' dir='ltr'><strong>custoditur</strong></span> <span class='ocrx_word' id='word_1_519' title='bbox 744 3562 774 3602; x_wconf 86' lang='lat' dir='ltr'><strong>a</strong></span> <span class='ocrx_word' id='word_1_520' title='bbox 817 3547 945 3604; x_wconf 91' lang='lat' dir='ltr'><strong>Deo.</strong></span> <span class='ocrx_word' id='word_1_521' title='bbox 991 3548 1111 3614; x_wconf 81' lang='lat' dir='ltr'><strong>Vel,</strong></span> <span class='ocrx_word' id='word_1_522' title='bbox 1144 3549 1212 3602; x_wconf 89' lang='lat' dir='ltr'><strong>ad</strong></span> <span class='ocrx_word' id='word_1_523' title='bbox 1242 3558 1310 3618; x_wconf 89' lang='lat' dir='ltr'><strong>te,</strong></span> <span class='ocrx_word' id='word_1_524' title='bbox 1343 3549 1566 3606; x_wconf 83' lang='lat' dir='ltr'><strong>Domine</strong></span> <span class='ocrx_word' id='word_1_525' title='bbox 1587 3593 1602 3616; x_wconf 90' lang='lat'><strong>,</strong></span> <span class='ocrx_word' id='word_1_526' title='bbox 1634 3552 1797 3606; x_wconf 83' lang='lat' dir='ltr'><strong>levavi</strong></span> 
     </span>
    </p>
   </div>
   <div class='ocr_carea' id='block_1_66' title="bbox 216 3637 1793 3716">
    <p class='ocr_par' dir='ltr' id='par_1_66' title="bbox 216 3637 1793 3716">
     <span class='ocr_line' id='line_1_66' title="bbox 216 3637 1793 3716; baseline 0.008 -27"><span class='ocrx_word' id='word_1_527' title='bbox 216 3637 426 3692; x_wconf 84' lang='lat' dir='ltr'><strong>animam</strong></span> <span class='ocrx_word' id='word_1_528' title='bbox 453 3655 618 3694; x_wconf 91' lang='lat' dir='ltr'><strong>meam</strong></span> <span class='ocrx_word' id='word_1_529' title='bbox 648 3655 741 3708; x_wconf 91' lang='lat' dir='ltr'><strong>per</strong></span> <span class='ocrx_word' id='word_1_530' title='bbox 765 3655 998 3698; x_wconf 87' lang='lat' dir='ltr'><strong>crucem.</strong></span> <span class='ocrx_word' id='word_1_531' title='bbox 1028 3641 1169 3698; x_wconf 89' lang='lat' dir='ltr'><strong>Deus</strong></span> <span class='ocrx_word' id='word_1_532' title='bbox 1201 3661 1343 3699; x_wconf 85' lang='lat' dir='ltr'><strong>meus</strong></span> <span class='ocrx_word' id='word_1_533' title='bbox 1364 3687 1378 3711; x_wconf 94' lang='lat'><strong>,</strong></span> <span class='ocrx_word' id='word_1_534' title='bbox 1406 3646 1462 3701; x_wconf 87' lang='lat' dir='ltr'><strong>in</strong></span> <span class='ocrx_word' id='word_1_535' title='bbox 1491 3656 1541 3700; x_wconf 88' lang='lat' dir='ltr'><strong>te</strong></span> <span class='ocrx_word' id='word_1_536' title='bbox 1561 3647 1793 3716; x_wconf 80' lang='lat' dir='ltr'><strong>conï¬do,</strong></span> 
     </span>
    </p>
   </div>
   <div class='ocr_carea' id='block_1_67' title="bbox 218 3726 1792 3809">
    <p class='ocr_par' dir='ltr' id='par_1_67' title="bbox 218 3726 1792 3809">
     <span class='ocr_line' id='line_1_67' title="bbox 218 3726 1792 3809; baseline 0.008 -26"><span class='ocrx_word' id='word_1_537' title='bbox 218 3726 460 3788; x_wconf 81' lang='lat' dir='ltr'><strong>Ecclesia:</strong></span> <span class='ocrx_word' id='word_1_538' title='bbox 489 3732 763 3788; x_wconf 88' lang='lat' dir='ltr'><strong>confessio</strong></span> <span class='ocrx_word' id='word_1_539' title='bbox 793 3743 873 3789; x_wconf 92' lang='lat' dir='ltr'><strong>cst</strong></span> <span class='ocrx_word' id='word_1_540' title='bbox 906 3753 919 3789; x_wconf 89' lang='lat'>:</span> <span class='ocrx_word' id='word_1_541' title='bbox 970 3734 1036 3789; x_wconf 89' lang='lat' dir='ltr'><strong>In</strong></span> <span class='ocrx_word' id='word_1_542' title='bbox 1063 3745 1110 3790; x_wconf 90' lang='lat' dir='ltr'><strong>te</strong></span> <span class='ocrx_word' id='word_1_543' title='bbox 1150 3738 1356 3808; x_wconf 82' lang='lat' dir='ltr'><strong>conï¬do</strong></span> <span class='ocrx_word' id='word_1_544' title='bbox 1382 3781 1398 3806; x_wconf 92' lang='lat'><strong>,</strong></span> <span class='ocrx_word' id='word_1_545' title='bbox 1442 3754 1547 3795; x_wconf 92' lang='lat' dir='ltr'><strong>non</strong></span> <span class='ocrx_word' id='word_1_546' title='bbox 1579 3741 1632 3795; x_wconf 89' lang='lat' dir='ltr'><strong>in</strong></span> <span class='ocrx_word' id='word_1_547' title='bbox 1666 3756 1751 3795; x_wconf 89' lang='lat' dir='ltr'><strong>me</strong></span> <span class='ocrx_word' id='word_1_548' title='bbox 1776 3783 1792 3809; x_wconf 94' lang='lat'><strong>,</strong></span> 
     </span>
    </p>
   </div>
   <div class='ocr_carea' id='block_1_68' title="bbox 215 3822 1791 3899">
    <p class='ocr_par' dir='ltr' id='par_1_68' title="bbox 215 3822 1791 3899">
     <span class='ocr_line' id='line_1_68' title="bbox 215 3822 1791 3899; baseline 0.007 -23"><span class='ocrx_word' id='word_1_549' title='bbox 215 3822 301 3876; x_wconf 87' lang='lat' dir='ltr'><strong>sed</strong></span> <span class='ocrx_word' id='word_1_550' title='bbox 323 3823 372 3877; x_wconf 90' lang='lat' dir='ltr'><strong>in</strong></span> <span class='ocrx_word' id='word_1_551' title='bbox 397 3833 468 3880; x_wconf 91' lang='lat' dir='ltr'><strong>te.</strong></span> <span class='ocrx_word' id='word_1_552' title='bbox 489 3824 611 3879; x_wconf 86' lang='lat' dir='ltr'><strong>Non</strong></span> <span class='ocrx_word' id='word_1_553' title='bbox 634 3825 964 3883; x_wconf 81' lang='lat' dir='ltr'><strong>erubescam:</strong></span> <span class='ocrx_word' id='word_1_554' title='bbox 985 3829 1107 3899; x_wconf 88' lang='lat' dir='ltr'><strong>quia</strong></span> <span class='ocrx_word' id='word_1_555' title='bbox 1126 3829 1176 3883; x_wconf 92' lang='lat' dir='ltr'><strong>in</strong></span> <span class='ocrx_word' id='word_1_556' title='bbox 1193 3829 1412 3886; x_wconf 88' lang='lat' dir='ltr'><strong>homine</strong></span> <span class='ocrx_word' id='word_1_557' title='bbox 1426 3845 1533 3886; x_wconf 88' lang='lat' dir='ltr'><strong>non</strong></span> <span class='ocrx_word' id='word_1_558' title='bbox 1553 3831 1791 3888; x_wconf 74' lang='lat' dir='ltr'><strong>confido:</strong></span> 
     </span>
    </p>
   </div>
   <div class='ocr_carea' id='block_1_69' title="bbox 216 3911 1790 3992">
    <p class='ocr_par' dir='ltr' id='par_1_69' title="bbox 216 3911 1790 3992">
     <span class='ocr_line' id='line_1_69' title="bbox 216 3911 1790 3992; baseline 0.008 -26"><span class='ocrx_word' id='word_1_559' title='bbox 216 3911 278 3967; x_wconf 89' lang='lat' dir='ltr'><strong>de</strong></span> <span class='ocrx_word' id='word_1_560' title='bbox 301 3915 489 3983; x_wconf 87' lang='lat' dir='ltr'><strong>quibus</strong></span> <span class='ocrx_word' id='word_1_561' title='bbox 532 3915 736 3970; x_wconf 89' lang='lat' dir='ltr'><strong>dictum</strong></span> <span class='ocrx_word' id='word_1_562' title='bbox 775 3926 856 3971; x_wconf 89' lang='lat' dir='ltr'><strong>est</strong></span> <span class='ocrx_word' id='word_1_563' title='bbox 890 3936 902 3972; x_wconf 95' lang='lat'>:</span> <span class='ocrx_word' id='word_1_564' title='bbox 937 3917 1253 3973; x_wconf 85' lang='lat' dir='ltr'><strong>Maledictus</strong></span> <span class='ocrx_word' id='word_1_565' title='bbox 1295 3919 1457 3974; x_wconf 91' lang='lat' dir='ltr'><strong>homo</strong></span> <span class='ocrx_word' id='word_1_566' title='bbox 1499 3923 1589 3992; x_wconf 88' lang='lat' dir='ltr'><strong>qui</strong></span> <span class='ocrx_word' id='word_1_567' title='bbox 1637 3936 1790 3991; x_wconf 86' lang='lat' dir='ltr'><strong>spem</strong></span> 
     </span>
    </p>
   </div>
   <div class='ocr_carea' id='block_1_70' title="bbox 215 4008 1792 4085">
    <p class='ocr_par' dir='ltr' id='par_1_70' title="bbox 215 4008 1792 4085">
     <span class='ocr_line' id='line_1_70' title="bbox 215 4008 1792 4085; baseline 0.007 -25"><span class='ocrx_word' id='word_1_568' title='bbox 215 4018 354 4062; x_wconf 86' lang='lat' dir='ltr'><strong>suam</strong></span> <span class='ocrx_word' id='word_1_569' title='bbox 381 4008 532 4080; x_wconf 90' lang='lat' dir='ltr'><strong>ponit</strong></span> <span class='ocrx_word' id='word_1_570' title='bbox 560 4009 612 4064; x_wconf 91' lang='lat' dir='ltr'><strong>in</strong></span> <span class='ocrx_word' id='word_1_571' title='bbox 643 4008 864 4065; x_wconf 87' lang='lat' dir='ltr'><strong>homine</strong></span> <span class='ocrx_word' id='word_1_572' title='bbox 893 4009 1108 4081; x_wconf 86' lang='lat' dir='ltr'><strong>(Jerem.</strong></span> <span class='ocrx_word' id='word_1_573' title='bbox 1144 4011 1308 4085; x_wconf 77' lang='lat' dir='ltr'><strong>xvii);</strong></span> <span class='ocrx_word' id='word_1_574' title='bbox 1344 4023 1434 4070; x_wconf 89' lang='lat' dir='ltr'><strong>et:</strong></span> <span class='ocrx_word' id='word_1_575' title='bbox 1463 4015 1792 4071; x_wconf 89' lang='lat' dir='ltr'><strong>Benedictus</strong></span> 
     </span>
    </p>
   </div>
   <div class='ocr_carea' id='block_1_71' title="bbox 215 4101 1795 4180">
    <p class='ocr_par' dir='ltr' id='par_1_71' title="bbox 215 4101 1795 4180">
     <span class='ocr_line' id='line_1_71' title="bbox 215 4101 1795 4180; baseline 0.005 -24"><span class='ocrx_word' id='word_1_576' title='bbox 215 4101 288 4156; x_wconf 82' lang='lat' dir='ltr'><strong>vir</strong></span> <span class='ocrx_word' id='word_1_577' title='bbox 312 4104 396 4174; x_wconf 86' lang='lat' dir='ltr'><strong>qui</strong></span> <span class='ocrx_word' id='word_1_578' title='bbox 422 4103 645 4159; x_wconf 83' lang='lat' dir='ltr'><strong>conlidit</strong></span> <span class='ocrx_word' id='word_1_579' title='bbox 672 4103 725 4160; x_wconf 91' lang='lat' dir='ltr'><strong>in</strong></span> <span class='ocrx_word' id='word_1_580' title='bbox 752 4105 980 4162; x_wconf 89' lang='lat' dir='ltr'><strong>Domino</strong></span> <span class='ocrx_word' id='word_1_581' title='bbox 1010 4105 1207 4179; x_wconf 88' lang='lat' dir='ltr'><strong>(Psal.</strong></span> <span class='ocrx_word' id='word_1_582' title='bbox 1243 4109 1453 4180; x_wconf 79' lang='lat' dir='ltr'><strong>xxxv).</strong></span> <span class='ocrx_word' id='word_1_583' title='bbox 1484 4108 1598 4163; x_wconf 87' lang='lat' dir='ltr'><strong>Non</strong></span> <span class='ocrx_word' id='word_1_584' title='bbox 1621 4109 1691 4164; x_wconf 91' lang='lat' dir='ltr'><strong>sit</strong></span> <span class='ocrx_word' id='word_1_585' title='bbox 1712 4109 1795 4164; x_wconf 89' lang='lat' dir='ltr'><strong>di-</strong></span> 
     </span>
    </p>
   </div>
   <div class='ocr_carea' id='block_1_72' title="bbox 217 4195 1792 4277">
    <p class='ocr_par' dir='ltr' id='par_1_72' title="bbox 217 4195 1792 4277">
     <span class='ocr_line' id='line_1_72' title="bbox 217 4195 1792 4277; baseline 0.007 -27"><span class='ocrx_word' id='word_1_586' title='bbox 217 4195 334 4253; x_wconf 85' lang='lat' dir='ltr'><strong>latio</strong></span> <span class='ocrx_word' id='word_1_587' title='bbox 361 4201 814 4270; x_wconf 89' lang='lat' dir='ltr'><strong>resurrectionis,</strong></span> <span class='ocrx_word' id='word_1_588' title='bbox 843 4218 960 4273; x_wconf 86' lang='lat' dir='ltr'><strong>quae</strong></span> <span class='ocrx_word' id='word_1_589' title='bbox 991 4205 1343 4275; x_wconf 87' lang='lat' dir='ltr'><strong>opprobrium</strong></span> <span class='ocrx_word' id='word_1_590' title='bbox 1376 4215 1602 4277; x_wconf 89' lang='lat' dir='ltr'><strong>generet</strong></span> <span class='ocrx_word' id='word_1_591' title='bbox 1648 4206 1792 4261; x_wconf 88' lang='lat' dir='ltr'><strong>inter</strong></span> 
     </span>
    </p>
   </div>
   <div class='ocr_carea' id='block_1_73' title="bbox 214 4290 493 4349">
    <p class='ocr_par' dir='ltr' id='par_1_73' title="bbox 214 4290 493 4349">
     <span class='ocr_line' id='line_1_73' title="bbox 214 4290 493 4349; baseline 0.025 -7"><span class='ocrx_word' id='word_1_592' title='bbox 214 4290 493 4349; x_wconf 89' lang='lat' dir='ltr'><strong>credentes.</strong></span> 
     </span>
    </p>
   </div>
   <div class='ocr_carea' id='block_1_74' title="bbox 275 4383 1790 4458">
    <p class='ocr_par' dir='ltr' id='par_1_74' title="bbox 275 4383 1790 4458">
     <span class='ocr_line' id='line_1_74' title="bbox 275 4383 1790 4458; baseline 0.007 -20"><span class='ocrx_word' id='word_1_593' title='bbox 275 4383 447 4454; x_wconf 85' lang='lat' dir='ltr'><strong>Neque</strong></span> <span class='ocrx_word' id='word_1_594' title='bbox 475 4386 732 4442; x_wconf 82' lang='lat' dir='ltr'><strong>irrideant</strong></span> <span class='ocrx_word' id='word_1_595' title='bbox 762 4403 842 4441; x_wconf 90' lang='lat' dir='ltr'><strong>me</strong></span> <span class='ocrx_word' id='word_1_596' title='bbox 863 4389 1064 4445; x_wconf 86' lang='lat' dir='ltr'><strong>inimici</strong></span> <span class='ocrx_word' id='word_1_597' title='bbox 1107 4392 1226 4446; x_wconf 85' lang='lat' dir='ltr'><strong>mei.</strong></span> <span class='ocrx_word' id='word_1_598' title='bbox 1253 4392 1354 4458; x_wconf 86' lang='lat' dir='ltr'><strong>Qui</strong></span> <span class='ocrx_word' id='word_1_599' title='bbox 1385 4407 1472 4448; x_wconf 91' lang='lat' dir='ltr'><strong>me</strong></span> <span class='ocrx_word' id='word_1_600' title='bbox 1503 4392 1790 4448; x_wconf 89' lang='lat' dir='ltr'><strong>irriserant</strong></span> 
     </span>
    </p>
   </div>
   <div class='ocr_carea' id='block_1_75' title="bbox 214 4481 1789 4556">
    <p class='ocr_par' dir='ltr' id='par_1_75' title="bbox 214 4481 1789 4556">
     <span class='ocr_line' id='line_1_75' title="bbox 214 4481 1789 4556; baseline 0.006 -24"><span class='ocrx_word' id='word_1_601' title='bbox 214 4481 346 4547; x_wconf 84' lang='lat' dir='ltr'><strong>prius</strong></span> <span class='ocrx_word' id='word_1_602' title='bbox 375 4497 495 4537; x_wconf 92' lang='lat' dir='ltr'><strong>cum</strong></span> <span class='ocrx_word' id='word_1_603' title='bbox 527 4481 803 4538; x_wconf 88' lang='lat' dir='ltr'><strong>dicerem:</strong></span> <span class='ocrx_word' id='word_1_604' title='bbox 839 4483 1067 4541; x_wconf 87' lang='lat' dir='ltr'><strong>Possum</strong></span> <span class='ocrx_word' id='word_1_605' title='bbox 1093 4485 1378 4542; x_wconf 88' lang='lat' dir='ltr'><strong>destruere</strong></span> <span class='ocrx_word' id='word_1_606' title='bbox 1402 4487 1664 4556; x_wconf 87' lang='lat' dir='ltr'><strong>templum</strong></span> <span class='ocrx_word' id='word_1_607' title='bbox 1691 4529 1707 4556; x_wconf 90' lang='lat'><strong>,</strong></span> <span class='ocrx_word' id='word_1_608' title='bbox 1733 4495 1789 4542; x_wconf 93' lang='lat' dir='ltr'><strong>et</strong></span> 
     </span>
    </p>
   </div>
   <div class='ocr_carea' id='block_1_76' title="bbox 217 4560 1864 4651">
    <p class='ocr_par' dir='ltr' id='par_1_76' title="bbox 217 4560 1864 4651">
     <span class='ocr_line' id='line_1_76' title="bbox 217 4560 1864 4651; baseline 0.006 -28"><span class='ocrx_word' id='word_1_609' title='bbox 217 4569 306 4625; x_wconf 83' lang='lat' dir='ltr'><strong>boc</strong></span> <span class='ocrx_word' id='word_1_610' title='bbox 335 4571 386 4628; x_wconf 93' lang='lat' dir='ltr'><strong>in</strong></span> <span class='ocrx_word' id='word_1_611' title='bbox 411 4573 591 4630; x_wconf 91' lang='lat' dir='ltr'><strong>triduo</strong></span> <span class='ocrx_word' id='word_1_612' title='bbox 625 4574 960 4631; x_wconf 75' lang='lat' dir='ltr'><strong>reaedilicare</strong></span> <span class='ocrx_word' id='word_1_613' title='bbox 993 4576 1187 4649; x_wconf 81' lang='lat' dir='ltr'><strong>(Matt.</strong></span> <span class='ocrx_word' id='word_1_614' title='bbox 1222 4594 1346 4633; x_wconf 71' lang='lat' dir='ltr'><strong>xxv:</strong></span> <span class='ocrx_word' id='word_1_615' title='bbox 1373 4580 1410 4646; x_wconf 93' lang='lat'><strong>).</strong></span> <span class='ocrx_word' id='word_1_616' title='bbox 1448 4578 1636 4651; x_wconf 78' lang='lat' dir='ltr'><strong>Neque</strong></span> <span class='ocrx_word' id='word_1_617' title='bbox 1664 4578 1788 4634; x_wconf 89' lang='lat' dir='ltr'><strong>irri-</strong></span> <span class='ocrx_word' id='word_1_618' title='bbox 1820 4560 1864 4620; x_wconf 76' lang='grc' dir='ltr'><strong>á¿˜)</strong></span> 
     </span>
    </p>
   </div>
   <div class='ocr_carea' id='block_1_77' title="bbox 219 4662 1788 4742">
    <p class='ocr_par' dir='ltr' id='par_1_77' title="bbox 219 4662 1788 4742">
     <span class='ocr_line' id='line_1_77' title="bbox 219 4662 1788 4742; baseline 0.006 -26"><span class='ocrx_word' id='word_1_619' title='bbox 219 4662 354 4718; x_wconf 82' lang='lat' dir='ltr'><strong>deant</strong></span> <span class='ocrx_word' id='word_1_620' title='bbox 383 4683 460 4722; x_wconf 84' lang='lat' dir='ltr'><strong>ine</strong></span> <span class='ocrx_word' id='word_1_621' title='bbox 489 4668 690 4722; x_wconf 89' lang='lat' dir='ltr'><strong>inimici</strong></span> <span class='ocrx_word' id='word_1_622' title='bbox 720 4670 819 4722; x_wconf 88' lang='lat' dir='ltr'><strong>mei</strong></span> <span class='ocrx_word' id='word_1_623' title='bbox 851 4685 870 4724; x_wconf 91' lang='lat'><em>:</em></span> <span class='ocrx_word' id='word_1_624' title='bbox 899 4669 950 4724; x_wconf 89' lang='lat' dir='ltr'><strong>id</strong></span> <span class='ocrx_word' id='word_1_625' title='bbox 982 4679 1088 4737; x_wconf 91' lang='lat' dir='ltr'><strong>est,</strong></span> <span class='ocrx_word' id='word_1_626' title='bbox 1121 4671 1195 4726; x_wconf 91' lang='lat' dir='ltr'><strong>illi</strong></span> <span class='ocrx_word' id='word_1_627' title='bbox 1225 4672 1314 4742; x_wconf 89' lang='lat' dir='ltr'><strong>qui</strong></span> <span class='ocrx_word' id='word_1_628' title='bbox 1350 4671 1401 4727; x_wconf 93' lang='lat' dir='ltr'><strong>in</strong></span> <span class='ocrx_word' id='word_1_629' title='bbox 1431 4672 1648 4728; x_wconf 86' lang='lat' dir='ltr'><strong>homine</strong></span> <span class='ocrx_word' id='word_1_630' title='bbox 1669 4682 1788 4727; x_wconf 85' lang='lat' dir='ltr'><strong>tan-</strong></span> 
     </span>
    </p>
   </div>
   <div class='ocr_carea' id='block_1_78' title="bbox 217 4760 1786 4836">
    <p class='ocr_par' dir='ltr' id='par_1_78' title="bbox 217 4760 1786 4836">
     <span class='ocr_line' id='line_1_78' title="bbox 217 4760 1786 4836; baseline 0.007 -26"><span class='ocrx_word' id='word_1_631' title='bbox 217 4760 471 4815; x_wconf 86' lang='lat' dir='ltr'><strong>tummodo</strong></span> <span class='ocrx_word' id='word_1_632' title='bbox 500 4760 946 4834; x_wconf 82' lang='lat' dir='ltr'><strong>conlidunt,quia</strong></span> <span class='ocrx_word' id='word_1_633' title='bbox 973 4775 1261 4836; x_wconf 91' lang='lat' dir='ltr'><strong>postquam</strong></span> <span class='ocrx_word' id='word_1_634' title='bbox 1285 4765 1377 4821; x_wconf 91' lang='lat' dir='ltr'><strong>ille</strong></span> <span class='ocrx_word' id='word_1_635' title='bbox 1399 4766 1645 4821; x_wconf 85' lang='lat' dir='ltr'><strong>defectus</strong></span> <span class='ocrx_word' id='word_1_636' title='bbox 1671 4768 1786 4822; x_wconf 85' lang='lat' dir='ltr'><strong>fue-</strong></span> 
     </span>
    </p>
   </div>
   <div class='ocr_carea' id='block_1_79' title="bbox 213 4849 1788 4926">
    <p class='ocr_par' dir='ltr' id='par_1_79' title="bbox 213 4849 1788 4926">
     <span class='ocr_line' id='line_1_79' title="bbox 213 4849 1788 4926; baseline 0.009 -24"><span class='ocrx_word' id='word_1_637' title='bbox 213 4849 289 4918; x_wconf 89' lang='lat' dir='ltr'><strong>rit,</strong></span> <span class='ocrx_word' id='word_1_638' title='bbox 319 4853 519 4911; x_wconf 88' lang='lat' dir='ltr'><strong>inimici</strong></span> <span class='ocrx_word' id='word_1_639' title='bbox 553 4855 796 4926; x_wconf 88' lang='lat' dir='ltr'><strong>ipsorum</strong></span> <span class='ocrx_word' id='word_1_640' title='bbox 822 4855 1048 4912; x_wconf 89' lang='lat' dir='ltr'><strong>irrident</strong></span> <span class='ocrx_word' id='word_1_641' title='bbox 1075 4858 1124 4912; x_wconf 91' lang='lat' dir='ltr'><strong>ei</strong></span> <span class='ocrx_word' id='word_1_642' title='bbox 1157 4876 1168 4912; x_wconf 90' lang='lat'><strong>:</strong></span> <span class='ocrx_word' id='word_1_643' title='bbox 1195 4868 1251 4915; x_wconf 91' lang='lat' dir='ltr'><strong>et</strong></span> <span class='ocrx_word' id='word_1_644' title='bbox 1278 4859 1484 4914; x_wconf 92' lang='lat' dir='ltr'><strong>inimici</strong></span> <span class='ocrx_word' id='word_1_645' title='bbox 1523 4859 1788 4916; x_wconf 75' lang='lat' dir='ltr'><strong>Ecclesia:</strong></span> 
     </span>
    </p>
   </div>
   <div class='ocr_carea' id='block_1_80' title="bbox 215 4949 1788 5025">
    <p class='ocr_par' dir='ltr' id='par_1_80' title="bbox 215 4949 1788 5025">
     <span class='ocr_line' id='line_1_80' title="bbox 215 4949 1788 5025; baseline 0.007 -28"><span class='ocrx_word' id='word_1_646' title='bbox 215 4957 324 5002; x_wconf 88' lang='lat' dir='ltr'><strong>sunt</strong></span> <span class='ocrx_word' id='word_1_647' title='bbox 350 4949 659 5016; x_wconf 78' lang='lat' dir='ltr'><strong>dzemoues,</strong></span> <span class='ocrx_word' id='word_1_648' title='bbox 706 4950 984 5018; x_wconf 64' lang='lat' dir='ltr'><strong>haeretici,</strong></span> <span class='ocrx_word' id='word_1_649' title='bbox 1039 4953 1170 5008; x_wconf 89' lang='lat' dir='ltr'><strong>vitia</strong></span> <span class='ocrx_word' id='word_1_650' title='bbox 1217 4963 1271 5009; x_wconf 93' lang='lat' dir='ltr'><strong>et</strong></span> <span class='ocrx_word' id='word_1_651' title='bbox 1302 4963 1547 5025; x_wconf 87' lang='lat' dir='ltr'><strong>peccata.</strong></span> <span class='ocrx_word' id='word_1_652' title='bbox 1587 4954 1788 5009; x_wconf 83' lang='lat' dir='ltr'><strong>Etenim</strong></span> 
     </span>
    </p>
   </div>
   <div class='ocr_carea' id='block_1_81' title="bbox 217 5041 1786 5115">
    <p class='ocr_par' dir='ltr' id='par_1_81' title="bbox 217 5041 1786 5115">
     <span class='ocr_line' id='line_1_81' title="bbox 217 5041 1786 5115; baseline 0.009 -27"><span class='ocrx_word' id='word_1_653' title='bbox 217 5041 414 5096; x_wconf 78' lang='lat' dir='ltr'><strong>universi</strong></span> <span class='ocrx_word' id='word_1_654' title='bbox 443 5043 534 5114; x_wconf 85' lang='lat' dir='ltr'><strong>qui</strong></span> <span class='ocrx_word' id='word_1_655' title='bbox 558 5053 608 5096; x_wconf 90' lang='lat' dir='ltr'><strong>te</strong></span> <span class='ocrx_word' id='word_1_656' title='bbox 635 5053 938 5113; x_wconf 59' lang='lat' dir='ltr'><strong>aspectant</strong></span> <span class='ocrx_word' id='word_1_657' title='bbox 961 5061 980 5099; x_wconf 89' lang='lat'><strong><em>:</em></strong></span> <span class='ocrx_word' id='word_1_658' title='bbox 1003 5045 1091 5115; x_wconf 88' lang='lat' dir='ltr'><strong>qui</strong></span> <span class='ocrx_word' id='word_1_659' title='bbox 1124 5054 1174 5101; x_wconf 91' lang='lat' dir='ltr'><strong>te</strong></span> <span class='ocrx_word' id='word_1_660' title='bbox 1202 5047 1469 5103; x_wconf 83' lang='lat' dir='ltr'><strong>sustinent</strong></span> <span class='ocrx_word' id='word_1_661' title='bbox 1495 5065 1509 5102; x_wconf 89' lang='lat'><strong>:</strong></span> <span class='ocrx_word' id='word_1_662' title='bbox 1537 5064 1639 5102; x_wconf 89' lang='lat' dir='ltr'><strong>non</strong></span> <span class='ocrx_word' id='word_1_663' title='bbox 1662 5064 1786 5102; x_wconf 89' lang='lat' dir='ltr'><strong>con-</strong></span> 
     </span>
    </p>
   </div>
   <div class='ocr_carea' id='block_1_82' title="bbox 215 5130 1784 5210">
    <p class='ocr_par' dir='ltr' id='par_1_82' title="bbox 215 5130 1784 5210">
     <span class='ocr_line' id='line_1_82' title="bbox 215 5130 1784 5210; baseline 0.006 -26"><span class='ocrx_word' id='word_1_664' title='bbox 215 5130 498 5198; x_wconf 79' lang='lat' dir='ltr'><strong>fundentur.</strong></span> <span class='ocrx_word' id='word_1_665' title='bbox 548 5133 738 5206; x_wconf 86' lang='lat' dir='ltr'><strong>Neque</strong></span> <span class='ocrx_word' id='word_1_666' title='bbox 790 5136 900 5205; x_wconf 91' lang='lat' dir='ltr'><strong>hic,</strong></span> <span class='ocrx_word' id='word_1_667' title='bbox 933 5152 1108 5209; x_wconf 90' lang='lat' dir='ltr'><strong>neque</strong></span> <span class='ocrx_word' id='word_1_668' title='bbox 1145 5143 1197 5193; x_wconf 88' lang='lat' dir='ltr'><strong>in</strong></span> <span class='ocrx_word' id='word_1_669' title='bbox 1246 5137 1428 5194; x_wconf 88' lang='lat' dir='ltr'><strong>futuro</strong></span> <span class='ocrx_word' id='word_1_670' title='bbox 1467 5139 1784 5210; x_wconf 85' lang='lat' dir='ltr'><strong>:Apostoli,</strong></span> 
     </span>
    </p>
   </div>
   <div class='ocr_carea' id='block_1_83' title="bbox 217 5227 1723 5302">
    <p class='ocr_par' dir='ltr' id='par_1_83' title="bbox 217 5227 1723 5302">
     <span class='ocr_line' id='line_1_83' title="bbox 217 5227 1723 5302; baseline 0.009 -25"><span class='ocrx_word' id='word_1_671' title='bbox 217 5227 288 5282; x_wconf 81' lang='lat' dir='ltr'><strong>vel</strong></span> <span class='ocrx_word' id='word_1_672' title='bbox 313 5229 362 5282; x_wconf 90' lang='lat' dir='ltr'><strong>hi</strong></span> <span class='ocrx_word' id='word_1_673' title='bbox 393 5229 481 5300; x_wconf 89' lang='lat' dir='ltr'><strong>qui</strong></span> <span class='ocrx_word' id='word_1_674' title='bbox 508 5229 770 5286; x_wconf 87' lang='lat' dir='ltr'><strong>credituri</strong></span> <span class='ocrx_word' id='word_1_675' title='bbox 801 5242 926 5287; x_wconf 91' lang='lat' dir='ltr'><strong>sunt</strong></span> <span class='ocrx_word' id='word_1_676' title='bbox 956 5248 1052 5302; x_wconf 89' lang='lat' dir='ltr'><strong>per</strong></span> <span class='ocrx_word' id='word_1_677' title='bbox 1080 5234 1310 5291; x_wconf 87' lang='lat' dir='ltr'><strong>verbum</strong></span> <span class='ocrx_word' id='word_1_678' title='bbox 1345 5251 1537 5292; x_wconf 89' lang='lat' dir='ltr'><strong>eorum</strong></span> <span class='ocrx_word' id='word_1_679' title='bbox 1566 5238 1619 5292; x_wconf 93' lang='lat' dir='ltr'><strong>in</strong></span> <span class='ocrx_word' id='word_1_680' title='bbox 1652 5245 1723 5293; x_wconf 89' lang='lat' dir='ltr'><strong>te.</strong></span> 
     </span>
    </p>
   </div>
   <div class='ocr_carea' id='block_1_84' title="bbox 275 5319 1782 5400">
    <p class='ocr_par' dir='ltr' id='par_1_84' title="bbox 275 5319 1782 5400">
     <span class='ocr_line' id='line_1_84' title="bbox 275 5319 1782 5400; baseline 0.009 -28"><span class='ocrx_word' id='word_1_681' title='bbox 275 5319 668 5392; x_wconf 77' lang='lat' dir='ltr'><strong>Confundantur</strong></span> <span class='ocrx_word' id='word_1_682' title='bbox 689 5323 874 5394; x_wconf 85' lang='lat' dir='ltr'><strong>iniqua</strong></span> <span class='ocrx_word' id='word_1_683' title='bbox 901 5335 1110 5396; x_wconf 89' lang='lat' dir='ltr'><strong>agentes</strong></span> <span class='ocrx_word' id='word_1_684' title='bbox 1138 5343 1474 5396; x_wconf 79' lang='lat' dir='ltr'><strong>supervacue.</strong></span> <span class='ocrx_word' id='word_1_685' title='bbox 1509 5329 1782 5400; x_wconf 84' lang='lat' dir='ltr'><strong>Propheta</strong></span> 
     </span>
    </p>
   </div>
   <div class='ocr_carea' id='block_1_85' title="bbox 218 5413 1783 5486">
    <p class='ocr_par' dir='ltr' id='par_1_85' title="bbox 218 5413 1783 5486">
     <span class='ocr_line' id='line_1_85' title="bbox 218 5413 1783 5486; baseline 0.011 -25"><span class='ocrx_word' id='word_1_686' title='bbox 218 5422 306 5464; x_wconf 88' lang='lat' dir='ltr'><strong>non</strong></span> <span class='ocrx_word' id='word_1_687' title='bbox 335 5414 592 5483; x_wconf 91' lang='lat' dir='ltr'><strong>optando,</strong></span> <span class='ocrx_word' id='word_1_688' title='bbox 625 5413 721 5469; x_wconf 87' lang='lat' dir='ltr'><strong>sed</strong></span> <span class='ocrx_word' id='word_1_689' title='bbox 755 5415 1128 5486; x_wconf 88' lang='lat' dir='ltr'><strong>prophetando</strong></span> <span class='ocrx_word' id='word_1_690' title='bbox 1159 5418 1294 5475; x_wconf 85' lang='lat' dir='ltr'><strong>dicit</strong></span> <span class='ocrx_word' id='word_1_691' title='bbox 1325 5439 1336 5474; x_wconf 89' lang='lat'>:</span> <span class='ocrx_word' id='word_1_692' title='bbox 1365 5420 1783 5478; x_wconf 87' lang='lat' dir='ltr'><strong>Coufundantur</strong></span> 
     </span>
    </p>
   </div>
   <div class='ocr_carea' id='block_1_86' title="bbox 216 5498 1780 5581">
    <p class='ocr_par' dir='ltr' id='par_1_86' title="bbox 216 5498 1780 5581">
     <span class='ocr_line' id='line_1_86' title="bbox 216 5498 1780 5581; baseline 0.011 -27"><span class='ocrx_word' id='word_1_693' title='bbox 216 5498 261 5555; x_wconf 92' lang='lat' dir='ltr'><strong>in</strong></span> <span class='ocrx_word' id='word_1_694' title='bbox 287 5502 367 5559; x_wconf 90' lang='lat' dir='ltr'><strong>die</strong></span> <span class='ocrx_word' id='word_1_695' title='bbox 405 5504 594 5576; x_wconf 84' lang='lat' dir='ltr'><strong>judicii</strong></span> <span class='ocrx_word' id='word_1_696' title='bbox 621 5505 732 5574; x_wconf 92' lang='lat' dir='ltr'><strong>illi,</strong></span> <span class='ocrx_word' id='word_1_697' title='bbox 784 5509 872 5578; x_wconf 91' lang='lat' dir='ltr'><strong>qui</strong></span> <span class='ocrx_word' id='word_1_698' title='bbox 905 5523 1075 5581; x_wconf 88' lang='lat' dir='ltr'><strong>usque</strong></span> <span class='ocrx_word' id='word_1_699' title='bbox 1115 5511 1167 5566; x_wconf 92' lang='lat' dir='ltr'><strong>in</strong></span> <span class='ocrx_word' id='word_1_700' title='bbox 1220 5511 1386 5568; x_wconf 81' lang='lat' dir='ltr'><strong>linem</strong></span> <span class='ocrx_word' id='word_1_701' title='bbox 1416 5513 1468 5567; x_wconf 89' lang='lat' dir='ltr'><strong>in</strong></span> <span class='ocrx_word' id='word_1_702' title='bbox 1519 5514 1780 5571; x_wconf 90' lang='lat' dir='ltr'><strong>malitiam</strong></span> 
     </span>
    </p>
   </div>
   <div class='ocr_carea' id='block_1_87' title="bbox 218 5593 1781 5680">
    <p class='ocr_par' dir='ltr' id='par_1_87' title="bbox 218 5593 1781 5680">
     <span class='ocr_line' id='line_1_87' title="bbox 218 5593 1781 5680; baseline 0.009 -29"><span class='ocrx_word' id='word_1_703' title='bbox 218 5593 435 5665; x_wconf 81' lang='lat' dir='ltr'><strong>ipsorum</strong></span> <span class='ocrx_word' id='word_1_704' title='bbox 466 5613 862 5674; x_wconf 84' lang='lat' dir='ltr'><strong>perseverant:</strong></span> <span class='ocrx_word' id='word_1_705' title='bbox 898 5605 976 5662; x_wconf 90' lang='lat' dir='ltr'><strong>illi</strong></span> <span class='ocrx_word' id='word_1_706' title='bbox 1003 5606 1092 5678; x_wconf 92' lang='lat' dir='ltr'><strong>qui</strong></span> <span class='ocrx_word' id='word_1_707' title='bbox 1122 5622 1289 5678; x_wconf 86' lang='lat' dir='ltr'><strong>super</strong></span> <span class='ocrx_word' id='word_1_708' title='bbox 1320 5618 1690 5680; x_wconf 84' lang='lat' dir='ltr'><strong>perpetratum</strong></span> <span class='ocrx_word' id='word_1_709' title='bbox 1728 5611 1781 5666; x_wconf 91' lang='lat' dir='ltr'><strong>in</strong></span> 
     </span>
    </p>
   </div>
   <div class='ocr_carea' id='block_1_88' title="bbox 218 5696 1781 5772">
    <p class='ocr_par' dir='ltr' id='par_1_88' title="bbox 218 5696 1781 5772">
     <span class='ocr_line' id='line_1_88' title="bbox 218 5696 1781 5772; baseline 0.01 -30"><span class='ocrx_word' id='word_1_710' title='bbox 218 5702 296 5745; x_wconf 92' lang='lat' dir='ltr'><strong>me</strong></span> <span class='ocrx_word' id='word_1_711' title='bbox 316 5696 484 5752; x_wconf 87' lang='lat' dir='ltr'><strong>scelus</strong></span> <span class='ocrx_word' id='word_1_712' title='bbox 510 5696 643 5754; x_wconf 89' lang='lat' dir='ltr'><strong>illud</strong></span> <span class='ocrx_word' id='word_1_713' title='bbox 667 5697 1009 5768; x_wconf 88' lang='lat' dir='ltr'><strong>addiderunt,</strong></span> <span class='ocrx_word' id='word_1_714' title='bbox 1041 5709 1098 5755; x_wconf 91' lang='lat' dir='ltr'><strong>ut</strong></span> <span class='ocrx_word' id='word_1_715' title='bbox 1119 5700 1310 5772; x_wconf 85' lang='lat' dir='ltr'><strong>sigillis</strong></span> <span class='ocrx_word' id='word_1_716' title='bbox 1344 5703 1608 5758; x_wconf 89' lang='lat' dir='ltr'><strong>tumulum</strong></span> <span class='ocrx_word' id='word_1_717' title='bbox 1634 5717 1781 5760; x_wconf 85' lang='lat' dir='ltr'><strong>com-</strong></span> 
     </span>
    </p>
   </div>
   <div class='ocr_carea' id='block_1_89' title="bbox 220 5786 1783 5867">
    <p class='ocr_par' dir='ltr' id='par_1_89' title="bbox 220 5786 1783 5867">
     <span class='ocr_line' id='line_1_89' title="bbox 220 5786 1783 5867; baseline 0.011 -30"><span class='ocrx_word' id='word_1_718' title='bbox 220 5786 488 5847; x_wconf 85' lang='lat' dir='ltr'><strong>munirent.</strong></span> <span class='ocrx_word' id='word_1_719' title='bbox 541 5791 722 5866; x_wconf 88' lang='lat' dir='ltr'><strong>Usque</strong></span> <span class='ocrx_word' id='word_1_720' title='bbox 790 5791 892 5849; x_wconf 89' lang='lat' dir='ltr'><strong>huc</strong></span> <span class='ocrx_word' id='word_1_721' title='bbox 934 5792 1195 5851; x_wconf 89' lang='lat' dir='ltr'><strong>Dominus</strong></span> <span class='ocrx_word' id='word_1_722' title='bbox 1231 5793 1594 5867; x_wconf 86' lang='lat' dir='ltr'><strong>dePassione</strong></span> <span class='ocrx_word' id='word_1_723' title='bbox 1633 5813 1727 5856; x_wconf 90' lang='lat' dir='ltr'><strong>sua</strong></span> <span class='ocrx_word' id='word_1_724' title='bbox 1769 5815 1783 5854; x_wconf 77' lang='grc' dir='ltr'><strong><em>Ï„</em></strong></span> 
     </span>
    </p>
   </div>
   <div class='ocr_carea' id='block_1_90' title="bbox 1902 3264 3492 3338">
    <p class='ocr_par' dir='ltr' id='par_1_90' title="bbox 1902 3264 3492 3338">
     <span class='ocr_line' id='line_1_90' title="bbox 1902 3264 3492 3338; baseline -0.001 -16"><span class='ocrx_word' id='word_1_725' title='bbox 1902 3269 2022 3338; x_wconf 89' lang='lat' dir='ltr'><strong>mei,</strong></span> <span class='ocrx_word' id='word_1_726' title='bbox 2060 3268 2222 3322; x_wconf 88' lang='lat' dir='ltr'><strong>Deus.</strong></span> <span class='ocrx_word' id='word_1_727' title='bbox 2248 3266 2305 3323; x_wconf 81' lang='lat' dir='ltr'><strong>id</strong></span> <span class='ocrx_word' id='word_1_728' title='bbox 2333 3277 2440 3334; x_wconf 89' lang='lat' dir='ltr'><strong>est,</strong></span> <span class='ocrx_word' id='word_1_729' title='bbox 2468 3281 2574 3322; x_wconf 92' lang='lat' dir='ltr'><strong>non</strong></span> <span class='ocrx_word' id='word_1_730' title='bbox 2602 3265 2901 3321; x_wconf 81' lang='lat' dir='ltr'><strong>secundum</strong></span> <span class='ocrx_word' id='word_1_731' title='bbox 2933 3264 3147 3331; x_wconf 88' lang='lat' dir='ltr'><strong>merita,</strong></span> <span class='ocrx_word' id='word_1_732' title='bbox 3179 3265 3274 3320; x_wconf 89' lang='lat' dir='ltr'><strong>sed</strong></span> <span class='ocrx_word' id='word_1_733' title='bbox 3298 3279 3492 3320; x_wconf 88' lang='lat' dir='ltr'><strong>secun-</strong></span> 
     </span>
    </p>
   </div>
   <div class='ocr_carea' id='block_1_91' title="bbox 1899 3357 3492 3418">
    <p class='ocr_par' dir='ltr' id='par_1_91' title="bbox 1899 3357 3492 3418">
     <span class='ocr_line' id='line_1_91' title="bbox 1899 3357 3492 3418; baseline -0.003 -1"><span class='ocrx_word' id='word_1_734' title='bbox 1899 3363 2026 3418; x_wconf 90' lang='lat' dir='ltr'><strong>dum</strong></span> <span class='ocrx_word' id='word_1_735' title='bbox 2059 3370 2206 3417; x_wconf 88' lang='lat' dir='ltr'><strong>tuam</strong></span> <span class='ocrx_word' id='word_1_736' title='bbox 2237 3359 2694 3417; x_wconf 89' lang='lat' dir='ltr'><strong>misericordiam.</strong></span> <span class='ocrx_word' id='word_1_737' title='bbox 2728 3359 2998 3414; x_wconf 85' lang='lat' dir='ltr'><strong>lmmensa</strong></span> <span class='ocrx_word' id='word_1_738' title='bbox 3025 3367 3108 3414; x_wconf 87' lang='lat' dir='ltr'><strong>est</strong></span> <span class='ocrx_word' id='word_1_739' title='bbox 3147 3358 3290 3413; x_wconf 92' lang='lat' dir='ltr'><strong>enim</strong></span> <span class='ocrx_word' id='word_1_740' title='bbox 3329 3357 3492 3412; x_wconf 91' lang='lat' dir='ltr'><strong>misc-</strong></span> 
     </span>
    </p>
   </div>
   <div class='ocr_carea' id='block_1_92' title="bbox 1899 3453 3489 3524">
    <p class='ocr_par' dir='ltr' id='par_1_92' title="bbox 1899 3453 3489 3524">
     <span class='ocr_line' id='line_1_92' title="bbox 1899 3453 3489 3524; baseline -0.005 -12"><span class='ocrx_word' id='word_1_741' title='bbox 1899 3454 2132 3512; x_wconf 89' lang='lat' dir='ltr'><strong>ricordia</strong></span> <span class='ocrx_word' id='word_1_742' title='bbox 2164 3465 2250 3509; x_wconf 88' lang='lat' dir='ltr'><strong>tua</strong></span> <span class='ocrx_word' id='word_1_743' title='bbox 2270 3499 2283 3523; x_wconf 87' lang='lat'><strong>,</strong></span> <span class='ocrx_word' id='word_1_744' title='bbox 2335 3453 2426 3524; x_wconf 92' lang='lat' dir='ltr'><strong>qui</strong></span> <span class='ocrx_word' id='word_1_745' title='bbox 2457 3466 2619 3507; x_wconf 87' lang='lat' dir='ltr'><strong>vocas</strong></span> <span class='ocrx_word' id='word_1_746' title='bbox 2649 3466 2711 3507; x_wconf 89' lang='lat' dir='ltr'><strong>ea</strong></span> <span class='ocrx_word' id='word_1_747' title='bbox 2741 3466 2862 3523; x_wconf 75' lang='lat' dir='ltr'><strong>qua:</strong></span> <span class='ocrx_word' id='word_1_748' title='bbox 2891 3465 3001 3505; x_wconf 87' lang='lat' dir='ltr'><strong>non</strong></span> <span class='ocrx_word' id='word_1_749' title='bbox 3043 3460 3168 3506; x_wconf 89' lang='lat' dir='ltr'><strong>sunt</strong></span> <span class='ocrx_word' id='word_1_750' title='bbox 3216 3458 3489 3521; x_wconf 86' lang='lat' dir='ltr'><strong>tamquam</strong></span> 
     </span>
    </p>
   </div>
   <div class='ocr_carea' id='block_1_93' title="bbox 1902 3542 3490 3619">
    <p class='ocr_par' dir='ltr' id='par_1_93' title="bbox 1902 3542 3490 3619">
     <span class='ocr_line' id='line_1_93' title="bbox 1902 3542 3490 3619; baseline -0.003 -16"><span class='ocrx_word' id='word_1_751' title='bbox 1902 3563 2022 3617; x_wconf 70' lang='lat' dir='ltr'><strong>qua:</strong></span> <span class='ocrx_word' id='word_1_752' title='bbox 2071 3557 2220 3604; x_wconf 93' lang='lat' dir='ltr'><strong>sunt.</strong></span> <span class='ocrx_word' id='word_1_753' title='bbox 2259 3545 2489 3619; x_wconf 78' lang='lat' dir='ltr'><strong>PrOpter</strong></span> <span class='ocrx_word' id='word_1_754' title='bbox 2518 3546 2795 3600; x_wconf 88' lang='lat' dir='ltr'><strong>bonitatem</strong></span> <span class='ocrx_word' id='word_1_755' title='bbox 2833 3554 2975 3598; x_wconf 85' lang='lat' dir='ltr'><strong>luam</strong></span> <span class='ocrx_word' id='word_1_756' title='bbox 3005 3587 3019 3612; x_wconf 95' lang='lat'><strong>,</strong></span> <span class='ocrx_word' id='word_1_757' title='bbox 3073 3542 3318 3599; x_wconf 87' lang='lat' dir='ltr'><strong>Domine.</strong></span> <span class='ocrx_word' id='word_1_758' title='bbox 3355 3543 3490 3612; x_wconf 87' lang='lat' dir='ltr'><strong>Quia</strong></span> 
     </span>
    </p>
   </div>
   <div class='ocr_carea' id='block_1_94' title="bbox 1897 3639 3044 3714">
    <p class='ocr_par' dir='ltr' id='par_1_94' title="bbox 1897 3639 3044 3714">
     <span class='ocr_line' id='line_1_94' title="bbox 1897 3639 3044 3714; baseline -0.003 -16"><span class='ocrx_word' id='word_1_759' title='bbox 1897 3656 2166 3714; x_wconf 89' lang='lat' dir='ltr'><strong>provocas</strong></span> <span class='ocrx_word' id='word_1_760' title='bbox 2200 3650 2518 3712; x_wconf 90' lang='lat' dir='ltr'><strong>peccatores</strong></span> <span class='ocrx_word' id='word_1_761' title='bbox 2548 3640 2612 3694; x_wconf 90' lang='lat' dir='ltr'><strong>ad</strong></span> <span class='ocrx_word' id='word_1_762' title='bbox 2646 3639 3044 3709; x_wconf 80' lang='lat' dir='ltr'><strong>paenitentiam.</strong></span> 
     </span>
    </p>
   </div>
   <div class='ocr_carea' id='block_1_95' title="bbox 1969 3731 3490 3803">
    <p class='ocr_par' dir='ltr' id='par_1_95' title="bbox 1969 3731 3490 3803">
     <span class='ocr_line' id='line_1_95' title="bbox 1969 3731 3490 3803; baseline 0.002 -17"><span class='ocrx_word' id='word_1_763' title='bbox 1969 3734 2154 3789; x_wconf 84' lang='lat' dir='ltr'><strong>Dulcis</strong></span> <span class='ocrx_word' id='word_1_764' title='bbox 2196 3745 2244 3788; x_wconf 87' lang='lat' dir='ltr'><strong>et</strong></span> <span class='ocrx_word' id='word_1_765' title='bbox 2291 3744 2463 3788; x_wconf 75' lang='lat' dir='ltr'><strong>rectus</strong></span> <span class='ocrx_word' id='word_1_766' title='bbox 2498 3733 2774 3788; x_wconf 80' lang='lat' dir='ltr'><strong>Dominus.</strong></span> <span class='ocrx_word' id='word_1_767' title='bbox 2811 3731 3030 3799; x_wconf 80' lang='lat' dir='ltr'><strong>Dulcis,</strong></span> <span class='ocrx_word' id='word_1_768' title='bbox 3064 3732 3189 3803; x_wconf 88' lang='lat' dir='ltr'><strong>quia</strong></span> <span class='ocrx_word' id='word_1_769' title='bbox 3219 3741 3304 3788; x_wconf 92' lang='lat' dir='ltr'><strong>est</strong></span> <span class='ocrx_word' id='word_1_770' title='bbox 3337 3732 3490 3803; x_wconf 89' lang='lat' dir='ltr'><strong>panis</strong></span> 
     </span>
    </p>
   </div>
   <div class='ocr_carea' id='block_1_96' title="bbox 1897 3825 3485 3899">
    <p class='ocr_par' dir='ltr' id='par_1_96' title="bbox 1897 3825 3485 3899">
     <span class='ocr_line' id='line_1_96' title="bbox 1897 3825 3485 3899; baseline -0.001 -17"><span class='ocrx_word' id='word_1_771' title='bbox 1897 3829 2044 3885; x_wconf 69' lang='lat' dir='ltr'><strong>vitm.</strong></span> <span class='ocrx_word' id='word_1_772' title='bbox 2083 3828 2284 3894; x_wconf 88' lang='lat' dir='ltr'><strong>Dulcis,</strong></span> <span class='ocrx_word' id='word_1_773' title='bbox 2320 3828 2445 3899; x_wconf 89' lang='lat' dir='ltr'><strong>quia</strong></span> <span class='ocrx_word' id='word_1_774' title='bbox 2478 3826 2743 3897; x_wconf 89' lang='lat' dir='ltr'><strong>promittit</strong></span> <span class='ocrx_word' id='word_1_775' title='bbox 2776 3826 3002 3896; x_wconf 62' lang='lat' dir='ltr'><strong>praemia</strong></span> <span class='ocrx_word' id='word_1_776' title='bbox 3037 3825 3236 3881; x_wconf 86' lang='lat' dir='ltr'><strong>futura.</strong></span> <span class='ocrx_word' id='word_1_777' title='bbox 3272 3827 3485 3893; x_wconf 81' lang='lat' dir='ltr'><strong>Rectus,</strong></span> 
     </span>
    </p>
   </div>
   <div class='ocr_carea' id='block_1_97' title="bbox 1895 3917 3490 3991">
    <p class='ocr_par' dir='ltr' id='par_1_97' title="bbox 1895 3917 3490 3991">
     <span class='ocr_line' id='line_1_97' title="bbox 1895 3917 3490 3991; baseline -0.003 -17"><span class='ocrx_word' id='word_1_778' title='bbox 1895 3921 2020 3991; x_wconf 89' lang='lat' dir='ltr'><strong>quia</strong></span> <span class='ocrx_word' id='word_1_779' title='bbox 2055 3919 2235 3975; x_wconf 90' lang='lat' dir='ltr'><strong>reddit</strong></span> <span class='ocrx_word' id='word_1_780' title='bbox 2265 3920 2559 3989; x_wconf 88' lang='lat' dir='ltr'><strong>unicuique</strong></span> <span class='ocrx_word' id='word_1_781' title='bbox 2591 3917 2894 3974; x_wconf 89' lang='lat' dir='ltr'><strong>secundum</strong></span> <span class='ocrx_word' id='word_1_782' title='bbox 2928 3933 3092 3987; x_wconf 81' lang='lat' dir='ltr'><strong>Opera</strong></span> <span class='ocrx_word' id='word_1_783' title='bbox 3126 3917 3490 3989; x_wconf 83' lang='lat' dir='ltr'><strong>sua.Propter</strong></span> 
     </span>
    </p>
   </div>
   <div class='ocr_carea' id='block_1_98' title="bbox 1895 4010 3492 4087">
    <p class='ocr_par' dir='ltr' id='par_1_98' title="bbox 1895 4010 3492 4087">
     <span class='ocr_line' id='line_1_98' title="bbox 1895 4010 3492 4087; baseline -0.003 -19"><span class='ocrx_word' id='word_1_784' title='bbox 1895 4015 1992 4069; x_wconf 80' lang='lat' dir='ltr'><strong>hoc</strong></span> <span class='ocrx_word' id='word_1_785' title='bbox 2017 4013 2175 4087; x_wconf 75' lang='lat' dir='ltr'><strong>legem</strong></span> <span class='ocrx_word' id='word_1_786' title='bbox 2207 4013 2350 4067; x_wconf 85' lang='lat' dir='ltr'><strong>dabit</strong></span> <span class='ocrx_word' id='word_1_787' title='bbox 2376 4011 2798 4083; x_wconf 80' lang='lat' dir='ltr'><strong>delinquentibus</strong></span> <span class='ocrx_word' id='word_1_788' title='bbox 2821 4012 2875 4064; x_wconf 86' lang='lat' dir='ltr'><strong>in</strong></span> <span class='ocrx_word' id='word_1_789' title='bbox 2903 4010 3221 4082; x_wconf 82' lang='lat' dir='ltr'><strong>ria.Legem</strong></span> <span class='ocrx_word' id='word_1_790' title='bbox 3250 4011 3492 4066; x_wconf 84' lang='lat' dir='ltr'><strong>Charita-</strong></span> 
     </span>
    </p>
   </div>
   <div class='ocr_carea' id='block_1_99' title="bbox 1897 4106 3489 4180">
    <p class='ocr_par' dir='ltr' id='par_1_99' title="bbox 1897 4106 3489 4180">
     <span class='ocr_line' id='line_1_99' title="bbox 1897 4106 3489 4180; baseline -0.002 -16"><span class='ocrx_word' id='word_1_791' title='bbox 1897 4110 2007 4167; x_wconf 88' lang='lat' dir='ltr'><strong>tis:</strong></span> <span class='ocrx_word' id='word_1_792' title='bbox 2043 4125 2139 4180; x_wconf 89' lang='lat' dir='ltr'><strong>per</strong></span> <span class='ocrx_word' id='word_1_793' title='bbox 2179 4124 2344 4180; x_wconf 87' lang='lat' dir='ltr'><strong>quam</strong></span> <span class='ocrx_word' id='word_1_794' title='bbox 2376 4107 2713 4163; x_wconf 88' lang='lat' dir='ltr'><strong>dimittentes</strong></span> <span class='ocrx_word' id='word_1_795' title='bbox 2756 4106 3029 4174; x_wconf 85' lang='lat' dir='ltr'><strong>ollensas,</strong></span> <span class='ocrx_word' id='word_1_796' title='bbox 3073 4107 3489 4162; x_wconf 89' lang='lat' dir='ltr'><strong>rccouciliamur</strong></span> 
     </span>
    </p>
   </div>
   <div class='ocr_carea' id='block_1_100' title="bbox 1898 4202 3486 4276">
    <p class='ocr_par' dir='ltr' id='par_1_100' title="bbox 1898 4202 3486 4276">
     <span class='ocr_line' id='line_1_100' title="bbox 1898 4202 3486 4276; baseline 0.001 -18"><span class='ocrx_word' id='word_1_797' title='bbox 1898 4204 2027 4259; x_wconf 90' lang='lat' dir='ltr'><strong>Deo.</strong></span> <span class='ocrx_word' id='word_1_798' title='bbox 2060 4203 2496 4276; x_wconf 83' lang='lat' dir='ltr'><strong>Delinquentibus</strong></span> <span class='ocrx_word' id='word_1_799' title='bbox 2541 4203 2596 4258; x_wconf 88' lang='lat' dir='ltr'><strong>in</strong></span> <span class='ocrx_word' id='word_1_800' title='bbox 2659 4204 2778 4270; x_wconf 80' lang='lat' dir='ltr'><strong>ria,</strong></span> <span class='ocrx_word' id='word_1_801' title='bbox 2832 4202 3214 4273; x_wconf 82' lang='lat' dir='ltr'><strong>peccatoribus</strong></span> <span class='ocrx_word' id='word_1_802' title='bbox 3271 4203 3325 4258; x_wconf 86' lang='lat' dir='ltr'><strong>in</strong></span> <span class='ocrx_word' id='word_1_803' title='bbox 3383 4205 3486 4259; x_wconf 91' lang='lat' dir='ltr'><strong>ista</strong></span> 
     </span>
    </p>
   </div>
   <div class='ocr_carea' id='block_1_101' title="bbox 1895 4299 2030 4354">
    <p class='ocr_par' dir='ltr' id='par_1_101' title="bbox 1895 4299 2030 4354">
     <span class='ocr_line' id='line_1_101' title="bbox 1895 4299 2030 4354; baseline 0 0"><span class='ocrx_word' id='word_1_804' title='bbox 1895 4299 2030 4354; x_wconf 88' lang='lat' dir='ltr'><strong>vita.</strong></span> 
     </span>
    </p>
   </div>
   <div class='ocr_carea' id='block_1_102' title="bbox 1966 4391 3484 4467">
    <p class='ocr_par' dir='ltr' id='par_1_102' title="bbox 1966 4391 3484 4467">
     <span class='ocr_line' id='line_1_102' title="bbox 1966 4391 3484 4467; baseline 0.002 -19"><span class='ocrx_word' id='word_1_805' title='bbox 1966 4395 2170 4467; x_wconf 89' lang='lat' dir='ltr'><strong>Diriget</strong></span> <span class='ocrx_word' id='word_1_806' title='bbox 2219 4396 2367 4450; x_wconf 85' lang='lat' dir='ltr'><strong>mites</strong></span> <span class='ocrx_word' id='word_1_807' title='bbox 2407 4396 2457 4448; x_wconf 89' lang='lat' dir='ltr'><strong>in</strong></span> <span class='ocrx_word' id='word_1_808' title='bbox 2493 4393 2722 4460; x_wconf 87' lang='lat' dir='ltr'><strong>judicio.</strong></span> <span class='ocrx_word' id='word_1_809' title='bbox 2754 4391 2909 4449; x_wconf 83' lang='lat' dir='ltr'><strong>Miles</strong></span> <span class='ocrx_word' id='word_1_810' title='bbox 2951 4401 3004 4448; x_wconf 85' lang='lat' dir='ltr'><strong>et</strong></span> <span class='ocrx_word' id='word_1_811' title='bbox 3045 4393 3277 4450; x_wconf 87' lang='lat' dir='ltr'><strong>humiles</strong></span> <span class='ocrx_word' id='word_1_812' title='bbox 3315 4393 3484 4451; x_wconf 91' lang='lat' dir='ltr'><strong>corde</strong></span> 
     </span>
    </p>
   </div>
   <div class='ocr_carea' id='block_1_103' title="bbox 1893 4487 3482 4560">
    <p class='ocr_par' dir='ltr' id='par_1_103' title="bbox 1893 4487 3482 4560">
     <span class='ocr_line' id='line_1_103' title="bbox 1893 4487 3482 4560; baseline 0.001 -16"><span class='ocrx_word' id='word_1_813' title='bbox 1893 4489 2087 4560; x_wconf 87' lang='lat' dir='ltr'><strong>diriget</strong></span> <span class='ocrx_word' id='word_1_814' title='bbox 2120 4490 2171 4545; x_wconf 92' lang='lat' dir='ltr'><strong>in</strong></span> <span class='ocrx_word' id='word_1_815' title='bbox 2202 4487 2431 4559; x_wconf 88' lang='lat' dir='ltr'><strong>judicio,</strong></span> <span class='ocrx_word' id='word_1_816' title='bbox 2460 4487 2563 4543; x_wconf 91' lang='lat' dir='ltr'><strong>hoc</strong></span> <span class='ocrx_word' id='word_1_817' title='bbox 2594 4501 2678 4544; x_wconf 81' lang='grc' dir='ltr'><strong>ÎµÎµÎ¹</strong></span> <span class='ocrx_word' id='word_1_818' title='bbox 2700 4487 3089 4544; x_wconf 84' lang='lat' dir='ltr'><strong>discretionem</strong></span> <span class='ocrx_word' id='word_1_819' title='bbox 3121 4487 3252 4545; x_wconf 84' lang='lat' dir='ltr'><strong>facit</strong></span> <span class='ocrx_word' id='word_1_820' title='bbox 3294 4489 3382 4545; x_wconf 91' lang='lat' dir='ltr'><strong>hic</strong></span> <span class='ocrx_word' id='word_1_821' title='bbox 3431 4490 3482 4545; x_wconf 88' lang='lat' dir='ltr'><strong>in</strong></span> 
     </span>
    </p>
   </div>
   <div class='ocr_carea' id='block_1_104' title="bbox 1895 4581 3483 4654">
    <p class='ocr_par' dir='ltr' id='par_1_104' title="bbox 1895 4581 3483 4654">
     <span class='ocr_line' id='line_1_104' title="bbox 1895 4581 3483 4654; baseline -0.001 -16"><span class='ocrx_word' id='word_1_822' title='bbox 1895 4585 2148 4654; x_wconf 77' lang='lat' dir='ltr'><strong>praesenti</strong></span> <span class='ocrx_word' id='word_1_823' title='bbox 2197 4582 2338 4638; x_wconf 91' lang='lat' dir='ltr'><strong>inter</strong></span> <span class='ocrx_word' id='word_1_824' title='bbox 2385 4596 2587 4652; x_wconf 91' lang='lat' dir='ltr'><strong>corpus</strong></span> <span class='ocrx_word' id='word_1_825' title='bbox 2617 4590 2671 4636; x_wconf 90' lang='lat' dir='ltr'><strong>et</strong></span> <span class='ocrx_word' id='word_1_826' title='bbox 2713 4581 2995 4636; x_wconf 91' lang='lat' dir='ltr'><strong>animam:</strong></span> <span class='ocrx_word' id='word_1_827' title='bbox 3031 4590 3090 4637; x_wconf 91' lang='lat' dir='ltr'><strong>ut</strong></span> <span class='ocrx_word' id='word_1_828' title='bbox 3136 4597 3195 4638; x_wconf 89' lang='lat' dir='ltr'><strong>se</strong></span> <span class='ocrx_word' id='word_1_829' title='bbox 3252 4582 3483 4638; x_wconf 90' lang='lat' dir='ltr'><strong>invicem</strong></span> 
     </span>
    </p>
   </div>
   <div class='ocr_carea' id='block_1_105' title="bbox 1893 4673 3485 4749">
    <p class='ocr_par' dir='ltr' id='par_1_105' title="bbox 1893 4673 3485 4749">
     <span class='ocr_line' id='line_1_105' title="bbox 1893 4673 3485 4749; baseline -0.001 -16"><span class='ocrx_word' id='word_1_830' title='bbox 1893 4677 2168 4749; x_wconf 74' lang='lat' dir='ltr'><strong>corrigunt</strong></span> <span class='ocrx_word' id='word_1_831' title='bbox 2209 4679 2261 4730; x_wconf 92' lang='lat' dir='ltr'><strong>in</strong></span> <span class='ocrx_word' id='word_1_832' title='bbox 2304 4677 2404 4730; x_wconf 87' lang='lat' dir='ltr'><strong>viis</strong></span> <span class='ocrx_word' id='word_1_833' title='bbox 2442 4673 2822 4730; x_wconf 89' lang='lat' dir='ltr'><strong>mandatorum</strong></span> <span class='ocrx_word' id='word_1_834' title='bbox 2861 4673 2977 4730; x_wconf 93' lang='lat' dir='ltr'><strong>Dei.</strong></span> <span class='ocrx_word' id='word_1_835' title='bbox 3034 4675 3131 4730; x_wconf 84' lang='lat' dir='ltr'><strong>Vel</strong></span> <span class='ocrx_word' id='word_1_836' title='bbox 3177 4675 3307 4731; x_wconf 89' lang='lat' dir='ltr'><strong>illud</strong></span> <span class='ocrx_word' id='word_1_837' title='bbox 3340 4677 3485 4746; x_wconf 80' lang='lat' dir='ltr'><strong>quod</strong></span> 
     </span>
    </p>
   </div>
   <div class='ocr_carea' id='block_1_106' title="bbox 1890 4767 3488 4841">
    <p class='ocr_par' dir='ltr' id='par_1_106' title="bbox 1890 4767 3488 4841">
     <span class='ocr_line' id='line_1_106' title="bbox 1890 4767 3488 4841; baseline -0.001 -15"><span class='ocrx_word' id='word_1_838' title='bbox 1890 4770 2144 4841; x_wconf 89' lang='lat' dir='ltr'><strong>superius</strong></span> <span class='ocrx_word' id='word_1_839' title='bbox 2173 4769 2433 4841; x_wconf 88' lang='lat' dir='ltr'><strong>scriptum</strong></span> <span class='ocrx_word' id='word_1_840' title='bbox 2467 4776 2595 4823; x_wconf 88' lang='lat' dir='ltr'><strong>est:</strong></span> <span class='ocrx_word' id='word_1_841' title='bbox 2653 4767 2879 4822; x_wconf 89' lang='lat' dir='ltr'><strong>Pcccata</strong></span> <span class='ocrx_word' id='word_1_842' title='bbox 2920 4767 3307 4824; x_wconf 65' lang='lat' dir='ltr'><strong>adolescentiae</strong></span> <span class='ocrx_word' id='word_1_843' title='bbox 3353 4785 3488 4824; x_wconf 73' lang='lat' dir='ltr'><strong>mea:</strong></span> 
     </span>
    </p>
   </div>
   <div class='ocr_carea' id='block_1_107' title="bbox 1891 4859 3487 4934">
    <p class='ocr_par' dir='ltr' id='par_1_107' title="bbox 1891 4859 3487 4934">
     <span class='ocr_line' id='line_1_107' title="bbox 1891 4859 3487 4934; baseline -0.001 -16"><span class='ocrx_word' id='word_1_844' title='bbox 1891 4873 1945 4918; x_wconf 91' lang='lat' dir='ltr'><strong>et</strong></span> <span class='ocrx_word' id='word_1_845' title='bbox 1987 4861 2309 4934; x_wconf 60' lang='lat' dir='ltr'><strong>ignorantia:</strong></span> <span class='ocrx_word' id='word_1_846' title='bbox 2351 4876 2486 4916; x_wconf 79' lang='lat' dir='ltr'><strong>meae</strong></span> <span class='ocrx_word' id='word_1_847' title='bbox 2531 4872 2617 4916; x_wconf 89' lang='lat' dir='ltr'><strong>ue&#39;</strong></span> <span class='ocrx_word' id='word_1_848' title='bbox 2651 4861 2987 4916; x_wconf 88' lang='lat' dir='ltr'><strong>memineris.</strong></span> <span class='ocrx_word' id='word_1_849' title='bbox 3023 4859 3192 4916; x_wconf 87' lang='lat' dir='ltr'><strong>Istum</strong></span> <span class='ocrx_word' id='word_1_850' title='bbox 3251 4870 3306 4915; x_wconf 91' lang='lat' dir='ltr'><strong>et</strong></span> <span class='ocrx_word' id='word_1_851' title='bbox 3356 4871 3487 4916; x_wconf 73' lang='lat' dir='ltr'><strong>retas</strong></span> 
     </span>
    </p>
   </div>
   <div class='ocr_carea' id='block_1_108' title="bbox 1893 4953 3482 5025">
    <p class='ocr_par' dir='ltr' id='par_1_108' title="bbox 1893 4953 3482 5025">
     <span class='ocr_line' id='line_1_108' title="bbox 1893 4953 3482 5025; baseline -0.001 -13"><span class='ocrx_word' id='word_1_852' title='bbox 1893 4966 2136 5023; x_wconf 86' lang='lat' dir='ltr'><strong>excusat,</strong></span> <span class='ocrx_word' id='word_1_853' title='bbox 2171 4963 2226 5011; x_wconf 88' lang='lat' dir='ltr'><strong>et</strong></span> <span class='ocrx_word' id='word_1_854' title='bbox 2275 4954 2602 5023; x_wconf 78' lang='lat' dir='ltr'><strong>ignorantia.</strong></span> <span class='ocrx_word' id='word_1_855' title='bbox 2646 4953 2798 5010; x_wconf 88' lang='lat' dir='ltr'><strong>Unde</strong></span> <span class='ocrx_word' id='word_1_856' title='bbox 2846 4954 3199 5024; x_wconf 87' lang='lat' dir='ltr'><strong>intelligimus</strong></span> <span class='ocrx_word' id='word_1_857' title='bbox 3236 4969 3358 5009; x_wconf 93' lang='lat' dir='ltr'><strong>eum</strong></span> <span class='ocrx_word' id='word_1_858' title='bbox 3392 4956 3482 5025; x_wconf 89' lang='lat' dir='ltr'><strong>qui</strong></span> 
     </span>
    </p>
   </div>
   <div class='ocr_carea' id='block_1_109' title="bbox 1895 5047 3484 5120">
    <p class='ocr_par' dir='ltr' id='par_1_109' title="bbox 1895 5047 3484 5120">
     <span class='ocr_line' id='line_1_109' title="bbox 1895 5047 3484 5120; baseline -0.001 -16"><span class='ocrx_word' id='word_1_859' title='bbox 1895 5057 2082 5120; x_wconf 90' lang='lat' dir='ltr'><strong>peccat</strong></span> <span class='ocrx_word' id='word_1_860' title='bbox 2119 5049 2171 5104; x_wconf 93' lang='lat' dir='ltr'><strong>in</strong></span> <span class='ocrx_word' id='word_1_861' title='bbox 2209 5047 2575 5104; x_wconf 85' lang='lat' dir='ltr'><strong>adolescentia</strong></span> <span class='ocrx_word' id='word_1_862' title='bbox 2596 5088 2609 5112; x_wconf 92' lang='lat'><strong>,</strong></span> <span class='ocrx_word' id='word_1_863' title='bbox 2644 5057 2698 5102; x_wconf 90' lang='lat' dir='ltr'><strong>et</strong></span> <span class='ocrx_word' id='word_1_864' title='bbox 2729 5062 2834 5101; x_wconf 91' lang='lat' dir='ltr'><strong>non</strong></span> <span class='ocrx_word' id='word_1_865' title='bbox 2868 5047 3100 5116; x_wconf 83' lang='lat' dir='ltr'><strong>ignorat,</strong></span> <span class='ocrx_word' id='word_1_866' title='bbox 3133 5047 3344 5102; x_wconf 88' lang='lat' dir='ltr'><strong>veniam</strong></span> <span class='ocrx_word' id='word_1_867' title='bbox 3377 5063 3484 5104; x_wconf 89' lang='lat' dir='ltr'><strong>non</strong></span> 
     </span>
    </p>
   </div>
   <div class='ocr_carea' id='block_1_110' title="bbox 1894 5139 3484 5213">
    <p class='ocr_par' dir='ltr' id='par_1_110' title="bbox 1894 5139 3484 5213">
     <span class='ocr_line' id='line_1_110' title="bbox 1894 5139 3484 5213; baseline 0.001 -16"><span class='ocrx_word' id='word_1_868' title='bbox 1894 5141 2116 5198; x_wconf 89' lang='lat' dir='ltr'><strong>habere.</strong></span> <span class='ocrx_word' id='word_1_869' title='bbox 2142 5143 2344 5200; x_wconf 90' lang='lat' dir='ltr'><strong>Servus</strong></span> <span class='ocrx_word' id='word_1_870' title='bbox 2375 5143 2575 5213; x_wconf 86' lang='lat' dir='ltr'><strong>quippe</strong></span> <span class='ocrx_word' id='word_1_871' title='bbox 2602 5139 2692 5212; x_wconf 92' lang='lat' dir='ltr'><strong>qui</strong></span> <span class='ocrx_word' id='word_1_872' title='bbox 2724 5141 2875 5195; x_wconf 91' lang='lat' dir='ltr'><strong>novit</strong></span> <span class='ocrx_word' id='word_1_873' title='bbox 2903 5142 3240 5198; x_wconf 91' lang='lat' dir='ltr'><strong>voluntatem</strong></span> <span class='ocrx_word' id='word_1_874' title='bbox 3267 5143 3484 5200; x_wconf 89' lang='lat' dir='ltr'><strong>Domini</strong></span> 
     </span>
    </p>
   </div>
   <div class='ocr_carea' id='block_1_111' title="bbox 1892 5235 3486 5308">
    <p class='ocr_par' dir='ltr' id='par_1_111' title="bbox 1892 5235 3486 5308">
     <span class='ocr_line' id='line_1_111' title="bbox 1892 5235 3486 5308; baseline 0.001 -16"><span class='ocrx_word' id='word_1_875' title='bbox 1892 5236 1996 5305; x_wconf 87' lang='lat' dir='ltr'><strong>sui,</strong></span> <span class='ocrx_word' id='word_1_876' title='bbox 2029 5246 2082 5292; x_wconf 90' lang='lat' dir='ltr'><strong>et</strong></span> <span class='ocrx_word' id='word_1_877' title='bbox 2113 5251 2220 5292; x_wconf 89' lang='lat' dir='ltr'><strong>non</strong></span> <span class='ocrx_word' id='word_1_878' title='bbox 2247 5235 2373 5291; x_wconf 80' lang='lat' dir='ltr'><strong>facit</strong></span> <span class='ocrx_word' id='word_1_879' title='bbox 2405 5255 2416 5290; x_wconf 89' lang='lat'><strong>:</strong></span> <span class='ocrx_word' id='word_1_880' title='bbox 2446 5235 2720 5307; x_wconf 89' lang='lat' dir='ltr'><strong>vapulabit</strong></span> <span class='ocrx_word' id='word_1_881' title='bbox 2771 5235 2999 5290; x_wconf 90' lang='lat' dir='ltr'><strong>multum</strong></span> <span class='ocrx_word' id='word_1_882' title='bbox 3028 5235 3318 5308; x_wconf 66' lang='lat' dir='ltr'><strong>(Luam).</strong></span> <span class='ocrx_word' id='word_1_883' title='bbox 3355 5239 3486 5294; x_wconf 86' lang='lat' dir='ltr'><strong>0m-</strong></span> 
     </span>
    </p>
   </div>
   <div class='ocr_carea' id='block_1_112' title="bbox 1892 5326 3489 5401">
    <p class='ocr_par' dir='ltr' id='par_1_112' title="bbox 1892 5326 3489 5401">
     <span class='ocr_line' id='line_1_112' title="bbox 1892 5326 3489 5401; baseline -0.001 -15"><span class='ocrx_word' id='word_1_884' title='bbox 1892 5345 1992 5386; x_wconf 91' lang='lat' dir='ltr'><strong>nes</strong></span> <span class='ocrx_word' id='word_1_885' title='bbox 2023 5330 2124 5385; x_wconf 74' lang='lat' dir='ltr'><strong>vize</strong></span> <span class='ocrx_word' id='word_1_886' title='bbox 2161 5329 2412 5395; x_wconf 90' lang='lat' dir='ltr'><strong>Domini,</strong></span> <span class='ocrx_word' id='word_1_887' title='bbox 2445 5326 2818 5385; x_wconf 88' lang='lat' dir='ltr'><strong>misericordia</strong></span> <span class='ocrx_word' id='word_1_888' title='bbox 2875 5336 2929 5384; x_wconf 91' lang='lat' dir='ltr'><strong>et</strong></span> <span class='ocrx_word' id='word_1_889' title='bbox 2991 5327 3196 5384; x_wconf 87' lang='lat' dir='ltr'><strong>veritas</strong></span> <span class='ocrx_word' id='word_1_890' title='bbox 3229 5348 3242 5385; x_wconf 92' lang='lat'>:</span> <span class='ocrx_word' id='word_1_891' title='bbox 3273 5329 3396 5401; x_wconf 92' lang='lat' dir='ltr'><strong>quia</strong></span> <span class='ocrx_word' id='word_1_892' title='bbox 3432 5340 3489 5385; x_wconf 90' lang='lat' dir='ltr'><strong>et</strong></span> 
     </span>
    </p>
   </div>
   <div class='ocr_carea' id='block_1_113' title="bbox 1894 5419 3489 5492">
    <p class='ocr_par' dir='ltr' id='par_1_113' title="bbox 1894 5419 3489 5492">
     <span class='ocr_line' id='line_1_113' title="bbox 1894 5419 3489 5492; baseline -0.001 -14"><span class='ocrx_word' id='word_1_893' title='bbox 1894 5423 2007 5492; x_wconf 88' lang='lat' dir='ltr'><strong>ipsa</strong></span> <span class='ocrx_word' id='word_1_894' title='bbox 2037 5421 2437 5491; x_wconf 84' lang='lat' dir='ltr'><strong>misericordia,</strong></span> <span class='ocrx_word' id='word_1_895' title='bbox 2459 5420 2628 5492; x_wconf 68' lang='lat' dir='ltr'><strong>requis</strong></span> <span class='ocrx_word' id='word_1_896' title='bbox 2656 5428 2742 5477; x_wconf 89' lang='lat' dir='ltr'><strong>est</strong></span> <span class='ocrx_word' id='word_1_897' title='bbox 2767 5419 2967 5475; x_wconf 89' lang='lat' dir='ltr'><strong>librata</strong></span> <span class='ocrx_word' id='word_1_898' title='bbox 2996 5420 3352 5491; x_wconf 82' lang='lat' dir='ltr'><strong>ponderibus.</strong></span> <span class='ocrx_word' id='word_1_899' title='bbox 3377 5419 3489 5476; x_wconf 88' lang='lat' dir='ltr'><strong>Da-</strong></span> 
     </span>
    </p>
   </div>
   <div class='ocr_carea' id='block_1_114' title="bbox 1892 5513 3486 5572">
    <p class='ocr_par' dir='ltr' id='par_1_114' title="bbox 1892 5513 3486 5572">
     <span class='ocr_line' id='line_1_114' title="bbox 1892 5513 3486 5572; baseline -0.001 -2"><span class='ocrx_word' id='word_1_900' title='bbox 1892 5517 2020 5571; x_wconf 85' lang='lat' dir='ltr'><strong>cebit</strong></span> <span class='ocrx_word' id='word_1_901' title='bbox 2059 5525 2350 5572; x_wconf 85' lang='lat' dir='ltr'><strong>mansuetos</strong></span> <span class='ocrx_word' id='word_1_902' title='bbox 2399 5515 2508 5570; x_wconf 83' lang='lat' dir='ltr'><strong>rius</strong></span> <span class='ocrx_word' id='word_1_903' title='bbox 2549 5531 2692 5570; x_wconf 88' lang='lat' dir='ltr'><strong>suas.</strong></span> <span class='ocrx_word' id='word_1_904' title='bbox 2742 5513 3172 5570; x_wconf 84' lang='lat' dir='ltr'><strong>Misericordiam</strong></span> <span class='ocrx_word' id='word_1_905' title='bbox 3211 5523 3266 5569; x_wconf 90' lang='lat' dir='ltr'><strong>et</strong></span> <span class='ocrx_word' id='word_1_906' title='bbox 3288 5516 3486 5570; x_wconf 80' lang='lat' dir='ltr'><strong>veritaâ€”</strong></span> 
     </span>
    </p>
   </div>
   <div class='ocr_carea' id='block_1_115' title="bbox 1890 5607 3481 5679">
    <p class='ocr_par' dir='ltr' id='par_1_115' title="bbox 1890 5607 3481 5679">
     <span class='ocr_line' id='line_1_115' title="bbox 1890 5607 3481 5679; baseline 0.001 -16"><span class='ocrx_word' id='word_1_907' title='bbox 1890 5617 1998 5664; x_wconf 90' lang='lat' dir='ltr'><strong>tem</strong></span> <span class='ocrx_word' id='word_1_908' title='bbox 2027 5627 2040 5663; x_wconf 89' lang='lat'><strong><em>:</em></strong></span> <span class='ocrx_word' id='word_1_909' title='bbox 2071 5617 2126 5665; x_wconf 91' lang='lat' dir='ltr'><strong>et</strong></span> <span class='ocrx_word' id='word_1_910' title='bbox 2152 5617 2210 5663; x_wconf 89' lang='lat' dir='ltr'><strong>ut</strong></span> <span class='ocrx_word' id='word_1_911' title='bbox 2237 5623 2295 5664; x_wconf 91' lang='lat' dir='ltr'><strong>se</strong></span> <span class='ocrx_word' id='word_1_912' title='bbox 2322 5623 2387 5662; x_wconf 86' lang='lat' dir='ltr'><strong>ex</strong></span> <span class='ocrx_word' id='word_1_913' title='bbox 2418 5616 2530 5663; x_wconf 90' lang='lat' dir='ltr'><strong>toto</strong></span> <span class='ocrx_word' id='word_1_914' title='bbox 2567 5607 2734 5664; x_wconf 91' lang='lat' dir='ltr'><strong>corde</strong></span> <span class='ocrx_word' id='word_1_915' title='bbox 2765 5607 3027 5679; x_wconf 81' lang='lat' dir='ltr'><strong>diligant,</strong></span> <span class='ocrx_word' id='word_1_916' title='bbox 3081 5623 3201 5679; x_wconf 78' lang='lat' dir='ltr'><strong>qua:</strong></span> <span class='ocrx_word' id='word_1_917' title='bbox 3233 5616 3320 5664; x_wconf 88' lang='lat' dir='ltr'><strong>est</strong></span> <span class='ocrx_word' id='word_1_918' title='bbox 3355 5622 3481 5665; x_wconf 78' lang='lat' dir='ltr'><strong>vera</strong></span> 
     </span>
    </p>
   </div>
   <div class='ocr_carea' id='block_1_116' title="bbox 1889 5700 2622 5772">
    <p class='ocr_par' dir='ltr' id='par_1_116' title="bbox 1889 5700 2622 5772">
     <span class='ocr_line' id='line_1_116' title="bbox 1889 5700 2622 5772; baseline 0 -16"><span class='ocrx_word' id='word_1_919' title='bbox 1889 5700 1996 5757; x_wconf 93' lang='lat' dir='ltr'><strong>via.</strong></span> <span class='ocrx_word' id='word_1_920' title='bbox 2036 5703 2129 5760; x_wconf 87' lang='lat' dir='ltr'><strong>Sic</strong></span> <span class='ocrx_word' id='word_1_921' title='bbox 2157 5703 2302 5758; x_wconf 90' lang='lat' dir='ltr'><strong>enim</strong></span> <span class='ocrx_word' id='word_1_922' title='bbox 2330 5701 2577 5772; x_wconf 90' lang='lat' dir='ltr'><strong>sequitur</strong></span> <span class='ocrx_word' id='word_1_923' title='bbox 2611 5719 2622 5756; x_wconf 93' lang='lat'>:</span> 
     </span>
    </p>
   </div>
   <div class='ocr_carea' id='block_1_117' title="bbox 1969 5795 3492 5857">
    <p class='ocr_par' dir='ltr' id='par_1_117' title="bbox 1969 5795 3492 5857">
     <span class='ocr_line' id='line_1_117' title="bbox 1969 5795 3492 5857; baseline 0.003 -5"><span class='ocrx_word' id='word_1_924' title='bbox 1969 5796 2233 5854; x_wconf 73' lang='lat' dir='ltr'><strong>Universa&#39;</strong></span> <span class='ocrx_word' id='word_1_925' title='bbox 2269 5801 2364 5854; x_wconf 71' lang='lat' dir='ltr'><strong>via!</strong></span> <span class='ocrx_word' id='word_1_926' title='bbox 2399 5795 2610 5854; x_wconf 90' lang='lat' dir='ltr'><strong>Domini</strong></span> <span class='ocrx_word' id='word_1_927' title='bbox 2639 5796 3003 5853; x_wconf 86' lang='lat' dir='ltr'><strong>misericordia</strong></span> <span class='ocrx_word' id='word_1_928' title='bbox 3043 5806 3090 5852; x_wconf 86' lang='lat' dir='ltr'><strong>et</strong></span> <span class='ocrx_word' id='word_1_929' title='bbox 3131 5799 3336 5857; x_wconf 73' lang='lat' dir='ltr'><strong>veritas.</strong></span> <span class='ocrx_word' id='word_1_930' title='bbox 3385 5797 3492 5857; x_wconf 78' lang='lat' dir='ltr'><strong>Mi-</strong></span> 
     </span>
    </p>
   </div>
  </div>
