3944 6334
499 253 595 313 891
1279 264 1622 325 APPENDlX
1662 265 1755 322 AD
1796 268 2043 326 τυιιυιι
2082 267 2437 328 SEPTIMUM
2477 269 2538 326 S.
2581 269 2988 330 lllERONYMI.
3657 281 3746 339 88i

491 374 945 447 sericordia,quia
971 392 1070 435 nos
1092 378 1328 436 redemit
1362 399 1374 434 :
1410 388 1460 437 et
1490 381 1703 447 veritas,
1725 385 1857 455 quia
1887 384 2091 457 impios
2113 385 2164 448 Α
2191 386 2375 456 quitur
2411 384 2477 440 ad
2517 384 2823 445 Christum.
2879 387 3259 455 Humilitatem,
3313 391 3436 463 quia
3493 392 3750 456 humiliant

483 464 770 536 iudicabit.
802 466 984 525 Dulcis
1010 481 1057 526 et
1086 481 1252 527 rectus
1283 470 1540 527 Dominus
1565 491 1583 529 :
1614 473 1741 545 quia
1768 478 1859 546 qui
1888 492 1948 535 se
1974 479 2076 535 mi-
2185 493 2303 534 eam
2336 488 2667 549 peccatores.
2708 480 2983 552 Laborem,
3018 483 3071 538 in
3097 482 3464 540 tribulatione.
3485 484 3552 540 Et
3577 488 3749 547 dimitte

488 570 670 615 serum
697 560 1021 633 confitetur,
1057 564 1347 619 miseretur
1373 565 1451 620 illi
1484 567 1645 624 Deus.
1683 567 2081 642 Requirentibus
2185 574 2359 631 omnia
2385 574 2572 630 delicta
2600 590 2734 629 mea.
2788 575 2980 648 Populi
3037 575 3259 647 delicta,
3292 594 3415 650 quae
3455 580 3507 635 iu
3537 598 3620 638 me
3643 598 3748 642 sus-

488 660 849 709 testamentum
888 659 1023 727 ejus.
1054 655 1170 712 Illis
1200 655 1327 713 facit
1359 658 1825 727 misericordiam,
1856 663 1947 734 qui
1996 679 2080 719 re-
2180 665 2323 736 cepi.

486 744 712 817 quiruut
761 761 961 803 novum
1013 749 1424 807 Testamentum
1466 769 1621 825 :quo
1666 769 1764 812 uos
1811 756 2078 829 sanguine
2255 755 3749 836 Respiceinimicosmeos:Judaeosutique,utconfundan-

483 854 585 896 suo
606 842 980 899 reconciliavit
1014 841 1125 901 Deo
1148 844 1320 902 Patri.
1350 844 1419 901 Et
1451 849 1743 905 testimonia
1772 854 1905 924 ejus.
1937 850 2077 911 Pro-
2181 860 2287 907 tur.
2317 851 2531 924 Respice
2559 854 2793 909 inimicos
2814 872 2977 925 meos,
3000 859 3243 920 quoniam
3269 860 3597 932 multiplicati
3619 877 3737 920 sunt.

490 932 684 1002 pltetas
712 942 767 990 et
804 936 1081 1006 προδιοιοε
1114 956 1127 993 ;
1161 954 1391 1012 quorum
1428 940 1757 1000 testimoniis
1779 953 1864 1001 est
1890 946 2077 1004 Eccle-
2179 943 2295 1000 Vox
2330 945 2585 1003 Ecclesia:
2605 946 2673 1004 de
2706 950 3171 1019 persecutoribus.
3204 950 3339 1007 Odia
3358 955 3537 1027 iniquo
3553 955 3745 1015 oderunt

483 1024 563 1079 sia
596 1037 946 1099 congregata.
2177 1054 2279 1097 me.
2338 1037 2583 1111 Iniquum
2615 1040 2800 1096 odium
2823 1040 2891 1098 ad
2923 1042 3333 1101 distinctionem
3360 1024 3497 1116 justi
3546 1049 3742 1109 dicitur.

558 1118 780 1192 Propter
800 1139 987 1179 nomen
1009 1133 1176 1190 tuum.
1210 1126 1450 1196 Domine,
1480 1132 1844 1202 propitiaberis
1864 1145 2073 1207 peccato
2174 1130 2234 1191 Si
2275 1133 2421 1189 enim
2466 1150 2573 1192 non
2600 1136 2849 1193 odissent
2880 1153 2990 1207 me,
3026 1154 3131 1195 non
3176 1141 3364 1212 utique
3409 1143 3743 1202 condemnas-

481 1230 614 1271 meo.
658 1214 774 1272 Non
817 1229 1041 1288 propter
1081 1236 1200 1275 mea
1250 1223 1442 1278 merita
1468 1268 1482 1293 ,
1534 1223 1630 1280 sed
1660 1236 1883 1297 propter
1924 1236 2071 1286 tuam
2173 1234 2517 1284 scutmorte.

477 1305 930 1367 misericordiam.
969 1310 1200 1367 Multum
1228 1322 1303 1368 est
1336 1315 1497 1370 enim.
1523 1313 1741 1373 Grande
1767 1327 1851 1375 est
1874 1334 2067 1391 peccao
2245 1316 2458 1374 Custodi
2486 1320 2714 1375 animam
2766 1337 2956 1392 meam,
2986 1332 3035 1378 et
3063 1324 3203 1397 eripe
3229 1342 3326 1384 me.
3363 1325 3609 1384 Ecclesia
3633 1344 3744 1402 sup.

480 1408 591 1457 tum
622 1417 821 1459 meum.
855 1403 1074 1460 Grande
1104 1415 1208 1470 est,
1239 1407 1435 1476 inquit,
1463 1411 1719 1478 generale
1756 1424 2065 1482 peccatum:
2170 1409 2336 1479 plicat
2380 1420 2437 1475 ut
2471 1411 2815 1467 custodiatur
2869 1423 2923 1468 et
2978 1414 3244 1485 eripiatur
3304 1416 3373 1471 ab
3412 1420 3562 1474 omni
3602 1420 3741 1477 malo.

472 1494 614 1565 quod
646 1495 747 1551 nisi
776 1497 915 1552 Deus
947 1514 1041 1568 per
1074 1500 1398 1571 baptismum
1426 1500 1609 1561 delere
1637 1503 1887 1576 dignetur
1907 1548 1923 1577 ,
1971 1507 2067 1567 ali-
2172 1497 2295 1556 Non
2325 1504 2640 1574 confundar,
2670 1503 2795 1576 quia
2815 1506 3051 1562 invocavi
3077 1517 3143 1563 te.
3175 1508 3230 1563 In
3253 1525 3447 1565 manus
3484 1521 3600 1567 tuas
3626 1529 3745 1571 com-

474 1598 559 1644 ter
589 1604 693 1647 non
725 1591 999 1650 abluetur.
2167 1595 2368 1652 mendo
2393 1596 2641 1667 Spiritum
2687 1614 2888 1655 meum.
2923 1598 3047 1656 Non
3069 1607 3385 1677 confunaar,
3440 1622 3612 1679 neque
3651 1607 3740 1679 hic,

546 1682 675 1750 Quis
704 1694 780 1738 est
801 1684 955 1741 homo
980 1690 1069 1756 qui
1094 1691 1237 1746 timet
1269 1691 1550 1751 Dominum
1575 1713 1594 1753 ε
1620 1697 1784 1771 legem
1817 1703 1997 1758 ,εαιηίι
2018 1704 2067 1761 εξ
2169 1703 2345 1760 neque
2377 1688 2427 1743 iu
2460 1688 2665 1757 futuro,
2688 1690 2812 1764 quia
2835 1691 3068 1748 invocavi
3088 1704 3153 1750 te.

467 1774 521 1835 in
555 1774 636 1829 via
658 1791 813 1847 quam
834 1778 1009 1850 elegit.
1043 1780 1111 1836 υι
1136 1782 1202 1839 ad
1243 1799 1307 1840 ea
1342 1802 1461 1857 qua,
1489 1788 1684 1861 θιθείι,
1724 1792 2069 1856 deﬂeam“...
2097 1786 2143 1851 Β
2243 1780 2555 1838 Innocentes
2600 1794 2649 1839 et
2694 1784 2822 1840 recti
2867 1786 3190 1844 adhaeserunt
3243 1788 3393 1847 mihi.
3441 1790 3742 1865 Innoceutes,

468 1866 659 1925 Simile
699 1868 825 1926 huic
855 1885 950 1941 per
981 1873 1200 1947 Moysen
1232 1877 1301 1933 ad
1345 1882 1604 1950 populum
1644 1884 1903 1943 Dominus
1939 1904 2067 1960 ριιο-
2172 1877 2261 1945 (ιιιί
2292 1876 2585 1945 puritatem
2610 1879 2737 1934 ViliB
2763 1879 2831 1934 ab
2860 1879 3088 1936 exordio
3137 1881 3444 1939 nativitatis
3495 1885 3745 1941 custodie-

468 1964 722 2027 tc3tatur,
749 1962 938 2019 dicens
973 1978 988 2020 :
1014 1964 1157 2022 Ecce
1186 1968 1342 2024 hodie
1372 1973 1533 2028 statui
1562 1984 1686 2031 ante
1717 1979 1903 2034 oculos
1940 1987 2025 2038 ιιι(

2185 1978 2317 2025 runt.
2352 1965 2670 2027 Sicuteollo
2701 1970 3135 2044 adhaeretcaput,
3159 1984 3214 2030 et
3234 1977 3482 2032 membra
3504 1978 3742 2035 iueodcm

470 2051 718 2122 iguemet
744 2070 961 2128 aquam,
990 2058 1189 2115 bonum
1214 2070 1267 2117 et
1291 2065 1518 2132 malum,
1545 2067 1708 2124 vitam
1728 2078 2060 2131 amonem;
2167 2076 2404 2133 corpore
2434 2063 2785 2121 continentur
2817 2082 2829 2118 :
2867 2065 2945 2121 sic
2976 2075 3033 2121 et
3064 2062 3314 2123 Ecclesia
3369 2084 3467 2138 per
3506 2070 3743 2140 justitiam

466 2144 608 2216 elige
633 2148 823 2216 vitam,
849 2158 908 2206 et
930 2150 1081 2207 vives
1107 2150 1304 2221 (Deut.
1329 2157 1494 2219 xxx).
2166 2154 2400 2209 adhmsit
2437 2152 2683 2222 Christo,
2717 2164 2773 2211 et
2800 2156 3040 2212 membra
3071 2157 3186 2229 ejus
3213 2157 3266 2213 in
3291 2159 3487 2215 eodem
3535 2176 3744 2234 corpore

536 2238 722 2297 Anima
746 2244 860 2315 ejus
887 2243 943 2298 in
962 2243 1109 2300 bonis
1136 2245 1505 2304 demorabitur.
1537 2251 1593 2306 Si
1622 2252 1849 2324 elegerit
1874 2256 2061 2315 vitam.

2180 2250 2535 2304 :Oatiuentur.
2565 2247 2899 2317 Innocentes,
2933 2250 2983 2304 id
3005 2259 3111 2318 est,
3155 2266 3509 2309 successores
3548 2263 3737 2325 aposto-

464 2329 533 2387 Et
553 2349 725 2387 semen
753 2338 869 2408 ejus
891 2337 1216 2394 ntereditabit
1246 2342 1579 2400 terram.Per
1605 2360 1770 2414 opera
1798 2346 2027 2418 iustitia:
2044 2390 2064 2418 ,
2165 2339 2368 2408 lorum,
2390 2341 2471 2396 vel
2495 2343 2680 2398 caeteri
2703 2344 2876 2397 sancti
2906 2352 2961 2399 et
2982 2344 3136 2410 recti,
3163 2360 3397 2415 quorum
3420 2360 3518 2401 cor
3539 2364 3638 2402 non
3660 2348 3743 2403 fuit

462 2421 833 2483 haereditatem
883 2430 1058 2500 capiet
1085 2432 1137 2486 in
1187 2435 1408 2504 regione
1439 2439 1713 2494 vivorum.
1749 2438 1848 2497 Vel
1882 2442 2019 2497 anim

2186 2449 2482 2491 terversum
2512 2442 2634 2507 post
2655 2436 2787 2491 deos
2820 2437 3051 2492 alienos.
3106 2439 3451 2495 Adhteserunt
3500 2443 3641 2513 mihi,
3669 2458 3742 2499 re-

461 2521 577 2591 ejus
601 2520 655 2573 in
685 2520 833 2578 bonis
861 2524 1214 2581 demorabitur
1236 2543 1252 2581 .-
1276 2527 1333 2585 id
1358 2537 1461 2598 est,
1488 2532 1726 2604 spei-abii
1753 2534 1804 2590 in
1821 2535 2060 2606 prii-"iii;
2164 2529 2401 2584 vertenti
2421 2545 2490 2583 ex
2513 2529 2722 2586 inferis.
2750 2529 3010 2596 Quoniam
3040 2531 3267 2587 sustinui
3293 2542 3359 2601 te,
3386 2532 3630 2591 Domine.
3652 2534 3742 2592 lm-

458 2611 654 2669 futuris
679 2634 692 2669 :
721 2624 775 2671 et
801 2633 990 2674 semen
1014 2619 1134 2690 ejus
1160 2620 1481 2679 haereditate
1505 2626 1803 2695 possidebit
1832 2638 2015 2684 terran

1550 2626 1803 2683 pssidebit
1832 2638 2055 2689 terram,
2160 2619 2334 2691 plcvi,
2363 2620 2543 2686 Pater,
2570 2622 2903 2677 voluntatem
2938 2630 3107 2679 tuam.

461 2703 653 2761 Semen
679 2712 816 2780 ejus,
847 2724 1014 2780 Opera
1046 2712 1183 2783 ejus,
1215 2714 1550 2784 possidebunt
1579 2730 1769 2779 terram
1801 2736 1822 2777 ς
1866 2718 1919 2776 id
1945 2730 2051 2789 εει,
2232 2711 2415 2767 Libera
2444 2730 2545 2779 me,
2573 2711 2721 2768 Deus
2746 2711 2934 2782 Israel,
2970 2730 3032 2769 ea:
3058 2715 3295 2770 omnibus
3336 2715 3739 2772 tribulationibus

457 2797 623 2855 vitam
655 2810 942 2862 aeternam.
2157 2804 2299 2859 meis.
2348 2804 2417 2862 Ut
2471 2805 2603 2861 mihi
2676 2820 2827 2861 mors
2877 2806 3019 2862 ultra
3076 2822 3183 2862 non
3231 2809 3739 2865 domineturzsicut

530 2889 941 2953 Firmamentum
967 2908 1041 2952 εει
1066 2898 1321 2957 Domina;
1352 2903 1649 2961 timentibus
1674 2922 1810 2967 gum,
1835 2905 1945 2964 Nos
1972 2909 2052 2971 in-
2154 2899 2452 2971 Apostolus
2481 2899 2559 2953 ait
2589 2916 2601 2953 :
2627 2898 2833 2955 Scitote
2878 2903 3001 2972 quia
3052 2901 3302 2957 Christus
3355 2918 3642 2975 resurgens
3678 2918 3736 2958 cx

455 2984 598 3041 ﬁrmi
628 2997 685 3042 et
740 2988 1042 3047 imbecilles
1072 3008 1259 3048 mimus
1285 3014 1296 3048 ε
1325 2998 1419 3051 sed
1448 2998 1517 3051 ab
1547 2998 1639 3053 illo
1668 2998 1953 3061 hortamur
1981 3018 2051 3063 ne
2154 2993 2405 3060 mortuis,
2434 2990 2546 3063 jam
2574 3010 2681 3049 non
2715 2993 2970 3062 moritur,
2998 3010 3145 3051 mors
3167 2996 3240 3051 illi
3265 2997 3407 3052 ultra
3437 3013 3545 3054 nou
3574 2998 3736 3053 domi-

452 3078 522 3133 ab
550 3077 713 3150 hujus
739 3083 925 3138 saeculi
951 3084 1212 3142 ﬂuctibus
1237 3089 1561 3158 quatiatuur.
1587 3089 1656 3146 Et
1687 3102 2009 3155 testamentut

2179 3086 2376 3141 labitur
2398 3086 2580 3158 (Rom.
2611 3086 2712 3161 v1).
2736 3088 3026 3144 Sciendum
3057 3099 3266 3158 tamen,
3295 3090 3441 3160 quod
3473 3090 3736 3146 humilitas

449 3173 616 3244 ipsius
664 3184 718 3230 ut
750 3178 1106 3250 manifestatur
1154 3179 1282 3235 illis.
1339 3183 1454 3239 lloc
1497 3191 1809 3243 estnovum
1862 3181 2118 3245 Testa-C
2152 3180 2420 3236 orationis
2461 3196 2568 3235 nou
2617 3181 2685 3236 ad
2740 3181 3104 3252 divinitatem,
3155 3183 3248 3239 sed
3280 3183 3347 3238 ad
3381 3184 3729 3239 humilitatem

451 3276 718 3325 mentum.
743 3267 856 3327 Lex
885 3287 1006 3343 qua:
1035 3288 1157 3328 eum
1188 3277 1530 3335 annuntiavit
1561 3294 1658 3351 per
1690 3279 1927 3341 litteram
1957 3300 2008 3341 νε

2171 3282 2443 3345 ιεευιιιριω
2473 3274 2653 3329 carnis
2678 3283 2762 3329 est
2794 3272 3104 3332 referenda.
3138 3275 3248 3331 Nos
3302 3292 3429 3332 vero
3477 3277 3728 3349 deprece-

450 3360 577 3430 lata,
613 3362 663 3416 iu
692 3362 912 3420 Christo
942 3366 1345 3425 manifestatur.
2150 3382 2270 3421 mur
2305 3365 2611 3438 Dmuinum,
2646 3374 2704 3423 ut
2731 3368 2975 3423 viventes
3016 3370 3376 3435 immaculati,
3406 3372 3473 3427 ab
3507 3371 3730 3427 inferna-

527 3455 682 3510 Uculi
722 3458 820 3512 mei
866 3475 1064 3529 semper
1104 3462 1173 3515 ad
1218 3461 1501 3519 Dominum
1528 3465 1548 3538 (
1573 3464 1721 3525 Eccl,
1748 3484 1788 3524 ιι
1810 3468 1852 3543 ),
1891 3468 2043 3529 οουιῑ
2145 3458 2288 3515 libus
2313 3461 2571 3530 angustiis
2605 3461 2822 3517 liberari
2855 3476 3185 3518 mercamur.
3219 3464 3354 3530 Quia
3406 3466 3625 3519 sustinui
3664 3475 3725 3533 te,

448 3547 631 3603 cordis
664 3550 869 3607 intenta
900 3563 1081 3607 incute
1107 3554 1172 3609 atl
1204 3555 1373 3611 Deum
1414 3575 1428 3611 :
1462 3558 1532 3613 de
1581 3560 1775 3630 quibus
1806 3562 2003 3619 dicitur

2168 3549 2384 3606 Domine.
2415 3548 2601 3613 Libera
2624 3570 2724 3622 me,
2755 3552 2891 3608 Deus
2914 3552 3105 3609 Israel.
3139 3553 3331 3618 Israel.
3365 3555 3418 3611 id
3462 3568 3571 3623 cst,
3620 3557 3725 3612 ani-

450 3647 603 3703 ocun
654 3650 919 3719 sapientis
954 3652 1006 3706 in
1039 3653 1216 3725 capite
1242 3652 1383 3725 eius.
1428 3654 1566 3724 Quia
1610 3659 1718 3730 ipse
1765 3659 1945 3717 ευειιοι
1980 3661 2043 3717 (ιε
2144 3660 2352 3699 marum
2376 3640 2677 3701 videntium
2699 3647 2893 3704 Deum.
2943 3648 3021 3704 Ex
3046 3652 3306 3706 omnibus
3355 3653 3637 3722 augusﬁis,
3663 3667 3721 3705 es:

449 3739 636 3814 laqueo
658 3744 813 3814 pedes
843 3760 983 3800 uaeas
1010 3761 1027 3801 :
1050 3746 1153 3803 hoc
1179 3758 1284 3813 est.
1307 3748 1375 3806 de
1399 3749 1594 3822 laqueo
1620 3752 1823 3810 diaboli
1846 3770 2006 3815 sensu

1471 3766 1594 3822 μιθο
1620 3752 2043 3815 αίαιιοιίεοιηυε
2145 3736 2381 3791 omnibus
2422 3738 2839 3795 tribulationibus
2883 3738 3028 3795 meis.

447 3850 635 3903 meos,
679 3852 707 3891 a
739 3854 847 3909 quo
876 3844 1029 3910 prius
1059 3856 1157 3912 per
1185 3843 1487 3917 voluptates
1516 3846 1703 3902 smculi
1725 3848 2001 3920 capiebar.
2672 3851 2991 3910 PSALMUS
3030 3852 3199 3911 XXV.

500 3928 779 4034 Βξδνίεθίη
795 3948 895 4037 me}
914 3933 1340 4040 “wiseraemé‘
1357 3934 1596 4040 ῃθδνί-θθν
1613 3938 2037 4011 ίτδθδίυιθτίυηη
2144 3966 2210 4025 In
2238 3970 2415 4040 linem.
2448 3970 2690 4027 Psalmus
2723 3971 2916 4029 David.
2939 3974 3186 4031 l’sitlmus
3217 3975 3321 4032 iste
3347 3977 3415 4033 de
3437 3977 3650 4034 homine
3675 3983 3727 4034 et

442 4031 489 4076 et
512 4022 771 4090 miserere,
791 4025 917 4095 quia
940 4027 1103 4083 miser
1115 4044 1258 4084 sum.
1282 4028 1414 4097 Quia
1431 4032 1615 4087 unicus
1637 4040 1683 4087 et
1705 4048 1903 4105 pauper
1922 4051 2042 4093 sum
2178 4022 2432 4099 ἰἔιιῆέὶὸ
2448 4022 2757 4099 Ριξξἶεῖίᾶιῖ
2775 4022 3724 4107 Ei"t3MiE"E§:éié§i£'i§'€itiisi&

435 4131 551 4186 ego.
572 4115 654 4171 Ad
681 4116 961 4174 Christum
991 4123 1226 4190 pertinet
1251 4123 1400 4192 :quia
1431 4122 1678 4182 Christus
1704 4127 1894 4183 unicus
1919 4129 2039 4185 sine
2211 4112 2471 4184 Ρθτῖθεῑεε
2500 4114 2749 4170 “mmet
2775 4130 2988 4172 Vocem-

440 4218 663 4278 pcccato
678 4228 690 4263 :
708 4219 766 4265 ut
780 4211 855 4266 ait
870 4212 1161 4283 propheta:
1185 4214 1287 4283 Qui
1314 4226 1590 4285 peccatum
1612 4233 1717 4276 non
1739 4218 2039 4294 fecit(lsai.
2207 4225 2398 4283 Indica
2417 4243 2517 4295 me,
2542 4225 2786 4297 Domine,
2819 4232 3066 4305 quoniam
3091 4248 3185 4304 ego
3218 4233 3274 4288 in
3304 4236 3593 4291 innocentia
3614 4251 3723 4292 mea

441 4298 579 4370 Lm).
598 4300 809 4372 Pauper
822 4319 921 4373 pro
937 4306 1113 4377 uobis,
1133 4316 1190 4362 ut
1211 4308 1407 4363 Paulus
1428 4309 1586 4365 dicit:
1615 4311 1857 4379 Quicqu
1881 4313 2036 4371 dives
2132 4323 2393 4395 ingressus
2421 4340 2553 4379 sum.
2590 4324 2659 4381 Ut
2686 4327 2757 4381 sit
2787 4298 2918 4381 mihi
2948 4341 3047 4398 per
3075 4298 3345 4399 judicium
3395 4342 3538 4387 tuum
3566 4333 3721 4387 misc-

437 4403 605 4457 esset,
630 4409 834 4465 pauper
855 4396 1025 4454 iactus
1044 4409 1225 4468 est,ut
1248 4401 1394 4457 illius
1412 4403 1590 4476 inopia
1610 4420 1711 4462 nos
1730 4404 1931 4462 divites
1949 4422 2034 4463 es—
2134 4413 2368 4471 ricordia
2403 4435 2413 4470 :
2444 4418 2700 4488 quoniam
2750 4434 2849 4489 per
2897 4396 3233 4478 innocentiae
3292 4425 3511 4495 gradior
3552 4428 3713 4480 viam.

434 4499 618 4541 semus
643 4486 707 4558 (ll
735 4488 855 4545 Cor.
883 4490 1021 4563 vut).
1048 4493 1139 4549 Vel
1166 4494 1380 4564 unicus,
1407 4498 1642 4567 pepulus
1661 4496 2029 4561 Christianus.
2058 4568 2103 4583 υ
2134 4507 2394 4578 Superius
2422 4486 2628 4565 dictum
2660 4486 2790 4567 esti:
2823 4510 3019 4568 Judica
3058 4530 3158 4583 me,
3204 4486 3444 4572 Domine.
3481 4516 3593 4572 Vox
3619 4516 3715 4571 Ec-

431 4577 541 4635 Sed
564 4578 702 4636 bene
729 4595 789 4639 se
817 4584 1035 4641 unicum
1065 4586 1219 4654 dicit,
1247 4590 1373 4659 quia
1400 4592 1707 4665 unigenitus
1729 4594 2026 4655 estPatris.
2056 4568 2106 4629 υ
2132 4601 2315 4657 elesiae
2345 4602 2412 4659 ad
2440 4602 2736 4661 Christum.
2768 4604 2964 4662 Judica
2994 4625 3097 4675 me,
3141 4625 3250 4667 non
3278 4611 3419 4683 quod
3464 4612 3717 4683 judicium

428 4672 531 4740 Qui
561 4689 767 4751 pauper
800 4687 958 4733 natus
989 4680 1041 4734 in
1066 4695 1253 4750 carne,
1283 4682 1460 4741 lactus
1503 4694 1590 4743 est
1630 4688 1850 4745 unicum
1908 4706 2032 4760 pre-
2131 4693 2374 4752 futurum
2401 4707 2557 4769 roget
2579 4713 2609 4754 a
2643 4700 2776 4771 Deo,
2809 4702 2905 4757 sed
2936 4672 3322 4763 discretionem
3357 4724 3372 4765 ;
3420 4672 3489 4764 de
3533 4722 3631 4775 qua
3665 4707 3713 4759 iu

427 4766 562 4820 tium
589 4768 797 4824 mundi.
835 4768 975 4838 Quia
1001 4774 1185 4830 unicus
1216 4784 1262 4831 et
1292 4794 1491 4851 pauper
1520 4797 1635 4835 sum
1670 4799 1785 4853 ego.
1842 4781 1933 4840 Sic
1974 4794 2030 4842 et
2125 4787 2237 4844 alio
2267 4766 2490 4859 psalmo
2527 4791 2797 4864 legimus:
2823 4793 3013 4851 Judica
3038 4812 3147 4863 me,
3172 4797 3345 4867 Deus,
3370 4810 3426 4856 et
3473 4800 3712 4855 discerne

423 4858 576 4915 Elias
606 4862 755 4917 solus
776 4866 1038 4921 remansit
1061 4867 1155 4940 (Ill
1179 4867 1531 4943 Reg..xvut):
1564 4875 1907 4934 ctJeremias
1933 4893 2024 4934 so-
2126 4858 2346 4940 causam
2373 4900 2551 4943 meam
2582 4858 2757 4961 ξΡεαι.
2790 4889 2920 4959 χιιι)
2950 4907 2964 4947 :
2996 4889 3099 4948 hoc
3120 4900 3228 4962 est,
3254 4858 3446 4951 tit-non
3478 4909 3556 4949 me
3571 4892 3712 4963 judi-

424 4952 508 5009 lus
535 4956 677 5012 sedit
698 4967 755 5013 et
779 4958 952 5027 ﬂevit,
980 4977 1009 5017 a
1033 4961 1192 5017 malis
1231 4963 1546 5023 hominibus
1589 4980 1873 5040 separatus
1906 4970 2019 5045 (Je-
2125 4989 2218 5031 ces
2249 4977 2301 5033 in
2328 4976 2535 5046 futuro,
2562 4952 2704 5039 sicut
2724 4982 2908 5035 caeteri
2933 4993 3251 5051 peceatores
3269 4985 3539 5056 iudicandi
3562 4994 3707 5041 sunt.

421 5064 550 5103 rem.
584 5049 674 5123 xv)
706 5067 719 5105 :
752 5050 906 5108 Unde
927 5062 986 5111 et
1010 5053 1180 5110 David
1210 5057 1342 5113 alibi
1370 5058 1503 5116 dicit
1536 5078 1547 5113 :
1585 5060 1837 5121 Habitare
1891 5065 2019 5122 facit
2128 5065 2385 5135 Quoniam
2426 5085 2520 5141 ego
2547 5071 2600 5125 in
2632 5049 2948 5131 innocentia
2974 5090 3088 5129 mea
3138 5049 3403 5150 ingressus
3436 5096 3561 5134 sum.
3608 5077 3710 5132 Pro

420 5142 580 5197 unius
603 5143 771 5200 moris
801 5144 855 5203 in
878 5145 1041 5203 domo
1077 5147 1249 5221 (Psal.
1292 5151 1481 5226 vau).
2122 5171 2276 5234 parte
2297 5177 2397 5223 sua
2418 5163 2554 5222 dicit
2597 5166 2862 5223 Ecclesia.
2893 5169 2971 5225 Ac
2993 5169 3039 5224 si
3062 5142 3218 5227 dicat
3237 5188 3251 5226 :
3282 5171 3475 5228 Parata
3494 5187 3604 5227 sum
3629 5172 3709 5225 iu—

492 5234 877 5295 Tribulationes
900 5242 1072 5297 cordis
1092 5244 1190 5299 mei
1212 5247 1568 5318 multiplicatio
1595 5260 1737 5308 sunt.
1766 5252 1870 5313 Per
1891 5270 2014 5327 pas-
2120 5266 2384 5313 nocenter
2412 5258 2617 5327 virere,
2646 5260 2772 5330 quia
2802 5260 2932 5316 uulli
2984 5264 3188 5328 nocuit,
3223 5280 3322 5320 nec
3352 5280 3539 5321 nocere
3564 5262 3708 5319 desi-

416 5327 657 5386 siouem.
691 5329 771 5386 De
796 5335 1181 5391 necessitatibus
1204 5339 1328 5394 meis
1356 5356 1478 5397 erue
1500 5358 1599 5398 me.
1646 5342 2010 5404 Necessitates
2116 5347 2274 5405 derat
2296 5346 2563 5407 Ecclesia.
2599 5327 2871 5422 Ingressus
2896 5368 3032 5423 sum,
3082 5353 3132 5410 id
3162 5366 3269 5424 est,
3302 5355 3443 5411 inter
3470 5362 3707 5426 peccato-

418 5437 554 5481 meaa
576 5431 723 5495 sunt,
751 5424 989 5485 uthomo
1029 5446 1127 5502 pro
1150 5429 1462 5491 hominibus
1487 5437 1712 5504 moriar,
1735 5443 1790 5492 et
1827 5436 1951 5494 ideo
1980 5452 2010 5495 a
2116 5458 2226 5512 res,
2249 5440 2338 5501 ubi
2358 5459 2531 5515 usmte
2555 5446 2611 5503 in
2638 5443 2795 5501 linem
2823 5444 3054 5503 habitat.
3082 5446 3148 5502 Et
3170 5449 3221 5502 in
3246 5424 3483 5503 Domino
3496 5462 3704 5517 sperans

419 5527 475 5576 te
500 5519 725 5591 eripiar,
760 5530 821 5577 ut.
845 5539 1152 5598 resurgam.
2119 5552 2225 5592 non
2278 5536 2534 5608 inﬁrmor.
2590 5537 2698 5596 Sed
2745 5539 2932 5595 lirmor
2958 5540 3011 5596 in
3044 5536 3168 5596 ﬁde.
3223 5540 3348 5596 Non
3377 5541 3621 5613 inﬁt-mor,
3648 5540 3699 5595 id

497 5611 627 5668 Vide
654 5612 995 5672 humilitatem
1009 5634 1194 5675 meam.
1217 5620 1323 5679 Pct‘
1342 5638 1505 5694 quam
1528 5640 1751 5685 carnem
1770 5630 2011 5702 suscepi.
2118 5638 2222 5701 est,
2248 5630 2386 5687 inter
2412 5631 2508 5689 bos
2540 5642 2854 5704 peccatores
2882 5649 2895 5687 :
2922 5643 3205 5705 propterea
3220 5635 3343 5707 quia
3368 5611 3497 5692 inite
3519 5647 3697 5706 spero:

419 5704 488 5759 Et
516 5704 744 5760 laborem
770 5725 956 5763 meum.
985 5712 1104 5779 Quo
1136 5717 1295 5772 morti
1324 5716 1548 5775 subdor.
1573 5718 1665 5777 Vel
1704 5720 1887 5778 aliter.
1926 5722 2014 5778 Vi-
2117 5739 2224 5782 non
2250 5725 2303 5780 in
2328 5741 2437 5783 me.

423 5795 489 5851 de
510 5798 850 5859 humilitatem
872 5818 1038 5861 ineant
1085 5814 1134 5862 et
1153 5807 1377 5869 laborem
1407 5828 1597 5873 meum.
1642 5812 1892 5875 Ecclesia
1934 5816 2013 5875 ιο·
2188 5817 2364 5877 Proba
2412 5834 2513 5888 me,
2568 5819 2803 5892 Domine,
2826 5828 2872 5876 et
2912 5828 3058 5881 tenta
3085 5837 3182 5878 nte.
3212 5821 3433 5885 Probari
3460 5836 3517 5883 se
3539 5828 3689 5899 rogat
