3944 6334
225 215 329 272 893
1138 210 1568 271 BHEVIABIUM
1608 210 1675 269 ιω
1714 209 1797 269 PS

1929 212 2053 268 lOS.
2096 211 2219 271 PSA
2229 212 2343 269 ιιι.
2385 210 2574 271 XXVI.
3401 211 3508 271 89b

224 334 488 401 Ecclesia,
520 340 660 389 utse
690 339 903 399 noscat,
946 339 1005 388 et
1037 330 1105 386 ab
1132 330 1254 387 aliis
1299 338 1659 402 cognoscatur
1683 343 1811 401 pro-
1836 333 1889 397 Α
1915 331 2031 402 ipse
2060 329 2304 401 proditor
2344 329 2513 391 ludas
2538 329 2687 389 fecit.
2720 330 2945 388 Dextera
2986 347 3165 393 eorum
3211 331 3406 403 repleta
3433 341 3508 391 est

219 436 357 491 bata.
388 430 547 488 Sicut
598 430 700 488 Job
754 431 1014 503 probatus
1042 440 1147 499 est,
1177 439 1237 487 ut
1264 446 1325 487 se
1346 440 1723 503 cognosceret,
1751 439 1809 487 et
1910 422 2236 481 ntuneribus.
2260 423 2337 479 De
2359 424 2579 481 sinistra
2600 423 2844 483 iecerunt
2892 424 2997 482 sibi
3026 423 3310 485 dexteram
3338 442 3352 481 :
3383 426 3509 499 quia

218 530 301 586 alii
324 542 448 582 eum
476 535 877 598 cognoscerent
907 543 921 581 :
950 526 1093 581 sicut
1111 525 1187 581 illi
1220 540 1376 597 reges
1420 525 1666 581 fecerunt
1715 525 1808 592 qui
1909 514 2022 573 vita
2054 514 2256 586 futura,
2289 515 2512 575 dextera
2534 516 2753 585 dicitur,
2774 526 2833 573 et
2851 516 3094 587 sinislra,
3114 517 3221 573 vita
3237 532 3499 587 praesens.

218 635 337 676 eum
367 618 747 674 visitaveruut.
782 616 953 673 Proba
989 632 1090 685 me,
1132 616 1371 681 Domine,
1402 618 1455 673 in
1487 617 1804 674 tentattoni.
1906 606 1988 666 Illi
2018 626 2117 680 pro
2143 609 2391 682 dextera,
2425 609 2736 668 habuerunt
2770 610 3050 666 sinistram
3081 627 3095 667 :
3125 618 3184 667 ut
3219 622 3303 669 est
3330 610 3464 668 illud
3490 626 3505 665 :

215 713 347 768 bus:
379 720 431 766 et
455 720 594 766 tenta
613 726 713 778 me,
741 725 811 765 ne
837 709 1041 781 aliquid
1069 710 1120 763 in
1168 724 1255 765 me
1292 709 1474 764 delicti
1504 719 1809 766 remaneat.
1910 705 2007 762 Est
2025 721 2221 763 munus
2240 705 2489 777 aliugua,
2512 717 2564 762 et
2591 715 2676 763 est
2700 721 2895 767 munus
2921 722 2948 760 a
2974 720 3158 773 manu,
3190 713 3246 765 et
3274 714 3360 763 est
3387 722 3504 764 mu-

218 804 317 859 Ure
340 818 497 857 renes
517 817 661 857 meas
711 810 760 857 et
782 818 872 857 cor
899 817 1088 856 meum.
1122 800 1260 870 Quid
1294 818 1451 858 renes
1503 810 1721 870 sonent,
1752 802 1807 859 in
1912 818 2013 860 nus
2044 804 2113 859 ab
2134 804 2417 875 obsequio.
2449 806 2491 861 Α
2523 803 2731 873 lingua,
2765 803 2884 859 laus
2916 820 2931 859 :
2965 804 3068 864 hoc
3090 810 3196 867 est,
3229 800 3380 861 favor
3400 803 3504 861 huv

212 894 368 954 corde
398 893 668 966 signiﬁcat
703 895 864 965 :quia
915 894 1286 950 misericordia
1315 904 1402 950 tua
1426 895 1479 951 iu
1507 906 1806 964 conspectu
1912 912 2128 951 manus.
2165 899 2203 951 A
2237 911 2423 965 manu,
2451 911 2481 951 a
2509 895 2673 955 rebus
2696 896 2950 957 terrenis.
2983 896 3063 953 Ab
3089 895 3371 969 obsequio,
3397 912 3509 953 serv

214 990 486 1046 oculorum
519 1003 767 1045 meorum
799 998 904 1044 est.
936 987 1029 1045 Sic
1051 990 1185 1060 petit
1205 988 1492 1060 judicium,
1524 998 1584 1045 ut
1607 990 1810 1047 miseri-
1909 988 2097 1044 vitium
2120 987 2361 1045 indebite
2389 988 2716 1060 impensum.
2746 988 2857 1049 Sed
2883 989 3079 1053 melius
3100 996 3208 1057 est,
3256 987 3398 1059 quod
3430 988 3506 1047 ait

212 1084 412 1142 cordia:
438 1083 784 1140 recordetur.
806 1082 911 1139 Ure
927 1100 1077 1139 renes
1102 1100 1243 1139 meos
1280 1093 1328 1140 et
1359 1101 1450 1140 cor
1477 1102 1664 1141 meum.
1683 1086 1803 1159 Spi-
1908 1079 2208 1152 propheta:
2242 1079 2343 1148 Qui
2372 1083 2580 1139 excutit
2604 1096 2801 1139 manus
2829 1094 2956 1139 suas
2977 1081 3046 1139 ah
3072 1079 3224 1136 omni
3250 1085 3501 1149 munere,

213 1182 365 1237 ritum
381 1187 635 1235 sanctum
658 1178 859 1235 adhibe
898 1180 1356 1236 delectationibus
1382 1193 1437 1237 et
1463 1182 1798 1252 cogitationi-

1930 1185 2013 1230 ste
2042 1172 2096 1230 in
2123 1173 2352 1231 excelsis
2378 1171 2587 1229 habitat
2613 1172 2769 1246 (lsai.
2821 1172 3035 1245 sunt).

214 1273 306 1329 bus
334 1270 473 1327 meis
504 1290 514 1322 :
541 1270 638 1342 qui
668 1280 899 1341 utraque
928 1287 1193 1340 exurens,
1221 1288 1309 1329 me
1333 1274 1555 1346 dignum
1579 1274 1801 1334 efliciat.

221 1365 341 1433 Ure,
374 1366 483 1421 hoc
509 1371 615 1434 est,
654 1366 777 1437 igne
799 1364 1249 1437 Spiritussaneti,
1280 1367 1347 1424 de
1374 1370 1801 1441 quoignedicit:

214 1460 384 1531 ignem
416 1461 543 1516 veni
577 1460 794 1516 mittere
821 1462 872 1515 in
905 1470 1105 1517 terram
1133 1460 1292 1534 (Luc.
1314 1462 1434 1535 sit).

154 1538 155 1541 “
279 1552 539 1620 Quoniam
593 1553 945 1608 misericordia
982 1563 1070 1608 tua
1097 1564 1218 1610 ante
1246 1554 1421 1610 oculos
1441 1571 1579 1613 meos
1608 1567 1702 1613 est.
1735 1558 1807 1616 Ut

214 1645 275 1700 ab
302 1643 402 1700 hoc
427 1643 559 1715 igne
589 1661 804 1717 arguar,
833 1656 889 1701 et
914 1661 1021 1702 non
1042 1662 1262 1703 exurar.
1316 1647 1381 1702 Et
1418 1652 1711 1722 eomptaeui
1746 1652 1800 1708 in

1983 1266 2092 1341 Ego
2119 1275 2293 1323 autem
2316 1266 2371 1321 in
2394 1266 2694 1323 innocentia
2721 1282 2835 1320 mea
2854 1265 3119 1338 ingressus
3143 1281 3287 1322 sum.
3315 1265 3502 1323 Eccle-

1906 1360 1986 1415 sia
2012 1358 2250 1431 loquitur
2280 1373 2379 1428 pro
2407 1366 2558 1428 parte
2585 1358 2852 1414 bonorum
2888 1376 2899 1415 :
2927 1373 3023 1429 per
3036 1356 3273 1413 studium
3296 1364 3499 1413 sancite

1904 1452 2029 1508 vita:
2054 1467 2082 1506 a
2112 1451 2383 1523 prioribus
2408 1448 2962 1520 delictis.lngressus,
2988 1452 3129 1506 inter
3161 1457 3495 1520 peccatores.

1907 1543 2090 1601 Libera
2110 1560 2207 1599 me.
2241 1542 2316 1598 De
2344 1541 2712 1601 tribulatione.
2742 1540 2810 1597 Et
2830 1541 3071 1599 miserere
3094 1542 3213 1597 mei.
3239 1540 3376 1610 Quia
3395 1542 3491 1596 mi-

1904 1653 1995 1694 ser
2015 1652 2157 1694 sum.

211 1739 407 1795 veritate
429 1747 543 1795 tua.
566 1738 623 1794 In
648 1738 869 1794 Christo
892 1748 1021 1794 tuo:
1051 1749 1106 1794 ιιι
1134 1755 1238 1798 non
1265 1741 1316 1795 in
1343 1758 1465 1797 meo
1488 1742 1793 1819 mendacio,
1827 1738 1876 1799 Β
1975 1732 2074 1787 Ρεδ
2100 1731 2235 1787 enim
2259 1748 2401 1787 meus
2423 1732 2559 1791 εῑειίι
2612 1733 2666 1788 in
2705 1731 2790 1788 υἱα
2819 1739 2979 1785 Tecla.
3025 1728 3228 1787 580808
3260 1744 3411 1787 meus
3443 1731 3495 1789 ill

215 1834 301 1891 sed
337 1834 392 1889 in
420 1842 513 1889 tua
547 1834 780 1890 veritate
809 1833 1101 1905 placerem.

280 1927 399 1983 Non
418 1928 536 1983 sedi
554 1929 611 1981 in
636 1930 857 1984 concilio
884 1929 1147 1984 sanitatis.
1176 1926 1293 1984 Non
1331 1944 1446 1986 sum
1478 1930 1803 2003 coniunctus

212 2020 289 2076 bis
309 2020 397 2090 qui
427 2029 625 2075 contra
658 2030 731 2085 te,
756 2021 1030 2077 Christum
1064 2036 1266 2089 metun,
1326 2039 1523 2079 vanum
1570 2025 1805 2097 agebant

213 2113 516 2169 concilium.
546 2113 671 2169 Non
702 2116 813 2170 sedi
839 2115 893 2169 in
918 2116 1138 2171 concilio
1166 2118 1431 2185 vanitatis,
1456 2119 1508 2175 id
1561 2130 1667 2189 est,
1709 2120 1801 2192 qui

214 2204 275 2261 de
300 2206 531 2262 terrenis
587 2206 831 2277 cogitant
863 2222 1100 2280 semper,
1134 2225 1242 2265 non
1290 2210 1432 2266 sedit
1480 2210 1801 2270 Ecelesiaiu

215 2313 388 2353 eorum
416 2297 674 2354 concilio.
712 2297 780 2352 Et
818 2316 934 2354 cum
968 2300 1149 2373 iniqua
1174 2304 1465 2375 gerentibus
1485 2320 1587 2358 non
1609 2305 1799 2360 introi-

215 2390 291 2444 bo.
337 2390 455 2447 Non
512 2394 669 2463 posui
699 2406 822 2450 cum
853 2393 945 2451 his
989 2395 1361 2453 absconditam
1410 2400 1799 2457 conscientiam

215 2503 401 2546 meam.

282 2580 432 2637 Οτιἕυὶ
483 2580 779 2638 Ecclesiam
824 2583 1267 2658 malignantium:
1295 2583 1632 2652 Judzrorum,
1690 2585 1806 2641 sive

218 2671 606 2733 hereticorum.
640 2672 708 2728 Et
729 2691 844 2729 cum
871 2677 1045 2746 impiis
1064 2692 1165 2731 non
1185 2676 1370 2731 sedebo
1395 2694 1417 2732 :
1443 2689 1654 2747 pactum
1677 2693 1801 2741 cum

221 2766 295 2820 his
319 2781 422 2821 non
455 2767 630 2822 inibo.
658 2765 870 2822 Etcum
898 2770 1073 2838 impiis
1100 2786 1206 2823 non
1226 2770 1411 2824 sedebo
1431 2787 1449 2825 :
1471 2771 1521 2825 id
1553 2780 1657 2838 est,
1692 2786 1800 2828 non

220 2858 380 2913 solum
435 2860 819 2932 cogitaverunt
848 2861 901 2916 in
951 2862 1145 2930 verbo,
1198 2863 1292 2918 sed
1342 2863 1691 2933 perfecerunt
1746 2865 1801 2924 in

218 2967 389 3024 opere.
1480 2947 1486 2952 ’

282 3046 477 3103 Lavabo
498 3050 637 3103 inter
661 3049 955 3105 innocentes
996 3067 1179 3105 manus
1209 3067 1372 3108 meas.
1401 3051 1460 3107 In
1492 3053 1645 3108 bonis
1668 3069 1800 3124 ope.

1904 1822 2123 1883 Christo
2154 1842 2168 1880 :
2201 1824 2328 1896 quia
2384 1824 2501 1896 ipse
2531 1834 2613 1881 est
2655 1826 2764 1881 via.
2795 1822 2897 1881 Pes
2918 1826 3053 1878 enim
3076 1839 3237 1890 metu,
3263 1836 3331 1879 ne
3363 1822 3495 1879 mihi

1906 1918 2266 1990 praevaleant,
2324 1919 2464 1973 stetit
2482 1919 2539 1977 in
2557 1917 2641 1977 via
2668 1927 2810 1975 recta
2844 1933 2864 1975 :
2898 1916 2991 1973 ille
3040 1916 3272 1984 scilicet,
3306 1915 3363 1971 in
3390 1931 3500 1987 quo

1907 2014 1973 2070 ad
2006 2026 2057 2071 te
2087 2013 2351 2071 accedere
2371 2015 2514 2084 ccepi
2560 2028 2657 2085 per
2679 2013 2907 2083 iustitiae
2934 2012 3102 2068 viam.
3145 2011 3215 2067 In
3253 2009 3503 2068 Ecclesiis

1905 2107 2208 2164 benedicam
2237 2106 2544 2163 Dominum.
2574 2107 2650 2161 De
2661 2106 2872 2163 unitate
2887 2105 3326 2179 congregationis
3345 2104 3495 2161 dicit.

1905 2199 1963 2259 In
1996 2198 2265 2266 Ecclesia,
2301 2213 2407 2256 non
2434 2197 2484 2253 in
2520 2197 2766 2267 latebris,
2793 2196 2890 2253 sed
2906 2196 2957 2251 in
2975 2196 3369 2253 conventiculis
3400 2212 3497 2269 po-

1903 2294 2152 2366 pulorum
2180 2301 2235 2349 te
2259 2292 2599 2350 benedicens.
2634 2291 2954 2347 Prtedicabo
2975 2290 3322 2349 dilectionem
3353 2290 3499 2346 illam

1906 2404 2009 2460 qua
2041 2399 2132 2445 ttto
2165 2404 2250 2444 me
2270 2389 2535 2457 sanguine
2555 2385 2836 2445 redemisti
2872 2405 2889 2442 :
2925 2386 3191 2457 baptismo
3226 2383 3446 2441 abluisti
3480 2401 3494 2439 :

1904 2500 1970 2542 ac
1998 2500 2137 2557 pane
2185 2484 2399 2543 cmlesti
2437 2492 2495 2539 et
2545 2483 2718 2539 sacris
2744 2480 2978 2553 dapibus
3006 2479 3390 2553 adimpletum,
3422 2477 3499 2539 in-

1905 2579 2173 2639 nocentia;
2198 2592 2287 2636 me
2317 2575 2559 2635 melioris
2587 2576 2711 2632 vitae
2738 2573 3043 2633 restituisti.

2420 2689 2739 2748 PSALMUS
2776 2687 2971 2745 XXVI.

1905 2784 1973 2841 In
2001 2788 2175 2855 finem.
2234 2785 2477 2841 Psalmus
2536 2784 2703 2839 Dauid
2756 2793 3034 2855 antequam
3063 2789 3358 2855 angeretur.
3389 2779 3496 2855 Ter

1979 2852 2171 2915 tinctus
2221 2868 2305 2915 est
2358 2856 2522 2913 David
2555 2875 2568 2912 :
2601 2855 2782 2911 Semel
2813 2852 2916 2909 sub
2944 2864 3102 2915 patre
3129 2867 3230 2909 suo
3258 2852 3414 2908 .lesse
3442 2853 3495 2908 in

1979 2868 2171 2915 unctus
2221 2868 2305 2915 est
2358 2868 2522 2913 David
2555 2875 2568 2912 :
2601 2868 2782 2911 semel
2813 2868 2916 2909 suo
2983 2868 3102 2909 atro
3129 2868 3230 2909 suo
3258 2868 3414 2908 sessc
3442 2869 3495 2908 tu

1979 2929 2293 2985 Bethlehem
2318 2929 2363 3000 (l
2396 2928 2524 3000 Reg.
2571 2925 2685 2997 tm)
2718 2942 2732 2980 :
2760 2868 3023 3000 secuturo,
3050 2924 3103 2979 in
3158 2923 3371 2978 licbron
3406 2924 3423 2993 (
3452 2920 3495 2981 ll

1979 3002 2107 3073 Ileg.
2154 3000 2216 3072 tt)
2245 2998 2736 3073 εᾼιεέηἱοςιιιιιιιι-(ιιιΔ
2774 2998 3032 3073 regnavit
3078 3009 3245 3065 super
3274 3008 3493 3073 omnem

1977 3066 2139 3128 lsracl
2166 3066 2218 3127 in
2248 3070 2596 3143 .lerttsalem(
2624 3070 2665 3125 ll
2696 3068 2825 3143 Reg.
2846 3066 2902 3123 'v
2928 3070 2970 3143 ).
2998 3067 3196 3143 Quaere
3244 3066 3489 3143 ergocui

219 3144 356 3200 ribus
382 3143 578 3199 lavabo
607 3158 804 3199 manus
826 3159 996 3210 meas,
1022 3158 1143 3216 qum
1176 3146 1412 3215 peccatis
1441 3155 1569 3202 ante
1606 3146 1802 3203 sordc-
1825 3132 1871 3197 C
1977 3145 2317 3213 potissimum
2348 3142 2435 3198 hic
2459 3132 2697 3216 psalmus
2714 3132 3493 3216 coiweniatbnctipni.Scien-

220 3238 350 3294 hant.
375 3236 568 3294 Manus
589 3239 797 3307 lavabo,
832 3239 885 3295 id
916 3249 1019 3306 est,
1051 3255 1237 3310 opera.
1269 3240 1438 3296 Lavat
1484 3257 1582 3313 per
1620 3243 1800 3315 lacry-

219 3344 341 3397 mas,
379 3348 478 3400 per
503 3332 835 3402 baptismum
870 3343 924 3388 ct
951 3334 1351 3403 pmnitentiam.
1376 3334 1441 3388 Et
1467 3336 1797 3391 rircumdabo

217 3424 367 3478 altare
417 3432 592 3491 tuum,
651 3422 889 3482 Domine.
938 3424 1256 3495 Amplectar
1304 3426 1560 3482 sublimia
1593 3439 1707 3497 tua,
1735 3436 1799 3485 ut

216 3516 403 3573 discam
427 3516 657 3572 laudare
686 3528 755 3573 te.
788 3517 987 3585 Alme,
1016 3519 1069 3574 id
1096 3528 1205 3586 est,
1234 3519 1390 3575 ﬁdes.
1421 3519 1796 3589 Circumdabo,

219 3611 261 3665 id
284 3621 381 3679 est,
410 3610 676 3682 operibus
720 3612 897 3669 bonis.
951 3612 1339 3684 Unusquisque
1379 3624 1602 3671 sanctus
1625 3614 1800 3672 altare

222 3702 415 3760 Domini
445 3704 501 3761 in
524 3719 587 3760 se
613 3704 814 3761 habet:
840 3705 987 3776 quod
1014 3715 1101 3763 est
1123 3706 1277 3763 lides.

280 3794 344 3852 Ut
376 3798 593 3852 audiam
616 3813 795 3853 vocem
821 3796 995 3853 laudis
1037 3808 1144 3854 tua:
1172 3815 1191 3853 :
1220 3808 1268 3854 et
1295 3815 1534 3855 enarrem
1562 3801 1797 3856 universa

216 3887 461 3944 mirabilia
481 3899 597 3945 tua.
625 3888 695 3946 Ut
714 3904 837 3947 cum
863 3889 1130 3957 didicero,
1152 3907 1424 3962 exponam
1450 3892 1666 3949 caeteris
1696 3893 1798 3949 mi-

216 3981 443 4037 raculum
467 3980 604 4038 illud
634 3999 648 4037 :
680 3982 915 4054 qualiter
951 3998 1051 4055 pro
1075 3984 1236 4040 nobis
1272 3984 1353 4041 vel
1380 3999 1570 4053 passus
1598 4000 1681 4053 es,
1711 3985 1795 4042 vel

217 4073 573 4131 resurrexisti.
597 4072 665 4129 Et
694 4091 929 4131 enarrem
947 4077 1188 4132 universa
1208 4077 1472 4133 mirabilia
1492 4087 1602 4143 tua,
1623 4078 1796 4136 laudis

223 4171 317 4221 tua:
344 4182 360 4222 :
384 4165 439 4223 id
460 4175 570 4233 est,
593 4167 857 4239 quidquid
885 4168 1010 4224 boni
1038 4170 1276 4240 agimus,
1313 4185 1343 4225 a
1371 4171 1483 4227 Deo
1510 4181 1798 4242 reputatur

217 4274 346 4329 esse,
371 4271 429 4319 et
456 4261 725 4335 quidquid
776 4262 905 4320 mali
948 4263 1204 4334 facimus,
1229 4280 1258 4320 a
1286 4266 1444 4322 nobis
1491 4276 1596 4323 est.
1652 4266 1799 4324 Laus

218 4351 303 4408 Dei
335 4354 575 4424 perlecta
602 4366 710 4423 est,
736 4366 791 4413 et
819 4357 937 4412 laus
958 4357 1237 4415 hominum
1269 4357 1612 4430 imperfecta.

282 4446 520 4517 Domine,
550 4449 716 4505 dilexi
741 4451 978 4509 decorem
1007 4454 1194 4508 domus
1221 4462 1347 4521 tum,
1375 4464 1424 4510 et
1450 4454 1617 4510 locum
1643 4452 1791 4510 habi.

1973 3207 2099 3270 dum
2131 3226 2313 3273 autem
2341 3207 2483 3285 quod
2510 3221 2786 3285 antequam
2805 3221 3117 3285 angeretur,
3163 3208 3216 3263 in
3238 3207 3491 3285 llebrazis

1976 3271 2340 3342 voluminibus
2361 3271 2479 3341 'non
2514 3271 2765 3339 habetur.
2799 3271 2996 3340 Scd'de
3030 3271 3151 3337 istis
3183 3279 3352 3335 tribus
3379 3296 3482 3334 un-

1974 3358 2269 3425 ctionibus,
2303 3358 2479 3412 media
2510 3357 2577 3410 ad
2599 3356 2765 3410 istum
2804 3358 3042 3426 pertinet
3074 3354 3362 3423 psalmum.
3388 3351 3495 3406 Da-

1978 3431 2064 3485 vid
2089 3430 2311 3500 iiguram
2340 3427 2555 3500 Christi
2584 3435 2730 3485 tenet
2756 3444 2771 3481 :
2799 3426 2925 3496 quia
2948 3435 3000 3480 et
3028 3426 3155 3500 ipse
3189 3431 3496 3500 unctusest

1978 3504 2029 3557 in
2062 3495 2352 3570 baptismo,
2383 3499 2599 3571 quando
2641 3501 2695 3571 in,
2724 3495 2903 3571 specie
2934 3495 3223 3571 columbae
3257 3495 3495 3571 Spiritus

1974 3565 2201 3628 sanctus
2234 3565 2551 3641 super'eum
2582 3565 2943 3625 venitJDavid
2969 3583 2997 3621 a
3030 3568 3202 3636 prima
3234 3565 3499 3641 unctione

1973 3660 2077 3699 non
2110 3637 2325 3714 accepit
2363 3656 2589 3712 regnum
2624 3656 2639 3695 :
2674 3642 2753 3696 sic
2774 3656 2879 3714 nec
2901 3641 3149 3714 Christus
3193 3637 3492 3714 secundum

1969 3731 2190 3773 carnem
2245 3708 2497 3784 tempore
2544 3713 2815 3783 passionis
2855 3712 3066 3782 accepit
3115 3725 3363 3781 regnum,
3395 3708 3501 3769 nisi

1972 3794 2326 3859 posteaquam
2354 3785 2622 3843 ascendit.

1969 3899 2230 3956 Dominus
2281 3898 2602 3957 illuminatio
2644 3911 2781 3965 mea,
2825 3905 2877 3951 et
2919 3895 3060 3951 salus
3089 3910 3223 3958 mea,
3251 3908 3403 3964 quem
3434 3893 3501 3947 ti-

1900 3994 2083 4048 mebo?
2108 3991 2282 4047 Nullis
2329 3991 2571 4047 tenebris
2607 3988 2787 4060 οιιιυεί
2814 3986 3096 4053 formidat,
3123 4000 3282 4056 quem
3316 3984 3493 4041 Domi-

1898 4103 2003 4145 nus
2026 4086 2298 4143 illuminat
2329 4099 2548 4155 semper
2571 4095 2625 4141 et
2653 4084 2853 4139 salvat.
2888 4080 3147 4137 Dominus
3179 4079 3500 4136 illuminatio

1897 4197 2011 4235 mea
2066 4187 2115 4235 et
2140 4179 2287 4235 salus
2307 4195 2444 4245 mea,
2474 4194 2629 4251 quem
2683 4177 2915 4233 timebo?
2961 4174 3075 4231 Vox
3120 4172 3382 4232 Ecclesiae
3432 4174 3504 4233 ad

1897 4273 2199 4332 Christum.
2229 4273 2289 4331 lu
2316 4273 2572 4331 omnibus
2599 4270 2821 4344 psalmis
2853 4268 3019 4327 verba
3047 4268 3290 4340 Spiritus
3317 4268 3497 4325 sancti

1897 4377 2045 4424 sunt.
2075 4367 2229 4425 Sicut
2252 4366 2396 4426 oculi
2425 4364 2676 4436 corporis
2706 4363 3084 4421 illuminantur
3112 4361 3181 4417 ah
3211 4361 3316 4417 alia
3343 4360 3497 4417 luce:

1900 4460 1978 4518 .«ic
2014 4469 2069 4518 et
2116 4459 2260 4517 oculi
2298 4458 2486 4517 cordis
2534 4457 2705 4517 nostri
2732 4469 2765 4515 a
2794 4456 2997 4514 virtute
3017 4454 3168 4525 ﬁdei,
3201 4453 3303 4511 hoc
3325 4463 3432 4524 est,
3464 4468 3498 4513 ιι

219 4543 413 4598 talionis
437 4544 623 4615 gloria.-
664 4554 786 4603 tum.
818 4545 1103 4602 Pulchram
1134 4545 1288 4603 ell‘eci
1328 4559 1566 4604 mentem
1596 4562 1791 4619 meam,
1824 4535 1876 4595 Ῐ)
1901 4552 2127 4611 Christo
2150 4551 2545 4609 illuminautur.
2571 4550 2734 4611 Unde
2769 4548 2975 4608 dictum
2998 4557 3085 4606 est
3116 4546 3262 4618 :Qui
3299 4547 3507 4605 illumi-

220 4645 270 4691 ut
294 4646 438 4694 esset
457 4638 555 4694 tibi
586 4640 944 4697 commoratio
964 4640 1123 4713 digna
1153 4641 1242 4697 :in
1263 4656 1367 4713 qua
1396 4641 1651 4699 habitans
1676 4644 1797 4715 glo-

217 4727 386 4785 rilices
408 4746 494 4787 me
518 4732 693 4803 gloria
729 4741 842 4788 tua.
884 4734 1083 4790 Domus
1126 4735 1344 4791 Domini
1391 4744 1475 4791 est
1524 4735 1794 4797 Ecclesia.

218 4816 528 4880 Sacerdotes
553 4834 608 4880 et
633 4824 892 4882 habitatio
915 4826 1109 4898 gloria:
1160 4837 1265 4884 nam
1311 4829 1414 4898 ipsi
1438 4840 1565 4885 sunt
1588 4828 1642 4885 in
1669 4831 1792 4899 qui-

218 4913 309 4973 bus
330 4918 533 4977 habitat
558 4920 722 4977 Deus.

283 5008 362 5065 Ne
379 5014 564 5082 perdas
586 5030 707 5068 eum
746 5015 923 5086 impiis
947 5017 1177 5071 animum
1219 5032 1406 5072 meant.
1430 5015 1566 5073 Cum
1594 5018 1677 5073 his
1705 5020 1799 5092 qui

222 5117 310 5175 per
358 5107 713 5178 impietatem,
771 5110 959 5165 mitem
1010 5109 1365 5167 tradiderunt.
1424 5109 1495 5165 Et
1532 5128 1648 5167 cum
1675 5112 1801 5168 viris

220 5201 514 5269 sanguinum
541 5202 701 5257 vitam
726 5218 914 5260 meum.
941 5203 1045 5273 Qui
1073 5203 1265 5260 doloso
1298 5204 1638 5274 insidiantes,
1667 5204 1805 5262 eﬂm

220 5287 403 5348 derunt
422 5292 737 5366 sanguinem
762 5303 941 5352 tuum.

286 5383 587 5457 Inquortsm
612 5390 849 5445 manibus
898 5391 1202 5465 iniquitates
1239 5400 1381 5449 sunt.
1427 5391 1543 5448 Hoc
1592 5400 1697 5459 est,
1742 5394 1797 5452 in

221 5478 460 5548 operibus
471 5496 679 5537 eorum.
697 5479 925 5538 Dextera
953 5497 1133 5539 eorum
1156 5484 1354 5557 repleta
1376 5493 1451 5541 est
1473 5485 1793 5542 muneribus.

224 5571 603 5630 Abstinendum
629 5590 659 5631 a
688 5575 1009 5632 muneribus
1054 5576 1216 5632 docet
1250 5577 1519 5647 :culpamt
1555 5593 1655 5633 eos
1703 5579 1797 5649 qui

223 5664 711 5735 aceipisntmunera
739 5685 755 5721 :
784 5668 877 5740 qui
903 5666 1241 5738 iniquitatem
1262 5677 1505 5741 agentes,
1530 5679 1797 5742 qustum

227 5754 373 5841 hujus
402 5761 687 5843 impietatis
702 5762 915 5821 lucrum
935 5763 1155 5836 aliquod
1184 5764 1433 5822 arbitrati
1462 5775 1587 5823 sunt
1618 5766 1799 5826 :sicut

1904 4653 1997 4701 nat
2020 4659 2238 4703 omnem
2270 4644 2551 4705 hominem
2584 4643 2903 4703 venientem
2934 4643 2987 4700 in
3034 4641 3183 4700 hunc
3235 4641 3501 4700 mundum

1902 4737 2084 4811 (Joau.
2115 4738 2199 4801 xi.

1973 4832 2229 4889 Dominus
2253 4832 2495 4906 defensor
2521 4831 2642 4889 uita:
2673 4846 2820 4901 una,
2843 4848 2875 4888 a
2893 4848 2995 4903 quo
3038 4830 3354 4905 trepidabo?
3383 4828 3507 4900 Ipse

1901 4933 1987 4981 est
2011 4924 2157 4981 enim
2186 4924 2363 4981 fidelis
2386 4924 2583 4981 animae
2611 4925 2916 4996 protectio:
2952 4922 3156 4981 ideirco
3183 4937 3291 4979 non
3307 4921 3505 4981 metuit

1900 5021 2203 5076 inimicum.
2229 5019 2496 5076 Defensor
2523 5027 2611 5075 est
2635 5018 2753 5090 ipse
2774 5020 2862 5090 qui
2893 5027 2952 5075 et
2982 5019 3128 5074 salus
3152 5035 3165 5083 ;
3194 5015 3289 5073 sed
3320 5026 3507 5075 tamen

1901 5114 2156 5171 defensor
2181 5113 2394 5184 adiutor
2422 5111 2625 5169 dicitur
2656 5126 2671 5167 :
2707 5112 2752 5167 Δ
2771 5129 2872 5183 quo
2900 5110 3166 5183 trepidabo
3183 5112 3207 5167 ?
3224 5109 3364 5166 Dicit
3396 5110 3499 5166 Ec-

1903 5208 2069 5265 clesia
2100 5225 2115 5264 :
2146 5206 2192 5264 A
2238 5208 2414 5275 nullo,
2456 5221 2561 5264 nec
2584 5222 2614 5262 a
2637 5205 2878 5272 diabolo,
2929 5220 3105 5277 neque
3123 5204 3192 5259 ab
3221 5203 3501 5272 heretico,

1905 5317 2082 5375 neque
2120 5318 2149 5357 a
2194 5311 2581 5374 persecutore,
2616 5300 2750 5356 dum
2804 5299 2979 5370 ipsum
3030 5296 3207 5354 habeo
3249 5296 3505 5355 defenso—

1905 5410 2043 5453 1⁸6111.

1982 5488 2119 5544 Dum
2157 5489 2580 5562 appropinquant
2618 5504 2777 5560 super
2812 5504 2895 5544 me
2933 5495 3205 5554 nocentes,
3239 5498 3292 5543 ut
3333 5487 3494 5546 edant

1901 5597 2086 5637 carnes
2116 5598 2282 5639 meas.
2314 5581 2619 5651 Accedunt,
2652 5591 2711 5637 ut
2740 5581 2991 5638 excitatis
3018 5579 3075 5637 iu
3104 5594 3194 5637 me
3220 5580 3497 5650 prioribus

1900 5675 2141 5743 delictis,
2166 5690 2375 5748 corpus
2397 5692 2578 5734 meum
2606 5676 2803 5733 rabido
2824 5676 2991 5732 dente
3017 5675 3343 5733 diiacerent.
3372 5677 3494 5747 Vel,

1901 5768 2025 5824 dum
2049 5768 2473 5843 appropinquant
2493 5786 2651 5843 super
2669 5786 2750 5826 me
2769 5777 3033 5840 nocentes,
3054 5777 3112 5827 ut
3132 5768 3285 5827 edunt
3312 5786 3497 5829 carnea
