3944 6334
458 277 564 334 895

1245 273 1592 334 APPENDIX
1631 271 1723 330 AD
1761 270 2011 330 TOMUM
2049 269 2403 330 SEPTIMUM
2441 270 2502 328 S.
2545 269 2942 328 IIIERONYMI.

3621 276 3714 333 896

457 404 623 459 meas,
671 387 724 443 id
774 394 855 443 est
885 429 898 455 ,
943 386 1222 443 daemones
1267 387 1355 443 vel
1399 392 1798 458 persecutores.
1847 380 2439 445 CarnesAmalorum.
2493 384 2760 456 Numquid
2791 385 2908 442 dies
2962 384 3092 441 mali
3137 388 3310 443 sunt?
3358 386 3473 443 Non
3501 435 3514 456 ,
3560 390 3645 447 sed
3673 393 3719 447 in

457 496 612 546 vero,
643 478 694 535 id
726 487 830 548 est,
865 477 1090 535 allectus
1119 478 1306 534 carnis
1337 496 1350 533 :
1382 478 1512 549 quia
1545 475 1646 531 hoc
1677 484 1764 532 est
1791 476 1946 532 cibus
1976 475 2058 546 ip-

457 587 669 630 sorum.
702 572 767 627 Et
801 581 980 627 tamen
1013 571 1214 627 dantur
1242 571 1352 627 illis
1379 585 1580 627 carnes
1617 570 1782 626 edere
1809 588 1822 624 :
1854 570 1905 624 id
1932 578 2053 638 est,

460 679 691 736 corpora
721 674 1039 721 sanctorum
1083 664 1148 720 ad
1201 665 1656 736 persequendum.
1702 663 1810 721 Sed
1853 663 2059 720 habent

454 761 633 817 sancti
662 759 1089 816 consolationem
1115 775 1145 815 a
1171 760 1428 828 Domino,
1456 768 1513 815 ut
1542 759 1618 815 ait
1647 759 1701 814 in
1728 758 2050 828 Evangelio:

457 853 637 910 Nolite
665 854 861 908 timere
886 867 982 908 eos
1011 853 1104 924 qui
1133 853 1394 908 occidunt
1417 867 1616 924 corpus
1650 870 1664 908 :
1695 849 1935 906 animam
1961 866 2057 906 att-

456 955 564 1002 tem
594 961 702 1002 non
736 955 966 1016 possunt
1007 945 1258 1002 occidere
1289 944 1507 1018 (Matth.
1543 943 1622 1015 κ).

532 1039 636 1107 Qui
666 1038 914 1094 tribulant
957 1055 1036 1094 me
1066 1039 1261 1093 inimici
1321 1039 1422 1093 mei
1455 1054 1474 1093 :
1503 1037 1605 1110 ipsi
1647 1037 1896 1108 inﬁrmati
1936 1043 2056 1091 sunt

454 1141 502 1186 et
533 1132 852 1186 ceciderunt.
902 1131 1040 1199 Quia
1088 1132 1355 1188 Dominus
1399 1131 1728 1186 illuminatio
1760 1144 1876 1185 mea
1919 1138 2048 1185 est:

453 1227 545 1298 qui
575 1225 822 1282 tribulant
853 1244 932 1281 me
957 1227 1154 1281 inimici
1186 1227 1302 1293 mei,
1331 1225 1610 1282 dzemones
1638 1268 1652 1294 ,
1679 1225 1766 1280 vel
1799 1239 2054 1296 persecu-

455 1328 604 1376 tores
641 1338 653 1373 :
688 1321 786 1392 ipsi
813 1320 1066 1390 inﬁrmati
1096 1329 1215 1375 sunt
1245 1329 1292 1374 et
1331 1319 1652 1374 ceciderunt.
1695 1318 1848 1374 Tunc
1895 1318 2052 1372 inlir-

457 1413 586 1468 mati
612 1424 758 1480 sunt,
791 1413 1010 1486 quando
1037 1411 1288 1470 Christus
1313 1422 1557 1470 nostram
1591 1414 1835 1484 suscepit
1860 1413 2052 1469 huma-

456 1507 704 1566 nitatem.

529 1603 591 1660 Si
618 1603 901 1658 consistant
931 1603 1203 1656 adversum
1233 1618 1312 1657 me
1353 1611 1528 1657 castra
1558 1619 1577 1657 :
1603 1619 1705 1657 non
1739 1601 1933 1656 timebit
1963 1616 2050 1655 cor

457 1713 646 1751 meum.
683 1695 944 1750 Dominus
971 1696 1117 1751 enim
1151 1695 1388 1752 bellator
1419 1695 1604 1764 fortis,
1642 1695 1758 1764 ipse
1790 1695 2051 1766 pugnabit

2164 477 2366 532 nostris
2412 477 2671 548 operibus
2719 477 2848 533 mali
2891 479 3165 546 dicuntur,
3221 489 3278 534 ut
3322 479 3521 537 Paulus
3559 483 3718 541 dicit:

2159 569 2424 637 Quoniam
2451 570 2569 626 dies
2600 571 2727 625 mali
2771 579 2899 625 sunt
2930 569 3148 643 (Ephes.
3179 571 3256 644 ν).
3309 572 3384 626 De
3432 573 3549 627 istis
3595 590 3722 644 ιιι-ωε

2159 662 2410 718 sentibus
2439 661 2632 719 diebus
2661 664 2812 719 dicit.
2862 664 2999 733 Quia
3045 665 3293 736 quamvis
3319 675 3482 736 caput
3525 683 3719 726 sursum

2159 755 2269 820 sit,
2310 757 2554 811 membra
2589 765 2766 812 tamen
2800 757 2977 813 adhuc
3005 758 3262 814 deorsum
3305 770 3435 814 sunt
3480 773 3640 829 usque
3676 763 3720 819 in

2159 849 2343 906 ﬁnem.
2375 851 2510 920 Quia
2540 861 2596 908 et
2624 854 2726 908 hoc
2753 860 2881 923 puto
2911 853 3230 922 significari,
3262 853 3486 924 quando
3516 855 3624 926 ipse
3648 872 3723 913 so-

2159 945 2244 1000 lus
2276 945 2328 1000 in
2362 953 2546 1002 monte
2573 965 2584 1000 :
2612 946 2856 1001 navicula
2891 949 2945 1001 in
2971 948 3104 1002 mari
3127 947 3434 1018 jactabatur
3464 948 3722 1016 ﬂuctibus,

2158 1045 2212 1094 et
2243 1036 2364 1093 ideo
2395 1038 2465 1092 ab
2504 1039 2621 1109 ipso
2667 1039 3005 1109 protectione
3056 1039 3297 1110 indigent
3341 1039 3560 1113 (Matth.
3597 1044 3720 1111 vin).

2158 1131 2224 1187 In
2253 1133 2337 1186 die
2367 1134 2623 1188 malorum
2652 1150 2671 1190 :
2701 1134 2754 1189 in
2788 1134 3161 1190 insidiantium
3195 1134 3474 1190 felicitate.
3511 1132 3723 1192 Proh-ait

2155 1242 2234 1280 me
2259 1226 2312 1280 in
2339 1226 2643 1280 abscondito
2670 1226 2989 1281 tabernaculi
3034 1227 3137 1282 sui.
3192 1225 3251 1282 lu
3294 1226 3460 1283 corde
3504 1227 3722 1285 credenti

2154 1319 2221 1375 ad
2248 1319 2534 1390 justitiam.

2224 1413 2291 1468 In
2317 1424 2463 1485 petra
2495 1415 2741 1469 exultavit
2771 1431 2868 1469 me.
2904 1415 2963 1470 ln
2997 1414 3216 1470 Clll'lSlO
3261 1413 3527 1469 exaltavit
3555 1428 3643 1484 per
3673 1413 3723 1468 li-

2153 1506 2297 1563 dem.
2332 1507 2488 1564 Petra
2515 1552 2529 1575 ,
2571 1505 2819 1564 Christus
2845 1527 2858 1563 :
2889 1517 2951 1563 ut
2989 1507 3189 1564 Paulus
3220 1509 3297 1562 ait
3330 1527 3342 1562 :
3372 1507 3535 1563 Petra
3566 1518 3723 1564 autem

2153 1608 2271 1660 erat
2299 1599 2549 1656 Christus
2591 1599 2634 1670 (Ι
2672 1600 2790 1656 Cor.
2827 1597 2907 1670 ι).
2957 1599 3023 1654 In
3063 1612 3209 1672 petra
3246 1599 3504 1655 exultavit
3535 1617 3610 1654 me
3634 1618 3650 1656 :
3677 1601 3724 1656 In

2155 1707 2236 1760 se,
2268 1693 2361 1763 qui
2387 1701 2474 1749 est
2507 1692 2729 1749 stabilis
2757 1703 2906 1764 petra
2954 1708 3018 1748 ac
3046 1694 3388 1750 verissimum
3420 1694 3725 1748 fundamen-

459 1805 557 1862 pro
595 1804 699 1845 me.
747 1787 812 1844 Si
853 1789 1138 1844 consistant
1179 1789 1454 1843 adversum
1489 1805 1568 1844 me
1593 1797 1764 1842 castra
1797 1805 1815 1843 :
1846 1787 1899 1842 id
1933 1797 2046 1857 cst,
2079 1783 2125 1844 B
2157 1795 2290 1840 tum.
2338 1786 2406 1839 Et
2454 1803 2594 1840 nunc
2633 1785 2886 1841 exultavit
2917 1795 3070 1858 caput
3115 1804 3283 1841 meum
3327 1804 3485 1858 super
3514 1787 3726 1840 inimicos

457 1882 720 1939 fortitudo
749 1881 1188 1950 daemoniorum,
1237 1883 1326 1939 vel
1375 1891 1812 1953 persecutorum.
1860 1881 2050 1938 Castra

459 1977 629 2049 dicit,
672 1975 973 2034 secundum
1024 1976 1158 2032 illud
1194 1993 1208 2032 :
1242 1976 1628 2032 Castrametati
1680 1985 1807 2030 sunt
1851 1974 2047 2045 (Nunt.

459 2069 682 2140 χχχιιι).
717 2069 840 2125 Non
867 2069 1061 2125 timebit
1094 2086 1184 2122 cur
1213 2085 1404 2124 meum.
1439 2067 1682 2124 Ecclesia
1711 2068 1884 2134 dicit,
1920 2082 2049 2138 pro-

462 2174 582 2235 pter
613 2164 745 2220 illud
776 2165 918 2237 quod
961 2165 1222 2221 Dominus
1251 2165 1390 2220 dixit
1417 2181 1433 2220 ;
1465 2164 1608 2220 Ecce
1638 2179 1738 2236 ego
1769 2163 2047 2220 vobiscum

457 2271 577 2312 sum
622 2257 872 2312 omnibus
899 2256 1134 2327 diebus,
1180 2271 1354 2330 usque
1399 2257 1468 2314 ad
1514 2258 2048 2314 consummationem

456 2350 643 2406 surculi
678 2350 896 2422 (Matth.
928 2349 1078 2421 ult.).

530 2443 592 2499 Si
622 2453 866 2515 exsurgat
894 2443 950 2498 in
980 2459 1061 2499 me
1087 2444 1349 2514 prtelium,
1379 2444 1435 2500 in
1465 2445 1560 2500 hoc
1589 2461 1684 2517 ego
1709 2445 1946 2517 sperabo.
1980 2444 2050 2502 Et

456 2538 503 2595 si
531 2549 852 2595 moveantur
878 2539 1142 2597 adversus
1170 2555 1256 2597 me
1288 2555 1504 2612 pugnas,
1533 2539 1813 2598 confidens
1841 2557 1961 2597 sum
1993 2542 2044 2596 in

454 2631 538 2689 bis
569 2652 582 2688 :
614 2650 682 2690 eo
706 2635 850 2706 quod
883 2637 1056 2706 possit
1088 2635 1234 2692 Deus
1257 2677 1271 2702 ,
1303 2636 1393 2708 qui
1421 2645 1505 2692 est
1533 2651 1660 2708 spes
1689 2652 1830 2702 mea,
1862 2639 2046 2708 iniqua

454 2725 559 2780 tela
612 2727 662 2780 in
713 2726 1058 2782 inimicorum
1091 2742 1185 2782 ora
1213 2727 1566 2798 detorquere.
1618 2728 1681 2784 Si
1724 2729 1964 2800 insurgat
1995 2731 2046 2783 in

451 2834 530 2872 me
559 2818 816 2886 prarlium.
865 2818 974 2874 lsta
1006 2817 1325 2890 supradicta
1358 2820 1544 2891 pra-lia
1571 2863 1586 2886 ,
1635 2835 1814 2891 pugna
1841 2820 2048 2878 dtemo-

449 2911 684 2967 niorum.
715 2911 854 2984 Ego,
885 2912 1020 2970 dicit
1047 2914 1294 2971 Ecclesia
1321 2957 1336 2982 ,
1382 2916 1434 2970 in
1476 2915 1742 2971 auxilium
1799 2925 1947 2972 tuum
1992 2925 2047 2973 et

451 3003 826 3062 defensionem
858 3016 1004 3062 tuam
1031 3009 1287 3080 Sperabo.

525 3095 694 3152 Unam
725 3100 850 3169 petii
879 3116 911 3152 a
947 3098 1192 3166 Domino,
1221 3102 1356 3157 hanc
1377 3104 1661 3175 requiram.
1689 3102 1922 3169 Quidam
1955 3118 2047 3174 pu-

2153 1894 2312 1933 meos.
2350 1877 2509 1932 Nunc
2531 1919 2547 1941 ,
2595 1879 2650 1932 in
2686 1878 2940 1948 prazsenti
2974 1896 2985 1932 :
3019 1895 3175 1947 super
3215 1878 3454 1932 inimicos
3483 1918 3498 1940 ,
3542 1876 3590 1931 id
3626 1885 3723 1945 est,

2154 1984 2320 2039 super
2365 1969 2498 2024 istos
2547 1968 2893 2040 supradictos
2920 2010 2934 2036 ,
2975 1968 3273 2024 exaltatum
3307 1976 3392 2023 est
3419 1977 3586 2039 caput
3619 1983 3727 2023 nos-

2153 2074 2316 2134 trum,
2345 2063 2489 2135 quod
2517 2074 2602 2120 est
2634 2062 2886 2119 Christus
2911 2083 2920 2118 :
2952 2079 3118 2134 super
3142 2077 3338 2119 omnes
3362 2063 3612 2118 inimicos
3643 2064 3727 2118 Ec-

2151 2159 2356 2214 clesiae.
2389 2157 2459 2213 Et
2485 2175 2624 2214 nunc
2651 2159 2898 2213 exultavit
2930 2168 3083 2230 caput
3111 2174 3280 2213 meum
3322 2172 3481 2228 super
3513 2158 3727 2214 inimicos

2150 2270 2312 2321 meos,
2345 2268 2512 2324 super
2543 2262 2721 2309 motus
2751 2252 3033 2317 carnales,
3069 2252 3164 2323 qui
3204 2267 3290 2309 me
3321 2267 3469 2324 satpe
3497 2251 3727 2308 humilia-

2152 2347 2304 2414 bant,
2339 2362 2408 2403 ne
2435 2347 2680 2404 cmlesna
2709 2347 3134 2418 contemplarer.

2223 2441 2462 2497 Circuibo
2491 2452 2537 2497 et
2564 2442 2843 2498 inmtolabo
2887 2445 2942 2498 in
2986 2442 3323 2498 tabernaculo
3363 2444 3480 2512 eius
3521 2443 3724 2498 hostium

2139 2539 2490 2610 jubilatiouis.
2519 2537 2779 2606 Circuibo,
2812 2539 2862 2594 id
2885 2547 2992 2606 est,
3020 2539 3367 2594 exercitabor
3395 2539 3448 2594 in
3477 2541 3728 2594 creaturis

2153 2631 2246 2686 Dei
2293 2650 2306 2687 :
2351 2630 2710 2686 considerans
2775 2633 2964 2687 orbem
3014 2633 3069 2687 in
3117 2631 3342 2688 Christo
3403 2631 3725 2686 credentem.

2149 2724 2286 2791 Quia
2317 2723 2628 2780 considerat
2655 2733 2934 2780 creaturas
2965 2726 3062 2782 Dei
3100 2745 3110 2780 :
3145 2740 3268 2781 cum
3310 2724 3513 2796 aliquis
3543 2724 3725 2780 caelum

2148 2825 2204 2872 et
2254 2827 2496 2882 terram,
2548 2817 2632 2874 vel
2685 2833 2837 2874 mare
2887 2835 3012 2874 cum
3065 2821 3177 2874 SUlS
3219 2819 3560 2875 ornamentis
3600 2834 3723 2875 (2011-

2149 2912 2410 2982 spexerit,
2446 2914 2652 2969 invenit
2681 2913 2811 2984 quid
2845 2913 3091 2970 immolet
3130 2915 3267 2980 Deo,
3302 2915 3406 2970 hoc
3447 2923 3572 2979 est,
3618 2914 3725 2969 lau-

2148 3005 2293 3062 dem.
2333 3007 2575 3062 Circuibo
2601 3050 2615 3074 ,
2648 3011 2752 3062 hoc
2781 3016 2864 3064 est
2893 3049 2909 3074 ,
2951 3025 3046 3079 per
3077 3017 3314 3080 quatuor
3343 3016 3530 3079 partes
3558 3006 3726 3063 mundi

2150 3101 2401 3171 exempla
2447 3112 2764 3158 sanctorum
2811 3103 3066 3174 inquiro,
3100 3111 3156 3158 et
3199 3101 3273 3157 ibi
3324 3101 3595 3157 invenitur
3625 3101 3729 3156 laus

451 3195 567 3242 tant
593 3205 756 3245 unam
784 3191 1132 3260 charitatem,
1164 3194 1282 3250 sive
1311 3169 1564 3266 grati-am,
1590 3205 1683 3252 aut
1704 3205 1853 3253 certe
1884 3169 2043 3254 unam
2075 3169 2120 3233 C
2155 3193 2268 3249 Dei.
2318 3169 2386 3248 Et
2431 3195 2708 3250 immutabo
2738 3197 2792 3250 in
2822 3169 3150 3251 tabernaculo
3192 3197 3306 3265 ejus
3338 3195 3562 3248 hostiam
3602 3194 3729 3248 voci-

448 3282 769 3354 petitionem
802 3285 905 3340 dici
935 3303 949 3343 :
981 3303 1104 3342 cum
1135 3289 1299 3342 ahath
1333 3291 1565 3346 verbum
1604 3292 1917 3358 Hebraeum,
1950 3294 2046 3348 ab-

447 3377 628 3434 solute
650 3395 811 3432 unum
835 3380 1069 3435 neutrali
1091 3395 1292 3452 genere
1316 3392 1494 3450 sonet,
1519 3393 1575 3439 et
1601 3384 1845 3453 legatur:
1870 3385 2044 3442 Unum

446 3469 570 3539 petii
601 3487 632 3523 a
662 3469 887 3526 Domino
910 3513 924 3539 ,
960 3472 1012 3528 id
1045 3483 1165 3543 est,
1201 3474 1375 3545 ipsum
1418 3477 1732 3533 Dominum.
1767 3479 1925 3534 Hunc
1963 3497 2043 3536 re—

448 3561 678 3636 quiram,
716 3564 767 3619 id
801 3573 918 3632 est,
954 3566 1128 3637 ipsum
1157 3568 1472 3626 Dominum.

523 3655 591 3711 Ut
616 3657 897 3713 inhabilem
928 3661 981 3714 in
1011 3661 1169 3716 domo
1200 3663 1412 3720 Domini
1450 3666 1682 3723 omnibus
1709 3669 1885 3724 diebus
1930 3671 2042 3725 tita'

447 3765 592 3804 metu.
621 3750 677 3806 ln
709 3751 873 3808 domo
903 3753 1140 3822 Domini,
1173 3758 1225 3811 in
1250 3759 1359 3813 vita
1386 3769 1682 3830 perpetua:
1708 3762 1834 3832 quia
1851 3777 2042 3833 quam-

444 3844 524 3898 vis
556 3844 802 3901 Ecclesia
831 3847 920 3902 hic
941 3847 1158 3905 dicatur
1178 3851 1377 3908 domus
1407 3872 1418 3907 :
1447 3865 1625 3910 tamen
1653 3871 1762 3911 non
1796 3858 2036 3926 pmprie,

442 3938 536 3990 sed
569 3939 956 4009 nuncupative.
993 3939 1147 3998 Unde
1173 3942 1305 3998 dicit
1337 3962 1350 3999 :
1382 3947 1534 4001 Beati
1565 3947 1658 4018 qui
1709 3947 1953 4005 habitant
1985 3950 2036 4006 in

440 4025 605 4083 domo
640 4039 753 4101 tua,
793 4031 1021 4089 Domine
1053 4033 1175 4107 (Ps.
1211 4039 1465 4109 Lxxxtu).

519 4121 584 4177 Ut
611 4123 811 4178 videam
833 4125 1154 4181 voluntatem
1182 4129 1429 4186 Domini:
1460 4131 1510 4186 id
1541 4141 1645 4201 est,
1675 4132 2033 4191 dilectionem

446 4213 543 4269 Dei
579 4234 592 4269 :
623 4227 682 4270 ut
714 4217 844 4272 illud
871 4237 884 4273 :
910 4219 1230 4277 Videbimus
1252 4239 1375 4278 eum
1415 4226 1576 4281 sicuti
1601 4237 1682 4283 est
1715 4227 1896 4298 (Joan.
1928 4229 2033 4302 tu),

443 4309 538 4364 sed
587 4309 676 4366 hic
720 4328 819 4382 per
847 4315 1154 4383 speculum.
1190 4315 1366 4372 Unam
1402 4320 1526 4391 petii
1557 4337 1589 4373 a
1618 4318 1870 4389 Domino,
1905 4323 2037 4377 hanc

437 4405 722 4475 requiram.
759 4405 1055 4464 Videamus
1078 4425 1199 4481 quas
1235 4421 1320 4466 est
1367 4427 1472 4468 una
1505 4414 1696 4484 petitio
1725 4433 1738 4470 :
1773 4415 1842 4471 Ut
1883 4417 2037 4472 inha-

439 4494 598 4552 bitem
618 4539 634 4564 ,
668 4500 849 4570 inquit
871 4544 886 4568 ,
920 4502 974 4556 in
1001 4503 1154 4558 domo
1181 4503 1397 4560 Domini
1439 4507 1674 4562 omnibus
1703 4509 1884 4564 diebus
1913 4512 2031 4566 vitae

2151 3289 2442 3357 ferationis.
2493 3288 2648 3356 Quod
2694 3305 2794 3360 pro
2825 3289 2984 3346 nobis
3019 3289 3085 3345 ad
3118 3300 3330 3359 tempus
3376 3288 3726 3343 humilitatem

2149 3382 2441 3448 susﬁnuit,
2474 3383 2715 3455 gaudens
2753 3383 3064 3455 praedicabo
3095 3402 3107 3438 :
3141 3385 3268 3456 quia
3316 3382 3512 3438 talibus
3550 3381 3728 3437 hostiis

2148 3476 2474 3534 delectatur.
2509 3478 2754 3532 Hostiam
2775 3477 3111 3551 jubilationis
3133 3521 3148 3544 ,
3189 3478 3294 3533 hoc
3327 3488 3443 3546 est,
3478 3475 3728 3548 prmdica-

2151 3569 2334 3625 tionis.
2367 3571 2583 3626 .lnbilus
2613 3569 2835 3636 dicitur,
2865 3572 2956 3643 qui
2986 3586 3088 3627 nec
3116 3586 3214 3642 per
3245 3570 3478 3637 litteras,
3510 3584 3610 3625 nec
3637 3583 3727 3639 per

2146 3665 2415 3738 syllabas,
2447 3680 2545 3720 nec
2577 3666 2759 3721 verbis
2802 3674 2987 3736 potest
3019 3664 3495 3736 comprehendere
3525 3664 3724 3734 magni-

2146 3756 2391 3812 tudinem
2445 3756 2774 3812 laudationis
2821 3756 2942 3812 Dei.
2995 3756 3186 3813 Hostia
3215 3757 3437 3820 dicitur,
3470 3773 3586 3827 quae
3633 3771 3720 3825 per

2144 3860 2326 3920 partes
2347 3849 2628 3917 dividitur,
2652 3860 2707 3906 et
2736 3850 2960 3921 sanguis
2987 3851 3129 3905 circa
3159 3849 3652 3911 altarecll‘undilur,
3667 3859 3719 3903 et

2143 3945 2257 4014 ipsa
2275 3943 2450 3999 hostia
2470 3943 2602 3998 foris
2614 3944 3318 4001 comburitur.Sacrilicium
3336 3943 3718 4000 diciturvinum

2142 4047 2196 4093 et
2221 4038 2422 4101 oleum,
2450 4044 2506 4092 et
2532 4035 2766 4090 medium
2790 4036 3023 4102 animal;
3059 4046 3114 4092 et
3133 4036 3532 4101 holocaustum,
3557 4045 3719 4090 tutum

2142 4130 2517 4195 combustum,
2550 4140 2602 4185 et
2629 4130 2850 4184 victima
2880 4171 2894 4195 ,
2925 4139 3214 4200 antequam
3243 4131 3538 4185 occidatur.
3572 4129 3715 4185 Unde

2144 4223 2341 4280 Paulus
2386 4243 2397 4277 :
2444 4224 2690 4279 Hostiam
2761 4224 2940 4278 vivam
2989 4225 3168 4293 (Rom.
3219 4225 3340 4297 xu).
3394 4223 3614 4281 Cantabo
3672 4234 3718 4278 et

2142 4317 2403 4389 psalmum
2432 4317 2606 4400 dicam
2635 4316 2881 4372 Domino.
2912 4315 3164 4386 Cantabo,
3201 4318 3540 4388 pra-dicabo;
3577 4317 3716 4372 Psal-

2142 4427 2285 4464 mum
2309 4410 2500 4478 dicam,
2528 4426 2693 4481 opere
2715 4411 3022 4481 compleam
3052 4430 3062 4464 :
3088 4411 3174 4467 vel
3199 4411 3388 4468 laudes
3417 4411 3710 4484 spirituales

2143 4512 2324 4559 mente
2349 4505 2630 4559 concinam
2662 4503 2902 4559 dilatata.

439 4603 568 4644 mea:
603 4607 622 4644 :
651 4600 708 4645 ut
739 4592 793 4646 in
819 4591 921 4648 hac
951 4594 1054 4649 vita
1088 4597 1330 4663 mortali,
1363 4598 1621 4669 templum
1651 4611 1899 4658 sanctum
1925 4604 2034 4659 elli-
2059 4573 2112 4634 D
2210 4597 2443 4662 Exaudi,
2471 4598 2716 4662 Domine,
2741 4613 2913 4652 vocem
2937 4614 3122 4662 meam,
3151 4615 3254 4670 qua
3279 4597 3498 4652 clamavi
3525 4597 3590 4650 ad
3616 4603 3660 4648 te
3687 4611 3704 4649 :

439 4683 576 4748 ciar,
609 4685 661 4739 in
690 4700 800 4756 quo
853 4687 996 4744 Deus
1046 4689 1352 4747 inhabitare
1392 4691 1667 4763 dignetur.
1717 4694 1787 4750 Et
1833 4698 2032 4752 visitem

441 4777 687 4849 templum
718 4781 852 4850 ejus.
889 4779 982 4834 Eis
1013 4781 1104 4850 qui
1137 4782 1188 4836 in
1222 4783 1386 4839 terris
1419 4786 1609 4855 positi,
1642 4788 1916 4844 cmlestem
1946 4790 2028 4845 vi-

441 4879 550 4924 tam
583 4880 794 4941 agunt,
830 4873 1106 4944 particeps
1151 4873 1302 4930 fiam.
1347 4876 1414 4932 Et
1459 4886 1715 4950 protegar
1745 4881 1796 4936 in
1830 4884 2031 4953 templo

434 4973 628 5017 sancto
651 4962 772 5033 ejus
797 4981 810 5018 :
836 4964 886 5020 id
911 4974 1016 5034 est,
1042 4967 1441 5037 protectionem
1465 4970 1534 5026 ab
1554 4970 1674 5042 ipso
1698 4987 1860 5044 supra
1883 4975 2030 5033 dicto

436 5052 686 5110 habeam.

511 5146 769 5215 Quoniam
796 5149 1066 5205 abscondit
1093 5168 1175 5206 me
1214 5153 1269 5206 in
1310 5154 1643 5212 tabernaculo
1677 5174 1794 5214 suo.
1830 5159 1885 5214 ln
1915 5176 2024 5230 quo

436 5255 532 5312 per
563 5241 722 5297 fidem
759 5242 1022 5300 inhabitet
1073 5260 1287 5302 mecum
1321 5265 1334 5302 :
1375 5264 1443 5304 ne
1487 5251 1616 5305 mihi
1667 5253 2024 5310 tentationum

435 5335 721 5390 obviarent
759 5337 1034 5406 procellae.
1079 5337 1512 5396 Tabernaculum
1542 5342 1844 5400 divinitatis
1869 5388 1884 5412 ,
1929 5345 2028 5401 hu-

435 5429 669 5484 manitas
695 5426 903 5486 Christi
933 5438 1037 5486 est.
1074 5431 1376 5487 Abscondit
1419 5435 1719 5491 Ecclesiam
1755 5437 1810 5492 in
1847 5441 2028 5494 taber-

432 5525 627 5580 naculo
652 5539 752 5579 suo
779 5543 793 5579 :
817 5526 942 5596 quia
971 5533 1135 5598 caput
1161 5536 1407 5584 nostrum
1431 5527 1684 5585 Christus
1711 5541 1816 5599 est,
1843 5540 1898 5587 et
1924 5548 2023 5588 nos

433 5616 676 5672 membra
708 5616 870 5673 illius.
905 5617 1206 5673 Abscondit
1251 5634 1382 5692 ergo
1415 5621 1715 5678 Ecclesium
1754 5623 1896 5694 apud
1927 5640 1987 5681 se
2009 5667 2024 5693 ,

430 5719 488 5766 ut
509 5709 708 5766 dictum
733 5718 817 5766 est
842 5728 855 5765 :
884 5710 1080 5766 Mortui
1112 5710 1257 5768 enim
1286 5713 1443 5785 estis,
1474 5725 1528 5771 et
1557 5715 1666 5771 vita
1693 5725 1874 5773 vestra
1901 5717 2030 5776 abs-

435 5804 650 5864 condita
692 5816 774 5864 est
805 5821 927 5864 cum
960 5806 1180 5864 Christo
1221 5806 1274 5863 in
1305 5807 1418 5866 Deo
1449 5810 1670 5883 (Coloss.
1707 5812 1811 5884 ιιι).
1848 5810 1910 5869 1η
1935 5814 2020 5870 die

2137 4696 2380 4750 miserere
2432 4694 2533 4748 mei
2569 4702 2617 4748 et
2646 4692 2840 4763 exaudi
2869 4707 2968 4745 me.
3004 4690 3108 4746 Per
3142 4691 3418 4747 interioris
3456 4691 3593 4746 enim
3620 4688 3709 4743 lto-

2136 4788 2303 4844 minis
2331 4789 2630 4843 clamorem
2665 4786 2933 4856 deprecor
2964 4793 3024 4839 ut
3053 4784 3315 4840 cxaudias
3348 4801 3451 4840 tne.

2206 4881 2324 4936 Tibi
2355 4881 2487 4936 dixit
2519 4896 2608 4934 cor
2640 4895 2806 4933 meum
2825 4918 2840 4945 ,
2871 4878 3146 4948 exquisivit
3177 4887 3224 4931 te
3254 4877 3420 4946 [aries
3449 4894 3555 4932 mea
3585 4893 3600 4930 :
3628 4879 3706 4946 {a-

2133 4975 2264 5030 ciem
2292 4985 2433 5028 tuam
2453 5014 2468 5040 ,
2498 4971 2742 5037 Domine,
2777 4973 3063 5043 requiram.
3087 4971 3283 5026 Merito
3311 4985 3408 5026 cor
3443 4971 3565 5043 justi
3595 4970 3700 5024 vul-

2133 5076 2245 5122 tum
2275 5067 2513 5122 viventis
2557 5063 2654 5120 Dei
2699 5064 2928 5135 requirit
2959 5081 2973 5118 :
3006 5063 3130 5134 quia
3175 5079 3300 5118 eum
3331 5063 3515 5120 videre
3559 5077 3698 5134 posse

2131 5159 2381 5216 conlidit.
2433 5159 2583 5214 Beati
2625 5158 2768 5213 enim
2817 5157 3021 5212 mundo
3059 5157 3226 5214 corde
3270 5177 3280 5211 :
3323 5157 3573 5229 quoniam
3609 5155 3696 5226 ipsi

2135 5255 2308 5310 Deum
2339 5251 2605 5308 videbunt
2635 5251 2849 5323 (Matth.
2879 5251 2964 5322 ιι).
2993 5251 3258 5318 ρυωείνίι
3287 5251 3453 5306 facies
3491 5266 3604 5306 mea
3631 5249 3697 5302 la-

2133 5346 2273 5403 ciem
2315 5354 2492 5410 tuam,
2529 5342 2633 5399 hoc
2661 5351 2747 5398 est
2768 5385 2783 5410 ,
2819 5342 3062 5398 Ecclesia
3094 5357 3210 5397 mea
3243 5341 3435 5398 faciem
3463 5353 3597 5399 tuam
3625 5356 3696 5396 re-

2134 5436 2362 5510 quisivit
2397 5455 2408 5489 :
2444 5435 2546 5489 hoc
2585 5443 2664 5490 est
2689 5479 2703 5503 ,
2748 5434 3092 5505 prtesentiam
3133 5443 3301 5489 tuam.

2211 5531 2298 5586 Ne
2320 5538 2520 5586 avertas
2557 5529 2744 5600 faciem
2774 5536 2916 5582 tuam
2949 5545 2981 5582 tt
3019 5544 3116 5582 me.
3151 5527 3292 5583 Alibi
3324 5528 3489 5584 dicit:
3516 5531 3693 5584 Averte

2136 5625 2328 5682 faciem
2359 5633 2503 5678 tuam
2534 5638 2562 5675 a
2588 5621 2828 5694 peccatis
2855 5621 2990 5676 meis
3017 5617 3191 5689 (Psal.
3224 5619 3302 5690 ι).
3337 5621 3400 5676 Et
3433 5620 3530 5676 hoc
3554 5634 3692 5674 oran-

2134 5721 2262 5779 dum
2303 5729 2406 5778 est.
2440 5718 2547 5776 Sed
2587 5717 2674 5774 hic
2703 5715 2838 5773 dicit
2879 5734 2890 5770 :
2927 5714 3012 5771 Ne
3058 5723 3259 5770 avertas
3301 5713 3484 5786 facim:
3531 5725 3692 5778 tuam;

2137 5813 2188 5871 id
2225 5824 2349 5882 est,
2383 5827 2453 5871 ue
2481 5811 2729 5870 dimittas
2766 5825 2855 5868 me
2887 5812 2940 5868 in
2979 5806 3197 5882 propria
3226 5807 3500 5866 voluntate
3526 5826 3538 5862 :
3569 5807 3694 5864 sicut
