3944 6334
486 343 589 401 899

1276 334 1624 401 APPENDIX
1665 340 1758 401 AD
1799 338 2045 399 TOMUM
2087 336 2442 400 SEPTIMUM
2484 340 2543 400 S.
2586 338 2989 401 HIERONYMI.

3676 338 3766 399 9Γο

482 461 675 518 extollo
700 476 882 516 manus
938 476 1075 515 meas
1124 461 1193 514 att
1243 457 1491 531 templum
1520 466 1755 514 sanctum
1802 468 1948 513 tuum
1978 473 1993 513 :
2026 458 2077 511 in
2108 460 2156 515 Δ
2185 454 2312 512 dum
2341 456 2589 513 ordinem
2617 458 2941 513 litterarum.
2972 454 3263 521 Protector,
3294 452 3399 509 hoc
3444 460 3549 520 est,
3599 452 3769 507 deleu-

479 573 645 612 cruce
669 556 880 612 scilicet
909 572 1009 626 pro
1062 552 1437 624 credentibus,
1496 554 1589 626 qui
1624 554 1883 625 templum
1932 559 2082 607 tuum

487 648 654 704 futuri
683 657 830 705 sunt.
1596 718 1609 730 ι

551 741 637 798 Ne
659 740 819 797 simul
849 739 1028 795 tradas
1062 757 1141 794 me
1178 756 1294 794 cum
1327 738 1701 808 peccatoribus.
1736 736 2081 802 Péccatores,

478 835 744 900 latrones,
779 835 919 889 inter
962 849 1098 904 quos
1129 828 1424 903 pendebat,
1477 842 1535 887 ut
1565 830 1640 886 ait
1666 818 1933 902 propheta
1967 844 1982 881 :
2017 822 2081 883 Et

476 930 620 983 inter
648 925 862 998 iniquos
880 923 1173 995 deputatus
1203 930 1291 980 est
1315 921 1334 996 (
1359 920 1487 979 lsai.
1513 923 1609 979 Litt
1637 922 1680 994 ).
1703 921 1833 978 Cum
1864 926 2085 991 aperan-

473 1020 609 1074 tibus
638 1018 967 1089 iniquitatem
998 1034 1060 1072 ne
1092 1008 1281 1088 perdas
1310 1033 1408 1071 me.
1442 1014 1499 1071 Id
1532 1020 1636 1082 est,
1672 1014 1723 1070 in
1754 1012 1845 1069 die
1892 1008 2081 1083 judicii

473 1127 596 1167 cunt
650 1109 736 1166 his
794 1109 1143 1178 latronibus,
1198 1121 1290 1165 aut
1329 1111 1545 1166 cazteris
1594 1108 1771 1165 malis.
1826 1107 1959 1163 Tam
2015 1108 2081 1162 ad

474 1202 777 1269 Christum,
820 1218 979 1274 quam
1003 1202 1070 1258 ad
1116 1202 1414 1259 Ecclesiam
1462 1201 1724 1273 pertinet,
1756 1209 1956 1256 utnon
2004 1200 2080 1255 sic

469 1311 715 1370 peream,
761 1308 994 1354 mortem
1021 1297 1350 1367 suscipiens,
1405 1295 1545 1353 sicut
1600 1292 1835 1367 cperarii
1886 1293 2075 1364 iniqui-

473 1390 622 1447 tatis.

539 1484 671 1541 Cum
712 1483 795 1539 his
825 1486 914 1557 qui
948 1481 1232 1556 loquuntur
1272 1499 1450 1556 pacem
1490 1497 1608 1537 cum
1656 1480 1893 1555 proximo
1936 1492 2079 1535 suo:

468 1576 613 1633 mula
641 1587 853 1645 autem,
911 1585 1018 1633 etc.
1064 1575 1455 1647 Loqucbantur‘
1496 1570 1671 1631 .ludtei
1719 1582 1905 1645 pacem
1954 1586 2076 1628 cum

465 1671 708 1740 Christo,
739 1661 1330 1740 dicenteszMagister,
1378 1669 1581 1724 scimus
1624 1668 1750 1738 quia
1797 1680 1962 1723 verax
1992 1676 2071 1734 es,

462 1772 522 1820 et
550 1763 675 1834 quia
702 1774 731 1818 a
765 1763 875 1818 Deo
898 1762 1095 1817 venisti
1143 1762 1425 1833 magister,
1466 1770 1520 1817 et
1551 1761 1693 1815 viam
1716 1758 1809 1814 Dei
1840 1756 1894 1814 in
1926 1758 2073 1814 veri-

2186 560 2297 603 sor.
2325 547 2653 604 Salutat-ium
2680 548 2875 604 Christi
2900 548 2984 603 sui
3012 556 3107 603 est.
3139 546 3426 603 Pluraliter
3451 543 3589 602 dicit
3619 562 3634 598 :
3664 546 3768 617 quia

2182 654 2379 699 omnes
2412 644 2641 699 virtutes
2660 642 2871 699 Christi
2905 640 3167 698 divinitas
3191 639 3452 697 custodit.

2259 736 2476 791 Salvum
2503 737 2587 807 [ac
2617 734 2865 809 populum
2912 746 3080 799 tuum,
3124 734 3363 790 Domine.
3413 734 3530 790 Hoc
3553 740 3667 799 est,
3693 748 3771 801 po-

2187 829 2373 900 pulum
2403 827 2800 885 Christianum.
2832 828 2953 895 Vel,
2984 829 3191 884 salvam
3240 827 3323 883 lac
3370 826 3584 898 plebem
3617 833 3769 893 ataui,

2187 920 2438 993 Domine,
2472 939 2634 996 quam
2666 931 2844 979 morte
2875 936 2996 978 mea
3027 922 3255 980 redemi.
3288 920 3356 975 Et
3379 921 3598 976 benedic
3624 919 3770 976 litera-

2184 1017 2338 1072 ditati
2390 1026 2514 1074 tute.
2570 1017 2746 1087 Quam
2796 1028 2892 1088 per
2943 1017 3194 1088 carperis
3248 1026 3302 1070 et
3349 1015 3639 1088 sanguinis
3683 1014 3772 1072 mei

2185 1110 2510 1183 mysterium
2527 1112 2579 1165 in
2602 1111 2845 1167 Ecclesia
2862 1111 3225 1182 cbugregasti.
3247 1109 3289 1165 Η
3309 1124 3321 1161 ι
3343 1107 3768 1177 reditasChristi,

2182 1220 2279 1259 sua
2316 1201 2584 1275 Ecclesia,
2616 1205 2684 1261 de
2709 1216 2811 1275 qua
2841 1206 2977 1261 dixit
3007 1222 3022 1261 :
3061 1206 3211 1262 Dabo
3239 1205 3331 1261 tibi
3368 1215 3565 1276 gentes
3596 1204 3652 1259 in
3680 1204 3774 1260 ba:-

2180 1298 2471 1354 reditatem
2502 1310 2645 1355 tuam
2666 1298 2687 1372 (
2709 1299 2788 1355 Is.
2820 1310 2858 1356 tt
2886 1300 2927 1372 ).
2963 1299 3031 1355 Et
3051 1314 3170 1373 rege
3220 1316 3326 1367 eos,-
3353 1300 3625 1356 eteattolle
3672 1298 3773 1356 illos

2182 1405 2345 1462 usque
2368 1394 2422 1446 in
2453 1393 2723 1448 saeculum.
2758 1393 2897 1463 Rege
2927 1392 3070 1459 illos,
3104 1406 3168 1448 ac
3197 1393 3240 1447 si
3271 1390 3417 1449 dicit
3446 1410 3461 1449 :
3491 1390 3573 1447 'l‘u
3622 1407 3771 1463 rege,

2182 1501 2291 1542 non
2320 1485 2590 1556 diabolus,
2626 1498 2726 1542 nec
2755 1494 3061 1558 peccatum.
3117 1485 3187 1541 Et
3218 1487 3410 1541 extollo
3437 1502 3527 1541 eos
3554 1487 3772 1557 usquin

2180 1578 2432 1634 statutum
2460 1596 2477 1635 :
2506 1579 2611 1635 hoc
2642 1589 2747 1645 est,
2780 1579 3014 1635 defende
3068 1594 3167 1635 eos
3197 1592 3369 1649 usque
3398 1580 3451 1634 in
3482 1579 3767 1645 saeculum,

2181 1671 2235 1726 in
2265 1670 2373 1726 vita
2403 1678 2628 1728 acterna.
2653 1671 2755 1736 'l‘u,
2784 1672 3036 1738 Domine,
3069 1680 3198 1742 rege
3245 1679 3301 1727 et
3320 1671 3473 1727 eleva
3502 1684 3639 1727 nos:
3663 1671 3771 1743 quia

2181 1762 2418 1834 populus
2442 1770 2567 1819 tuus
2592 1776 2801 1830 sumus,
2859 1773 2919 1818 nt
2978 1764 3031 1818 in
3065 1762 3169 1818 hac
3213 1767 3323 1821 vita
3371 1776 3495 1836 quas
3521 1764 3624 1820 tibi
3664 1775 3773 1820 sunt

464 1826 582 1913 tate
605 1850 880 1929 doct-5U!
890 1865 984 1910 att.
1014 1854 1191 1927 mi).
1229 1826 1377 1910 ᾖιαια
1406 1863 1577 1909 autem
1602 1863 1723 1908 sunt
1748 1854 1799 1907 in
1828 1851 2073 1908 cordibus
2104 1826 2153 1906 Β
2182 1826 2375 1928 placita
2407 1857 2728 1913 facientibus
2754 1826 2822 1914 ab
2844 1857 2948 1914 hac
2980 1857 3315 1914 mortalitate
3352 1826 3408 1913 ni
3458 1857 3769 1913 immortali-

467 1966 671 2014 eorum,
706 1950 925 2021 quando
956 1949 1369 2019 interrogabant
1411 1964 1536 2005 eum
1570 1948 1764 2004 :Licet
1814 1946 2075 2002 tributum

463 2048 581 2105 dari
606 2046 836 2115 Caesari,
859 2064 926 2103 an
953 2064 1057 2103 non
1077 2045 1278 2120 (Marc.
1310 2044 1400 2118 xu)
1424 2045 1448 2100 ’ἒ

549 2141 632 2196 Da
661 2143 769 2197 illis
797 2141 1081 2196 secundum
1113 2157 1270 2213 Opera
1293 2154 1491 2194 eorum.
1522 2138 1624 2207 Qui
1659 2146 1710 2194 te
1738 2153 1845 2193 non
1876 2136 2078 2193 intelli-

463 2246 598 2307 gunt
619 2250 714 2306 per
740 2233 1039 2301 beneﬁcia,
1070 2232 1376 2303 intelligant
1406 2248 1502 2302 per
1522 2232 1819 2301 cruciatus,
1846 2238 1904 2285 ttt
1934 2231 2077 2286 male

466 2338 717 2399 agentes,
742 2325 885 2382 bona
910 2335 998 2381 tua
1024 2326 1269 2380 invenire
1294 2341 1401 2380 non
1419 2324 1648 2395 possint.
1670 2322 1943 2395 Propheta
1965 2338 2074 2379 non

470 2417 731 2488 optando,
793 2416 888 2474 sed
942 2408 1370 2488 pronuntiando,
1418 2416 1590 2473 dicit:
1623 2416 1701 2473 Ac
1730 2418 1775 2472 si
1806 2416 2071 2473 dixisset:

468 2510 706 2566 Daturus
731 2526 792 2566 es
825 2510 936 2567 illis
958 2510 1251 2565 vindictam
1278 2510 1329 2565 in
1354 2510 1443 2566 die
1464 2508 1675 2580 judicii.
1703 2508 1769 2563 Et
1789 2509 2074 2565 secundum

463 2603 745 2675 nequitiam
787 2600 1214 2658 adinventiouum
1256 2606 1458 2669 eorum,
1489 2610 1596 2657 etc.
1655 2601 1847 2657 Studia
1878 2615 2071 2657 eorum

466 2707 622 2762 sunt,
653 2707 709 2752 ut
742 2696 873 2752 tnihi
902 2707 1156 2764 noceant,
1188 2705 1242 2750 et
1294 2696 1519 2767 laqueos
1570 2694 1929 2750 ten‘tationum
1984 2694 2069 2748 in-

461 2791 689 2847 tendant
719 2809 730 2845 :
766 2791 887 2847 ideo
933 2791 1140 2862 justum
1188 2794 1295 2858 est,
1349 2800 1406 2845 ut
1440 2789 1491 2845 in
1523 2789 1607 2845 his
1643 2788 1748 2861 ipsi
1791 2787 2067 2844 deficiant.

468 2878 653 2942 Redde
683 2883 1075 2940 retributionem
1107 2898 1287 2939 eorum
1332 2882 1477 2954 ipsis.
1511 2881 1615 2952 Ipsi
1638 2882 1783 2938 enim
1815 2878 2069 2937 reddide-

469 2988 600 3035 runt
622 2977 759 3033 mala
781 2991 881 3049 pro
911 2972 1090 3040 bonis,
1126 2984 1178 3032 te
1227 2990 1332 3031 non
1363 2973 1754 3045 intelligentes.
1808 2973 2070 3043 Quoniam

456 3089 562 3126 non
618 3070 985 3127 intellexerunt
1019 3078 1179 3141 opera
1225 3067 1464 3135 Domini,
1500 3078 1609 3124 etc.
1660 3066 1922 3122 Machina:
1977 3081 2071 3122 eo—

462 3179 584 3219 rum
616 3176 737 3233 qua:
775 3172 968 3219 contra
996 3160 1297 3223 Ecclesiam
1345 3175 1520 3215 meam
1570 3159 1887 3228 eriguntur,
1931 3156 2067 3212 nihil

454 3255 811 3326 praevaleant.

526 3345 844 3401 Benedictus
875 3345 1149 3401 Dominus.
1180 3344 1361 3400 Pater.
1398 3343 1655 3411 Quoniam
1684 3340 1944 3397 exaudivit
1973 3356 2062 3394 vo-

392 3469 396 3473 -
450 3457 562 3496 cem
586 3438 967 3510 deprecationis
991 3454 1136 3493 mete.
1176 3437 1535 3507 Respondeas
1556 3440 1681 3491 ante
1703 3434 2009 3505 passionem
2039 3448 2055 3486 :

455 3531 525 3590 Et
551 3528 871 3599 clariﬁcavi,
902 3545 952 3588 et
987 3531 1185 3587 iterum
1213 3524 1525 3587 clariﬁcabo
1556 3529 1575 3602 (
1604 3527 1765 3584 Joan.
1802 3544 1875 3583 xu
1907 3531 1947 3599 ).

519 3622 779 3680 Dominus
810 3624 1026 3696 adjutor
1060 3640 1227 3679 meus.
1258 3621 1319 3677 In
1352 3622 1626 3692 passione.
1680 3620 1745 3674 Et
1794 3630 2057 3693 protector

448 3730 614 3771 meus.
646 3715 704 3771 In
731 3722 937 3772 morte.
960 3713 1026 3769 Et
1048 3715 1102 3769 in
1128 3716 1241 3787 ipso
1269 3714 1499 3783 speravit
1525 3728 1614 3767 εον
1639 3727 1829 3768 meum.
1856 3711 2057 3766 Huma-

446 3809 593 3865 nitas
624 3810 680 3863 in
713 3808 1016 3863 divinitate.
1046 3802 1110 3861 Et
1139 3807 1356 3877 adjutus
1392 3822 1527 3861 sum.
1586 3804 1644 3860 In
1678 3802 2050 3870 tribulatione,

447 3910 508 3957 ιιι
535 3916 902 3972 resurgerem.

517 3992 590 4049 Et
619 3996 857 4065 reﬂoruit
884 4007 1007 4048 caro
1059 4007 1190 4047 mea.
1248 3988 1389 4046 Caro
1425 3990 1628 4047 Christi
1666 3990 1719 4045 in
1773 4002 2051 4045 resurrec-

448 4090 599 4146 tione
627 4084 898 4145 relloruit.
928 4087 1050 4153 Vel,
1075 4086 1308 4158 reﬂoruit
1332 4100 1455 4140 caro
1484 4102 1597 4140 mea
1625 4101 1643 4138 :
1679 4084 2054 4140 retloruernnt

442 4182 678 4255 apostoli
714 4200 727 4236 :
757 4183 881 4253 quia
917 4189 1039 4251 post
1065 4181 1435 4251 negationem,
1469 4179 1536 4234 ad
1568 4180 1729 4234 tidem
1759 4186 2047 4233 venerunt.

440 4276 834 4346 Reﬂoruitcaro
848 4291 981 4341 mea,
1014 4277 1318 4345 procedens
1332 4290 1362 4329 e
1382 4274 1591 4329 tumulo
1610 4275 1945 4343 incorrupta.
1980 4272 2051 4326 Et

440 4368 680 4438 reﬂoruit
697 4382 821 4422 caro
847 4384 980 4422 utea.
1010 4366 1116 4422 Pro
1136 4383 1311 4434 carne,
1335 4365 1640 4421 Tbe‘odotio
1661 4382 1750 4420 cor
1778 4365 2048 4434 interpre-

445 4467 594 4515 tatus
630 4468 736 4515 est.
757 4457 1188 4530 Aliter:Quippe
1217 4458 1619 4513 resurreximus
1652 4472 1776 4513 cum
1800 4455 2042 4513 Christo.

440 4550 511 4608 Et
541 4550 613 4606 de
656 4551 1065 4608 resurrectione
1103 4550 1304 4607 dicitur
1327 4566 1344 4606 :
1367 4550 1507 4606 Ossa
1529 4558 1713 4607 vestra
1771 4560 1831 4605 ut
1879 4550 2047 4605 herba

440 4645 691 4700 orientur
720 4645 740 4719 (
772 4642 904 4699 lsui.
937 4659 1059 4699 ιινι
1087 4641 1129 4716 ).
1157 4642 1222 4698 Ει
1244 4659 1309 4698 ex
1326 4642 1592 4699 uoluntate
1616 4659 1731 4697 mea
1763 4642 2048 4712 conﬁtebor

437 4737 541 4793 illi.
564 4736 670 4808 Ipsi
699 4736 868 4802 Patri,
891 4746 952 4792 ut
979 4735 1113 4791 illud
1146 4753 1160 4791 :
1195 4734 1512 4791 Conﬁtebor
1540 4735 1660 4801 tibi,
1700 4733 1884 4805 Pater,
1938 4735 2043 4790 Do-

437 4828 586 4887 minc
615 4828 740 4886 coeli
762 4837 819 4884 et
848 4837 1008 4884 terra:
1037 4844 1052 4884 :
1085 4829 1209 4899 quia
1250 4827 1586 4884 abscondisti
1626 4827 1742 4883 hinc
1768 4842 1799 4881 a
1828 4827 2047 4898 sapienc

439 4922 587 4979 tibus
635 4928 694 4977 et
719 4920 1107 4993 prudentibus,
1138 4927 1197 4976 et
1225 4920 1481 4977 revelasti
1504 4935 1571 4976 ea
1588 4921 1828 4991 parvulis
1847 4921 1867 4993 (
1885 4919 2042 4976 Matt.

438 5014 552 5087 at).
586 5017 656 5071 Et
682 5015 930 5072 Ecclesia
951 5015 1214 5072 Christo:
1240 5024 1298 5070 ut
1328 5015 1461 5071 illud
1492 5035 1504 5071 :
1542 5015 1893 5074 Providentes
1922 5033 2042 5088 gre-

438 5120 583 5185 gem,
636 5124 747 5168 non
772 5119 985 5180 coacto,
1034 5112 1131 5168 sed
1174 5112 1485 5168 voluntarie
1531 5112 1762 5185 (IPetr.
1794 5116 1929 5184 tu);
1982 5124 2039 5170 et

436 5205 609 5261 item:
642 5204 959 5261 Voluntaria
1000 5203 1318 5260 sacriﬁcabo
1348 5205 1470 5274 tibi,
1503 5214 1561 5260 et
1601 5205 1911 5263 confitebor
1941 5222 2039 5261 no-

439 5300 573 5357 mini
601 5307 693 5356 tuo
725 5298 915 5372 (Psal.
947 5299 1098 5371 Lm).
1131 5297 1197 5355 Et
1225 5310 1291 5354 ea:
1326 5297 1592 5354 uoluntate
1617 5315 1730 5354 mea
1756 5299 2038 5370 conﬁtebor

437 5394 509 5459 ei,
531 5406 643 5448 non
667 5406 733 5449 es
757 5390 1102 5449 necessitate.
1125 5387 1438 5448 Conﬁtebor
1458 5390 1553 5446 tibi
1573 5405 1667 5463 per
1684 5393 2032 5464 baptismum.

438 5484 701 5542 Dominus
722 5485 975 5557 fortitudo
1001 5483 1138 5557 plebi
1164 5499 1291 5539 sum.
1341 5481 1550 5554 Pupulo
1598 5484 1929 5541 Christiano.
1966 5483 2037 5542 Et

440 5586 701 5650 protector
749 5578 1061 5633 salutarium
1105 5576 1300 5633 Christi
1347 5576 1431 5631 sui
1478 5586 1574 5631 est.
1612 5577 1956 5649 Quicumque
1980 5578 2035 5634 in

436 5671 658 5729 Christo
711 5672 1021 5743 baptizatus
1063 5679 1169 5737 est,
1214 5679 1272 5727 et
1318 5671 1437 5743 ipse
1475 5670 1727 5728 Christus
1778 5683 2031 5728 vocatur.

435 5762 730 5823 Sciendum
758 5773 938 5821 autem
995 5763 1142 5835 quod
1157 5772 1211 5819 et
1242 5763 1346 5820 iste
1374 5766 1642 5835 psalmus,
1666 5776 1895 5839 excepta
1923 5774 2030 5822 una

437 5853 644 5922 litters,
675 5854 729 5911 in
785 5854 1029 5912 Hebraeis
1053 5852 1422 5912 voluminibus
1475 5858 1709 5928 scriptus
1735 5860 1806 5915 sit
1834 5874 2032 5915 secun-

2181 1958 2371 2015 tatem,
2408 1959 2461 2005 te
2482 1959 2870 2016 commutante,
2920 1949 3252 2006 extollantur
3283 1966 3296 2004 ε
3325 1950 3376 2005 id
3418 1961 3529 2019 est,
3575 1952 3632 2006 iu
3667 1966 3769 2008 cte-

2182 2042 2412 2099 lestibus
2438 2038 2746 2110 elevemnr,
2785 2044 3059 2114 regnatnri
3096 2058 3219 2098 cum
3249 2046 3457 2100 sanctis
3476 2044 3609 2099 tuis.

2678 2152 2995 2214 PSALtlUS
3052 2152 3291 2213 XXVIII.

2180 2248 2248 2305 In
2275 2251 2449 2321 ﬁnem,
2484 2246 2728 2306 Psalt'nus
2759 2251 2948 2321 Dauid,
2976 2254 3029 2307 in
3051 2253 3497 2307 consummatione
3542 2253 3770 2308 taberna-

2253 2322 2378 2376 culi.
2430 2323 2659 2391 Quando
2699 2334 2824 2378 arca
2882 2325 2951 2380 tle
3000 2324 3313 2392 captivitate
3369 2324 3765 2380 Philistinorutn

2250 2394 2472 2450 reducta
2501 2404 2606 2453 est.
2625 2410 2722 2465 pro
2750 2410 2855 2461 qua
2876 2396 3042 2465 multa
3073 2396 3209 2450 mala
3228 2396 3768 2463 habuerunt,dintissa

2251 2476 2355 2528 est,
2389 2468 2443 2520 in
2477 2464 2699 2530 Silo,’ct
2730 2466 2892 2520 David
2914 2464 3203 2521 aedificavit
3254 2467 3303 2522 ei
3330 2467 3765 2522 tabernaculum:

2252 2535 2304 2590 in
2360 2553 2467 2605 quo
2516 2536 2766 2591 hortatur
2811 2536 3093 2607 pupulum,
3145 2550 3199 2590 ut
3241 2537 3471 2593 oil‘erant
3513 2539 3765 2594 sacrificia

2250 2607 2364 2663 Deo
2387 2607 2441 2680 ιι
2476 2608 2604 2679 Reg.
2634 2620 2714 2674 tv,
2746 2623 2776 2662 v
2806 2618 2853 2663 et
2876 2623 2981 2678 seq.
3012 2610 3053 2680 ).
3076 2607 3254 2680 David
3283 2611 3629 2677 apertissime
3650 2611 3770 2679 figu-

2252 2695 2368 2733 ram
2390 2678 2596 2735 Christi
2630 2689 2801 2742 tenet,
2831 2678 3028 2735 citima
3060 2679 3291 2747 figurans
3323 2678 3767 2737 Eccit-siar.Sicut

2252 2750 2421 2806 David
2450 2751 2670 2806 reduxit
2695 2766 2878 2821 arcam
2893 2751 2959 2805 dc
2976 2752 3313 2821 captivitate,
3345 2749 3426 2807 sic
3456 2763 3515 2805 et
3533 2753 3767 2807 Christus

2251 2822 2470 2877 reduxit
2521 2837 2726 2888 arcam,
2776 2820 2878 2877 hoc
2919 2820 3316 2886 est,’sanctam
3374 2824 3667 2879 Ercle~iam
3704 2822 3765 2878 de

2250 2895 2569 2961 captivitate
2598 2909 2613 2948 :
2644 2893 2696 2948 id
2745 2903 2847 2958 est,
2874 2893 2943 2948 de
2970 2902 3240 2961 putestate
3268 2893 3500 2950 ἀίειιυιι.
3533 2896 3763 2950 Psalmis

2250 2980 2379 3037 ergo
2410 2979 2599 3037 vocem
2626 2965 2871 3037 continet
2894 2965 3182 3035 prophetas
3232 2965 3509 3036 loquentis
3555 2966 3624 3022 de
3649 2981 3763 3037 per—

2248 3036 2482 3091 fectione
2515 3034 2772 3092 ECCieeitl‘.
2805 3036 2860 3091 in
2884 3034 3009 3092 hoc
3030 3037 3230 3093 smculo
3254 3034 3617 3109 congregatae.

2248 3170 2442 3240 A/ferte
2456 3169 2700 3237 Domino,
2716 3170 2816 3240 ﬁlii
2831 3169 2945 3226 Dei.
2964 3170 3069 3240 Qui
3084 3186 3183 3242 per
3201 3171 3431 3243 gratiam
3452 3174 3510 3228 in
3534 3171 3763 3243 adoptio-

2085 3218 2135 3293 C
2170 3277 2295 3318 nem
2328 3263 2565 3318 filiorum
2597 3264 2774 3317 vocati
2803 3264 2955 3319 estis.
2974 3218 3117 3319 ’ἓεὲ
3144 3218 3353 3320 Ciiristi
3382 3218 3761 3335 praedicamus

2164 3354 2427 3410 admonet
2452 3372 2464 3408 :
2498 3350 2700 3409 Afferte
2725 3353 3194 3425 prtedieationem,
3219 3365 3276 3412 et
3310 3357 3648 3427 exemplum,
3676 3356 3759 3412 vel

2164 3446 2330 3502 ﬁdem
2363 3453 2419 3502 et
2449 3460 2638 3516 Opera.
2668 3445 2863 3514 Alferte
2886 3446 3109 3501 Domino
3138 3449 3275 3517 ﬁlios
3322 3451 3565 3504 arietum.
3621 3452 3759 3516 Quae

2162 3554 2263 3609 per
2290 3538 2646 3610 Evangeiium
2679 3539 2849 3595 duces
2899 3552 3120 3611 gregum
3163 3543 3397 3611 apostoli
3441 3550 3755 3613 genuerunt.

2162 3628 2417 3697 Arietes,
2469 3631 2701 3701 apostoli
2739 3632 3025 3687 dicuntur.
3076 3633 3295 3690 Arietes
3339 3635 3397 3690 in
3439 3636 3612 3706 capite
3652 3635 3757 3690 duo

2161 3739 2368 3779 cornua
2397 3724 2619 3780 habent.
2652 3725 2717 3779 Et
2766 3726 2940 3782 sancti
2973 3726 3210 3797 apostoli
3258 3727 3365 3782 duo
3418 3742 3619 3784 cornua
3662 3728 3757 3783 Ita-

2162 3816 2400 3871 buerunt
2433 3834 2445 3870 :
2477 3817 2530 3872 id
2568 3829 2653 3873 est
2686 3862 2699 3885 ,
2755 3818 2867 3873 duo
2920 3820 3248 3874 testamenta
3310 3819 3751 3889 priedicaverunt.

2160 3908 2287 3964 Filii
2330 3911 2581 3976 arietum,
2609 3922 2960 3966 successores
3006 3911 3386 3981 apostolorum
3410 3921 3574 3978 sunt,
3621 3926 3755 3980 quos

2158 4010 2463 4072 genuerunt
2494 4014 2592 4072 per
2620 4002 2848 4058 verbum
2896 4003 3321 4075 praedicationis.
3348 4005 3754 4062 Consummatio

2160 4094 2520 4160 tabernaculi,
2546 4096 2846 4151 secundum
2897 4110 3143 4164 sensum,
3205 4099 3466 4169 perfectio
3507 4097 3754 4155 Ecclesia.

2156 4195 2243 4242 est
2268 4188 2578 4257 conjuncta
2596 4187 2667 4243 de
2686 4186 2892 4243 Iudicis
2936 4197 2993 4243 et
3011 4189 3267 4260 gentibus
3286 4189 3377 4246 hic
3396 4190 3452 4247 ia
3480 4191 3745 4262 praeseni.

2226 4280 2423 4349 Alfene
2450 4281 2673 4335 Destino
2700 4280 2924 4354 gloriam
2953 4291 3003 4336 et
3044 4282 3316 4338 honorem.
3372 4284 3443 4341 Ut
3465 4300 3558 4355 per
3583 4298 3746 4353 open

2155 4383 2335 4431 vestra
2364 4374 2696 4445 glorificetur
2715 4386 2958 4431 aeternus
2978 4376 3120 4433 Deus
3141 4380 3237 4447 per
3251 4378 3481 4434 verbum
3493 4389 3549 4434 et
3566 4394 3745 4433 exet-a-

2154 4469 2327 4539 plum.
2361 4468 2517 4525 Unde
2550 4468 2722 4523 dicit:
2778 4469 3221 4528 honorificabant
3257 4482 3316 4527 et
3359 4472 3740 4544 gioriﬁcabettt.

2154 4561 2325 4617 Filios
2354 4570 2641 4632 generant,
2678 4571 2733 4615 ut
2760 4561 3029 4629 diximus,
3071 4579 3170 4633 per
3196 4564 3652 4634 inradiationem,
3680 4574 3743 4621 ι

2156 4653 2358 4710 Paulus
2386 4653 2524 4708 dixit
2541 4671 2555 4709 :
2575 4653 2679 4709 Per
2703 4654 3060 4725 Evangelium
3091 4668 3193 4727 ego
3220 4673 3323 4713 vos
3348 4658 3510 4729 genui
3528 4657 3736 4732 (llCor.

2154 4763 2207 4804 ιτ
2237 4750 2275 4819 ).
2304 4748 2422 4804 Hoc
2448 4757 2554 4815 est,
2584 4749 2759 4820 gloria
2811 4756 2869 4804 et
2912 4748 3089 4805 honor
3120 4749 3237 4806 Dei.
3292 4750 3489 4821 Afer-te
3530 4751 3739 4807 Dotnt’nu

2153 4843 2378 4916 gloriam
2404 4844 2602 4898 nomini
2631 4845 2765 4917 ejus.
2791 4842 3107 4901 Gtoriosum
3138 4859 3238 4916 per
3264 4858 3366 4902 vos
3404 4860 3596 4904 nomen
3620 4847 3735 4915 ejus

2154 4937 2208 4991 in
2233 4936 2447 4992 cunctis
2475 4936 2799 4991 innotescat.
2820 4934 3030 4992 Nomen
3052 4936 3253 5006 Patris,
3282 4938 3461 4996 Filius
3485 4950 3564 4996 est
3588 4938 3732 5006 rgio-

2153 5028 2232 5082 ria
2259 5026 2486 5094 Christi,
2515 5028 2758 5083 Ecclesia
2784 5036 2888 5084 est.
2919 5029 3148 5084 Aderate
3174 5029 3460 5087 Dominum
3502 5033 3560 5087 in
3603 5030 3730 5084 atris

2149 5129 2334 5175 sancto
2382 5120 2516 5189 ejus.
2566 5120 2798 5176 Dilatate
2828 5136 2927 5177 eor
2974 5123 3296 5179 vestrumin
3322 5123 3730 5181 sanctiﬁcatione

2150 5211 2415 5283 perfecta,
2449 5214 2631 5283 inqua
2680 5213 2823 5269 Deus
2856 5212 3191 5270 iubitenid
3212 5224 3319 5285 est,
3375 5217 3429 5272 in
3474 5213 3724 5279 Ecclesiae

2148 5305 2236 5361 vel
2262 5306 2315 5360 in
2336 5304 2713 5362 conscientia;
2750 5306 2847 5362 ubi
2894 5309 3265 5380 unusquisque
3308 5309 3489 5381 ipsa":
3512 5307 3730 5364 adorare

2148 5397 2329 5455 debet.

2232 5490 2347 5546 Vos:
2392 5490 2625 5547 Domini.
2670 5492 2995 5551 Przdicatio
3046 5495 3284 5553 Domini.
3341 5496 3511 5569 Super
3555 5508 3722 5567 um.

2145 5581 2320 5655 Super
2342 5585 2594 5656 populos.
2616 5583 2687 5641 Ut
2714 5585 2850 5642 illud
2885 5606 2897 5642 :
2927 5588 3094 5659 Aqua:
3121 5589 3335 5657 multa,
3372 5590 3557 5662 populi
3582 5587 3723 5644 stulti

2145 5676 2349 5749 (Apoc.
2384 5692 2495 5732 xvu
2524 5678 2568 5751 ).
2594 5678 2712 5750 Vel,
2742 5694 2844 5735 oss
2905 5678 3111 5735 Domini
3134 5698 3290 5755 super
3333 5700 3492 5755 mea
3518 5681 3600 5739 :id
3624 5689 3720 5744 αις

2141 5772 2195 5826 in
2227 5770 2503 5842 Baptismo
2520 5788 2691 5843 super
2714 5770 3019 5842 Christum,
3052 5786 3110 5829 ut
3138 5776 3271 5831 dicit
3303 5794 3316 5830 :
3343 5777 3540 5833 ilicost
3563 5776 3721 5833 Filius

2139 5876 2294 5919 meus
2330 5860 2586 5933 dilectus,
2616 5864 2671 5918 in
2716 5879 2825 5935 quo
2867 5864 2996 5921 mihi
3039 5865 3344 5937 compiaeui
3369 5866 3541 5940 (Hau
3594 5880 3648 5923 tu
3667 5862 3710 5934 l.
