3944 6334
177 300 259 365 901
1080 292 1509 390 summumst
1550 294 1615 357 IN
1653 288 1990 356 ussuros.
2030 294 2280 356 PBALM.
2328 290 2523 355 xxix.

2284 100 2375 117 ’κ

175 424 327 491 Super
345 436 511 491 aquas
542 437 561 476 :
589 419 715 491 quia
744 416 973 491 populus
995 419 1084 489 qui
1109 419 1307 476 ibidem
1331 418 1536 485 aderat,
1564 433 1750 474 vocem
1783 416 1836 477 Α
1857 414 2098 487 Spiritus
2128 414 2431 484 intercidit,
2462 412 2513 470 id
2547 421 2660 479 est,
2693 429 2790 482 per
2819 414 3126 469 orationem
3152 413 3453 470 sacerdotis

173 512 379 571 audivit.
418 511 535 581 Vel,
560 530 715 582 super
735 526 918 584 aquas,
941 523 999 567 ut
1020 512 1281 584 apostolis
1309 511 1384 567 ait
1407 530 1419 565 :
1446 510 1543 577 Ite,
1576 509 1755 582 bapti-

172 616 272 663 late
329 622 527 664 omnes
573 616 763 679 gentes
805 606 856 661 in
917 603 1137 661 nomine
1184 604 1379 673 Patris,
1419 612 1473 661 et
1526 600 1669 671 Filii,
1702 609 1758 660 et

173 697 395 771 Spiritus
419 699 593 753 sancti
619 696 798 770 (Matt.
830 694 976 767 ηιμ).
1004 693 1145 753 Dens
1159 699 1464 773 majestatis.
1498 698 1640 756 Deus
1663 714 1759 771 po-

174 790 389 847 testatis.
407 789 643 846 Intonuit
659 789 912 846 Dominus
931 806 1085 863 super
1103 807 1263 859 aquas
1276 791 1483 847 multas.
1502 791 1575 848 De
1590 791 1761 848 taber-

173 882 353 940 naculo
373 883 624 956 corporis
653 883 943 955 assumpti,
959 883 1277 941 terribiliter
1304 885 1515 955 populis
1529 898 1761 941 conver-

171 978 365 1034 sionem
417 976 749 1048 praedicavit,
783 976 971 1033 dicens
1004 993 1018 1032 :
1050 976 1424 1034 Ptenitentlam
1475 975 1635 1048 agite,
1667 991 1761 1048 ap-

172 1070 705 1143 propinquabiteuim
724 1086 945 1141 regnum
978 1070 1242 1128 caelorum
1271 1069 1453 1141 (Matt.
1485 1069 1590 1141 nt).
1611 1069 1763 1127 Sicut

172 1166 463 1222 tonitruum
517 1180 547 1220 a
584 1166 727 1221 nube
775 1164 1046 1236 procedit,
1078 1165 1148 1219 ita
1174 1170 1230 1221 et
1249 1164 1498 1220 Christus
1527 1164 1762 1221 intonuit

172 1278 198 1315 a
240 1260 416 1315 nube:
444 1258 549 1317 hoc
575 1270 659 1316 est
684 1302 698 1325 ,
753 1259 824 1317 de
876 1275 1110 1332 corpore
1166 1272 1285 1330 suo,
1320 1260 1538 1333 quando
1575 1261 1712 1317 dixit
1744 1280 1757 1318 :

173 1352 546 1410 Ptnnitentiam
587 1352 754 1423 agite.

237 1443 349 1499 Vos:
372 1443 587 1499 Domini
605 1445 658 1499 in
687 1444 888 1501 virtute.
919 1444 976 1501 In
998 1441 1347 1502 credentibus
1374 1455 1568 1517 potens
1597 1444 1760 1513 facta,

173 1537 379 1610 quando
405 1538 542 1593 dixit
569 1556 582 1592 :
608 1537 828 1605 Lazare,
868 1539 986 1594 veni
1025 1536 1396 1612 foras(loan.
1432 1552 1482 1595 si
1510 1539 1555 1613 ).
1580 1536 1678 1596 γει
1706 1540 1761 1595 in

172 1630 382 1699 virtute,
403 1646 511 1704 qua
541 1632 594 1687 in
625 1646 956 1705 unoquoque
1012 1646 1201 1689 sancto
1223 1634 1481 1706 loquitur.
1517 1633 1630 1690 Vos:
1653 1634 1760 1690 Do-

172 1726 284 1779 mini
311 1726 366 1779 in
391 1726 801 1798 magniﬁcentia.
822 1725 1050 1795 Quando
1080 1727 1457 1799 magniﬁcatur
1483 1742 1582 1800 per
1598 1738 1760 1800 opera

172 1828 493 1875 sanctorum.
549 1818 967 1894 Magniﬁcentia,
1013 1820 1274 1877 Eccicsiis
1300 1821 1545 1878 dilatata.

241 1910 355 1967 νος
405 1906 619 1966 Domini
667 1913 1044 1986 confringentis
1071 1915 1267 1969 cedrus.
1324 1912 1487 1969 Cedri
1514 1913 1765 1970 dicuntur

174 2018 353 2060 omnes
377 2004 666 2071 sublimes,
696 2014 752 2061 et
781 2005 1004 2072 excelsi,
1036 2005 1122 2061 vel
1174 2006 1419 2077 superbi.
1448 2006 1769 2077 Confringi-t

176 2094 306 2161 illos,
335 2102 433 2150 aut
463 2109 558 2165 per
587 2094 988 2165 paenitentiam,
1018 2106 1112 2152 aut
1140 2097 1195 2152 in
1243 2098 1335 2153 die
1361 2097 1547 2167 iudicii
1570 2100 1622 2153 in
1653 2100 1767 2154 viu-

174 2186 326 2242 dieta.
371 2185 589 2255 Cedros,
633 2188 898 2258 superbos
938 2204 1205 2260 quosque.
1256 2189 1397 2245 Ecce
1441 2190 1650 2247 securis
1698 2193 1765 2247 ad

130 2284 133 2287 '
178 2276 378 2333 radices
432 2277 693 2334 arborum
746 2279 919 2349 posita
964 2289 1070 2335 est.
1122 2278 1508 2355 Gauri-ingentia
1562 2282 1763 2349 cedrus,

176 2367 461 2424 bumilians
508 2370 801 2441 superbos.
851 2371 1149 2429 Sciendum
1194 2375 1338 2443 quod
1386 2374 1584 2430 cedrus
1631 2375 1767 2433 duas

180 2459 330 2517 habet
351 2460 760 2533 intelligendas,
812 2466 955 2519 sicut
978 2475 1033 2520 et
1067 2466 1345 2522 unicornis
1380 2470 1526 2522 :boc
1572 2474 1677 2534 est,
1721 2468 1766 2523 si

177 2552 462 2623 adgbonam
494 2566 730 2625 partem,
768 2557 972 2627 justas;
1004 2559 1049 2612 si
1091 2558 1160 2614 ad
1198 2559 1423 2627 malum,
1453 2568 1769 2630 peccatores

178 2661 233 2702 ac
258 2649 526 2718 superbos
558 2649 821 2705 ostendit.
863 2649 932 2705 Et
953 2652 1243 2725 confringet
1295 2650 1553 2708 Dominus
1590 2652 1769 2710 crdros

179 2738 376 2796 Libani.
401 2741 669 2797 Conteret
732 2758 829 2812 per
877 2744 1253 2812 paenitentiam
1306 2744 1576 2803 elationes
1623 2748 1764 2818 ejus,

179 2833 477 2891 accollidet
499 2833 629 2890 dum
658 2835 918 2906 ignobilia
965 2836 1153 2909 elegit,
1211 2847 1269 2893 ut
1302 2837 1463 2894 fortia
1518 2850 1769 2897 conterat

181 2940 229 2984 et
275 2929 593 2985 confundat.

247 3020 310 3075 Et
333 3023 643 3078 carnarium
674 3038 759 3079 eos
791 3033 844 3077 ut
870 3023 1057 3078 situlos
1083 3022 1294 3079 Libani.
1328 3023 1526 3081 Bamos
1554 3042 1762 3096 earum,

182 3128 231 3170 et
254 3115 479 3185 virgulta
510 3115 760 3173 calcibus
810 3116 1124 3173 verberans.
1159 3117 1267 3174 Pro
1317 3116 1420 3174 huc
1451 3118 1507 3174 in
1539 3120 1768 3177 ilehrzno

1864 505 1991 564 facit
2018 520 2261 573 cessare,
2287 506 2433 563 sicut
2458 506 2692 578 legimus
2716 520 2815 577 per
2847 506 3049 569 Aaron,
3074 504 3243 560 Deum
3266 503 3458 559 iecisse

1863 600 1917 656 in
1940 600 2161 657 deserto
2184 597 2377 670 (Num.
2413 599 2555 665 xw).
2598 595 2713 652 Vox
2741 596 2955 652 Domini
2991 595 3339 651 concutientis
3363 594 3453 649 de-

1862 704 2072 750 sertum.
2095 694 2289 751 Anima
2312 708 2434 766 qum
2457 694 2673 751 deserta
2699 692 2898 765 fuerat,
2920 693 3313 763 occupantibus
3332 697 3461 746 ante

1863 802 1922 845 se
1950 784 2131 856 vitiis,
2181 788 2248 844 ad
2279 788 2442 845 verba
2480 787 2821 860 poenitentiae
2870 785 3306 843 commovebitur
3341 801 3355 839 :
3404 793 3463 840 ut

1863 881 2194 937 exeuntibus
2241 881 2384 938 vitiis
2411 879 2483 936 ab
2507 880 2637 950 illa,
2694 878 3009 937 habitabilis
3040 879 3151 936 Deo
3187 880 3304 934 ﬁat.
3348 875 3459 933 Vox

1864 972 2078 1030 Domini
2113 977 2457 1031 concutientis
2485 976 2763 1031 desertum.
2797 974 2878 1030 Ad
2908 975 3071 1031 tidem
3109 987 3462 1030 commovens

1862 1080 2062 1138 gentes
2107 1068 2392 1137 desertas,
2443 1068 2497 1123 in
2547 1067 2741 1138 quibus
2773 1065 2953 1123 nullus
2984 1067 3172 1123 sulcus
3200 1063 3463 1137 praedica-

1867 1159 2038 1216 tionis
2068 1160 2359 1232 impositus
2383 1170 2507 1219 erat
2533 1160 2599 1216 ad
2632 1158 3047 1233 suscipiendum
3078 1160 3312 1216 verbum
3347 1158 3466 1215 Dei.

1865 1254 1963 1310 Vel
2005 1265 2194 1326 gentes
2243 1272 2366 1326 qua:
2410 1256 2646 1311 deserta:
2690 1265 2882 1323 erant,
2929 1270 3207 1312 conversa‘.
3235 1263 3364 1309 sunt
3392 1254 3464 1311 dc

1868 1346 2193 1405 infidelitate
2237 1344 2303 1404 ad
2336 1346 2520 1416 fidem,
2550 1365 2649 1420 per
2678 1346 2903 1406 verbum
2938 1350 3362 1421 praedicationis.
3396 1348 3463 1404 Et

1866 1439 2199 1497 commovebit
2228 1439 2489 1499 Daminus
2520 1443 2783 1498 desertum
2818 1443 3005 1500 Gades.
3038 1440 3192 1501 Tunc
3217 1444 3465 1500 Celebra-

1868 1535 2072 1591 buntur
2118 1534 2221 1592 hac
2267 1538 2455 1592 mundi
2507 1534 2807 1592 solitudine
2845 1537 3009 1593 verba
3058 1545 3245 1593 sancta
3279 1536 3463 1609 chis,

1865 1638 1987 1699 qua:
2018 1628 2169 1700 prius
2191 1640 2219 1684 π
2244 1624 2449 1686 Judaeis
2476 1642 2583 1685 ttun
2616 1630 3067 1701 intelligehantur
3088 1649 3101 1685 :
3124 1633 3246 1703 quin
3273 1630 3463 1695 Cottas,

1869 1718 2265 1791 interpretatur
2317 1722 2532 1779 Sancta.
2570 1721 2667 1779 Vel
2700 1722 2860 1779 aliter
2899 1740 2913 1778 :
2957 1720 3247 1779 Commotid
3295 1726 3464 1780 tinctu.

1797 1813 1842 1876 Β
1871 1807 2015 1870 Bene
2066 1812 2189 1869 illus
2238 1816 2397 1872 tineae
2429 1821 2787 1889 comparavit,
2820 1817 2943 1888 quia
2980 1818 3121 1873 sicut
3154 1819 3295 1873 tinea
3326 1834 3462 1888 pan-

1867 1918 1968 1962 nos
1994 1908 2231 1963 comcdit
2256 1926 2267 1963 :
2298 1907 2377 1964 sic
2402 1910 2740 1965 conscientia
2777 1926 2966 1967 eorum
2996 1920 3091 1967 eos
3120 1910 3462 1968 comedebat.

1865 1996 2160 2057 Commotio
2197 2001 2350 2058 tinet!
2385 2002 2610 2068 dicitur,
2641 2020 2707 2059 eo
2739 2004 2880 2076 quod
2906 2000 3211 2061 commovit
3235 2005 3360 2061 illos
3397 2006 3464 2065 dc

1864 2090 2087 2149 illorum
2120 2096 2454 2151 conscientia
2483 2111 2670 2166 prava,
2698 2097 2764 2152 ad
2794 2097 2955 2151 iidem
2983 2096 3267 2153 Ecclesiae.

1942 2184 2062 2243 Vox
2112 2184 2325 2242 Domini
2377 2189 2722 2258 prwparantis
2779 2200 2975 2243 Cervos.
3024 2188 3228 2245 Cervos
3282 2190 3469 2245 volunt

1866 2279 2085 2351 quidam
2119 2282 2272 2351 quasi
2316 2288 2667 2350 snperatores
2707 2291 3107 2337 venenosurum
3155 2278 3463 2354 linguarum

1868 2372 1919 2426 in
1955 2370 2222 2429 Ecclesia.
2255 2364 2437 2438 Cervi,
2472 2372 2880 2443 przedicatores.
2932 2372 3266 2444 Przeparavit
3313 2375 3461 2443 illos,

1867 2463 2084 2536 quando
2133 2464 2279 2520 misit
2324 2466 2474 2536 ipsos
2507 2464 2833 2535 prmdicare.
2865 2465 3026 2521 Cervi
3072 2474 3359 2523 transeunt
3412 2479 3465 2524 ct

1867 2555 2079 2611 calcant
2127 2555 2314 2627 spinas
2360 2557 2447 2612 vel
2495 2560 2815 2628 serpentes:
2849 2559 2953 2622 sic,
2988 2566 3044 2612 et
3072 2559 3464 2628 praedicatores

1870 2660 2075 2706 venena
2109 2650 2314 2706 diaboli
2370 2662 2422 2706 et
2458 2651 2645 2722 spinas
2695 2664 3039 2723 peccatorum
3076 2656 3379 2721 transeunt,
3412 2665 3468 2711 et

1869 2742 1936 2798 ad
1983 2742 2181 2798 altiora
2228 2742 2439 2816 fugiunt
2473 2759 2488 2799 :
2523 2742 2575 2799 id
2606 2754 2710 2813 est,
2741 2744 2807 2799 ad
2842 2744 3139 2802 tlieoricam
3169 2748 3361 2801 vitam.
3396 2744 3463 2800 Et

1867 2834 2113 2893 reuelabit
2144 2838 2425 2895 condensa.
2454 2836 2696 2894 Obscura
2728 2837 3032 2893 divinarum
3060 2838 3464 2911 Scripturarum

1869 2930 1984 2987 sive
2012 2929 2399 3003 mysteriorum
2430 2930 2759 2999 ctelestium,
2794 2944 2890 3002 per
2918 2931 3183 3003 Spiritum
3216 2939 3464 2988 sanctum

1871 3025 2147 3095 patefecit.
2196 3021 2348 3081 Unde
2376 3026 2431 3081 in
2478 3024 2780 3097 Evangelio
2830 3025 2907 3081 illi
2955 3022 3067 3083 duo
3111 3027 3307 3098 quibus
3351 3027 3468 3097 ipse

1873 3118 2142 3188 apparuit,
2174 3116 2427 3173 dicebant
2454 3135 2467 3173 :
2496 3116 2690 3174 Nonne
2716 3134 2811 3173 cor
2844 3128 3091 3175 nostrum
3120 3120 3323 3175 ardens
3349 3128 3470 3175 erat

185 3206 355 3277 habet,
394 3216 440 3262 et
472 3208 659 3263 vitulus
695 3207 904 3263 Libani.
960 3208 1157 3265 Excisa
1188 3211 1444 3282 superbia
1497 3226 1559 3266 ac
1610 3223 1763 3283 pctu-
1794 3195 1840 3262 Ο
1874 3208 1929 3265 in
1959 3210 2139 3276 nobis,
2181 3224 2304 3266 cum
2336 3210 2653 3281 loqueretur
2685 3214 2736 3267 in
2788 3213 2897 3279 via,
2945 3222 3001 3269 et
3038 3213 3277 3284 aperiret
3308 3212 3469 3268 nobis

183 3298 360 3367 lautia,
382 3301 607 3358 adducit
634 3318 731 3358 eos
758 3303 824 3358 ad
853 3303 1212 3359 imitationem
1243 3304 1594 3361 humanitatis
1610 3321 1722 3362 suae
1748 3347 1764 3375 ,

185 3394 296 3464 quia
320 3404 594 3466 tamquam
626 3394 824 3450 vitulus
850 3395 1160 3453 immolatus
1185 3404 1290 3454 est.
1323 3398 1430 3455 Iste
1459 3400 1659 3455 vitulus
1686 3409 1771 3457 est

186 3490 452 3560 saginatus
476 3490 570 3562 qui
600 3491 815 3547 occisus
842 3498 947 3559 est,
971 3490 1078 3547 hoc
1106 3500 1208 3559 est,
1267 3491 1519 3550 Christus
1547 3509 1648 3566 pro
1677 3513 1766 3550 sa-

187 3581 289 3639 lute
336 3582 543 3638 mundi.
601 3582 756 3639 Sicut
800 3582 1089 3655 cuniringit
1136 3583 1335 3640 vitulus
1392 3586 1461 3641 de
1514 3588 1770 3644 cornibus

188 3674 405 3745 virgulta
432 3686 615 3731 tenera
636 3695 651 3732 :
672 3677 744 3733 ita
774 3676 1024 3732 Christus
1049 3676 1581 3749 conlragitJudzeos.
1617 3679 1772 3738 Unde

188 3766 314 3824 dixit
344 3770 500 3825 :Jant
529 3770 741 3826 securis
768 3769 837 3824 ad
886 3770 1100 3826 radices
1153 3771 1414 3828 arborum
1466 3775 1641 3844 posita
1688 3783 1773 3831 est

191 3856 211 3929 (
236 3859 381 3914 Matt.
414 3867 527 3931 ut).
564 3861 630 3915 Et
661 3861 880 3916 dilectus
906 3862 1339 3934 quemadmodum
1371 3865 1513 3934 ﬁlius
1563 3866 1773 3921 atticur-

191 3954 339 4009 aitna.
373 3954 571 4011 Factus
587 3963 673 4011 est
709 3954 940 4012 dilectus
966 3954 1136 4011 Filius
1163 3956 1258 4012 Dei
1312 3971 1408 4028 per
1446 3959 1775 4029 assumptio-

94 4046 103 4073 '
192 4062 306 4102 nem
335 4048 600 4118 corporis,
637 4048 778 4103 illius
806 4045 1142 4114 Judteorum,
1175 4058 1232 4104 et
1258 4048 1517 4105 contrivit
1543 4063 1642 4106 eos
1681 4053 1773 4122 qui

190 4141 601 4211 persuperbiam
645 4140 1004 4213 singularem,
1044 4156 1199 4197 suam
1252 4144 1463 4215 erigere
1506 4144 1772 4214 justitiam

194 4233 533 4290 conabantur.
566 4233 819 4289 Christus
858 4242 945 4291 est
981 4232 1124 4291 illius
1155 4234 1490 4301 .ludzeorum,
1534 4238 1661 4307 quia
1706 4251 1777 4294 ex

193 4325 352 4395 stirpe
380 4341 572 4383 eorum
602 4325 904 4382 secundum
931 4340 1159 4382 carnem
1202 4328 1319 4382 fuit.
1346 4327 1523 4384 Judaei
1561 4328 1778 4385 unicor-

197 4430 290 4471 ues
311 4415 582 4485 dicuntur,
634 4433 729 4487 pro
775 4433 881 4472 una
931 4418 1048 4490 lege
1087 4434 1247 4489 quam
1298 4420 1633 4491 habuerunt,
1682 4434 1779 4495 per

196 4523 344 4578 quam
374 4511 426 4566 in
459 4510 772 4582 superbiam
823 4525 885 4566 se
927 4509 1260 4567 extulerunt.

1869 3302 2179 3373 Scripturas
2211 3303 2362 3377 (Luc.
2390 3305 2586 3373 ntv)?
2616 3304 2684 3360 Et
2728 3306 2782 3359 in
2814 3303 3003 3378 templo
3039 3310 3173 3381 ejus.
3220 3306 3334 3361 Hoc
3360 3314 3467 3373 est,

1871 3395 1927 3451 in
1957 3394 2228 3452 Ecclesia.
2264 3395 2455 3453 Omnes
2498 3398 2674 3453 dicent
2702 3398 2949 3470 gloriam.
2982 3398 3314 3455 Collaudant
3354 3400 3472 3456 cla-

1873 3489 2087 3547 ritatem
2120 3490 2238 3548 Dei.
2272 3491 2370 3547 Vel
2415 3490 2588 3564 gloria
2621 3490 2805 3560 Patri,
2854 3499 2911 3549 et
2936 3492 3108 3561 Filio,
3159 3498 3213 3549 et
3244 3491 3472 3565 Spiritui

1872 3594 2088 3641 8311010.

1944 3674 2202 3732 Dominus
2232 3676 2486 3731 diluvium
2511 3675 2808 3731 inhabitare
2839 3677 2985 3748 facit.
3019 3666 3236 3732 Aridam
3268 3688 3471 3734 terram

1878 3770 2019 3826 Deus
2053 3787 2158 3825 non
2202 3769 2466 3841 possidet.
2516 3770 2696 3826 Simul
2725 3770 2947 3827 attende
2976 3772 3084 3826 vim
3116 3772 3295 3839 verbi,
3326 3773 3471 3844 quod

1883 3879 1991 3920 non
2038 3863 2241 3918 dixerit
2286 3872 2478 3933 aquas,
2512 3861 2609 3918 sed
2638 3861 2944 3918 diluvium:
2972 3872 3028 3919 ut
3074 3862 3469 3920 abundantiam

1874 3954 2063 4028 gratiae
2102 3953 2407 4025 spiritualis
2434 3953 2774 4021 ostenderet,
2809 3962 3083 4025 tamquam
3116 3955 3169 4009 in
3200 3968 3323 4010 arca
3353 3952 3473 4011 Noe

1881 4059 2105 4105 sanctos
2132 4062 2160 4101 a
2193 4046 2446 4103 ﬂuctibus
2473 4048 2658 4104 seculi
2689 4046 2851 4117 hujus
2878 4057 3191 4118 protegens.
3225 4047 3291 4102 Et
3312 4048 3476 4103 modo

1894 4139 2165 4195 inhabitat
2209 4137 2471 4193 diluvium
2520 4138 2575 4194 itt
2601 4138 2939 4193 conscientia
2968 4154 3063 4209 per
3089 4139 3474 4195 abundantiam

1875 4233 2125 4306 Spiritus
2168 4232 2383 4300 sancti,
2420 4248 2517 4304 per
2543 4246 2707 4305 quem
2742 4233 2995 4289 delentur
3025 4246 3267 4304 peccata.
3300 4233 3368 4290 Et
3394 4250 3475 4290 se-

1890 4326 2027 4381 debit
2064 4325 2318 4382 Dominus
2342 4342 2435 4382 rea:
2471 4327 2526 4382 in
2564 4334 2835 4383 uernam.
2877 4326 2935 4383 In
2971 4326 3241 4383 Ecclesiis
3287 4328 3373 4385 vel
3419 4329 3475 4385 in

1878 4420 2117 4489 sanctis,
2170 4418 2264 4492 qui
2292 4419 2457 4475 sedes
2485 4421 2607 4491 eius
2636 4418 2817 4476 effecti
2845 4430 2993 4488 sunt,
3026 4421 3113 4477 vel
3163 4422 3483 4479 humanitas

1880 4511 2086 4569 Christi
2137 4515 2201 4569 ad
2236 4512 2517 4569 dexteram
2553 4513 2651 4570 Dei
2679 4512 2878 4569 Patris.
2909 4512 3119 4586 Reges,
3170 4516 3347 4572 sancti
3395 4515 3480 4572 di-

277 4603 376 4658 Vox
403 4601 620 4660 Domini
665 4604 1025 4660 intercidentia
1072 4607 1344 4676 [ieiunium
1386 4607 1543 4677 ignis.
1591 4608 1775 4664 Pteni-
1803 4584 1854 4645 υ
1880 4616 2099 4675 cuntur,
2128 4608 2219 4677 qui
2251 4622 2311 4663 se
2340 4614 2558 4680 regunt.

197 4697 413 4754 tentiam
464 4697 706 4756 Joannes
760 4698 814 4752 in
869 4696 1095 4754 deserto
1153 4698 1498 4769 praedicans,
1552 4716 1772 4758 omnem

196 4792 445 4861 gehenna:
494 4791 882 4863 restinguebat
928 4789 1204 4847 ardorem.
1259 4790 1671 4864 Intarcideutis,
1718 4794 1773 4852 id

200 4893 300 4952 est,
328 4886 621 4943 dividentis
649 4892 1068 4957 persecutorem
1096 4885 1362 4941 furentem
1402 4884 1773 4945 iracundiam:

199 4991 316 5031 cum
342 4978 427 5037 alii
454 4978 735 5045 dicerent,
767 4975 859 5032 hic
884 4986 969 5033 est
996 4974 1273 5041 Christus,
1303 4976 1401 5034 alii
1429 4988 1609 5035 autem
1635 4979 1777 5037 dice-

201 5069 343 5137 bant,
370 5086 475 5128 non
500 5087 515 5125 :
540 5068 639 5125 sed
665 5066 881 5125 seducit
906 5068 1125 5124 turbam
1153 5066 1343 5139 (Joau.
1375 5068 1493 5143 vn).
1527 5070 1625 5128 Ille
1646 5087 1776 5129 vero

201 5164 491 5232 prendens
519 5163 665 5219 hunc
691 5162 957 5229 furorem,
986 5160 1275 5217 credentes
1304 5161 1496 5219 ascivit
1524 5165 1775 5221 charitati

200 5268 312 5309 sua:
346 5273 361 5312 :
404 5256 717 5314 incredulos
741 5263 922 5311 autem
954 5254 1193 5324 reliquit.
1227 5254 1357 5311 Post
1386 5256 1656 5313 ﬂammam
1687 5272 1778 5316 so-

200 5361 303 5402 nus
329 5351 472 5407 venit
514 5367 528 5406 :
575 5348 649 5407 ita
681 5357 737 5403 et
769 5357 895 5417 post
941 5346 1388 5415 praedicatimtem
1442 5352 1772 5419 persecutio.

212 5437 318 5497 Vox
334 5444 532 5503 Domini
558 5441 943 5507 intercidentis,
966 5439 1019 5497 id
1041 5450 1144 5506 eet,
1169 5441 1439 5498 auxilium
1457 5443 1603 5500 illius
1627 5446 1770 5505 inter

204 5549 586 5608 permitores,
613 5536 741 5609 quia
770 5536 884 5591 suis
909 5536 1118 5591 sanctis
1142 5535 1417 5592 subvenit.
1452 5536 1775 5597 Interciden—

208 5630 278 5683 tia
312 5634 564 5702 ﬂammant
609 5651 627 5686 :
672 5630 819 5684 illam
849 5629 1123 5685 ﬂammam
1156 5628 1317 5695 idoli,
1351 5631 1443 5686 tibi
1478 5644 1588 5688 tres
1635 5634 1784 5702 pueri

222 5722 444 5783 fuerunt.
476 5726 571 5783 Vel
602 5722 847 5796 quotidie
882 5719 936 5776 in
969 5736 1307 5793 “equoque
1328 5735 1597 5794 nostrum,
1630 5726 1789 5784 ﬂam-

213 5830 353 5873 maut
381 5818 609 5877 libidinis
638 5832 736 5890 per
764 5811 1169 5875 confessionem
1210 5822 1268 5871 et
1327 5817 1558 5887 gratiam
1608 5818 1783 5877 sancti

1959 4700 2215 4757 Dominus
2246 4702 2486 4758 virtutem
2514 4704 2713 4777 populo
2740 4720 2834 4759 suo
2862 4704 3025 4762 dabit.
3068 4704 3123 4762 id
3165 4716 3271 4776 est,
3306 4708 3477 4763 virtu-

1886 4805 1997 4852 tem
2026 4794 2173 4851 ildei.
2204 4793 2411 4869 Populo
2442 4812 2558 4865 suo,
2601 4798 2814 4869 populo
2834 4797 3164 4866 Christiano,
3193 4797 3475 4856 dimicanti

1883 4900 2076 4947 contra
2110 4888 2273 4961 hujus
2310 4890 2497 4947 mundi
2541 4876 2798 4948 turbines
2824 4908 2887 4950 ac
2916 4894 3201 4966 procellas.
3234 4890 3305 4949 Et
3332 4892 3484 4949 bene-

1886 4985 2025 5040 dicet
2046 4985 2241 5055 popqu
2266 4998 2359 5041 suo
2388 4987 2443 5039 in
2467 5002 2612 5059 pace.
2640 4986 2852 5057 Populo
2870 4988 3177 5044 Christiano
3205 4982 3489 5045 benedicet

1888 5088 1941 5137 et
1968 5079 2062 5136 hic
2094 5088 2151 5137 et
2196 5081 2249 5137 in
2296 5078 2503 5143 futuro,
2552 5079 2775 5151 quando
2816 5081 3066 5138 dicturus
3097 5080 3486 5149 erit:Venite,

1888 5174 2161 5233 benedicti
2210 5172 2391 5231 Patris
2435 5174 2541 5232 mei
2589 5174 2763 5249 (Mat.
2812 5182 2988 5246 rxv):
3017 5174 3082 5232 In
3121 5186 3265 5248 pace,
3316 5178 3370 5233 in
3399 5192 3487 5234 se.

1890 5270 2147 5340 metipso,
2175 5269 2300 5340 quia
2341 5268 2455 5339 ipse
2477 5274 2563 5324 est
2602 5282 2701 5339 pax
2738 5276 2944 5337 nostra,
2968 5268 3058 5339 qui
3093 5266 3220 5325 fecit
3252 5277 3484 5342 utraque

1891 5374 2056 5415 unum
2106 5361 2125 5431 (
2152 5358 2343 5433 Eplres.
2379 5357 2470 5430 tr).
2502 5357 2557 5415 in
2584 5360 2767 5430 seipso
2798 5372 2897 5415 nos
2923 5356 3195 5415 benedicit
3224 5375 3327 5432 pax
3356 5368 3485 5418 vera

1890 5453 2146 5512 Christus
2179 5455 2459 5522 Dominus,
2491 5455 2582 5526 qui
2614 5469 2802 5511 sumus
2831 5450 3216 5513 Ecclesiastica
3255 5458 3431 5530 plebs.

2405 5570 2727 5629 PSALMUS
2784 5562 2979 5628 XXIX.

1899 5668 2150 5731 Psalmns
2175 5676 2363 5732 cantici
2386 5678 2439 5730 in
2460 5674 2789 5731 dedicatione
2815 5675 3000 5730 domus
3029 5672 3217 5732 David.
3244 5678 3494 5736 Psaltnus

1971 5748 2197 5814 cantici,
2226 5748 2343 5804 laus
2371 5758 2501 5804 cam‘
2526 5760 2719 5818 Opere,
2762 5744 3034 5818 dedicatio
3065 5736 3261 5804 dormis
3296 5742 3488 5818 David,

1974 5818 2317 5876 resurrectio
2357 5817 2655 5876 Salvatoris
2692 5817 3038 5889 intelligitur,
3082 5818 3135 5874 in
3177 5835 3280 5890 qua
3298 5817 3494 5895 omnia
