3944 6334
1336 98 1369 125 \
1552 98 1681 123 *Ψ

500 291 610 356 905
1296 240 1639 352 Appendix
1681 287 1774 347 an
1812 284 2060 347 rouun
2097 283 2455 346 SEPTIMUM
2493 284 2551 342 s.
2596 279 3004 341 urguemur.
3682 274 3766 335 tot

579 410 701 465 vitte
743 421 977 479 corpora
1020 407 1357 465 dedicantur.
1403 406 1577 479 David
1610 405 1847 479 ﬁguram
1891 402 2091 479 Christi
2121 403 2169 466 Α
2198 400 2466 471 peccavit.
2517 397 2633 467 Ira,
2679 398 2828 470 justa
2857 395 3095 452 vindicta
3150 392 3471 466 intelligitur
3515 408 3530 448 :
3573 393 3765 463 quando

580 489 747 536 tenet.
785 473 983 537 Domus
1008 480 1178 535 David
1199 522 1213 544 ,
1265 480 1460 535 domus
1488 473 1725 545 Christi,
1758 477 1809 532 id
1853 486 1957 540 est,
1988 473 2090 528 hu-

581 553 845 608 manitas.
888 553 1085 608 domus
1128 560 1212 607 est
1256 550 1583 606 divinitatis.
1615 547 1769 604 Tunc
1805 547 2092 603 aediﬁcavit

2215 510 2315 549 eum
2347 507 2374 546 a
2402 490 2664 564 paradiso
2710 488 2929 560 dejecit.
2977 487 3046 542 Et
3078 486 3181 541 vita
3228 487 3282 541 in
3311 485 3577 541 voluntate
3603 485 3763 557 ipsius,

2221 588 2245 608 Δ
2285 595 2359 608 --ι
2447 585 2585 608 ,2-..ι
2621 599 2717 608 ..--
2747 583 2922 608 ιλ-.....
2976 580 3117 608 ξηραί.
3148 580 3383 608 "inlitas-
3418 595 3588 608 ..ι-οια-
3616 579 3763 608 ἕλη-...ι

580 563 845 690 ἓῖιὶξὶξίὶῗζ
871 563 1100 694 £3233
1128 563 2092 694 ﬁi‘miiiiii!iiiiséaﬁ.§i'§°a21i.'£.i‘liiT
2194 588 2394 694 ίρρειν
2446 585 2717 694 sisere
2747 583 2924 694 υθξιιξι
2970 580 3120 694 ius}:
3148 580 3589 694 πτξξιίξοιζευξῗς
3615 579 3766 694 ipse

583 673 1157 765 ἵει-ιιιἦὲἆὲἆίἱᾶἧῇ
1170 673 1404 765 quando
1418 673 1459 745 1-;
1470 673 1727 765 indutiis
1753 673 1878 765 eu_m
1910 673 2093 765 τέβυςτ
2194 679 2366 737 Adam
2395 678 2538 734 venit
2565 695 2576 731 :
2604 677 2678 733 ita
2710 691 2805 748 per
2828 676 3029 747 ipsum,
3062 674 3115 730 id
3147 681 3234 730 est
3254 673 3448 741 Deum,
3482 673 3594 727 vita
3630 673 3767 728 resti-

582 780 715 837 gere
755 764 909 845 iecit.
935 767 1007 845 _Et
1032 760 1216 845 modo
1243 764 1547 845 aedificatur
1594 763 1788 819 domus
1814 761 2006 845 David,
2039 760 2090 815 id

2215 785 2314 829 .uta
2359 784 2474 843 est,
2526 771 2747 845 quando
2795 770 3197 826 humanitatem
3241 768 3426 826 carnis
3473 767 3766 838 assumpsit.

2201 866 2461 934 Quoniam
2499 866 2578 919 ira
2620 865 2675 919 in
2712 864 3077 939 indignatione
3102 865 3251 937 ejus:
3272 877 3396 918 cum
3427 876 3485 917 se
3512 860 3583 917 de
3614 860 3769 931 impiis

583 832 700 902 ést,
749 835 950 892 Christi
993 852 1008 889 :
1052 837 1157 891 hoc
1204 846 1307 905 est,
1336 834 1583 906 Ecclesia
1616 848 1785 906 usque
1829 834 1882 889 in
1929 832 2091 906 tinem

584 908 898 977 mditicatur,
930 906 1027 963 sed
1050 908 1103 963 in
1124 902 1528 964 resurrectione
1549 902 1857 973 dedicatur,
1878 902 2094 976 quando
2201 902 2461 977 “.“ij‘i‘f'j‘

1556 956 2096 1046 vb‘c’étiiiehénipto.
2199 960 2459 1015 vindicat.
2495 957 2564 1012 Et
2607 959 2713 1012 vita
2760 958 2813 1011 in
2858 959 3119 1013 voluntate
3146 958 3348 1029 ipsius:
3372 965 3431 1013 ut
3471 957 3565 1028 qui
3605 956 3773 1012 iecerit

584 1050 665 1106 ris
693 1050 883 1133 nostri
905 1052 1184 1134 continet,
1221 1050 1321 1134 qui
1352 1064 1446 1121 per
1476 1050 1939 1132 resurrectionem
1969 1061 2095 1134 cor:
2200 1055 2531 1111 voluntatem
2560 1053 2701 1124 ejus,
2728 1063 2948 1109 maneat
2974 1052 3030 1108 in
3063 1060 3353 1109 mter-num.

588 1120 738 1205 Ρ⁰¹’ίξ
775 1122 873 1226 ,δξή
903 1121 1202 1205 Ecc'esiam.
1249 1125 1421 1206 imm.
1457 1121 1699 1204 Omnium
1748 1130 1922 1176 mater
1967 1116 2094 1188 θδί)
2273 1149 2356 1203 Ad
2380 1116 2647 1218 vesperum
2679 1146 3034 1202 demorabitur
3071 1148 3247 1218 ﬂetus.
3286 1146 3422 1202 Cum
3455 1146 3511 1201 in
3542 1145 3775 1215 passione

588 1204 903 1249 acuutsnam
933 1209 1033 1249 suo
1060 1208 1271 1249 nomint
1297 1193 1597 1249 dedicavu.
2238 1241 2250 1249 .
2476 1241 2490 1249 .
2545 1241 2559 1249 .
2657 1241 2671 1249 .
2996 1241 3008 1249 .
3240 1246 3249 1249 Α
3440 1247 3446 1249 Α
3494 1239 3529 1249 ..
3563 1238 3576 1249 .
3677 1238 3700 1249 -
3737 1247 3745 1249 ξ

585 1207 903 1265 acqutsuam
933 1209 1033 1251 suo
1060 1208 1271 1249 nomint
1297 1207 1597 1250 aeutcavtt.
2238 1241 2250 1254 ,
2465 1207 2479 1218 ·
2545 1241 2559 1253 ,
2996 1241 3008 1252 ,
3071 1207 3083 1218 ·

2203 1257 2321 1313 eius
2350 1241 2591 1299 tenebris
2620 1241 2838 1297 obtecta
2862 1255 3045 1296 omnia
3072 1246 3276 1308 essent,
3299 1239 3532 1311 apostoli
3562 1256 3617 1293 in
3669 1238 3776 1296 ﬂetu

588 1331 849 1388 Exaltabo
878 1340 947 1401 te,
978 1330 1231 1398 Domine,
1275 1330 1517 1402 quoniam
1546 1328 1818 1401 suscepisti
1852 1343 1951 1384 me.
1985 1326 2100 1383 Ex-
2204 1343 2263 1392 et
2288 1336 2492 1406 gemitu
2524 1333 2899 1390 morabantur.
2929 1333 3001 1387 Et
3028 1332 3096 1387 ad
3124 1333 3436 1389 matutinum
3462 1331 3668 1389 uetitia.
3689 1332 3776 1388 Fu.

512 1427 662 1486 celse
695 1436 749 1484 te
777 1425 1119 1497 gloriﬁcabo,
1152 1425 1314 1481 Pater
1348 1442 1362 1479 :
1402 1422 1659 1496 quoniam
1691 1420 1978 1492 suscepisti
2016 1435 2103 1476 me
2208 1439 2383 1484 turam
2412 1427 2628 1485 Domini
2675 1427 2941 1500 gloriam,
2984 1443 3103 1498 quae
3152 1425 3421 1482 matutina
3466 1427 3588 1496 ejus
3617 1440 3778 1483 rem.

514 1520 584 1577 de
624 1527 819 1576 morte.
851 1516 1113 1574 Exattabo
1145 1527 1210 1585 te,
1255 1516 1498 1573 Domine.
1527 1513 1647 1570 Vox
1675 1513 1885 1570 Christi
1910 1510 1977 1568 ad
2002 1511 2105 1566 Pa-
2207 1518 2454 1576 reciiuue
2481 1518 2807 1590 prmum-uit,
2838 1518 3109 1590 ﬁguravit,
3152 1518 3234 1573 Αά
3265 1534 3531 1590 uesperum
3557 1517 3776 1573 ἀειηοι-α.

515 1622 677 1680 trem,
727 1621 784 1669 el
829 1627 937 1667 V0!
961 1610 1226 1668 Εεοὶθδίω
1270 1609 1337 1665 ad
1375 1607 1674 1666 Christum-
1724 1604 1986 1661 Εεαίιαὺο
2035 1613 2102 1672 ιε,
2209 1613 2347 1668 bitur
2395 1617 2578 1685 ﬂetus,
2623 1622 2674 1669 et
2719 1612 2789 1667 ad
2842 1613 3154 1668 matutinum
3207 1612 3410 1668 (mitia.
3443 1612 3658 1685 Vesper
3679 1622 3778 1684 post

512 1704 748 1763 laudabo
777 1713 849 1761 te.
878 1702 1135 1773 Quoniam
1163 1701 1444 1772 suscepisti
1473 1715 1554 1754 me
1578 1741 1592 1767 ,
1618 1699 1670 1754 id
1697 1705 1801 1765 est,
1826 1696 2102 1752 Christum
2211 1705 2496 1764 meridiem
2521 1706 2720 1762 dicitur
2747 1723 2761 1759 ε
2795 1715 2915 1777 post
2936 1704 3240 1772 meridiem,
3259 1704 3434 1761 Adam
3457 1704 3513 1761 in
3546 1706 3776 1777 paradiso

508 1798 581 1857 ad
607 1798 889 1855 dexteram
921 1796 1121 1853 Patris.
1148 1795 1216 1851 Et
1237 1793 1487 1852 Christus
1516 1791 1759 1864 suscepit
1780 1789 2102 1857 Ecclesium,
2136 1802 2184 1863 Β
2210 1815 2401 1858 uocem
2431 1798 2646 1855 Domini
2676 1799 2881 1855 audivit
2908 1797 3332 1869 deambulantis,
3362 1808 3418 1856 et
3443 1799 3550 1856 sub
3589 1800 3777 1857 arboris

513 1893 736 1967 quando
767 1890 1166 1949 humanitatem
1214 1891 1398 1947 carnis
1444 1888 1761 1958 assumpsit.
1810 1885 1924 1943 Nec
1961 1886 2101 1940 dele-
2209 1895 2357 1952 foliis
2406 1909 2466 1951 se
2509 1895 2790 1963 contexit,
2842 1893 3217 1964 tremefactus,
3267 1910 3336 1951 eo
3381 1894 3531 1966 quod
3582 1904 3776 1968 pactum

510 1987 662 2043 ctasti
689 1986 931 2042 inimicos
958 2000 1100 2040 meos
1122 2000 1275 2056 super
1297 1999 1398 2038 me.
1427 1981 1496 2040 Ut
1523 1994 1647 2037 meo
1669 1978 2102 2052 jucundarentur

2215 1999 2556 2062 trangressus
2598 1996 2766 2045 esset.
2814 1988 3075 2058 Vespera.
3120 1996 3232 2043 tota
3267 1988 3375 2044 ista
3403 1989 3516 2043 vita
3555 2002 3779 2060 praesens

508 2079 756 2138 interitu.
782 2076 1070 2147 Quomodo
1090 2076 1248 2144 dicit,
1270 2092 1360 2131 nec
1382 2074 1655 2131 delectasti
1678 2074 1939 2140 inimicos,
1972 2073 2103 2129 dum
2209 2082 2557 2153 intelligitur,
2589 2083 2716 2155 quia
2756 2097 2857 2154 per
2893 2091 3176 2154 peccatum
3204 2081 3358 2149 Αιιω,
3400 2096 3597 2139 omnes
3631 2097 3779 2152 usque

511 2183 567 2230 et
608 2171 782 2229 Judaei
827 2170 1104 2227 Christum
1148 2169 1565 2237 cruciﬂxerunt,
1611 2176 1666 2224 et
1708 2174 2104 2237 conspuerunt,
2209 2175 2263 2232 in
2294 2176 2457 2234 ﬁnem
2504 2176 2692 2233 secuit
2737 2183 2987 2247 gemunt.
3018 2174 3209 2232 Fletus
3236 2175 3364 2247 quia
3410 2175 3596 2232 ﬂetum
3639 2174 3781 2232 habet

509 2275 569 2324 et
596 2265 1030 2338 ﬂagellaverunt,
1059 2272 1117 2321 et
1146 2271 1532 2336 persecutores
1568 2261 1913 2317 delectantur
1943 2273 2107 2329 super
2211 2271 2396 2336 ιιοηιο,
2428 2270 2650 2343 quando
2678 2269 3008 2327 recordatur
3031 2269 3174 2326 bona
3201 2268 3447 2342 paradisi
3471 2285 3591 2342 qum
3615 2269 3777 2341 ρει-σί.

513 2357 851 2425 Ecclesium,
895 2356 1116 2429 quando
1158 2352 1601 2428 persequuntur?
1647 2351 1759 2408 Sed
1804 2365 1907 2408 nec
1932 2349 2102 2407 Judmi

2215 2362 2290 2419 dit
2336 2363 2390 2419 in
2418 2362 2618 2420 Adam.
2648 2362 2717 2418 Et
2761 2363 2833 2417 ad
2858 2364 3174 2418 matutinum
3204 2361 3393 2418 tretitia
3429 2381 3444 2418 :
3487 2362 3541 2419 id
3578 2372 3693 2430 cst,
3735 2364 3779 2418 in

511 2453 773 2512 delecmi
818 2467 985 2524 super
1011 2451 1295 2508 θίπίειυηι
1342 2448 1563 2507 {uerum
1586 2465 1600 2503 ε
1623 2447 1750 2520 quia
1774 2462 1883 2504 ηοη
1914 2454 2109 2519 Powe-
2209 2458 2630 2528 resurrectione,
2663 2457 2885 2531 quando
2914 2458 3080 2515 simul
3104 2457 3218 2528 jam
3262 2457 3332 2515 ad
3380 2458 3679 2516 libertatem
3708 2474 3781 2515 re-

513 2555 644 2604 l‘lllll
671 2562 797 2604 eum
823 2547 1182 2617 exstinguere
1209 2543 1353 2601 sicut
1380 2544 1695 2599 voluerunt.
1734 2540 1843 2598 Sed
1882 2540 1970 2596 hic
1997 2554 2105 2595 non
2208 2552 2425 2610 ειίιυεε,
2487 2551 2587 2608 γει
2644 2567 2932 2625 vesperum
2956 2595 2972 2623 ν
3030 2552 3255 2626 quando
3306 2552 3476 2610 ﬂebat
3523 2552 3680 2609 “aria
3736 2562 3783 2609 ει

2208 2643 2439 2715 apostoli
2456 2644 2510 2700 in
2531 2642 2796 2701 Passione
2820 2645 3057 2702 Domini.
3082 2644 3154 2702 Et
3173 2660 3334 2702 mane
3354 2641 3779 2717 lmtitia,quaudo

2210 2737 2538 2803 resurrexit,
2585 2745 2646 2792 ut
2689 2735 2893 2793 dictum
2941 2745 3028 2793 est
3055 2737 3380 2794 mulieribus
3418 2755 3433 2792 :
3474 2739 3553 2794 Ite
3584 2747 3637 2793 et
3658 2752 3783 2793 nun-

2210 2830 2344 2886 tiate
2390 2827 2674 2886 fratribus'
2697 2828 2837 2885 meis
2883 2838 2942 2885 ut
2969 2839 3101 2885 eant
3138 2832 3190 2885 in
3236 2830 3549 2898 Galilazam;
3593 2830 3660 2887 ibi
3705 2845 3781 2886 me

2207 2923 2467 2979 videbunt
2513 2921 2751 2993 (Matth.
2785 2939 2953 2980 xxvnt
2978 2923 3020 2996 ).
3061 2923 3131 2980 Et
3164 2924 3423 2981 dixerunt
3451 2924 3697 2981 mulieres
3722 2921 3781 2979 ad

2211 3017 2490 3086 apostolos
2528 3034 2543 3073 :
2593 3016 2836 3075 Vidimus
2862 3018 3149 3074 Dominum
3174 3060 3190 3086 ,
3216 3028 3273 3075 et
3318 3018 3440 3077 haec
3484 3018 3618 3075 dixit
3638 3017 3780 3073 nobis

517 2639 933 2711 intelligendum
975 2636 1044 2694 de
1092 2636 1424 2703 hominibus,
1479 2633 1576 2691 sed
1623 2633 1691 2690 de
1738 2631 2103 2697 dazmonibus,

516 2734 647 2807 quia
669 2732 1278 2803 delectaricmperunt,
1301 2727 1519 2801 quando
1549 2727 1960 2784 aestimaverunt
1981 2738 2106 2780 eum

510 2843 637 2885 eum
691 2824 1009 2884 latronibus
1040 2823 1111 2881 ad
1142 2822 1418 2880 infernum
1464 2819 1775 2879 ducendum
1807 2836 1822 2875 :
1862 2819 2004 2877 sicut
2049 2817 2105 2873 in

513 2931 755 2982 montem
784 2936 846 2978 se
873 2919 1123 2993 permisit
1151 2918 1221 2974 ab
1246 2917 1440 2976 eodem
1475 2915 1602 2973 duci
1640 2913 1812 2989 (Luc.
1842 2912 1962 2983 tv).
1998 2909 2106 2969 Sed

515 3031 627 3074 non
677 3015 900 3071 fuerunt
942 3011 1197 3070 delectati
1233 3010 1539 3078 daemones,
1571 3006 1699 3079 quia
1724 3015 1852 3062 tunc
1876 3014 1932 3062 et
1954 3002 2105 3075 priu-

512 3109 713 3181 cipem,
745 3115 803 3164 et
830 3120 960 3164 suos
1001 3104 1283 3176 subiectos
1324 3101 1513 3175 ligavit
1536 3116 1552 3155 :
1577 3100 1650 3156 ita
1677 3114 1780 3155 nec
1805 3112 1972 3169 super
2002 3096 2102 3152 Ec-

2212 3108 2397 3181 (Joan.
2432 3108 2548 3181 xx).
2577 3110 2660 3166 Ad
2705 3127 2975 3185 vesperam
3028 3111 3383 3168 demorabitur
3422 3116 3595 3184 ﬂetus,
3634 3121 3681 3167 et
3718 3112 3778 3166 ad

514 3202 742 3261 clcsiam
772 3208 940 3258 erunt
963 3196 1217 3256 delectati
1243 3195 1299 3252 in
1323 3194 1413 3252 die
1428 3191 1645 3266 judicii,
1668 3190 1888 3264 quando
1909 3187 2107 3246 dicturi
2133 3198 2179 3263 ο
2212 3204 2526 3258 matutinum
2573 3203 2782 3261 ιωιίιία,
2816 3205 3004 3262 pom“
3052 3205 3159 3263 hoc
3200 3215 3256 3262 ει
3301 3206 3373 3263 (ιε
3404 3215 3640 3279 tempore
3664 3205 3777 3262 pas.

512 3305 677 3355 erunt
704 3295 880 3353 sancti
905 3312 918 3349 :
943 3293 1047 3351 Ubi
1075 3300 1184 3361 est,
1231 3304 1404 3358 mors,
1436 3287 1658 3346 aculeus
1690 3294 1817 3342 tuus
1841 3302 1856 3340 :
1876 3283 1965 3341 ubi
1995 3291 2099 3351 est,

2210 3296 2408 3365 sionis,
2440 3297 2586 3355 sicut
2622 3298 2905 3370 superius,
2937 3307 2993 3357 et
3028 3298 3099 3356 de
3129 3300 3553 3372 resurrectione,
3586 3308 3638 3359 et
3657 3314 3777 3358 con-

516 3405 689 3459 mors,
718 3390 948 3447 victoria
985 3387 1111 3444 tua?
1139 3385 1414 3457 Absorpta
1454 3392 1539 3439 est
1583 3395 1730 3437 mors
1777 3380 1830 3436 in
1878 3377 2106 3462 victoria
2207 3389 2576 3446 summuliuue
2601 3391 2789 3446 suum“
2824 3390 3022 3462 accipi,

515 3484 534 3553 (
553 3481 568 3537 I
594 3479 716 3539 Cor.
747 3479 839 3554 xv)
877 3496 891 3535 :
935 3478 989 3536 id
1029 3488 1137 3546 est,
1179 3477 1233 3533 in
1260 3475 1488 3533 victoria
1518 3483 1833 3532 sanctorum
1863 3459 2107 3542 disrupta

513 3580 621 3630 est.

586 3663 811 3719 Domine
839 3661 979 3720 Deus
1006 3678 1169 3731 meus,
1213 3660 1435 3717 clamavi
1483 3660 1553 3717 ad
1600 3669 1670 3728 te,
1698 3668 1744 3715 et
1784 3657 1978 3716 sanasti
2004 3673 2100 3712 me.

513 3752 735 3813 Domine
782 3755 925 3812 Deus
973 3771 1137 3811 meus.
1167 3753 1357 3811 Oratio
1404 3752 1633 3821 Christi,
1679 3750 1796 3808 sive
1822 3750 2102 3808 Ecclesias.

517 3849 734 3904 Sanasti
764 3864 845 3904 me
866 3863 886 3904 :
914 3862 1204 3920 resurgere
1231 3862 1322 3904 me
1347 3845 1548 3912 fecisti,
1587 3855 1647 3901 ut
1678 3859 1881 3916 corpus
1907 3851 2110 3899 morta-

506 3943 645 4002 litati
674 3943 975 4001 obnoxium
1003 3958 1113 3999 non
1141 3950 1592 4013 corrumperetur
1620 3956 1651 3996 a
1682 3947 1878 3996 morte.

581 4038 857 4095 Revocasti
879 4037 945 4092 ab
969 4037 1151 4108 inferis
1171 4037 1404 4092 animum
1420 4051 1586 4090 meam
1614 4050 1631 4087 :
1659 4033 1712 4089 id
1735 4042 1841 4100 est,
1866 4031 2101 4088 animam

509 4132 718 4193 Christi
762 4148 886 4189 cum
939 4131 1061 4187 aliis
1087 4129 1378 4187 animabus
1406 4137 1722 4186 sanctorum
1752 4126 1896 4183 Deus
1922 4126 1990 4183 de
2021 4124 2102 4181 in-

508 4226 665 4284 terno
711 4224 1011 4283 revocavit.
1044 4224 1166 4296 lpse
1212 4240 1275 4281 se
1304 4224 1695 4281 resuscitatum
1733 4237 1762 4277 a
1795 4229 1948 4293 patre
1979 4234 2106 4292 pro-
2138 4236 2145 4237 ί

508 4317 744 4388 nuntiat,
787 4317 929 4374 sicut
966 4317 1043 4373 ait
1088 4316 1390 4389 Apostolus
1426 4335 1438 4371 :
1478 4316 1583 4386 Qui
1622 4315 1919 4372 crediderit
1957 4312 2103 4384 quod

509 4408 656 4465 Deus
675 4408 824 4465 illum
847 4409 1128 4467 suscitavit
1148 4425 1179 4465 a
1200 4409 1454 4479 mortuis,
1476 4408 1661 4465 salvus
1681 4408 1785 4465 erit
1805 4406 1986 4481 (Rom.
2002 4405 2099 4479 tv).

511 4501 748 4557 Salvasti
786 4518 867 4558 me
912 4519 946 4557 a
988 4502 1417 4559 descendentibus
1465 4504 1521 4558 in
1569 4501 1762 4557 lacum.
1812 4500 1869 4557 ιιι
1897 4510 2002 4571 est,
2032 4501 2102 4559 de

2288 3481 2406 3555 Ego
2435 3491 2609 3538 autem
2638 3482 2752 3539 dixi
2794 3484 2849 3538 in
2874 3483 3196 3540 abundantia
3233 3503 3348 3542 mea
3368 3501 3387 3540 :
3420 3486 3544 3543 Non
3570 3485 3776 3543 movebar

2208 3577 2261 3631 in
2307 3586 2580 3633 aeternum.
2635 3576 2765 3634 Haec
2810 3577 3126 3653 redemptus
3174 3580 3415 3651 populus
3443 3580 3576 3638 dicit
3613 3598 3627 3637 :
3669 3580 3771 3637 iatn

2207 3669 2413 3726 nullam
2439 3685 2471 3726 a
2504 3680 2557 3728 te
2581 3671 2811 3727 satiatus
2839 3674 3017 3744 patior
3051 3683 3351 3746 egestatem
3396 3692 3414 3734 :
3461 3691 3632 3748 neque
3657 3676 3703 3730 ia
3728 3683 3772 3731 Ie

2207 3762 2437 3829 deﬁxus,
2469 3779 2842 3823 commoveor.
2890 3765 3006 3841 Ego
3051 3777 3220 3823 autem
3268 3769 3379 3823 dixi
3406 3769 3463 3824 in
3485 3768 3771 3825 abundantia

2208 3872 2359 3911 mea:
2392 3854 2519 3912 Non
2548 3856 2787 3913 movebar
2813 3860 2868 3913 in
2893 3868 3170 3919 aeternum.
3206 3859 3321 3917 Vox
3348 3861 3520 3918 Adam
3551 3863 3603 3918 in
3624 3876 3762 3933 para-

2206 3946 2327 4003 diso
2363 3947 2489 4019 quia
2520 3949 2640 4005 sine
2670 3949 2780 4006 line
2807 3950 3011 4008 ibidem
3038 3966 3098 4007 se
3129 3952 3356 4025 putabat
3386 3968 3537 4011 esse.
3566 3954 3633 4010 Et
3657 3953 3765 4010 dum

2206 4040 2286 4097 sic
2331 4040 2668 4113 cogitasset,
2721 4051 2779 4099 et
2828 4052 2979 4100 tanta
3028 4044 3169 4101 bona
3221 4046 3272 4102 ei
3320 4045 3580 4114 dedisset,
3627 4046 3769 4117 coepit

2204 4134 2447 4206 cogitare
2475 4134 2603 4205 quid
2631 4144 2779 4193 esset
2806 4151 2985 4194 causa:
3017 4182 3033 4209 ,
3074 4153 3172 4195 cur
3198 4142 3552 4213 praecepisset
3577 4141 3623 4200 ei
3648 4141 3765 4198 Deus

2206 4243 2277 4283 ne
2325 4227 2671 4301 contingeret
2718 4229 2788 4287 de
2837 4245 3002 4302 pomo
3030 4232 3223 4290 vetito.
3256 4234 3375 4291 Hoc
3397 4251 3549 4304 vero,
3595 4234 3763 4308 inquit,

2206 4321 2441 4393 probare
2471 4322 2622 4380 volo.
2648 4323 2718 4378 Et
2745 4321 2855 4394 [ΑΙ.
2884 4324 2957 4398 ei]
2982 4328 3237 4400 contigit,
3272 4339 3329 4386 et
3354 4330 3602 4403 probavit
3623 4347 3636 4385 :
3657 4327 3766 4402 quia

2205 4420 2482 4487 proiectus
2511 4427 2618 4475 est.

2274 4510 2516 4580 Domine,
2544 4513 2598 4567 in
2626 4512 2885 4568 voluntate
2914 4522 3004 4569 tua
3028 4517 3312 4589 praestitisti
3338 4519 3512 4575 decori
3546 4534 3648 4574 meo
3673 4515 3761 4572 eir-

508 4591 727 4684 miseria
772 4592 931 4650 istius
972 4594 1102 4650 vitae
1144 4593 1454 4665 praesentis.
1489 4593 1589 4651 Vel
1628 4592 1697 4649 de
1727 4593 1847 4649 lacu
1879 4591 2098 4663 inferni,
2130 4589 2180 4651 D
2207 4612 2390 4659 tutem.
2424 4605 2494 4660 Et
2518 4605 2633 4677 ipsa
2662 4615 2746 4664 est
2770 4622 2877 4663 vox
2906 4607 3042 4664 Adae
3079 4620 3374 4684 postquam
3418 4613 3674 4684 projectus
3694 4618 3764 4667 est

505 4683 601 4781 ubi
625 4683 827 4781 animae
856 4693 1203 4781 peccatorum
1250 4695 1510 4781 suntzgne
1554 4686 1695 4743 sicut
1721 4686 2103 4781 illi,_pra:ceps
2204 4697 2274 4755 de
2316 4699 2575 4769 paradiso
2622 4716 2721 4771 pro
2770 4718 2871 4758 sua
2920 4703 3103 4776 culpa.
3153 4683 3310 4764 Tunc
3358 4709 3610 4781 cognovit
3640 4705 3761 4778 quod

500 4776 756 4874 caderem
784 4776 838 4833 in
867 4785 1117 4834 ωοΐιθω·
1141 4777 1278 4874 Ηίιξε
1299 4787 1406 4835 lam
1431 4777 1755 4874 immensum
1780 4777 2097 4835 miraculum
2200 4790 2480 4862 sapientia
2519 4790 2663 4849 lucis
2691 4794 2760 4849 ab
2790 4808 2857 4851 eo
2890 4796 3255 4856 recessisset:
3277 4809 3335 4858 et
3362 4776 3508 4874 quod
3538 4817 3568 4858 a
3593 4776 3693 4858 Deo
3716 4799 3759 4855 in

499 4870 766 4944 propheta
792 4885 1055 4940 cernens,
1084 4871 1321 4929 exsultat
1349 4879 1406 4929 et
1429 4871 1584 4929 dicit.
2204 4882 2461 4954 paradiso
2512 4884 2814 4942 collocatus
2867 4888 3047 4946 fuerat
3092 4870 3470 4961 abundantiae,
3512 4911 3614 4951 non
3638 4909 3665 4949 a
3689 4906 3762 4948 se-

576 4965 796 5022 Psallite
823 4963 1071 5031 Domino,
1089 4966 1255 5021 sancti
1285 4966 1418 5035 ejus,
1450 4974 1557 5023 etc.
1588 4966 1742 5035 Quod
1767 4976 2100 5023 memoratus

2215 4982 2464 5052 rnetipso.
2511 4983 2755 5041 Avertisti
2799 4988 2987 5059 faciem
3039 4997 3183 5045 tuam
3210 5007 3243 5046 a
3269 5008 3383 5060 me,
3416 5002 3463 5048 et
3488 4994 3643 5064 factus
3662 5005 3762 5048 sunt

504 5058 668 5117 vestri
696 5056 1055 5115 sanctiﬁcavit
1078 5072 1183 5115 vos
1230 5058 1483 5115 vocando
1512 5058 1581 5116 ad
1611 5058 1946 5131 agnitionem
1990 5074 2094 5115 ηο·
2201 5076 2560 5133 conturbatus.
2621 5056 3036 5137 Tunc'avertit
3084 5082 3280 5141 faciem
3328 5056 3498 5142 suam
3536 5086 3664 5143 Deus
3706 5082 3763 5137 ab

501 5152 665 5210 minis
693 5152 798 5210 sui.
843 5150 1092 5221 Psatlite,
1124 5150 1373 5221 Domino,
1405 5154 1570 5208 sancti
1634 5156 1766 5227 ejus.
1804 5154 2097 5225 Propheta

2215 5167 2396 5235 tdam,
2431 5170 2652 5240 quando
2690 5175 2960 5243 peccavit.
3001 5174 3071 5231 Et
3110 5185 3244 5234 tunc
3282 5180 3637 5238 conturbatus
3668 5183 3761 5243 est,

495 5244 748 5345 homini"
792 5254 1056 5345 8³119108)
1081 5254 1168 5345 Δυι
1212 5245 1440 5345 Ῐθυίξεηι
1486 5247 1638 5345 “illm
1668 5262 1702 5345 A3
1750 5263 1858 5318 (1υο
1905 5247 2098 5345 εξιινυιί
2198 5259 2427 5332 quando
2456 5262 2559 5319 sub
2589 5263 2974 5323 maledictione
3004 5266 3075 5324 de
3104 5269 3362 5340 paradiso
3388 5272 3651 5345 proiectus
3670 5277 3759 5327 est.

495 5350 648 5399 sunt.
680 5338 747 5396 Et
772 5340 1093 5412 conﬁtemini
1119 5342 1384 5397 memoria:
1411 5343 1703 5400 sanctitatis
1730 5345 1863 5415 ejus.
1895 5343 2099 5400 Memo-
2200 5352 2269 5408 Et
2314 5353 2693 5426 unusquisque
2723 5355 2892 5414 homo
2918 5338 3140 5431 quando
3167 5360 3236 5418 de
3281 5338 3403 5421 suis
3436 5338 3765 5421 conturbatur

498 5434 600 5501 ria,
633 5434 688 5491 id
722 5445 840 5503 est,
887 5444 948 5492 ut
991 5450 1263 5494 memores
1296 5436 1416 5492 silis
1446 5436 1835 5495 beneﬁciorum
1864 5438 2096 5510 qualiter
2200 5445 2464 5516 peccatis.
2511 5446 2612 5504 Vel
2658 5447 2821 5506 aliter
2854 5466 2871 5509 :
2914 5448 3159 5522 Domine,
3204 5454 3259 5508 in
3290 5456 3555 5512 uoluntate
3593 5464 3693 5522 tua,
3715 5459 3764 5508 et

497 5542 596 5586 vos
622 5527 691 5585 de
719 5537 947 5599 peccato
972 5528 1245 5587 redimere
1275 5531 1444 5587 venit.
2202 5553 2312 5595 non
2353 5554 2422 5595 ex
2462 5553 2617 5596 mea:
2642 5542 2928 5614 prwstitisti
2955 5544 3132 5601 decori
3156 5562 3292 5615 meo,
3335 5550 3545 5621 corpori
3571 5560 3762 5606 assum-

572 5621 835 5688 Quoniam
872 5623 952 5716 ira
978 5624 1034 5680 in
1060 5624 1422 5699 indignatione
1457 5629 1592 5701 ejus,
1623 5638 1674 5684 et
1702 5629 1803 5683 vita
1831 5630 1885 5684 in
1913 5630 2096 5687 volun-
2202 5640 2298 5703 pto
2332 5649 2347 5689 ξ
2390 5633 2669 5705 virtutem,
2716 5645 2774 5691 ut
2804 5644 2857 5695 te
2894 5653 3311 5711 cognoscerem.
3338 5644 3573 5700 Avertisti
3595 5643 3761 5716 faciem

497 5725 601 5774 tate
626 5719 810 5790 ipsius.
845 5715 967 5774 Non
996 5718 1141 5790 quod
1173 5719 1256 5776 ira
1285 5730 1378 5776 aut
1423 5721 1725 5794 indignatio
1754 5720 1807 5779 in
1835 5723 1948 5780 Deo
1992 5725 2093 5792 sit,
2203 5734 2343 5781 tuam
2370 5743 2404 5780 a
2430 5743 2533 5796 me,
2565 5743 2686 5785 cum
2720 5745 3008 5802 peccarem
3038 5750 3053 5787 :
3085 5743 3133 5789 et
3161 5737 3333 5808 factus
3362 5755 3476 5794 sum
3505 5715 3758 5793 conturba-

504 5809 601 5867 sed
628 5809 771 5879 iusta
798 5809 1054 5867 vindicta.
1082 5810 1387 5883 Indignatio
1409 5812 1508 5871 Dei
1530 5815 1651 5886 fuit,
1684 5815 1899 5887 quando
1921 5817 2092 5875 Adam
2204 5830 2308 5879 tus.
2333 5822 2654 5895 ignorabam
2684 5826 2831 5884 enim
2860 5827 3041 5887 adhuc
3070 5831 3254 5890 lumen
3284 5834 3528 5893 veritatis
3555 5842 3669 5889 tute.
