3944 6334
201 293 296 350 905

1099 300 1529 365 BREVIARIUM
1575 306 1640 365 IN
1681 308 2015 372 PSALllOS.
2061 316 2309 381 PSALM.
2355 321 2525 383 XXX.

3361 343 3463 404 903

261 409 331 462 Ad
354 417 421 476 te,
456 406 692 478 Domine,
723 411 989 486 clamabo,
1015 429 1060 472 et
1089 423 1158 475 ad
1188 421 1356 478 Deum
1385 442 1554 481 meum
1579 427 1764 496 depre-
1790 433 1840 494 Λ
1871 441 1990 499 est,
2024 435 2146 494 sine
2187 440 2297 498 fine
2338 442 2571 500 laudabo
2620 455 2690 504 te.
2735 449 2789 506 In
2821 450 2934 522 his,
2967 462 3024 511 ut
3047 453 3159 527 jam
3191 459 3336 532 dixi,
3370 464 3465 521 tibi

261 500 337 532 1η...
393 500 631 532 [τὴ-ἰοί...
661 504 919 532 nunc--.”
953 510 1053 532 ι.--
1099 511 1132 532 19
1157 514 1206 532 νο.
1377 519 1389 531 .
1628 522 1640 532 .

201 500 356 556 cabor.
393 500 633 558 Christus
661 504 922 564 Dominus
952 510 1056 568 hoc
1081 511 1210 570 dicit
1237 561 1252 586 ,
1297 519 1390 589 qui
1423 535 1520 590 pro
1548 522 1761 580 redem-

195 603 275 664 pto
303 593 491 665 populo
518 595 828 669 interpellat
853 599 922 656 ad
953 601 1197 661 Patrem.
1231 607 1478 666 Christus
1507 614 1760 669 clamavit

195 686 240 740 itt
267 701 437 755 cruce,
465 695 516 741 ct
548 687 791 744 Ecclesia
823 690 877 747 in
906 697 1303 764 persecutione.

253 781 370 847 Qua:
418 782 614 838 utilitas
652 785 706 839 in
756 789 1012 861 sanguine
1059 809 1202 862 meo,
1248 795 1375 850 dum
1421 797 1674 855 descendo
1702 801 1756 856 in

193 875 580 945 corruptionem?
607 877 664 933 Si
695 894 802 935 non
832 896 1189 942 resurrexcro
1215 905 1228 943 :
1257 903 1382 944 nam
1403 891 1526 961 quia
1550 892 1754 950 effusus

188 976 258 1024 est
280 969 485 1040 sanguis
512 985 662 1026 meus
687 1013 702 1040 ,
750 987 970 1046 surgam
1000 988 1054 1034 et
1082 979 1154 1036 sit
1180 982 1388 1038 utilitas
1413 1001 1428 1040 :
1482 993 1542 1041 ut
1563 988 1753 1059 acqui-

187 1080 282 1119 ram
327 1079 510 1122 omnes
559 1079 755 1140 gentes
799 1075 1208 1134 resurrectione
1241 1095 1380 1137 mea.
1427 1081 1751 1142 llumanitas

185 1155 359 1212 Chriin
387 1159 450 1214 ad
477 1159 695 1218 Patrem
727 1163 986 1236 loquitur,
1013 1183 1080 1223 ac
1101 1171 1146 1226 si
1177 1171 1409 1229 dixisset
1434 1192 1447 1228 :
1478 1175 1636 1233 Nulla
1666 1190 1749 1235 est

183 1252 356 1308 utilitas
383 1255 523 1325 quod
555 1257 876 1329 sanguinem
908 1261 1072 1318 effudi
1098 1307 1114 1330 ,
1169 1267 1274 1322 nisi
1324 1284 1686 1328 resurrexero
1717 1290 1744 1328 a

181 1344 397 1402 mortuis.
451 1347 542 1404 Vel
569 1391 583 1416 ,
616 1369 735 1423 qua:
778 1355 983 1412 utilitas
1016 1359 1069 1412 in
1097 1363 1356 1435 sanguine
1382 1381 1526 1432 meo,
1556 1366 1608 1422 id
1639 1378 1740 1434 est,

180 1437 222 1492 in
247 1448 392 1508 gente
439 1443 598 1498 mea?
659 1446 976 1504 Judzcorum
1024 1451 1173 1508 nulla
1205 1461 1290 1509 est
1315 1456 1565 1513 utilitas:
1618 1461 1742 1532 quia

181 1543 269 1586 non
289 1531 530 1602 credunt,
563 1534 670 1592 nisi
703 1537 978 1596 hominem
1007 1558 1203 1613 pttrum
1235 1556 1468 1604 tantmn.
1506 1531 1745 1610 Noniso—

179 1622 267 1679 lum
297 1640 394 1681 non
425 1627 775 1688 crediderunt
800 1675 814 1701 ,
865 1635 965 1693 sed
1006 1638 1170 1694 etiam
1197 1638 1339 1698 latus
1370 1642 1489 1714 ejus
1511 1660 1741 1716 aperue-

176 1727 298 1774 l'lllll.

1865 532 2155 588 concinam
2203 545 2365 607 atque
2407 541 2675 598 confitear
2716 560 2731 600 :
2773 546 2864 617 qui
2913 548 2966 603 in
3014 566 3102 606 rue
3149 559 3466 628 congregati

1862 633 1993 677 sunt
2039 640 2135 695 per
2183 634 2646 692 resurrectionem
2701 655 2902 696 meam.
2946 644 3138 702 Omnia
3166 649 3312 705 cnim
3344 668 3465 723 qmn

1861 710 1915 768 in
1945 712 2046 771 hoc
2078 721 2293 788 psalmo
2322 723 2602 784 humiliter
2631 731 2697 786 de
2725 732 2943 792 Christo
2973 738 3249 812 dicuntur,
3279 744 3348 800 ad
3371 763 3462 800 as-

1859 811 2230 880 sumptionem
2279 820 2530 889 corporis
2566 826 2740 896 magis
2781 829 3064 888 referenda
3096 844 3225 890 sunt
3247 879 3261 903 ,
3297 853 3458 907 quam

1856 901 1925 956 ad
1956 908 2255 974 potentiam
2289 910 2540 972 Deitatis.
2573 917 2684 975 Nos
2714 936 2931 994 quoque
2961 901 3458 1001 suppliccsdepre-

1855 1009 2062 1067 camur,
2097 1009 2155 1055 ut
2182 1015 2467 1063 convertat
2496 1009 2761 1069 Dominus
2801 1015 2854 1070 in
2884 1017 3140 1087 gaudium
3172 1023 3451 1092 planctum

1852 1101 2126 1160 nostrum,
2156 1097 2386 1154 remissa
2421 1102 2564 1159 mole
2607 1103 2942 1168 facinorum:
2987 1127 3052 1167 ac
3082 1115 3344 1185 mysterio
3370 1133 3457 1173 re-

1851 1185 2209 1242 surrectionis
2231 1205 2344 1246 sute
2375 1192 2682 1253 laetificatos
2702 1200 2956 1258 attollere
2979 1203 3233 1274 dignetur
3261 1207 3316 1264 in
3345 1225 3457 1266 cce-

1850 1277 1960 1334 lum
1989 1296 2004 1337 :
2041 1296 2140 1353 pro
2185 1283 2386 1355 quibus
2417 1287 2757 1350 descendere
2785 1295 3043 1366 dignatus
3071 1309 3157 1356 est
3194 1300 3249 1357 in
3285 1303 3452 1361 infcr-

1849 1386 2000 1428 num.

2377 1452 2694 1515 PSALMUS
2744 1461 2914 1519 XXX.

1846 1536 1916 1591 In
1939 1537 2118 1632 “ﬁnem
2141 1587 2153 1611 ,
2187 1542 2439 1629 Psalmus
2470 1547 2673 1632 David,
2705 1567 2793 1609 etc
2816 1596 2828 1609 .
2861 1555 3111 1632 Psalmus
3141 1561 3310 1632 ipsius
3338 1565 3451 1621 llic-

1919 1610 2146 1695 diatoris
2203 1617 2359 1699 initio
2400 1610 2671 1706 continet,
2690 1640 2878 1706 vocem
2905 1610 3446 1706 z'tiéiiit'te'rc'aeniim

1918 1684 2186 1769 sanguine
2234 1688 2353 1758 ejus
2401 1693 2623 1760 ponuli,
2669 1699 2873 1776 gratias
2914 1684 3149 1776 agentis,
3178 1684 3445 1776 vc'xwivpsi'us

1917 1754 2576 1848 ipterponitu‘rnpersona
2609 1754 3442 1848 'p'rOphetaefvnit"er—gorll‘c:

229 1811 481 1887 Numquid
528 1819 864 1891 conﬁtebitur
910 1825 1004 1880 tibi
1049 1822 1156 1897 [AL
1209 1837 1350 1888 tacet
1383 1830 1496 1907 tibi]
1525 1835 1737 1906 pulvis?
1765 1839 1814 1900 Β
1915 1811 2564 1898 ἀειηριὸῖἐιήάἹ³ἷέῖίεὲιῖῗῖ

171 1905 265 1964 Non
291 1911 475 1980 poterit
507 1914 665 1971 turba
698 1916 1024 1988 impiorum,
1056 1937 1176 1992 qua:
1204 1924 1407 1992 adhuc,
1442 1905 1590 1984 velut
1623 1931 1738 1999 pul-

173 1999 257 2068 vis,
277 2003 411 2058 omni
443 2013 612 2062 vento
634 2007 898 2066 doctrina:
926 2023 1204 2083 movetur,
1219 2015 1531 2087 justificari,
1556 2020 1602 2076 si
1635 2036 1737 2091 ego

177 2107 262 2148 non
286 2109 572 2168 resurgam.
617 2100 674 2156 Si
696 2117 800 2174 ego
822 2118 934 2160 non
957 2121 1338 2178 resurrexero,
1377 2126 1481 2167 non
1510 2111 1736 2170 confitc-

168 2185 288 2243 bitur
330 2190 418 2244 tibi
462 2191 662 2262 pulvis.
726 2195 935 2264 Pulvis,
987 2197 1040 2254 id
1090 2209 1213 2268 est,
1248 2202 1535 2275 impii,vcl
1563 2206 1730 2262 infru-

164 2281 326 2337 ctuosi.
355 2282 454 2339 Aut
485 2288 825 2345 annuntiabit
853 2292 1128 2346 ueritatem
1151 2302 1314 2350 luant.
1357 2296 1414 2352 Id
1444 2306 1551 2364 est,
1575 2299 1733 2356 Chri-

166 2386 281 2434 stum
309 2387 448 2437 tuum
475 2399 488 2437 :
538 2399 606 2440 ac
638 2384 685 2441 si
713 2384 899 2444 dicat:
949 2389 1005 2447 Si
1038 2405 1148 2446 non
1194 2406 1549 2451 resurrexero
1572 2437 1588 2463 ,
1618 2389 1725 2453 nan

165 2473 469 2531 annuntiant.

219 2568 404 2623 Audiuit
434 2568 702 2629 Dominus
725 2615 742 2644 ,
775 2584 824 2630 et
854 2577 1094 2634 misertus
1120 2591 1196 2635 est
1228 2579 1349 2637 mei.
1382 2583 1593 2639 Audiuit
1615 2583 1729 2641 Do-

163 2657 324 2728 minus,
353 2663 488 2720 Deus
517 2665 708 2736 Pater,
737 2679 788 2724 et
814 2670 1059 2728 misertus
1082 2682 1157 2728 est
1186 2675 1306 2731 mei.
1354 2675 1470 2733 Vox
1496 2677 1721 2748 Christi,

161 2756 260 2824 quia
302 2775 582 2834 resurgere
633 2780 719 2822 me
757 2765 888 2823 fecit
915 2783 946 2824 a
976 2770 1232 2827 mortuis.
1265 2769 1525 2829 Dominus
1547 2774 1722 2845 [actus

159 2860 216 2904 est
238 2853 430 2923 adjutor
467 2874 636 2915 meus.
678 2860 945 2920 Defensor
975 2879 1128 2921 meus
1153 2905 1169 2933 ,
1218 2865 1312 2937 qui
1340 2882 1428 2925 me
1455 2867 1582 2926 fecit
1609 2869 1723 2942 pri-

158 2947 455 3016 mogenitum
479 2963 850 3010 mortuorum.

217 3037 498 3098 Corwertisti
528 3046 798 3118 planctum
822 3065 1011 3107 meum.
1043 3050 1182 3108 Cum
1214 3049 1454 3111 dicerem
1482 3073 1495 3109 :
1521 3056 1716 3113 Tristis

157 3138 222 3185 est
245 3135 406 3192 anima
438 3153 554 3195 mea
587 3155 765 3213 usque
789 3143 859 3198 ad
889 3155 1145 3202 mortem.
1187 3145 1257 3201 In
1283 3150 1533 3220 gaudium
1563 3152 1709 3207 mihi.

1917 1938 1984 1995 In
2007 1951 2074 2008 te,
2102 1943 2344 2015 Domine,
2378 1953 2604 2020 speravi,
2642 1971 2747 2011 non
2769 1961 3063 2030 confundor
3086 1965 3140 2019 in
3165 1976 3438 2026 teternum.

1841 2029 1896 2085 In
1955 2042 2027 2102 te,
2084 2035 2264 2105 Pater,
2305 2056 2433 2112 spes
2482 2055 2568 2100 est
2606 2050 3074 2111 corroborationis
3120 2074 3278 2132 mete,
3312 2063 3442 2121 dum

1837 2127 1971 2184 mihi
2020 2138 2293 2205 tamquam
2343 2141 2560 2197 cmteris
2600 2142 2914 2205 hominibus
2955 2151 3217 2213 insultant
3248 2159 3443 2217 adver-

1835 2224 1963 2278 sarii
1991 2265 2007 2292 ,
2059 2227 2149 2283 vel
2199 2228 2450 2288 illudunt.
2517 2235 2609 2291 Vel
2656 2255 2757 2295 vox
2792 2243 3074 2314 propheta:
3105 2265 3170 2304 ex
3199 2266 3433 2322 persona

1836 2316 2100 2378 Ecclesiae
2134 2323 2294 2394 dicit,
2330 2345 2431 2383 non
2460 2332 2791 2403 confundor:
2827 2340 2950 2408 quia
2993 2352 3140 2400 recte
3170 2348 3439 2405 confiteor

1833 2411 1996 2469 finem
2029 2414 2331 2474 Trinitatis.
2382 2419 2449 2476 In
2479 2432 2558 2492 te,
2585 2423 2838 2495 Domine,
2867 2434 3090 2502 sperari.
3134 2433 3200 2490 In
3223 2447 3288 2504 te,
3324 2456 3436 2496 non

1831 2505 1886 2560 in
1915 2521 2025 2563 me.
2077 2508 2200 2564 Non
2251 2517 2551 2584 confundor
2581 2517 2631 2572 in
2658 2529 2943 2578 retentum:
2990 2527 3113 2596 quia
3157 2531 3248 2599 qui
3277 2531 3429 2589 illum

1830 2597 2040 2671 integre
2080 2603 2432 2673 confitentur,
2490 2623 2598 2664 non
2647 2611 3052 2672 confundentur
3103 2597 3279 2693 ncqttc
3317 2624 3428 2693 hic,

1827 2706 2002 2764 neque
2028 2695 2080 2749 in
2112 2695 2316 2752 futuro.
2363 2697 2432 2753 Et
2462 2701 2515 2754 in
2543 2713 2632 2758 tua
2651 2707 2868 2777 justitia
2897 2707 3062 2766 libera
3093 2730 3190 2783 me,
3215 2725 3264 2771 et
3291 2719 3431 2790 eripe

1825 2801 1925 2840 me.
1992 2786 2070 2843 De
2114 2787 2271 2846 fovea
2310 2807 2471 2862 quam
2516 2803 2827 2854 statuerunt
2858 2802 3057 2860 anima:
3088 2821 3245 2863 meae.
3289 2810 3425 2878 Quia

1825 2877 1927 2934 nisi
1950 2894 1980 2934 a
2011 2879 2126 2936 Deo
2149 2881 2538 2956 justificemur,
2567 2905 2664 2958 per
2685 2907 2785 2948 nos
2813 2909 2919 2951 non
2949 2912 3240 2968 possumus
3265 2902 3428 2974 justi-

1821 2969 2000 3028 ficari.
2043 2971 2198 3030 Unde
2229 2975 2491 3048 scriptum
2521 2990 2607 3036 est
2637 2997 2652 3041 :
2681 2984 2786 3051 Qui
2815 2999 2874 3042 se
2896 2987 3181 3058 justificat,
3215 2969 3334 3066 ipse
3363 3014 3424 3054 sc

1818 3064 2152 3122 condemnat
2183 3067 2307 3140 (Job
2351 3071 2450 3142 ιχ).
2493 3071 2648 3131 Unde
2680 3086 2732 3134 et
2766 3077 2966 3136 Paulus
2995 3081 3065 3140 de
3091 3064 3415 3156 quibusdam

1818 3157 1992 3215 dicit:
2027 3160 2192 3217 Suam
2238 3177 2550 3234 quaerentes
2597 3178 2836 3229 statuere
2857 3175 3158 3252 justitiam,
3188 3182 3416 3253 justitia:

154 3223 258 3281 Cum
279 3242 559 3301 resurgens
586 3233 697 3289 dixi
731 3252 744 3290 :
777 3235 876 3306 lte,
902 3239 1153 3296 nuntiate
1184 3240 1448 3299 fratribus
1473 3245 1632 3315 meis,
1654 3254 1716 3302 ut
1742 3236 1788 3303 C
1819 3253 1912 3312 Dci
1948 3273 2055 3313 non
2087 3269 2212 3316 sunt
2233 3263 2462 3334 subjecti
2497 3265 2678 3339 (Rom.
2705 3270 2789 3341 χ).

152 3328 249 3374 eant
281 3321 328 3376 in
349 3323 652 3397 Galilmam,
688 3327 759 3384 ibi
801 3345 889 3386 me
917 3332 1201 3390 videbunt.
1231 3333 1337 3392 Sed
1364 3335 1482 3393 hcce
1509 3338 1650 3395 sicut
1677 3356 1706 3395 a

149 3410 346 3485 Christo,
378 3418 448 3475 ita
466 3421 636 3478 etiam
668 3423 738 3479 ab
765 3424 1012 3482 Ecclesia
1043 3427 1342 3486 dicuntur:
1367 3431 1524 3503 cujus
1547 3433 1705 3504 plan-

148 3512 257 3576 ctus,
289 3525 604 3586 resurgente
636 3517 892 3586 Domino,
917 3520 973 3575 in
995 3523 1253 3593 gaudium
1279 3535 1363 3580 est
1384 3541 1702 3598 conversus,

151 3606 193 3652 ct
214 3616 316 3671 qua:
341 3605 601 3680 deinceps
629 3624 752 3666 cum
782 3611 904 3683 ipso
933 3613 1186 3683 Domino,
1215 3626 1269 3673 et
1297 3617 1365 3674 ad
1391 3619 1568 3690 ipsum
1597 3621 1704 3678 Do-

146 3692 334 3764 minum,
359 3697 468 3769 jam
500 3701 764 3759 mundata
793 3704 934 3778 Agni
965 3709 1230 3779 sanguine
1258 3709 1420 3766 dicit:

197 3783 477 3846 Conscidisti
513 3810 728 3850 saccum
766 3813 958 3854 meum.
1023 3798 1404 3859 Velamentum
1447 3817 1698 3876 peccato-

141 3889 234 3931 rum
261 3896 494 3942 meorum
520 3904 537 3944 :
583 3887 714 3959 quia
740 3903 956 3962 saccus,
1003 3900 1058 3950 et
1081 3893 1324 3951 cilicium
1353 3897 1419 3952 ad
1445 3911 1698 3969 peccato-

140 3979 208 4023 res
242 3976 482 4043 pertinet.
526 3979 670 4036 Dum
727 3997 858 4055 ergo
912 3983 1091 4042 dicit:
1123 3986 1442 4046 Conscidisti
1484 4009 1694 4050 saccum

137 4076 295 4134 nicum,
333 4081 386 4127 et
422 4073 556 4130 alibi
589 4075 763 4133 dicit:
795 4077 1097 4137 lnduebam
1140 4099 1225 4140 me
1253 4085 1434 4143 cilicio
1459 4130 1474 4155 ,
1508 4100 1562 4145 et
1590 4089 1694 4146 bu-

136 4157 365 4220 miliabam
411 4165 466 4222 in
507 4167 726 4240 jejunio
776 4171 1018 4229 animam
1069 4191 1244 4233 meam
1290 4177 1466 4251 (Psul.
1496 4180 1600 4255 tv),
1632 4192 1689 4240 et

131 4251 308 4318 quidem
330 4257 582 4320 Christus
612 4280 722 4320 non
753 4277 840 4324 est
863 4282 996 4326 usus
1029 4270 1134 4325 isto
1162 4270 1503 4330 indumento.
1546 4251 1686 4346 Quid

130 4445 410 4513 assumpsit?
438 4447 597 4506 Tunc
621 4454 938 4511 conscissus
966 4466 1050 4512 est
1079 4456 1183 4515 iste
1208 4473 1428 4530 saccus,
1463 4465 1682 4535 quando

128 4539 417 4612 resurrexit,
462 4552 515 4600 et
561 4543 895 4605 immortalis
917 4550 1144 4608 effectus
1175 4564 1282 4610 est.
1332 4556 1402 4614 Et
1431 4557 1559 4616 licet
1583 4560 1680 4618 ba-

126 4619 214 4680 buit
236 4645 460 4704 saccum,
491 4637 591 4695 sed
624 4655 731 4697 non
756 4641 946 4700 habuit
976 4660 1112 4718 opus
1141 4649 1322 4706 sacci:
1345 4651 1397 4708 id
1421 4663 1526 4724 est,
1552 4669 1678 4726 pec-
1707 4645 1758 4706 D

124 4729 309 4780 catum:
357 4729 423 4787 de
463 4748 574 4804 quo
618 4737 883 4808 scriptum
938 4752 1018 4798 est
1047 4760 1060 4799 :
1093 4743 1197 4811 Qui
1248 4757 1535 4819 peccatum
1564 4769 1674 4809 non

121 4808 226 4922 {fcit
249 4834 261 4873 :
286 4838 381 4880 nec
411 4825 576 4884 dolus
607 4829 861 4890 inventus
889 4845 975 4892 est
997 4837 1050 4892 in
1075 4808 1172 4896 ore
1196 4808 1316 4912 ejus
1339 4843 1497 4914 (lsai.
1531 4850 1669 4922 Lm).

1225 4897 1243 4912 us
1298 4897 1307 4899 '
1343 4897 1497 4914 \"""
1531 4897 1669 4922 ”““Ἰ’

119 4897 251 4965 Nobis
273 4928 401 4987 ergo
429 4935 661 4979 necesse
689 4937 774 4981 est
803 4941 1022 4986 saccum
1055 4941 1112 4988 et
1131 4933 1369 4992 cilicium
1402 4939 1630 4998 induere
1655 4959 1670 4999 :

116 4998 214 5098 quia
251 5020 378 5076 Opus
407 5015 555 5069 sacci
587 5014 907 5088 habuimus,
940 5022 994 5078 id
1022 5033 1135 5091 est,
1167 5038 1466 5098 peccatum.
1516 5032 1669 5091 Prw-

115 5085 389 5191 ct'nsistime
436 5106 644 5163 lwtitia.
697 5110 753 5167 ld
802 5123 930 5184 est,
982 5117 1171 5175 laetitia
1224 5127 1662 5200 resurrectionis,

112 5180 202 5240 sive
222 5188 484 5255 Christum
511 5241 529 5269 ,
577 5204 692 5260 sive
737 5205 1041 5266 Ecclesiam
1089 5212 1144 5268 in
1178 5213 1399 5272 futuro:
1427 5219 1663 5278 inducns

111 5287 179 5333 me
216 5287 342 5343 stola
373 5292 546 5363 prima
589 5297 1020 5361 immortalitatis
1071 5322 1169 5379 per
1205 5315 1657 5373 resurrectionem

109 5373 244 5432 fuam.

243 5484 445 5535 cantent
492 5481 601 5556 [AL
636 5487 826 5563 cantet]
859 5490 956 5546 tibi
989 5493 1159 5565 gloria
1189 5512 1324 5553 mea.
1357 5496 1415 5555 In
1447 5497 1532 5556 his
1563 5504 1655 5574 qui

105 5562 410 5629 crediderunt
448 5577 640 5647 gloria:
680 5562 1117 5646 resurrectionis.
1171 5591 1238 5646 Et
1271 5610 1374 5649 non
1409 5611 1658 5670 compun-

104 5665 197 5764 9ης-
238 5658 278 5714 A
305 5665 542 5725 stimulis
570 5685 944 5743 peccatorum.
988 5680 1174 5756 Neque
1197 5683 1449 5744 Christus
1481 5705 1495 5745 :
1523 5658 1653 5764 quia

101 5747 279 5812 nullum
304 5757 492 5819 habuit
521 5777 825 5836 peccatum.

159 5841 354 5907 Domine
388 5854 530 5913 Deus
561 5877 728 5931 meus,
756 5865 810 5919 in
837 5877 1084 5926 aeternum
1106 5874 1392 5944 conﬁtebor
1417 5881 1530 5938 tibi.
1594 5883 1651 5942 Id

339 5946 610 6015 Ρλτιιοι.
665 5956 717 6016 Χ
733 5957 897 6020 XVI.

1883 3349 2091 3407 Inclina
2119 3355 2187 3408 ad
2219 3373 2298 3411 me
2326 3375 2505 3414 aurem
2534 3370 2700 3416 tuam.
2737 3363 2851 3421 Vox
2875 3365 3134 3430 Ecclesia:
3164 3375 3232 3432 ad
3257 3377 3416 3436 Chri-

1809 3458 1976 3504 stum.
2038 3449 2144 3507 Per
2192 3468 2378 3510 aurem
2426 3456 2732 3531 benignitas
2773 3463 2868 3521 Dei
2922 3468 3263 3542 intelligitur.
3327 3475 3414 3532 ln-

1805 3540 1974 3598 clinat
2021 3544 2276 3602 Christus
2317 3564 2542 3620 aurem,
2581 3553 2801 3624 quando
2840 3540 3407 3638 exaudire—dignatur.

1806 3631 1903 3690 Vel
1936 3643 2063 3694 tunc
2091 3638 2383 3696 inclinavit
2414 3643 2558 3700 Deus
2584 3661 2771 3704 aurem
2800 3664 2976 3722 suam,
3013 3656 3230 3726 quando
3261 3661 3410 3719 misit

1802 3725 2040 3784 Verbum
2071 3745 2252 3801 suum,
2284 3742 2340 3790 et
2362 3751 2462 3792 nos
2487 3739 2765 3796 exaudivit
2798 3743 2850 3799 in
2870 3725 3103 3818 mundo;
3134 3760 3189 3807 et
3221 3753 3404 3810 intan-

1803 3831 1915 3880 tum
1963 3824 2280 3896 inclinavit,
2332 3839 2389 3886 ut
2438 3841 2621 3890 nostra
2674 3847 2894 3906 peccata
2943 3841 3116 3914 digito
3167 3845 3223 3902 in
3257 3857 3399 3906 terra

1797 3917 2084 3975 scriberet.
2128 3921 2372 3978 Accelera
2425 3935 2479 3980 ul
2523 3928 2717 3999 eripias
2761 3948 2860 3987 me.
2902 3935 3182 4005 Accelera,
3214 3939 3267 3996 id
3294 3952 3400 4014 est,

1796 4010 2028 4067 festina:
2065 4023 2120 4067 ut
2161 4015 2352 4086 eripias
2397 4036 2496 4075 me.
2543 4019 2878 4080 Vultsancta
2907 4025 3153 4085 Ecclesia
3177 4010 3399 4092 liberari

1792 4101 1861 4159 de
1904 4118 2172 4176 corpore,
2221 4117 2282 4162 ut
2323 4108 2401 4164 ait
2443 4110 2675 4171 Paulus:
2705 4113 2879 4189 Cupio
2907 4119 3158 4194 dissolvi,
3190 4137 3244 4181 et
3273 4142 3395 4186 esse

2118 4398 2482 4460 protectorem.
2544 4393 2600 4448 lu
2629 4394 2799 4453 Deum
2831 4397 3177 4462 defensorem
3210 4425 3225 4464 :
3257 4411 3385 4481 quia

1784 4479 1940 4535 multi
1967 4490 2094 4536 sunt
2116 4481 2192 4537 dii
2215 4485 2393 4541 nocivi
2413 4528 2428 4554 ,
2458 4486 2550 4558 qui
2579 4503 2685 4544 non
2718 4501 2971 4562 prosunt.
3003 4494 3158 4555 Unde
3187 4479 3386 4561 Paulus

1784 4569 1949 4626 dicit:
1981 4573 2118 4629 Sunt
2149 4575 2364 4646 quidem
2395 4576 2474 4633 dii
2504 4581 2690 4649 multi,
2724 4591 2781 4639 et
2809 4584 3016 4644 domini
3054 4593 3211 4649 multi
3238 4612 3251 4648 :
3286 4612 3386 4653 no-

1783 4664 1870 4720 bis
1919 4673 2099 4722 tamen
2149 4683 2288 4724 unus
2333 4669 2479 4726 Deus
2503 4711 2520 4739 ,
2575 4689 2679 4729 una
2711 4676 2848 4733 fides
2870 4719 2888 4747 ,
2918 4695 3080 4737 unum
3112 4684 3379 4759 baptisma

1784 4755 1828 4829 (Ι
1857 4756 1979 4812 Cor.
2009 4757 2149 4831 vni).
2209 4759 2337 4818 Esto
2376 4763 2504 4818 mihi
2540 4767 2594 4820 in
2630 4765 2804 4824 Deum.
2836 4755 3202 4847 protectorem,
3237 4789 3376 4839 tam-

1776 4865 1938 4924 quam
1973 4854 2274 4924 proximus.
2321 4855 2386 4910 Et
2414 4859 2466 4912 in
2498 4861 2713 4916 domum
2743 4869 2963 4938 refugii,
2996 4880 3050 4926 ut
3075 4874 3274 4930 salvum
3297 4893 3376 4934 me

1775 4944 1961 5014 facias.
2008 4946 2144 5015 Quia
2176 4947 2445 5018 Ecclesia,
2484 4959 2807 5024 tempestate
2836 4964 3271 5034 persecutionis,
3306 4969 3373 5025 ad

1776 5035 1946 5091 Deum
1984 5037 2148 5094 habet
2176 5040 2469 5113 refugium.
2523 5042 2592 5098 Ut
2628 5048 2828 5103 saluum
2859 5069 2938 5106 me
2957 5055 3152 5125 facias,
3183 5074 3213 5114 a
3245 5075 3373 5131 pec-

1770 5129 2068 5188 catoribus.
2116 5135 2317 5189 Domus
2347 5147 2530 5194 autem
2564 5141 2759 5213 rcfugii
2789 5141 2907 5212 ipse
2931 5155 3016 5202 est
3043 5149 3098 5204 in
3129 5129 3372 5221 quo‘Pa-

1771 5232 1854 5279 ter
1884 5223 2174 5282 inhabitat.
2214 5227 2368 5284 Multi
2400 5231 2592 5288 volunt
2621 5232 2808 5305 fugere
2845 5251 2874 5291 a
2901 5243 3192 5308 prmsentia
3224 5245 3320 5302 Dei
3349 5265 3364 5303 :

1765 5317 1867 5374 sed
1895 5332 2006 5375 non
2037 5333 2270 5392 possunt
2308 5323 2574 5396 evadere,
2608 5336 2668 5382 ut
2691 5329 2766 5384 ait
2795 5335 3063 5404 propheta
3092 5354 3105 5391 :
3137 5338 3205 5394 Et
3231 5356 3259 5396 a
3291 5344 3368 5398 fa-

1765 5411 1850 5470 cie
1880 5423 1971 5471 tua
2000 5430 2110 5488 quo
2139 5415 2340 5490 fugiam
2391 5418 2565 5491 (Psal.
2595 5427 2899 5498 cxxxvm)?
2942 5428 3048 5487 Sed
3079 5447 3201 5504 nos,
3233 5437 3367 5497 dicit

1766 5505 2051 5578 Ecclesia,
2087 5512 2306 5569 insimul
2341 5513 2395 5570 in
2425 5515 2591 5573 domo
2625 5517 2886 5580 habemus
2915 5524 3185 5599 refugium
3213 5549 3227 5589 :
3261 5533 3364 5592 hoc

1763 5607 1870 5670 est,
1897 5600 1950 5656 in
1977 5602 2095 5674 ipso
2125 5606 2214 5675 qui
2240 5615 2324 5664 est
2354 5607 2517 5664 Deus.

1835 5692 2092 5760 Quoniam
2128 5696 2515 5766 ﬁrmamentum
2555 5719 2759 5772 meum,
2804 5717 2852 5762 et
2897 5713 3161 5783 refugium
3192 5733 3362 5774 meum

1763 5802 1814 5843 es
1843 5794 1918 5841 tu.
1987 5786 2072 5844 Ad
2102 5791 2456 5850 sustinendos
2494 5810 2591 5852 eos
2622 5801 2714 5870 qui
2743 5799 2795 5856 in
2826 5817 2912 5857 me
2940 5808 3192 5864 savium.
3262 5813 3360 5870 Vel

1761 5883 2164 5939 firmamentum
2214 5883 2378 5951 fidei;
2432 5897 2480 5943 et
2528 5894 2792 5963 refugium
2820 5911 3182 5958 meumestu:
3212 5903 3359 5965 refu-

2837 5989 2914 6052 29
