3944 6334
525 304 632 368 907

1327 296 1679 362 APPENDIX
1718 299 1811 356 an
1847 292 2088 355 ronun
2129 290 2481 356 SEPTIMUM
2518 294 2578 354 s.
2619 284 3027 354 utsnonvnt.
3414 262 3425 267 ⁷
3692 293 3774 349 eos

530 430 677 497 gium
727 438 908 482 meum
954 423 1127 479 dicit:
1181 420 1305 493 quia
1354 421 1599 477 Ecclesia
1631 420 1683 474 in
1711 418 1933 474 Christo
1959 415 2124 472 habet
2150 415 2208 475 Α
2231 426 2351 484 tua,
2390 432 2488 487 pro
2518 425 2680 473 tantae
2712 416 2932 488 pictatis
2959 411 3250 470 commodo
3270 452 3289 480 ,
3321 417 3382 467 ut
3409 422 3498 467 me
3523 419 3606 466 tua
3632 426 3776 471 morte

530 522 799 591 refugium
825 560 841 587 ,
873 527 933 573 ut
960 516 1037 572 ait
1060 517 1323 586 prepheta
1345 529 1362 570 :
1387 512 1635 579 Domine,
1665 509 1930 581 refugium
1953 509 2125 564 tactus

528 628 590 670 es
624 612 781 668 nobis
814 609 991 682 (Psat.
1041 606 1288 679 Lxxm).
1350 605 1574 678 Pmpter
1614 619 1800 659 nomen
1823 612 1970 657 tuum
1992 601 2123 655 edu-

532 724 613 762 res
656 721 757 761 me.
814 704 885 761 Ut
927 701 1035 759 hoc
1074 710 1262 756 notum
1305 698 1505 755 faciam
1528 698 1782 770 gentibus
1804 695 2124 751 credituris.

528 800 764 870 Propter
805 811 1007 853 nomen
1052 804 1205 851 tuum
1239 794 1346 850 dux
1371 791 1507 849 mihi
1547 791 1696 849 eris:
1750 789 1979 859 Quando
2024 802 2127 860 ego

532 893 670 948 iacio
691 889 894 962 aliquid
925 890 1093 958 boni,
1125 902 1326 943 nomen
1352 885 1573 943 Domini
1598 898 1671 941 ex
1717 885 1822 941 hoc
1853 882 2129 957 gloriﬁca-

526 993 636 1039 tur.
689 981 757 1037 Et
800 982 1027 1037 enutries
1076 998 1176 1035 me.
1209 978 1536 1052 Aggregatis
1579 977 1841 1049 paulatim
1894 975 2125 1042 sanctis,

531 1077 735 1133 educas
764 1074 1071 1132 Ecclesiam
1117 1084 1288 1139 tuam,
1340 1088 1460 1144 quae
1507 1072 1561 1127 in
1616 1086 1705 1127 me
1751 1070 2027 1126 tundatur.
2061 1067 2129 1123 Et

531 1170 758 1225 cnutries
785 1185 886 1224 me.
920 1168 1075 1224 Tunc
1104 1167 1371 1223 enutrivit
1400 1165 1739 1232 Ecclesiam,
1773 1164 1991 1236 quando
2029 1176 2129 1219 no-

529 1271 700 1318 stram
730 1276 950 1318 carnem
972 1260 1240 1331 suscepit.
1275 1258 1430 1315 Unda
1458 1269 1514 1314 et
1535 1258 1761 1312 Paulus:
1785 1256 1956 1313 Nemo
1980 1256 2125 1312 enim

529 1369 751 1411 carnem
810 1370 969 1409 suam
1036 1352 1163 1409 odio
1229 1352 1419 1420 habet,
1488 1350 1583 1408 sed
1644 1350 1819 1407 nutrit
1875 1357 1931 1405 et
1979 1348 2131 1404 fovet

531 1447 749 1520 (Eplies.
787 1448 864 1519 ν).
897 1448 965 1503 Ει
996 1445 1259 1503 enutrivit
1285 1458 1405 1513 nos,
1437 1453 1497 1499 ut
1528 1441 1699 1498 fortes
1727 1443 1921 1498 simus.

602 1542 671 1597 Et
716 1542 899 1598 educes
939 1557 1019 1596 me
1072 1541 1136 1595 de
1180 1537 1364 1609 laqueo
1392 1554 1541 1604 quem
1569 1537 1946 1592 absconderant
1976 1535 2125 1591 mihi.

531 1635 785 1706 Laqueus
831 1632 1033 1688 dicitur
1075 1631 1260 1702 captio
1303 1648 1315 1683 :
1363 1631 1491 1702 quia
1537 1627 1798 1701 quamdiu
1845 1627 1901 1683 in
1928 1627 2013 1684 via
2043 1641 2124 1691 es,

529 1730 636 1787 hoc
679 1738 785 1795 est,
822 1727 876 1783 in
908 1727 1155 1793 Christo,
1191 1741 1296 1781 non
1329 1725 1489 1780 times
1520 1724 1571 1779 in
1600 1725 1857 1794 laqueum
1884 1722 2084 1778 cadere
2110 1741 2120 1775 :

2228 508 2530 566 redimcrcs
2562 527 2575 564 :
2605 511 2731 581 quia
2757 509 3027 581 respexisti
3055 505 3400 563 Iturttititatem
3427 521 3607 575 meam,
3634 507 3681 560 in
3700 524 3776 578 spe

2231 603 2319 659 illa
2352 605 2614 675 positam,
2666 619 2766 675 per
2791 618 2951 674 quam
2984 617 3048 658 ca
3078 617 3202 675 qua:
3231 616 3339 659 non
3369 601 3641 667 videntur,
3666 603 3779 659 desi-

2232 698 2516 755 derantur.
2562 700 2788 755 Salvasti
2829 701 2894 755 de
2932 697 3323 755 necessitatibus
3363 696 3590 751 animam
3625 713 3776 751 meam.

2229 791 2599 850 Necessitates
2612 797 2865 866 corporis
2885 793 3073 849 multm
3092 802 3221 849 sunt
3239 811 3251 846 :
3272 791 3324 847 id
3346 800 3449 857 est,
3469 789 3779 857 manducare,

2230 886 2422 943 bibere
2444 928 2459 954 ,
2498 885 2740 943 dormire
2759 928 2775 955 ,
2815 886 2903 943 vel
2934 886 3077 943 aliud
3100 885 3251 958 quod
3282 884 3593 941 necessario
3618 894 3693 939 est
3716 884 3779 938 ta-

2226 981 2482 1037 eiendum
2508 999 2522 1036 :
2553 980 2652 1038 sed
2684 982 3055 1038 necessarium
3082 980 3314 1046 animm,
3346 978 3576 1034 omnino
3602 992 3742 1032 unum
3769 997 3778 1030 :

2231 1076 2288 1133 id
2318 1086 2404 1134 est
2435 1121 2450 1147 ,
2494 1077 2604 1133 vita
2634 1085 2859 1135 aeterna.
2902 1076 3146 1135 Salvavit
3182 1078 3321 1133 Deus
3350 1078 3587 1133 animam
3612 1076 3675 1131 de
3707 1090 3781 1130 sua

2226 1171 2563 1227 necessitate
2595 1189 2606 1225 :
2636 1173 2767 1243 quia
2794 1172 2945 1227 dedit
2971 1172 3021 1226 ei
3051 1172 3216 1228 vitam
3245 1178 3512 1226 aeternam
3537 1187 3553 1223 :
3578 1167 3786 1239 quodest

2231 1279 2328 1321 sua
2380 1265 2701 1323 necessitas.
2754 1265 2991 1322 l‘roinde
3033 1267 3254 1322 salvasti
3298 1265 3369 1321 de
3410 1263 3786 1320 necessitatibus

2233 1359 2430 1413 mortis
2460 1367 2744 1430 perpetuae
2774 1360 3012 1416 animam
3041 1374 3220 1417 meam
3268 1374 3393 1432 quae
3420 1357 3519 1414 tibi
3550 1367 3660 1415 erat
3682 1357 3787 1412 eba-

2229 1452 2390 1506 ritate
2412 1450 2683 1507 devincta.

2306 1544 2421 1600 Nec
2451 1546 2752 1601 conclusisti
2792 1562 2873 1601 me
2912 1546 2968 1600 in
3007 1562 3194 1601 manus
3218 1546 3438 1601 inimici.
3496 1545 3585 1600 Illi
3611 1545 3791 1601 concio.

2230 1638 2433 1695 duntur
2455 1639 2509 1694 in
2532 1653 2725 1694 manus
2746 1637 2948 1695 inimici
2971 1680 2986 1705 ,
3012 1638 3107 1711 qui
3135 1647 3487 1710 perseverant
3515 1638 3570 1693 in
3594 1638 3791 1710 pectatis

2231 1730 2367 1786 suis.
2418 1729 2525 1787 Sed
2556 1747 2685 1803 ego,
2719 1731 2853 1787 dicit
2892 1731 3155 1799 Ecclesia,
3190 1747 3296 1787 non
3328 1729 3627 1787 concludar
3660 1725 3791 1801 :q'uia

530 1823 710 1894 laquei
736 1838 897 1878 secus
926 1822 1067 1877 viam
1093 1829 1391 1892 ponuntur.
1422 1819 1542 1884 Via,
1567 1816 1819 1874 Christus
1845 1827 1930 1873 est
1950 1834 1963 1871 :
1985 1817 2119 1872 sicut

2235 1837 2343 1879 non
2373 1824 2498 1879 volo
2527 1839 2878 1895 perseverare
2909 1824 2961 1880 in
2987 1825 3171 1881 matis.
3203 1823 3454 1881 διανάειὶ
3480 1824 3537 1879 in
3567 1823 3676 1879 loco
3696 1841 3791 1895 spa-

530 1917 649 1987 ipse
693 1916 771 1970 ait
812 1934 823 1970 :
868 1914 984 1986 Ego
1010 1930 1130 1971 sum
1177 1914 1263 1968 via
1316 1911 1499 1984 (locu.
1530 1910 1669 1983 xxv).
1699 1910 1769 1965 Et
1798 1919 1852 1965 tu
1904 1909 1948 1964 si
1979 1923 2038 1964 es
2068 1910 2120 1963 in

526 2013 641 2081 via,
685 2009 790 2065 hoc
838 2018 923 2065 est
973 2010 1025 2064 in
1055 2007 1304 2075 Christo,
1356 2021 1465 2063 non
1523 2006 1682 2062 times
1729 2005 1929 2061 cadere
1965 2004 2021 2060 in
2049 2005 2122 2058 la-

528 2118 727 2174 queum
777 2101 982 2158 diaboli
1030 2120 1043 2155 :
1089 2100 1215 2171 quia
1265 2100 1447 2155 omnis
1498 2098 1728 2168 laqueus
1772 2097 1843 2153 ab
1872 2098 1992 2169 ipso
2017 2103 2121 2151 est.

531 2197 791 2266 Quoniam
823 2204 879 2250 tu
907 2212 960 2251 es
992 2202 1251 2266 protector
1278 2208 1422 2248 meus
1462 2209 1480 2246 :
1519 2194 1576 2246 in
1623 2209 1809 2247 manus
1840 2200 1955 2246 tuas
1982 2207 2122 2245 com-

526 2292 711 2348 mendo
759 2290 1003 2362 spiritum
1052 2305 1247 2344 meum.
1298 2287 1417 2343 Vox
1446 2286 1649 2343 Christi
1700 2286 1767 2342 ad
1801 2286 2018 2342 Patrem
2068 2284 2124 2341 in

528 2383 793 2440 Passione
832 2399 846 2437 :
888 2380 1107 2453 quando
1134 2378 1555 2436 commendavit
1579 2378 1815 2434 animam
1861 2390 2037 2442 suam,
2071 2384 2127 2431 et

525 2479 665 2535 dixit
707 2496 721 2534 :
767 2477 955 2545 Pater,
1009 2476 1062 2532 in
1096 2489 1292 2531 manus
1341 2484 1465 2530 tuas
1510 2472 1838 2529 commendo
1873 2472 2123 2539 Spiritum

530 2588 710 2630 meum
765 2571 938 2645 (Luc.
988 2569 1173 2641 xcvi).
1222 2568 1380 2637 Quod
1423 2564 1861 2632 commendatur,
1913 2565 2123 2619 salvum

532 2674 823 2745 recipitur.
856 2673 924 2728 Et
964 2670 1087 2742 ipse
1112 2670 1251 2726 dixit
1278 2687 1291 2724 :
1315 2670 1648 2725 Potesta-tem
1681 2667 1855 2725 habeo
1887 2665 2123 2737 ponendi

527 2766 770 2821 animam
818 2778 1023 2834 meam,
1076 2771 1131 2818 et
1175 2769 1502 2833 potestatem
1553 2761 1730 2815 habeo
1780 2760 1982 2816 iterum
2033 2773 2127 2815 su-

524 2857 709 2913 mendi
742 2871 862 2912 eam
895 2855 1096 2925 (Joan.
1130 2853 1266 2925 xx).
1320 2850 1398 2906 Tu
1434 2869 1485 2907 es
1527 2862 1788 2918 protector
1811 2868 1977 2907 meus.
2010 2851 2122 2907 Vox

527 2950 808 3005 Ecclesiae.
845 2947 913 3002 In
934 2964 1135 3002 manus
1162 2956 1280 3001 tuas
1306 2945 1612 3001 commendo
1640 2945 1881 3016 spiritum
1912 2962 2078 3000 meum
2104 2960 2125 3000 :

528 3044 634 3098 hoc
663 3053 769 3110 est,
825 3043 877 3095 in
926 3047 1256 3112 potestatem
1312 3048 1465 3095 tuam
1512 3038 1838 3095 commendo
1884 3039 2121 3093 animam

528 3150 727 3191 meam.
776 3133 890 3188 lIoc
939 3132 1249 3201 exemplum
1294 3129 1512 3200 accepit
1542 3129 1789 3185 Ecclesia
1818 3145 1845 3181 a
1868 3128 2119 3184 Christo.

2228 1919 2362 1974 tioso
2393 1920 2549 1990 pedes
2577 1935 2739 1973 meas.
2768 1918 3014 1975 Dilatasﬁ
3052 1920 3313 1974 unitatem
3346 1918 3612 1974 Ecclesia:
3634 1918 3680 1973 in
3704 1925 3794 1974 toto

2229 2013 2458 2069 mundo.
2484 2013 2770 2082 Quomodo
2791 2012 2950 2081 dicit,
2982 2013 3209 2069 inloco?
3233 2011 3506 2085 Numquid
3535 2012 3715 2069 locatis
3731 2022 3794 2067 est

2228 2104 2420 2161 Deus?
2448 2105 2520 2160 Et
2554 2105 2742 2161 localis
2767 2146 2784 2174 ,
2831 2116 2886 2162 et
2924 2120 3032 2161 non
3076 2104 3285 2161 locatis.
3316 2105 3533 2162 Localis
3560 2115 3643 2162 est
3667 2104 3724 2160 ad
3746 2121 3795 2160 se

2227 2198 2597 2265 venientibus,
2631 2208 2685 2254 et
2714 2215 2825 2255 non
2857 2200 3067 2268 localis,
3099 2199 3225 2270 quia
3251 2198 3451 2269 ubique
3472 2211 3559 2256 est
3586 2217 3600 2253 :
3624 2198 3707 2254 sed
3735 2199 3795 2253 itt-

2226 2292 2447 2381 ‘venitur
2468 2295 2519 2348 in
2551 2293 2672 2349 loco
2698 2308 2833 2365 pure
2854 2294 3252 2365 quaerentibus.
3274 2292 3352 2350 Ut
3370 2292 3504 2349 illud
3529 2312 3544 2347 :
3564 2293 3630 2348 Et
3647 2305 3796 2347 metus

2230 2399 2313 2443 est
2340 2387 2500 2443 locus
2521 2387 2575 2441 in
2600 2399 2706 2457 quo
2729 2394 2891 2442 erant
2912 2385 3167 2442 sedentes
3192 2385 3330 2457 (Act.
3356 2385 3458 2456 tv).
3484 2385 3554 2439 In
3576 2386 3684 2440 loco
3700 2400 3798 2455 spa-

2230 2480 2363 2535 tioso
2390 2480 2542 2552 pedes
2570 2496 2729 2534 meos.
2779 2478 2954 2536 Pedes
2978 2522 2992 2546 ,
3033 2480 3209 2537 sancti
3250 2478 3643 2549 praedicatores
3666 2520 3681 2547 ,
3722 2478 3797 2549 qui

2228 2583 2452 2645 portant
2476 2575 2701 2631 verbum
2732 2572 3136 2643 prmdicationis
3164 2575 3217 2628 in
3246 2583 3361 2629 toto
3393 2572 3599 2629 modo
3618 2590 3637 2629 :
3659 2572 3733 2628 vel
3757 2572 3798 2626 in

2226 2668 2555 2739 Ecclesiam,
2589 2684 2752 2741 quam
2786 2678 2878 2724 tua
2922 2670 3323 2725 resurrecﬁone
3348 2667 3599 2724 dilatasti
3625 2668 3675 2723 in
3701 2682 3798 2720 arn-

2228 2764 2553 2837 plitudinem
2592 2764 2885 2822 libertatis.

2303 2857 2552 2913 Miserere
2582 2858 2703 2923 mei,
2752 2856 2994 2922 Domine,
3026 2858 3274 2927 quoniam
3302 2855 3549 2912 tribulor.
3585 2855 3803 2912 Miserae

2230 2950 2372 3017 mei;
2404 2965 2468 3005 ac
2508 2949 2554 3005 si
2596 2949 2745 3005 dicat
2780 2967 2793 3003 :
2827 2949 2938 3007 Fac
2984 2949 3039 3005 in
3088 2965 3177 3005 me
3209 2949 3667 3013 misericordiam,
3696 2964 3805 3019 quo-

2228 3043 2369 3097 niam
2387 3042 2627 3098 tribulor.
2646 3042 2867 3098 illorum
2896 3057 3023 3109 vox,
3048 3043 3142 3112 qui
3168 3041 3502 3097 tribulantur
3530 3057 3563 3097 a
3589 3041 3803 3114 qualibet

2226 3138 2604 3193 tribulatione.
2650 3135 2901 3191 Miserere
2926 3136 3051 3202 mei,
3090 3135 3309 3191 Domine
3333 3179 3345 3200 ,
3387 3137 3637 3207 quoniam
3664 3134 3805 3189 tribu-

527 3232 641 3288 lloc
668 3242 723 3285 et
754 3238 974 3283 sanctus
995 3228 1309 3295 Stephanus
1337 3225 1467 3281 fecit
1490 3242 1503 3279 :
1529 3223 1632 3279 hoc
1662 3233 1717 3279 et
1739 3224 1912 3279 sancti
1933 3233 2115 3292 orant,
2148 3215 2196 3281 C
2226 3229 2326 3284 tor.
2350 3229 2468 3284 Non
2488 3230 2598 3299 jam
2628 3239 2863 3284 mortem
2897 3230 3118 3293 timens,
3145 3229 3238 3285 sed
3264 3228 3682 3285 insectationem
3703 3242 3803 3281 tue-

526 3330 743 3404 quando
775 3339 979 3385 exeunt
1004 3327 1071 3382 de
1097 3341 1354 3398 corpore,
1389 3337 1447 3380 ut
1486 3325 1616 3380 illud
1644 3344 1655 3378 :
1681 3324 1855 3381 Fideli
1883 3328 2120 3381 creatori

527 3420 917 3480 commendant
968 3421 1177 3475 animas
1235 3434 1365 3474 suas
1423 3418 1476 3472 in
1526 3415 1851 3473 benefactis.
1902 3416 2016 3473 Hoc
2064 3418 2118 3473 in

529 3532 693 3573 cruce
724 3514 936 3585 positus
966 3512 1232 3569 Dominus
1259 3511 1422 3578 dixit,
1457 3508 1607 3579 quod
1640 3509 1693 3564 in
1724 3509 1900 3567 Patris
1928 3524 2121 3565 manus

530 3611 783 3680 Spiritum
831 3605 1302 3664 commendaverit
1342 3622 1354 3657 :
1399 3603 1512 3658 cito
1561 3618 1686 3658 eum
1721 3602 1842 3673 ipso
1886 3602 2123 3659 resusci-

536 3712 687 3758 tante
733 3707 1074 3770 sumpturus.
1123 3696 1278 3752 Dicat
1327 3713 1472 3751 nunc
1523 3695 1752 3766 populus
1802 3695 2121 3767 redemptus

528 3799 793 3871 sanguine
814 3797 951 3868 Agni
978 3812 992 3850 :
1020 3794 1306 3851 Redemisti
1328 3809 1428 3861 me,
1442 3791 1685 3859 Domine,
1706 3790 1847 3847 Deus
1868 3794 2118 3847 veritatis.

527 3893 631 3962 Qui
676 3908 736 3948 cs
781 3889 983 3947 veritas
1010 3899 1066 3944 et
1113 3888 1222 3942 vita
1268 3905 1280 3939 :
1324 3886 1447 3957 quia
1482 3884 1625 3955 quod
1673 3885 1923 3954 promisit
1956 3886 2117 3952 Deus,

531 4002 639 4042 non
687 3986 970 4040 mentitur.
1004 3981 1161 4038 Sicut
1195 3978 1446 4051 promisit
1478 3993 1571 4047 per
1601 3990 1791 4033 servos
1836 3992 1966 4033 suos
1999 3993 2122 4048 pro-

530 4078 722 4150 phetas
765 4096 777 4131 :
807 4078 877 4132 ita
924 4084 981 4132 et
1009 4073 1177 4138 venit,
1203 4082 1258 4128 et
1288 4071 1526 4127 redemit
1556 4086 1656 4125 nos
1703 4072 1970 4141 sanguine
1997 4085 2118 4126 suo.

527 4170 687 4228 Unde
713 4180 767 4225 et
787 4168 987 4224 Paulus
1005 4166 1138 4223 dicit
1156 4182 1170 4224 :
1187 4164 1368 4236 Empti
1397 4164 1543 4221 enim
1556 4164 1695 4219 estis
1720 4165 1895 4235 pretio
1927 4179 2122 4236 magno

530 4263 569 4335 (ι
594 4261 715 4317 Cor.
750 4259 846 4333 vt).
2024 4258 2031 4269 '

602 4355 773 4410 Odisti
818 4369 994 4408 omnes
1039 4351 1363 4406 obseruantes
1428 4349 1746 4413 vanitatem,
1785 4364 2119 4419 supervacue.

536 4450 868 4521 Supervacue
896 4444 1066 4501 dicit:
1093 4459 1200 4498 non
1244 4440 1386 4513 quod
1422 4441 1568 4496 Deus
1593 4438 1746 4495 odiat
1771 4455 2119 4511 quemquam.

527 4543 685 4601 Absit
713 4542 819 4598 hoc
849 4539 1074 4597 sentire.
1102 4537 1213 4594 Sed
1236 4536 1325 4607 qui
1353 4537 1511 4590 istam
1544 4533 1923 4589 tantummodo
1954 4531 2120 4589 vitam

2231 3335 2392 3380 tuens
2423 3323 2706 3378 vitiorum.
2736 3322 3089 3378 Conttubatus
3130 3333 3204 3377 est
3233 3323 3287 3377 in
3314 3322 3401 3377 ira
3449 3324 3634 3378 acutus
3658 3338 3803 3376 meus.

2229 3416 2475 3473 Ecclesia
2525 3415 2884 3472 conturbatur
2913 3416 2982 3470 de
3030 3415 3179 3471 vitiis
3224 3424 3282 3471 et
3316 3416 3585 3486 peccatis,
3619 3424 3722 3469 tam
3747 3411 3805 3465 de

2229 3510 2368 3577 suis,
2399 3524 2560 3579 quam
2594 3518 2649 3564 et
2676 3508 2746 3563 de
2772 3507 3032 3563 aliorum.
3063 3506 3168 3563 Sed
3194 3506 3471 3563 orandum
3522 3515 3633 3574 est,
3663 3515 3719 3560 ut
3739 3503 3806 3558 ira

2228 3619 2336 3659 non
2367 3611 2615 3658 vertatur
2648 3602 2700 3657 in
2748 3600 2956 3669 odium,
2988 3616 3165 3671 neque
3194 3601 3263 3657 de
3294 3599 3506 3656 festuca
3530 3600 3623 3656 ﬁat
3648 3598 3803 3655 trabs.

2227 3697 2327 3755 Vel
2358 3697 2720 3754 conturbatur
2746 3696 2938 3751 oculus
2965 3697 3034 3752 de
3076 3695 3257 3750 futuro
3282 3694 3512 3765 judicio.
3541 3693 3809 3751 Conturba-

2230 3802 2312 3848 tus
2342 3801 2417 3847 est
2463 3793 2516 3846 in
2540 3792 2623 3846 ira
2668 3791 2844 3846 oculus
2875 3804 3040 3853 meus,
3060 3803 3172 3859 quo
3192 3796 3252 3842 se
3296 3797 3480 3844 mente
3507 3787 3802 3843 cernebam.

2231 3885 2417 3939 Anima
2447 3900 2583 3953 mea,
2613 3898 2717 3954 qua
2750 3892 2805 3939 te
2850 3880 3166 3953 diligebam.
3196 3879 3265 3934 Et
3292 3891 3467 3936 venter
3500 3895 3676 3934 meus.
3704 3876 3809 3945 Quo

2226 3982 2305 4035 tui
2339 3980 2688 4036 recordabar.
2706 3977 2839 4034 ilmc
2852 3977 3036 4035 omnia
3064 3976 3391 4034 conturbata
3418 3986 3569 4045 sunt,
3597 3984 3808 4048 propter

2232 4071 2419 4144 priora
2448 4072 2666 4129 delicta.

2306 4166 2570 4235 Quoniam
2619 4165 2807 4236 defecit
2839 4167 2893 4220 in
2933 4165 3132 4221 dolore.
3167 4165 3295 4221 Ideo
3321 4166 3381 4221 in
3430 4164 3624 4220 dolore
3651 4180 3666 4230 ;
3696 4161 3808 4233 quia

2231 4261 2472 4317 Ecclesia
2501 4274 2611 4316 non
2640 4268 2817 4331 potest
2846 4260 3137 4316 emendare
3158 4260 3334 4315 malos
3359 4276 3376 4328 ;
3408 4275 3513 4316 nec
3530 4271 3813 4331 segregare

2230 4355 2406 4411 malos
2444 4370 2473 4409 a
2519 4355 2722 4411 sanctis
2765 4368 2937 4425 usque
2988 4355 3041 4409 in
3106 4355 3289 4410 linem.
3353 4354 3505 4410 [inde
3567 4352 3810 4407 Dominus

2231 4448 2369 4505 dixit
2393 4465 2407 4502 :
2443 4447 2619 4505 Sinite
2646 4458 2877 4517 utraque
2905 4461 3155 4502 crescere
3187 4462 3358 4518 usque
3381 4445 3451 4502 ad
3481 4459 3731 4510 messem,
3758 4450 3813 4495 et

2238 4543 2290 4597 itt
2344 4550 2595 4611 tempore
2634 4541 2831 4596 messis
2883 4539 3058 4596 dicam
3118 4540 3457 4596 messoribus
3501 4558 3516 4594 :
3570 4536 3812 4607 Colligite

530 4642 855 4708 praesentem
906 4640 1120 4696 amant,
1174 4638 1232 4685 et
1277 4626 1523 4685 caelestia
1572 4634 1967 4682 contemnunt:
2000 4641 2119 4696 spe-

2235 4636 2465 4708 primnm
2494 4634 2727 4701 zizania,
2760 4644 2812 4689 et
2844 4634 3101 4705 colligate
3151 4633 3438 4689 fasciculos
3487 4631 3555 4688 ad
3594 4630 3811 4686 combu-

526 4737 714 4785 rantes
743 4723 983 4781 inaniter
1017 4725 1069 4777 in
1104 4720 1496 4778 beatitudinem
1543 4719 1729 4775 saeculi
1776 4718 2122 4785 seduccntis,

531 4822 646 4879 odit
688 4820 815 4876 illos
862 4819 1030 4873 Deus.
1074 4816 1193 4871 Non
1239 4814 1384 4885 quod
1435 4813 1648 4879 odium,
1696 4812 1836 4868 sicut
1886 4812 2021 4879 dixi,
2069 4814 2123 4868 in

534 4919 704 4975 Deum
737 4915 896 4970 cadat
931 4929 944 4966 :
971 4912 1071 4967 sed
1101 4911 1262 4966 odire
1301 4910 1464 4974 Dcus,
1490 4911 1579 4980 qui
1621 4909 1702 4965 sic
1730 4908 1961 4975 faciunt,
1992 4909 2129 4966 dici-

532 5020 619 5067 tur
653 5028 665 5065 :
702 5008 754 5064 id
784 5016 887 5076 est,
921 5004 1219 5074 repudiare
1247 5002 1410 5073 :quia
1443 5000 1701 5072 repudiat
1728 5001 1849 5057 illos
1882 5001 2045 5058 Deus.

600 5103 711 5174 Ego
742 5110 912 5155 autem
950 5099 1002 5152 in
1031 5106 1100 5164 te,
1131 5095 1373 5158 Domine,
1405 5096 1624 5165 sperari.
1653 5094 1773 5150 Vox
1809 5094 2070 5150 Ecclesiae
2099 5109 2114 5150 :

522 5193 641 5252 Non
668 5195 723 5249 in
755 5208 844 5250 me
874 5209 889 5246 :
920 5190 1015 5247 sed
1063 5189 1116 5244 in
1148 5197 1200 5244 te
1229 5188 1442 5257 speravi
1474 5196 1532 5243 et
1561 5201 1724 5257 spero
1758 5197 2122 5257 :exspecmns

527 5289 993 5347 resurreCtionem
1031 5293 1202 5341 tuam.
1240 5281 1523 5337 Exsultabo
1544 5290 1591 5335 et
1616 5282 1827 5337 (tutabor
1850 5284 1903 5336 in
1925 5283 2124 5337 miseri-

524 5382 709 5437 cordia
736 5392 845 5436 tua.
872 5380 986 5435 (Pro
1014 5392 1124 5448 quo
1153 5358 1465 5443 exsultatio,
1508 5385 1562 5430 et
1598 5389 1697 5447 pro
1726 5391 1834 5445 quo
1861 5375 2122 5432 laetabor?

522 5473 633 5530 Pro
663 5472 767 5528 hoc
791 5470 938 5544 quod
964 5470 1228 5542 sequitur.

601 5566 736 5632 Quia
756 5565 1027 5634 respexiin
1057 5561 1406 5616 humilitatem
1430 5575 1613 5615 meam.
1662 5558 1972 5630 Exsultabo,
2001 5577 2122 5617 cur-

523 5677 657 5733 pore
683 5679 697 5714 :
723 5658 958 5725 laetabor,
986 5665 1186 5712 mente.
1205 5656 1356 5711 Tunc
1381 5654 1879 5724 respexit,quando
1898 5670 2117 5710 carnem

524 5755 772 5826 suscepit
798 5772 811 5808 :
837 5754 963 5823 quia
991 5750 1441 5821 contemptibilis,
1462 5757 1519 5804 et
1537 5747 1771 5818 captiva,
1795 5748 2120 5820 et-despecm

528 5858 646 5905 erat
675 5846 945 5903 Ecclesia.
993 5843 1281 5901 Exsultabo
1322 5853 1369 5899 et
1407 5841 1623 5899 (tutabor
1668 5842 1721 5897 in
1766 5842 2125 5899 misericordia

2228 4728 2455 4785 rendum
2485 4726 2703 4801 (Matth.
2737 4726 3014 4797 xm).Vita
3040 4743 3154 4782 mea
3190 4735 3235 4781 et
3258 4726 3385 4780 anni
3409 4726 3513 4782 mei
3534 4726 3583 4779 in
3607 4723 3804 4798 gemiti-

2232 4823 2348 4877 bus.
2374 4820 2646 4890 Quamdiu
2678 4830 2762 4876 est
2793 4819 2881 4875 hic
2908 4820 2960 4875 in
3007 4820 3263 4891 praesenti
3295 4820 3428 4884 vita,
3461 4817 3615 4874 habet
3642 4817 3807 4886 gemi-

2229 4924 2341 4971 tum
2372 4926 2426 4970 et
2451 4914 2641 4970 ﬂetum
2675 4913 3046 4984 unusquisque
3069 4912 3233 4968 homo
3264 4928 3281 4967 :
3316 4911 3577 4978 Quoniam
3625 4908 3812 4979 defecit

2226 5007 2279 5061 in
2311 5006 2491 5061 dolore
2529 5006 2633 5060 vita
2662 5021 2795 5071 mea,
2829 5012 2876 5059 et
2900 5005 3026 5059 anni
3069 5004 3168 5058 mei
3214 5005 3267 5058 in
3313 5001 3813 5078 gemitibus;donec

2234 5096 2672 5168 persecutionem
2707 5097 2883 5167 patior
2906 5104 3129 5166 propter
3153 5110 3351 5151 nomen
3375 5105 3549 5151 tuum.
3570 5094 3815 5149 Praesens

2230 5194 2345 5246 vita
2373 5190 2580 5258 delicit,
2613 5190 2735 5260 quia
2765 5188 2897 5245 mihi
2928 5199 3173 5260 tempora
3221 5199 3373 5257 sunt,
3406 5187 3809 5260 perpetuitatem

2225 5282 2505 5341 conﬁteri.

2303 5375 2579 5446 Inﬁrmata
2607 5387 2679 5431 est
2723 5377 2777 5430 in
2803 5385 3108 5449 paupertate
3138 5375 3297 5431 virtus
3324 5392 3458 5430 mea.
3494 5373 3597 5430 Vox
3622 5371 3814 5428 Eccle-

2229 5470 2344 5527 siae.
2376 5468 2651 5525 Inﬁrmata
2677 5480 2766 5525 est
2798 5469 3039 5525 Ecclesia
3072 5469 3211 5524 inter
3235 5469 3491 5525 homines
3518 5466 3713 5529 malm,
3737 5466 3818 5519 in-

2234 5579 2317 5623 ter
2354 5580 2492 5636 quas
2535 5563 2745 5620 habitat
2784 5563 2869 5619 hic
2897 5563 2949 5618 in
2996 5562 3252 5634 praesenti
3291 5563 3446 5630 vita;
3476 5560 3595 5634 quia
3620 5560 3815 5629 plures

2225 5666 2355 5713 sunt
2379 5664 2721 5728 peccatores,
2751 5665 2808 5712 et
2836 5655 2993 5726 pauci
3026 5655 3472 5711 suntsancti.Vel
3497 5654 3646 5709 aliter
3674 5670 3689 5704 :
3726 5649 3821 5704 ln-

2229 5752 2439 5820 [irmata
2466 5759 2539 5804 est
2571 5750 2621 5803 in
2651 5758 2958 5820 paupertate
3000 5748 3158 5803 virtus
3211 5763 3347 5804 mea.
3394 5745 3600 5805 Bonitas
3645 5742 3815 5811 hujus

2228 5841 2500 5915 corporis,
2528 5844 2674 5900 inter
2726 5841 3002 5898 cruciatus
3058 5839 3391 5912 passionum.
3438 5838 3510 5898 Et
3549 5851 3659 5896 oua
3684 5850 3817 5891 mea
