3944 6334
179 322 272 380 909
1109 319 1548 386 BREVIARIUM
1589 319 1654 382 IN
1691 317 2030 380 PSALMOS.
2073 320 2316 384 PSALM.
2361 321 2533 382 XXX.

3365 325 3472 382 9l0

178 436 470 493 conturbata
502 444 646 493 sunt.
695 437 982 495 Fortitudo
1013 439 1200 511 utique
1243 458 1385 498 mea.
1436 444 1568 500 Ossa
1596 443 1765 500 fortes
1793 447 1846 504 Α
1875 441 2072 496 litttcnt
2105 441 2280 497 illum.
2309 441 2377 498 In
2400 443 2637 506 manibus
2661 445 2762 498 tuis
2785 454 2946 499 sortes
2973 458 3117 500 uteie.
3143 442 3200 500 ld
3218 452 3323 512 est,
3351 461 3473 516 gra-

177 533 342 588 saucti
377 549 392 599 ;
431 532 515 586 vel
545 546 692 598 ossa,
725 532 954 588 virtutes
996 532 1278 602 Ecclesite,
1309 536 1390 592 vel
1425 544 1760 594 sanctorum.

179 623 493 680 Couturbata
523 634 660 691 sunt,
696 625 764 681 ab
792 626 908 682 illo.
939 626 1094 688 Unde
1132 631 1388 696 superius
1405 630 1540 683 dicit
1567 645 1765 686 secun-

169 718 294 774 dum
325 718 640 792 apostolum
683 737 696 773 :
729 721 946 776 Scimus
975 722 1102 792 quia
1139 724 1326 778 .omnis
1354 734 1608 780 creatura
1637 739 1763 779 con-

173 812 417 886 geuiiscit
444 829 458 878 ;
488 827 598 876 non
627 812 802 868 solum
829 813 940 882 illa,
971 813 1067 870 sed
1093 824 1146 870 et
1177 831 1275 872 nos
1301 815 1446 872 intra
1475 831 1574 874 nos
1595 817 1764 888 gemi-

175 921 289 964 ntus
309 905 499 979 (Rom.
523 906 663 978 vni).

242 1001 416 1072 Super
448 1019 625 1060 omnes
645 1001 882 1058 inimicos
903 1018 1042 1058 meos
1063 1007 1235 1075 factus
1262 1020 1377 1060 sum
1408 1006 1761 1083 opprobrium.

173 1094 273 1162 Qui
303 1111 392 1151 me
422 1104 644 1174 propter
667 1104 826 1154 tuum
862 1112 1058 1150 nomen
1099 1106 1518 1169 persequuntur.
1569 1098 1767 1154 Factus

173 1205 282 1245 sum
314 1189 674 1259 opprobrium
708 1189 902 1246 vicinis
945 1191 1105 1246 meis.
1148 1190 1256 1244 Vox
1295 1192 1521 1260 Christi,
1581 1203 1636 1248 et
1662 1208 1767 1247 vox

177 1282 457 1342 Ecclesiae.
479 1284 719 1350 Domino
749 1282 921 1344 Judaei
951 1285 1118 1350 multa
1165 1285 1456 1356 opprobria
1483 1286 1761 1350 dixi-runt,

169 1387 223 1436 et
272 1377 538 1446 ιιωι-βιὶαἱ.
569 1389 623 1435 et
681 1389 1086 1448 persecutores,
1143 1379 1328 1446 dicunt
1383 1379 1664 1436 Ecclesitv.
1695 1379 1766 1434 Et

175 1472 348 1528 vicinis
371 1474 502 1534 areis
551 1472 722 1532 ualde.
757 1472 860 1538 Qui
891 1471 958 1528 ad
1003 1471 1333 1534 credendum
1366 1473 1765 1544 appropinqua-

173 1566 265 1624 hit.
290 1564 361 1620 Et
385 1567 543 1630 timor
567 1567 706 1622 notis
727 1567 872 1622 nteis.
899 1566 1034 1636 Quia
1056 1566 1214 1628 amici
1247 1568 1378 1633 mei,
1395 1579 1626 1644 propter
1653 1583 1768 1628 nie-

176 1670 276 1718 tum
339 1659 716 1728 inimicorum.
773 1675 802 1716 a
847 1676 938 1722 ,ωε
985 1661 1145 1737 longe
1194 1673 1558 1728 recesserunt.
1592 1662 1766 1726 Totus

175 1754 432 1824 psalmus,
466 1761 522 1808 et
543 1767 721 1822 super
751 1751 923 1810 David
971 1752 1123 1824 juxta
1159 1754 1467 1820 historiam,
1500 1764 1554 1809 et
1599 1771 1767 1828 super

1874 534 1952 587 tia
1983 533 2220 604 Spiritus
2261 537 2455 592 sancti.
2506 534 2624 592 Non
2653 550 2750 607 per
2786 537 3193 606 lllcmclipSHIII,
3234 537 3328 591 sed
3360 554 3389 590 a
3425 547 3474 591 te

1871 627 2010 683 actio
2040 629 2165 682 vita:
2199 627 2378 700 hujus,
2407 644 2526 700 ante
2557 629 2608 682 in
2639 630 2741 686 hoc
2769 629 2972 684 saeculo
2995 630 3225 700 geritur.

1945 720 2108 791 Eripe
2138 739 2215 776 me
2242 723 2306 778 de
2332 739 2488 776 manu
2517 723 2846 778 inimicorum
2875 739 3126 792 meorum,
3157 734 3203 780 et
3229 740 3261 777 a
3294 741 3468 794 perse-

1870 814 2141 884 quentibus
2175 830 2272 869 me.
2303 815 2382 874 Ne
2413 815 2543 870 mihi
2578 817 2931 885 praevaleant.

1945 905 2168 964 lllustra
2189 908 2388 978 [aciem
2411 918 2550 964 tuam
2590 927 2749 980 super
2780 927 2985 966 servum
3027 921 3192 978 tuum.
3225 909 3468 976 “lustra,

1865 1001 2104 1071 _ltot.:.est,
2128 1016 2297 1057 cerne
2329 1012 2381 1056 et
2409 1001 2666 1058 discerne
2694 1005 3021 1074 quicumque
3071 1003 3143 1059 sit
3186 1004 3382 1060 melior
3407 1005 3474 1060 de

1869 1097 2077 1154 sanctis
2129 1097 2254 1152 tuis.
2283 1096 2351 1151 Et
2383 1098 2581 1162 salvum
2634 1113 2711 1150 me
2729 1101 2818 1168 [ac
2859 1097 2910 1150 in
2967 1097 3321 1151 misericordia
3353 1107 3470 1160 tua;

1871 1189 2116 1262 Domine,
2145 1209 2248 1245 non
2278 1192 2595 1264 confundor,
2627 1194 2877 1262 quoniam
2902 1191 3141 1252 invocavi
3166 1199 3232 1244 te.
3265 1189 3478 1244 lllumi-

1873 1286 2020 1341 natio
2043 1298 2330 1355 respectus
2365 1287 2440 1342 tui
2474 1301 2638 1355 super
2665 1302 2754 1342 me
2781 1285 3085 1357 refulgent;
3116 1294 3176 1347 ut
3206 1301 3313 1342 non
3338 1301 3468 1341 con-

1871 1376 2089 1442 tundar,
2123 1377 2217 1432 sed
2253 1378 2436 1432 salver
2459 1377 2527 1437 ab
2552 1379 2645 1442 bis
2667 1376 3134 1447 persecutoribus.

1941 1469 2265 1526 Erubescant
2287 1471 2458 1548 impii,
2489 1480 2536 1528 et
2561 1470 2891 1525 deducantur
2939 1471 2990 1532 in
3024 1470 3305 1540 infernum.
3338 1469 3476 1523 Eru-

1861 1563 2080 1630 bescant
2123 1564 2299 1637 impii,
2330 1565 2629 1632 daemones,
2665 1563 2930 1634 haeretici,
2966 1563 3049 1618 vel
3099 1561 3190 1632 qui
3215 1578 3320 1617 non
3353 1580 3472 1616 cie-

1871 1656 2009 1714 dunt
2041 1658 2526 1718 resurrectionem.
2546 1655 2889 1722 lirubescout
2927 1664 3073 1722 tunc,
3101 1654 3319 1736 quando
3348 1656 3469 1712 illos

1872 1761 2090 1810 sanctos
2117 1764 2255 1820 quos
2284 1751 2334 1804 iu
2370 1749 2780 1817 despectionem
2840 1747 3166 1814 habuerunt,
3199 1747 3462 1803 videbunt

176 1845 460 1912 Dominum
485 1844 643 1918 juxta
663 1845 1257 1917 prophetiamiutelligi
1280 1859 1477 1916 potest.
1499 1847 1760 1916 Nimium,
1795 1843 1845 1916 Β
1872 1853 2184 1909 coronatos,
2219 1853 2273 1899 et
2294 1859 2353 1900 se
2379 1844 2790 1900 condemnatos.
2821 1843 2913 1898 Vel
2943 1841 3053 1914 qui,
3092 1843 3473 1913 relinquentes

175 1947 218 1993 et
235 1939 388 2000 timor
410 1939 546 1994 notis
577 1940 723 2000 meis.
763 1938 816 1992 id
849 1949 951 2004 est,
1005 1941 1274 2009 apostolis
1303 1958 1316 1995 :
1343 1943 1440 2014 qui
1472 1943 1766 2000 tiuuteruut

177 2033 225 2087 in
273 2031 554 2102 passione.
592 2030 685 2086 Vel
739 2033 878 2098 neti,
903 2033 1035 2094 mali
1066 2032 1363 2100 Christiani
1404 2037 1533 2106 :qui
1576 2036 1768 2092 dicunt

179 2137 234 2178 se
261 2122 489 2186 credere
519 2124 571 2186 iu
624 2124 820 2190 Deum,
852 2136 903 2180 ct
927 2128 1185 2196 cperihus
1235 2139 1457 2198 negant,
1500 2140 1556 2186 et
1585 2131 1766 2199 desipi-

178 2217 318 2272 ciunt
343 2217 509 2278 vitam
544 2227 885 2284 sanctorum.
928 2219 1101 2286 Vicini
1132 2221 1410 2291 dicuntur,
1437 2240 1532 2295 per
1567 2226 1721 2286 tidem
1750 2243 1763 2291 ;

183 2319 233 2364 ct
253 2310 385 2376 uoti,
410 2323 638 2382 propter
670 2310 1148 2374 Christianitatem.

247 2404 344 2471 Qui
372 2405 615 2459 videbant
639 2422 736 2472 me,
763 2409 916 2484 foras
947 2409 1212 2482 fugiebant
1235 2427 1265 2463 a
1287 2429 1385 2467 me.
1415 2412 1606 2477 ld.est,
1635 2430 1768 2484 apo-

181 2498 298 2554 stoli
327 2514 341 2563 ;
373 2498 463 2567 qui
511 2498 766 2564 viderunt
796 2498 1083 2558 ,(lhrismm
1117 2505 1502 2571 comprehendi
1549 2506 1600 2560 in
1641 2522 1765 2575 pas-

184 2590 351 2658 sione,
372 2601 449 2666 et,
485 2591 682 2648 relicto
713 2607 800 2662 eo,
829 2593 1102 2666 fugerunt.
1136 2596 1229 2651 Vel
1259 2597 1431 2662 Juda-i
1459 2600 1770 2669 l'ugiuntsa-

186 2694 448 2748 cramcnta
484 2685 729 2755 mysterii
783 2685 1061 2755 Ecclesisc,
1094 2689 1142 2743 id
1188 2703 1294 2756 εει,
1320 2706 1518 2762 corpus
1557 2703 1612 2747 et
1646 2709 1770 2746 sau-

181 2780 393 2849 guiuem
415 2779 653 2844 Christi.
685 2783 886 2836 Utnnes
916 2781 1009 2852 qui
1040 2783 1295 2840 videbant
1356 2801 1462 2852 me,
1513 2786 1658 2854 foras
1689 2788 1773 2846 fit-

185 2880 368 2942 gerunt
413 2886 444 2926 a
493 2888 580 2932 me
630 2889 643 2926 :
680 2889 785 2939 non
827 2875 1198 2947 iutelligontes
1233 2879 1556 2938 interiorem
1611 2897 1766 2950 spem

186 2979 374 3029 meam,
408 2981 509 3035 pro
536 2982 640 3036 qua
674 2968 891 3036 patior;
921 2969 987 3024 ad
1022 2971 1300 3027 exteriora
1334 2973 1563 3030 visibilia
1596 2975 1770 3046 fugie-

183 3058 324 3124 bant.
359 3058 550 3114 Excidi
599 3069 864 3131 tamquam
911 3074 1148 3126 mortuus
1191 3081 1224 3118 a
1248 3067 1423 3126 corde.
1448 3067 1610 3128 Obliti
1642 3077 1771 3124 sunt

185 3168 268 3208 me
293 3153 473 3220 corde,
529 3164 804 3225 tamquam
833 3155 879 3212 si
911 3157 1102 3214 luerim
1153 3156 1265 3228 jam
1298 3158 1612 3217 defunctus.
1661 3161 1771 3218 Ea:—

1873 1953 2056 1991 ver—um
2105 1939 2290 2002 Deum,
2327 1936 2467 2006 ligna
2506 1937 2754 2000 adorant,
2787 1953 2848 1990 ac
2879 1936 3085 2006 lapides
3119 1945 3467 1990 venerantur.

1872 2032 2023 2086 Muta
2073 2034 2200 2102 fiunt
2253 2033 2389 2090 labia
2453 2031 2658 2098 dolosa,
2724 2049 2840 2105 qua:
2884 2032 3167 2102 loquuntur
3227 2032 3475 2087 adversus

1860 2128 2066 2196 justum
2103 2125 2424 2196 iniquitatem
2456 2141 2472 2178 :
2505 2127 2559 2179 in
2597 2126 2834 2197 superbia
2860 2135 2905 2192 et
2949 2127 2999 2180 in
3032 2126 3296 2180 abusione.
3342 2128 3477 2180 Cru-

1859 2219 2089 2272 .cilixum
2147 2217 2456 2282 irridentes,
2487 2227 2542 2272 et
2574 2218 2888 2286 ignorantes
2939 2228 3336 2290 resurgentem.
3371 2219 3472 2272 Ista

1874 2324 2103 2366 cernens
2141 2299 3242 2380 ρι·ορ1ιθιει,θιρ1³η·ιειιυχδυιιειηεριἰιίρίι
3283 2331 3294 2364 :

1948 2402 2113 2467 Quam
2168 2419 2356 2474 inagna
2404 2402 2681 2456 multitudo
2731 2402 3023 2456 dulcedinis
3066 2413 3186 2467 tuae,
3227 2403 3472 2471 Domine,

1870 2513 2028 2565 quam
2057 2497 2373 2552 abscondisti
2401 2499 2699 2565 timentibus
2732 2507 2778 2551 te
2801 2498 2821 2550 .’
2871 2496 3007 2565 Quia
3041 2498 3336 2552 multil’arie
3381 2513 3474 2552 co-

1874 2591 2026 2661 piosa
2075 2590 2306 2650 dulcedo
2339 2603 2424 2646 tua
2458 2603 2562 2659 est,
2614 2608 2772 2663 quam
2820 2595 3109 2648 rescrvasti
3151 2594 3468 2663 timentibus

1874 2700 2073 2741 nomen
2099 2694 2270 2742 tumn.
2307 2686 2414 2742 Nec
2438 2701 2560 2741 eam
2593 2687 2647 2742 in
2681 2687 2763 2752 his
2815 2688 3208 2744 temutiouibus
3236 2689 3469 2744 ostendi-

1870 2781 1938 2832 sti
1968 2794 1982 2832 :
2009 2795 2097 2845 ne,
2123 2788 2345 2849 aetteptu
2381 2779 2695 2847 securitate,
2719 2782 3113 2842 excederemus
3140 2795 3170 2834 a
3199 2781 3283 2835 via
3309 2782 3470 2852 justi-

1875 2869 1981 2925 titc.
2020 2870 2136 2935 Vel,
2169 2887 2323 2940 quant
2352 2888 2540 2944 magna
2563 2871 2841 2928 multitudo
2872 2872 3165 2927 dulcedinis
3204 2853 3330 2943 tute,
3368 2872 3474 2926 Do-

1873 2964 2045 3016 mitte!
2073 2963 2249 3031 idest,
2277 2977 2538 3034 quantum
2573 2967 2825 3036 gloriam,
2855 2978 3054 3040 quanta
3081 2969 3306 3040 praemia
3334 2985 3471 3039 pric-

1874 3059 2075 3128 parasti
2117 3058 2377 3118 Ecclesiae
2406 3069 2533 3127 tux,
2571 3071 2628 3114 ut
2657 3071 2806 3115 esset
2838 3045 3076 3130 semper
3101 3077 3225 3118 cum
3255 3063 3466 3132 angelis

1873 3151 1990 3210 sine
2020 3156 2128 3216 line
2151 3155 2203 3208 in
2235 3164 2496 3210 aeternum
2531 3171 2808 3211 mansura.
2843 3157 3010 3223 Quam
3052 3158 3368 3220 abscondisti
3404 3160 3468 3211 ti-

186 3245 282 3299 cidi
335 3255 596 3316 tamquam
645 3262 873 3302 manuus
923 3250 1156 3310 acord-t.
1215 3251 1268 3304 ω
1303 3259 1407 3320 est,
1451 3254 1529 3308 sic
1564 3253 1762 3309 habue-
1791 3231 1846 3300 (Ξ
1878 3247 2134 3301 mentibus
2165 3257 2212 3300 te
2233 3263 2256 3320 l;
2306 3247 2357 3303 id
2402 3259 2483 3302 est
2532 3249 2672 3304 bona
2718 3261 3032 3318 sanctorum
3083 3251 3134 3312 in
3186 3251 3472 3322 temetipso

188 3348 303 3404 runt
334 3337 508 3394 Judati
539 3337 842 3408 Christum,
871 3341 1024 3412 quasi
1058 3342 1335 3408 hominem
1360 3354 1640 3407 mortuum
1674 3363 1770 3416 pro

186 3432 363 3490 nihilo.
818 3417 822 3422 ’

253 3523 315 3578 Et
344 3530 513 3598 {actus
543 3543 658 3581 sum
699 3527 830 3581 sicut
879 3544 968 3599 vas
1013 3529 1295 3599 perditum.
1330 3530 1418 3587 Sic
1468 3530 1772 3586 habuerunt

188 3616 345 3674 Jlldtlfi
372 3620 652 3675 Christum
697 3621 851 3692 quasi
881 3635 977 3676 vas
1019 3621 1291 3691 perditum
1317 3638 1332 3688 ;
1360 3623 1409 3676 id
1458 3632 1559 3686 est,
1595 3623 1765 3678 homi-

190 3725 302 3765 nem
335 3721 606 3767 mortuum
638 3712 690 3766 in
735 3728 834 3767 suo
859 3723 1106 3783 peccato.
1152 3714 1239 3770 Sic
1267 3725 1393 3772 sunt
1424 3718 1599 3771 sancti
1629 3717 1770 3786 apud

188 3803 479 3872 litereIiCos,
510 3806 663 3861 velut
695 3807 860 3874 homo
889 3809 1154 3878 perditus.
1203 3809 1463 3874 Quoniam
1496 3810 1671 3866 audivi
1689 3811 1770 3868 ni-

188 3902 549 3966 tuperationem
587 3901 892 3956 multorum.
927 3901 982 3956 Id
1010 3914 1118 3970 est,
1164 3903 1371 3960 Christi
1401 3921 1427 3956 ει
1457 3905 1683 3969 Judwis,
1718 3916 1770 3960 et

188 3988 430 4048 Ecclesiae
458 3993 529 4050 ab
564 3992 860 4060 liatreticis.
892 3992 958 4047 In
1001 3996 1222 4049 circuitu
1265 3997 1686 4054 inhabitantiwn.
1711 3999 1768 4054 ld

187 4091 282 4150 est,
314 4084 366 4138 in
391 4084 626 4140 circuitu
655 4085 875 4149 Christi,
899 4097 950 4141 et
974 4086 1026 4141 in
1049 4085 1284 4142 circuitu
1311 4088 1567 4144 Ecclesia:
1594 4107 1606 4142 :
1635 4105 1770 4159 quos

190 4173 282 4244 ipsi
303 4175 602 4245 supradicti
654 4175 1153 4234 circumdederunt.
1189 4178 1451 4244 Quoniam
1498 4180 1670 4240 audivi
1697 4181 1772 4234 vi-

192 4272 546 4338 tuperationem
576 4270 885 4348 multorum,
921 4274 1378 4334 commorantiuni
1429 4275 1478 4326 in
1509 4274 1764 4329 circuitu.

192 4359 348 4418 Erant
376 4365 752 4435 vituperantes
785 4381 894 4433 ille,
925 4365 1093 4440 positi
1124 4366 1635 4437 inpercgriuatione
1661 4367 1768 4422 hu-

187 4454 266 4525 jus
314 4466 523 4512 terrm:
568 4467 861 4528 sequentes
909 4459 1196 4513 circuitum
1234 4470 1564 4529 temporum,
1618 4469 1670 4514 et
1701 4459 1766 4515 ad

190 4547 402 4616 patriam
433 4560 694 4604 cateruam
722 4552 900 4606 redire
932 4552 1195 4607 uolentes.

254 4642 384 4698 Dum
406 4645 737 4699 convenirent
761 4646 918 4701 simul
938 4649 1209 4702 adversum
1245 4663 1322 4700 me
1351 4664 1372 4714 ;
1402 4648 1634 4720 accipere
1654 4648 1766 4702 ani-
1796 4636 1848 4698 Ι)

192 4753 314 4794 mam
342 4757 506 4795 meam
555 4739 820 4795 cotzsiliati
851 4751 988 4796 sunt.
1037 4743 1364 4818 Cuiigregati
1420 4753 1547 4798 sunt
1579 4758 1767 4814 perse-

192 4843 412 4901 cutores,
441 4845 497 4892 et
555 4834 807 4894 fecerunt
858 4837 1165 4910 consilium,
1201 4847 1258 4892 ut
1307 4839 1621 4908 accipereut
1653 4840 1769 4894 uni-

188 4940 317 4982 mam
367 4945 569 5000 meam,
622 4931 686 4984 ad
722 4931 1173 4988 consentiendum
1230 4933 1331 4989 sibi
1371 4935 1423 4988 in
1470 4935 1768 4990 sceleribus

192 5022 388 5078 mortis.
421 5021 492 5079 Ut
521 5024 838 5093 accipereut
866 5026 1101 5080 animum
1133 5041 1307 5081 meam
1335 5042 1348 5082 :
1377 5025 1425 5080 id
1457 5035 1562 5095 est,
1594 5025 1765 5082 Judn-i

190 5107 449 5170 Christum
483 5131 498 5181 ;
531 5125 587 5170 et
620 5099 892 5182 hteretiei,
938 5116 1260 5174 Ecclesium.
1306 5118 1590 5174 (Ionsiliati
1639 5126 1769 5173 sunt

188 5207 319 5260 mala
343 5209 600 5275 consilia,
625 5215 681 5263 et
709 5226 814 5263 non
848 5211 1010 5265 bona.
1039 5211 1316 5267 Consiliati
1360 5221 1507 5280 sunt,
1538 5223 1593 5268 ut
1623 5229 1766 5283 qua:-

189 5309 361 5354 rerent
405 5311 457 5357 et
491 5310 551 5356 ut
606 5301 866 5364 tollerent
899 5304 1134 5359 animam
1165 5305 1406 5374 Christi,
1451 5305 1657 5372 Judaei;
1715 5316 1766 5362 et

192 5385 438 5462 ba-retici,
467 5394 706 5450 animam
738 5395 1016 5452 Ecclesiae.

256 5482 361 5560 Ego
390 5498 561 5543 autem
583 5489 635 5550 in
667 5499 716 5544 te
735 5491 956 5561 speravi,
993 5491 1243 5561 Domine;
1272 5494 1382 5549 dixi
1407 5509 1425 5548 :
1454 5491 1592 5548 Deus
1623 5510 1765 5549 meus

193 5594 242 5632 es
267 5589 336 5636 tu.
377 5581 475 5650 Qui
505 5583 661 5644 solus
695 5581 848 5638 fortis
886 5599 944 5638 es
992 5586 1056 5639 ad
1113 5587 1478 5642 liberandum.
1534 5587 1624 5640 Vel
1658 5603 1760 5642 vox

195 5669 456 5730 Ecclesiae.
488 5675 554 5729 In
586 5684 634 5730 tu
661 5680 884 5746 speravi.
914 5680 973 5740 _lu
1007 5693 1056 5733 te
1076 5723 1089 5746 ,
1125 5698 1231 5736 non
1264 5683 1449 5748 inme.
1487 5683 1552 5736 Et
1579 5697 1768 5754 pecca-

196 5776 333 5824 tores
354 5770 574 5826 dicunt:
611 5769 677 5825 In
709 5783 754 5827 te
781 5777 1003 5844 speravi.
1039 5777 1145 5832 Sed
1178 5779 1372 5844 sancti,
1409 5789 1465 5833 et
1496 5779 1679 5844 (idem,
1711 5791 1767 5835 et

196 5874 348 5930 opera
379 5861 598 5924 habent.
648 5864 972 5938 Peccatum;
1019 5882 1240 5940 sperant
1259 5873 1323 5940 ,in
1349 5870 1549 5940 Dentri,
1578 5882 1765 5940 etnon

1877 3341 2232 3397 abscondisti.

1954 3433 2227 3506 Perfecisti
2251 3435 2322 3489 eis
2352 3435 2442 3506 qui
2468 3446 2678 3508 sperant
2704 3438 2751 3490 in
2777 3446 2842 3490 te.
2885 3434 3156 3509 Perfecisti
3186 3453 3203 3493 :
3229 3454 3294 3494 ac
3324 3439 3366 3493 si
3394 3437 3474 3493 di-

1875 3535 1983 3591 cat,
2009 3528 2359 3598 perfecmrus
2385 3529 2514 3583 eris.
2537 3525 2600 3580 In
2626 3540 2900 3600 conspectu
2923 3529 3154 3598 ﬁliorum
3182 3529 3468 3587 hominum.

1876 3618 1977 3686 Qui
2011 3637 2116 3674 non
2159 3620 2500 3676 erubttcrunt
2545 3622 2794 3676 conlitcri
2841 3622 2995 3690 quod
3055 3623 3303 3686 credunt,
3339 3634 3466 3677 ante

1875 3728 2032 3784 reges
2063 3726 2118 3767 et
2149 3723 2470 3782 petestatcs,
2504 3723 2560 3766 ut
2589 3714 2661 3766 ait
2692 3715 2951 3788 propheta
2984 3731 2996 3767 :
3025 3713 3094 3767 Et
3123 3716 3384 3786 loquebar
3409 3718 3461 3772 in

1877 3806 2206 3862 testimoniis
2231 3808 2339 3861 tuis
2370 3807 2420 3860 in
2453 3818 2749 3876 conspecui
2785 3821 2995 3876 regum,
3024 3814 3079 3860 et
3107 3824 3213 3862 non
3244 3809 3470 3862 confun-

1875 3899 2044 3955 debar
2081 3897 2204 3971 (Ps.
2232 3899 2446 3968 cum).
2485 3899 2655 3966 Quam
2704 3897 3343 3964 abscondistitimentibus
3374 3911 3420 3955 te
3448 3917 3467 3956 :

1875 3991 2010 4058 Quia
2048 3991 2135 4046 hic
2179 4006 2274 4061 per
2305 3989 2712 4045 tribulationem
2745 3988 2978 4060 pleuiter
3030 4004 3137 4044 non
3195 3990 3470 4060 accipiunt

1877 4085 2182 4157 praemium,
2215 4083 2309 4140 sed
2342 4084 2393 4140 in
2424 4081 2605 4137 futuro
2636 4091 2978 4154 exspectant.
3008 4081 3076 4138 Et
3107 4084 3368 4155 perfecisti
3397 4086 3469 4138 eis

1873 4179 1962 4250 qui
1989 4187 2196 4248 sperant
2227 4178 2279 4230 in
2329 4186 2394 4232 te.
2429 4175 2820 4230 Coasummata
2865 4192 2984 4244 spe,
3035 4175 3337 4231 retribuisti
3373 4193 3467 4233 ex-

1875 4278 2115 4341 spectata
2145 4270 2195 4324 in
2227 4269 2436 4338 specie.
2471 4265 2538 4322 In
2567 4278 2842 4338 conspectu
2892 4269 3121 4336 ﬁliorum
3154 4269 3420 4323 hominum
3452 4287 3468 4337 ;

1875 4365 1963 4436 qui
1997 4364 2249 4431 humana,
2301 4375 2350 4424 et
2380 4378 2486 4416 non
2521 4361 2790 4429 cmlestia,
2820 4363 3173 4432 quaesierunt.
3207 4361 3302 4418 Vel
3343 4379 3464 4417 cum

1875 4458 2030 4513 ibunt
2054 4457 2104 4510 in
2135 4455 2463 4528 supplicium
2505 4465 2773 4511 aeternum
2805 4471 2817 4508 :
2845 4455 2979 4526 justi
3008 4466 3186 4511 autem
3220 4458 3273 4511 in
3304 4457 3466 4512 vitam

1875 4562 2156 4608 aeternam.

1945 4645 2238 4701 Abscondes
2260 4662 2344 4700 eos
2367 4649 2419 4699 in
2464 4643 2766 4698 abscondito
2793 4645 2948 4717 faciei
2980 4655 3101 4714 tute,
3125 4663 3157 4698 a
3183 4647 3458 4702 conturba-

1874 4741 2008 4796 tione
2034 4738 2325 4796 hominum.
2350 4738 2671 4793 llluminatio
2702 4740 2842 4792 enim
2871 4741 3049 4796 vultus
3069 4739 3143 4796 tui
3170 4750 3311 4814 teget
3340 4759 3467 4799 eos:

1876 4848 1942 4886 ne
1962 4831 2029 4885 ab
2074 4831 2312 4886 humana
2341 4830 2550 4886 malitia
2584 4833 2978 4898 conturbantur
3006 4849 3020 4887 :
3052 4831 3123 4898 ,Iu
3154 4827 3466 4894 abscondito

1874 4925 2160 4994 vuttustui,
2193 4924 2399 4980 scilicet
2444 4924 2668 4994 justitiae
2713 4936 2821 4981 tua:
2866 4926 3099 4994 abditis;
3135 4931 3236 4984 hoc
3261 4940 3362 5001 est,
3409 4931 3458 4985 in

1871 5030 2083 5077 secreto
2105 5029 2217 5085 tuo,
2245 5021 2376 5073 sicut
2403 5017 2528 5083 Job,
2557 5032 2606 5074 ct
2641 5020 2774 5088 ipse,
2803 5034 2856 5077 et
2885 5024 3066 5077 omnia
3091 5039 3210 5093 qua:
3244 5024 3450 5085 habuit.

1875 5115 2141 5172 absconsa
2195 5114 2414 5171 fuerunt
2468 5116 2518 5169 in
2558 5115 2743 5169 Deum.
2781 5117 2824 5169 Α
2871 5117 3262 5174 conturbatioue
3295 5119 3459 5175 bona"

1877 5224 2019 5271 num,
2053 5224 2081 5262 a
2115 5211 2492 5279 persecutione
2509 5218 2892 5286 peccatorum.

1949 5301 2199 5374 Proteges
2245 5317 2330 5357 eos
2381 5303 2435 5355 in
2491 5299 2824 5356 tabernaculo
2859 5311 2969 5369 tuo,
3004 5319 3035 5352 (ι
3061 5303 3466 5358 contradictione

1875 5397 2194 5469 linguarum.
2227 5397 2282 5453 In
2310 5398 2663 5452 tabernaculo
2695 5397 2842 5465 ﬁdei,
2874 5413 2903 5452 a
2937 5399 3164 5469 strepitu
3196 5401 3464 5455 malarum

1873 5490 2180 5563 linguarum
2208 5491 2479 5556 velantur,
2513 5492 2601 5561 qui
2662 5491 2848 5550 dicunt
2883 5509 2896 5546 :
2948 5492 3079 5559 Quis
3121 5493 3272 5550 novit
3303 5497 3416 5550 lure
3445 5496 3468 5548 ?

1877 5593 1971 5648 aut
2002 5586 2123 5655 quis
2147 5585 2348 5642 redivit
2369 5600 2439 5641 ex
2468 5583 2699 5640 inferis?

1945 5677 2258 5736 Benedictus
2307 5676 2579 5731 Dominus.
2639 5678 2733 5732 Cui
2792 5679 3066 5734 bcncdicit
3117 5683 3293 5736 ouinis
3321 5698 3474 5739 crca«

1879 5790 2019 5833 tura.
2048 5777 2332 5846 Quomodo
2358 5776 2524 5832 dicit:
2554 5775 2864 5840 Benedictus
2878 5776 3143 5842 ,Dorninus
3163 5779 3468 5850 I’Nuutqnid

1880 5873 1954 5928 illi
2003 5888 2139 5942 opus
2193 5879 2275 5926 est
2317 5880 2501 5926 nostra
2535 5869 2877 5926 benedictio?
2909 5868 3049 5938 Non,
3077 5871 3376 5931 sedul-uos
3405 5874 3472 5928 ab
