3944 6334
501 341 607 399 9H

1295 323 1645 385 APPENDIX
1685 321 1778 381 AD
1817 316 2063 379 TOML‘M
2104 314 2461 378 SEPTIMUM
2501 312 2563 373 S.
2607 310 3011 373 lllERONYMl.

3695 301 3784 364 9l2

500 457 623 530 ipso
676 447 1110 510 benedictionem
1167 444 1413 515 accipere
1463 455 1790 500 mereamur.
1847 437 2105 505 Quoniam
2129 438 2182 503 Α
2279 430 2429 486 Beati
2470 445 2691 502 quorum
2741 428 2973 485 remissis
3016 429 3136 479 sunt
3166 418 3463 494 iniquitates
3505 426 3555 472 et
3589 431 3785 487 quorum

501 528 800 620 miriﬁcavit
828 539 1228 600 miscricordiam
1256 554 1403 595 suam
1453 536 1508 592 in
1558 535 1765 591 civitate
1790 531 2012 587 munita.
2044 528 2100 586 In

500 643 726 702 civitate
780 635 1120 702 Jerusalem,
1180 632 1234 689 in
1284 630 1469 689 medio
1516 627 1738 685 mundo.
1784 623 1852 680 In
1892 624 2101 679 civitate

506 737 709 793 nnmita
731 732 949 797 dicitur,
973 743 1040 787 eo
1068 727 1212 801 quod
1244 726 1458 783 ﬁrmata
1511 723 1598 779 vel
1646 721 1872 778 robusta
1912 719 2005 785 sit,
2048 724 2105 773 et

509 833 565 887 in
598 843 734 901 gyro
755 839 948 883 omnes
983 830 1174 894 gentes
1203 818 1352 875 illam
1399 814 1761 874 circumdant.
1784 811 1843 868 In
1875 812 2103 867 circuitu

503 922 769 980 Ecclesiae
788 921 953 978 totius
975 919 1185 976 dilIusa':
1209 914 1316 971 :ibi
1342 912 1648 970 miriticavit
1675 905 2102 966 misericordiam

513 1033 670 1074 suam
698 1015 997 1081 Dominus;
1024 1012 1148 1083 quia
1170 1009 1245 1067 ibi
1276 1006 1547 1074 natus,ihi
1570 1018 1785 1076 passus,
1819 999 1892 1056 ibi
1922 1012 2109 1055 resur—

497 1112 670 1180 rexit,
703 1118 759 1167 et
810 1106 938 1165 inde
984 1102 1235 1162 ascendit
1277 1100 1346 1157 ad
1370 1099 1563 1163 caelos,
1596 1105 1657 1152 ut
1681 1094 1758 1151 ait
1790 1091 2055 1164 propheta
2087 1106 2103 1144 :

502 1206 777 1278 Operatus
803 1211 889 1261 est
934 1201 1165 1258 salutem
1210 1198 1266 1253 in
1315 1194 1497 1253 medio
1526 1201 1690 1250 terra:
1739 1187 1856 1263 (Ps.
1888 1183 2103 1256 Lxxm).

507 1300 607 1358 Vel
635 1298 841 1357 aliter:
883 1294 1191 1354 Jerusalem
1242 1287 1485 1348 caelestis
1530 1284 1738 1343 munita
1768 1283 1837 1340 de
1876 1295 2109 1351 congre-

511 1394 733 1467 gatione
756 1390 1102 1464 angelorum,
1137 1394 1195 1444 et
1222 1383 1527 1441 hominum.

582 1487 696 1564 Ego
723 1495 899 1544 autent
949 1484 1061 1541 dixi
1090 1483 1145 1538 in
1185 1494 1401 1536 excessu
1450 1474 1636 1532 mentis
1684 1487 1829 1530 meat.
1862 1466 2109 1527 Ecclesia

506 1583 724 1658 quando
752 1579 1075 1638 recordatur
1103 1575 1175 1632 dc
1216 1571 1497 1646 paradiso,
1522 1567 1801 1641 quomodo
1824 1566 2107 1622 immorta-

503 1680 573 1737 lis
599 1684 981 1752 poteratesse,
1012 1681 1069 1730 et
1108 1669 1314 1742 cogitat
1366 1665 1605 1739 qualiter
1653 1662 1853 1718 ibidem
1896 1665 2115 1730 poterat

505 1788 632 1831 esse
659 1786 674 1839 ;
708 1780 763 1826 et
814 1765 1063 1826 meminit
1118 1763 1296 1835 qualis
1321 1769 1427 1829 est,
1487 1767 1541 1815 et
1573 1755 1808 1829 qualiter
1836 1753 1984 1809 Deus
2014 1763 2111 1822 per

2210 533 2342 581 tecta
2371 532 2491 579 sunt
2524 531 2755 595 peccata.
2788 521 2988 578 Beatus
3011 514 3359 581 immortalis,
3384 510 3669 568 laudabilis
3692 512 3787 568 sive

2205 619 2502 692 gloriosus.
2533 617 2642 674 Sed
2665 628 2846 674 tamen
2874 614 3061 672 nullus
3089 620 3269 683 potest
3293 608 3438 682 apud
3458 622 3518 664 se
3537 622 3665 665 esse
3681 605 3790 663 bea-

2207 721 2318 783 tus,
2350 712 2455 768 nisi
2481 711 2550 767 ab
2578 711 2676 767 illo
2703 707 2934 780 accipiat
2960 706 3053 778 qui
3079 703 3346 777 justiﬁcat
3378 701 3605 773 impium
3637 716 3653 755 :
3704 699 3793 757 hoc

2206 817 2311 875 est,
2339 807 2473 864 Deo.
2498 805 2655 863 Unde
2684 814 2741 862 et
2781 803 2981 861 Paulus
3012 801 3148 859 dicit
3178 818 3192 855 :
3238 797 3496 856 Credenti
3545 803 3722 853 autem
3748 795 3792 854 in

2208 918 2277 961 eo
2293 906 2382 976 qui
2400 902 2668 973 justilicat
2688 902 2936 972 impium,
2953 899 3247 971 deputatur
3267 894 3403 953 lides
3422 894 3543 966 ejus
3564 891 3633 949 ad
3652 891 3795 963 justi.

2209 998 2340 1055 tiam
2359 997 2537 1070 (Rom.
2566 995 2662 1069 tv).
2680 994 2832 1053 Beati
2855 1011 3077 1068 quorum
3098 992 3326 1048 remissa:
3339 999 3457 1046 sunt
3479 987 3795 1060 iniquitates:

2209 1109 2440 1166 quorum
2467 1101 2689 1164 peccata
2720 1106 2818 1161 per
2846 1089 3247 1147 ccut'essioncm
3278 1102 3310 1143 ιι
3335 1085 3570 1141 Domino
3599 1081 3799 1139 diluun-

2208 1197 2318 1245 tur.
2349 1185 2560 1254 Quibus
2589 1183 2769 1240 modis
2796 1183 3148 1239 remittuntur
3172 1187 3394 1252 peccata
3412 1178 3437 1233 τ
3457 1176 3685 1233 Tribus.
3705 1173 3799 1232 Re-

2213 1279 2508 1336 mittuntur
2535 1292 2635 1350 per
2662 1276 3031 1349 baptismum:
3057 1282 3318 1346 teguntur
3337 1287 3436 1344 per
3462 1271 3795 1339 charitatem,

2211 1389 2322 1431 non
2362 1374 2704 1444 imputantur
2731 1385 2832 1443 per
2885 1367 3229 1442 martyrium.
3296 1365 3369 1421 Et
3417 1381 3641 1439 quorum
3689 1372 3799 1420 tecta

2211 1476 2335 1523 sunt
2358 1476 2591 1536 peccata,
2622 1479 2720 1537 per
2744 1463 3068 1520 charitatem
3099 1479 3113 1517 :
3148 1459 3449 1518 secundum
3474 1457 3612 1515 illud
3641 1475 3654 1514 :
3680 1455 3800 1514 Cha.

2212 1563 2348 1617 ritas
2392 1562 2571 1631 operit
2622 1556 3029 1614 multitudinem
3079 1561 3431 1626 peccatorum
3476 1549 3699 1624 (Iacob.
3727 1551 3797 1620 v).

2217 1655 2339 1725 Vel,
2364 1670 2587 1728 quorum
2611 1661 2748 1708 tecta
2770 1659 2893 1707 sunt
2922 1656 3132 1723 peccata
3156 1663 3176 1704 :
3221 1647 3326 1704 hoc
3353 1656 3460 1714 est,
3504 1650 3570 1701 ut
3597 1638 3687 1700 hic
3710 1658 3799 1699 ve-

2212 1748 2403 1805 lentur
2444 1762 2543 1819 per
2565 1743 2941 1819 paenitentiam
2974 1784 2993 1811 ,
3038 1757 3107 1799 ne
3149 1740 3207 1797 in
3232 1739 3438 1811 judicio
3484 1736 3797 1795 revelantur.

504 1832 760 1940 angelum
778 1862 912 1919 Atla:
940 1832 1266 1934 loquebatur
1285 1853 1442 1928 (Gen.
1468 1846 1939 1924 Itt),etquomodo
1972 1859 2108 1902 ocu-
2139 1841 2188 1904 Β
2287 1841 2484 1898 Beatur
2513 1841 2593 1896 vir
2617 1841 2705 1896 cui
2750 1854 2853 1895 non
2891 1832 3169 1910 imputabit
3215 1832 3474 1890 Dominus
3526 1840 3798 1904 peccatum.

507 1938 969 2017 lis—interioribus
1009 1954 1180 2009 Deum
1202 1948 1460 2006 videbat:
1494 1945 1716 2018 quando
1756 1943 1861 1999 ista
1885 1938 2107 2011 cogitat,

509 2063 643 2111 tunc
667 2053 720 2109 in
752 2063 981 2109 excessu
1032 2046 1231 2103 mentis
1253 2051 1339 2100 est
1363 2040 1635 2098 Ecclesia.
1656 2037 1774 2111 Ego
1802 2045 1977 2091 autem
1998 2032 2110 2088 dixi

508 2151 566 2206 in
590 2163 805 2205 excessu
834 2144 1019 2200 mentis
1048 2155 1177 2197 mea:
1207 2154 1227 2195 :
1255 2136 1534 2210 Projectus
1556 2147 1672 2189 sum
1702 2148 1734 2186 a
1773 2128 1909 2202 facie
1931 2125 2114 2182 oculo—

506 2258 627 2299 rum
662 2250 889 2295 tuorum.
938 2233 1181 2306 Populus
1236 2229 1355 2287 haec
1385 2227 1522 2284 dicit
1574 2225 1672 2282 ille
1718 2233 2017 2280 conversus
2043 2217 2113 2274 ad

507 2334 790 2392 Christum
820 2346 833 2383 :
867 2323 1193 2385 Existimavi
1219 2338 1331 2395 me,
1365 2321 1565 2393 inquit,
1596 2316 1900 2390 projectum
1929 2328 2053 2371 esse
2081 2327 2113 2367 a

511 2424 981 2500 contemplatione
1030 2421 1300 2478 luminum
1356 2427 1603 2483 tuorum,
1636 2422 1692 2470 et
1731 2410 1950 2482 expavi,
1988 2422 2113 2464 cum

511 2535 604 2579 me
637 2527 786 2576 tanta
841 2522 1064 2587 propter
1118 2524 1321 2567 nomen
1374 2516 1526 2563 tuum
1572 2503 1684 2577 pati
1728 2500 2112 2573 permitteres;

511 2615 626 2684 vel,
659 2610 935 2684 Projectus
964 2623 1080 2663 sum
1104 2623 1137 2660 a
1164 2604 1311 2660 vultu
1354 2602 1623 2667 oculorum
1649 2605 1882 2653 tuorum.
1913 2592 2110 2658 Adam,

513 2704 735 2782 quando
767 2714 1151 2775 transgressus
1180 2698 1284 2754 fuit
1326 2694 1641 2752 mandatum
1683 2689 1805 2759 Dei,
1829 2698 1960 2746 tunc
1982 2702 2113 2760 pro-

509 2802 691 2877 jectus
717 2808 802 2858 est
829 2814 861 2854 a
892 2796 1032 2854 l‘acie
1051 2794 1153 2851 Dei
1174 2790 1390 2867 (Ibid.),
1423 2800 1478 2847 et
1505 2791 1643 2862 ipse,
1675 2794 1732 2844 et
1758 2800 1880 2854 nos,
1913 2792 1969 2841 et
1995 2798 2115 2840 om-

520 2897 609 2956 nis
641 2892 940 2968 posteritas
971 2903 1070 2946 sua
1101 2896 1397 2960 postcum.

589 2988 719 3045 Ideo
750 2984 1007 3042 exaudiui
1033 2997 1209 3038 vocem
1250 2977 1629 3053 deprecationis
1676 2990 1823 3045 meae,
1853 2975 1977 3029 dum
2006 2972 2124 3028 cla-

517 3094 715 3135 marent
739 3077 808 3132 ad
858 3084 928 3131 te.
971 3071 1119 3141 Ideo,
1143 3069 1276 3127 dicit
1305 3068 1568 3134 Ecclesia,
1601 3066 1872 3124 exaudisti
1924 3079 2117 3121 vocem

2217 1939 2319 2009 Qui
2340 1952 2401 1994 se
2428 1939 2482 1993 in
2513 1935 2619 1992 hoc
2659 1935 2863 1991 saeculo
2912 1932 3203 2005 diligenter
3224 1930 3461 2002 potuerit
3489 1938 3801 2000 expurgare,

2216 2032 2307 2090 vel
2353 2046 2454 2104 per
2499 2028 2843 2102 martyrium.
2904 2026 3060 2097 Quod
3116 2023 3356 2097 tegitur,
3408 2037 3517 2080 non
3561 2020 3797 2076 videtur:

2217 2124 2361 2198 quod
2385 2139 2497 2181 non
2522 2122 2768 2189 videtur,
2819 2136 2931 2177 non
2962 2120 3303 2192 imputatur;
3332 2115 3476 2188 quod
3509 2130 3619 2171 non
3647 2113 3804 2184 impu-

2218 2230 2385 2289 tatur,
2413 2234 2516 2276 nec
2545 2219 2822 2290 punietur.
2858 2213 2971 2271 Nec
3003 2224 3076 2271 est
3107 2214 3161 2269 in
3188 2228 3281 2269 ore
3299 2214 3416 2287 ejus
3466 2208 3647 2265 dolus.
3707 2207 3801 2264 lloc

2217 2323 2306 2371 est
2335 2313 2388 2369 in
2422 2312 2573 2369 illius
2600 2328 2697 2368 ore
2721 2312 2810 2383 qui
2852 2325 2913 2367 se
2942 2308 3235 2366 conﬁtetur
3278 2322 3404 2364 esse
3445 2313 3800 2377 peecatorem,

2217 2405 2359 2463 sicut
2379 2403 2701 2461 Nathanael.
2728 2401 2884 2462 Unde
2903 2402 3168 2460 Dominus
3188 2398 3372 2457 dixit:
3406 2399 3550 2456 Ecce
3575 2411 3707 2454 vere
3736 2395 3804 2451 ls-

2217 2499 2436 2569 raelita,
2475 2499 2529 2554 in
2557 2512 2667 2571 quo
2696 2497 2855 2554 dolus
2881 2512 2991 2552 non
3014 2506 3099 2553 est
3116 2492 3295 2569 (Idan.
3325 2492 3391 2566 ι).
3416 2492 3487 2548 Ει
3516 2491 3586 2548 de
3611 2490 3704 2547 illo
3721 2503 3806 2561 pu-

2218 2595 2454 2659 blicano,
2485 2593 2552 2650 de
2579 2607 2688 2665 quo
2718 2591 2972 2664 superius
3003 2590 3265 2656 diximus,
3295 2587 3389 2661 qui
3418 2602 3482 2644 se
3526 2583 3807 2642 conﬁteba-

2221 2696 2310 2743 tur
2336 2699 2459 2743 esse
2510 2695 2855 2757 peecatorem
2903 2682 3134 2741 dicens:
3193 2682 3363 2750 Deus,
3396 2679 3661 2753 propitius
3700 2685 3807 2734 esto

2218 2778 2352 2837 mihi
2382 2778 2656 2850 peccatori
2690 2776 3045 2851 (Luc.xvnt).
3076 2774 3192 2831 Nec
3207 2783 3283 2831 est
3307 2775 3362 2829 in
3386 2789 3475 2829 ore
3499 2775 3611 2844 ejus
3641 2771 3803 2837 dolus,

2221 2872 2319 2930 sed
2353 2872 2405 2927 in
2436 2870 2667 2928 veritate
2722 2869 2953 2928 credens
2985 2869 3199 2940 Deum;
3228 2867 3333 2925 hoc
3369 2865 3538 2924 corde
3571 2863 3800 2928 retinuit,

2220 2965 2366 3039 quod
2386 2979 2485 3022 ore
2505 2963 2890 3022 conﬁtebatur.

2297 3058 2560 3129 Quoniam
2582 3059 2742 3128 tacui,
2760 3059 3170 3114 inveteraverunt
3191 3055 3244 3112 in
3262 3069 3342 3111 me
3358 3053 3537 3112 omnia
3557 3069 3671 3110 ossa
3681 3066 3802 3108 mea.

517 3172 787 3232 orationis
828 3184 965 3227 mete
994 3184 1007 3222 :
1037 3167 1167 3239 quia
1193 3165 1447 3238 cognovi,
1480 3163 1575 3219 ubi
1594 3171 1840 3234 poteram
1886 3175 2038 3227 esse;
2063 3169 2124 3216 et
2222 3152 2339 3209 Non
2372 3152 2577 3225 protuli
2629 3150 3029 3208 confessionem
3064 3149 3134 3207 ad
3172 3149 3438 3206 salutem:
3484 3147 3607 3204 ideo
3644 3146 3805 3204 omnis

520 3280 813 3341 cognosco,
859 3261 957 3319 ubi
987 3260 1148 3318 modo
1178 3274 1322 3315 sum.
1348 3256 1634 3314 Exaudisti
1673 3270 1864 3314 vocem
1894 3254 2123 3313 interio—
2149 3244 2196 3310 C
2226 3246 2493 3305 fortitudo
2523 3261 2643 3305 mea
2666 3247 2723 3303 in
2752 3250 2934 3304 carnis
2960 3245 3282 3302 inﬁmitate
3315 3242 3623 3301 consenuit.
3675 3240 3806 3308 Quo-

519 3361 605 3420 ris
633 3355 894 3422 hominis,
929 3362 982 3411 te
1012 3354 1068 3409 in
1122 3350 1322 3408 mentis
1370 3348 1667 3421 splendore
1717 3348 2019 3420 precantis,
2065 3355 2125 3404 et
2225 3343 2367 3399 niam
2389 3342 2555 3409 tacui,
2581 3344 2992 3398 inveteraverunt
3013 3340 3068 3395 in
3089 3356 3171 3396 me
3197 3339 3371 3395 omnia
3398 3355 3519 3394 ossa
3545 3354 3672 3404 mea,
3698 3335 3807 3390 dum

521 3451 777 3511 amovisti
811 3446 1110 3509 horribiles
1140 3442 1538 3502 tribulationes.
2227 3437 2510 3493 clamarem
2539 3444 2649 3491 tota
2673 3434 2778 3493 die.
2812 3434 2995 3503 Tacui,
3022 3451 3130 3492 vox
3157 3434 3430 3492 malorum
3460 3441 3567 3491 est.
3613 3429 3767 3486 Tacui
3789 3444 3806 3483 :

594 3545 814 3619 Diligite
840 3540 1151 3606 Dominum,
1183 3553 1360 3593 omnes
1402 3537 1569 3592 sancti
1598 3536 1745 3609 ejus;
1767 3538 2018 3609 quoniam
2036 3550 2125 3592 ve-
2226 3528 2281 3587 id
2307 3539 2412 3599 est,
2446 3538 2627 3587 tacent
2652 3530 2871 3587 illorum
2902 3540 3157 3603 peccata,
3196 3539 3250 3588 et
3279 3529 3333 3585 in
3355 3527 3698 3586 confessione
3716 3540 3807 3582 no-

529 3617 743 3696 ritatem
773 3636 997 3709 requiret
1020 3631 1309 3698 Dominus,
1337 3638 1387 3687 et
1413 3630 1659 3686 retribuet
1691 3630 2017 3686 abundanter
2043 3617 2135 3702 fa:
2228 3623 2349 3679 lunt
2377 3622 2582 3681 dicere.
2608 3621 3032 3680 Iureteraverunt
3054 3640 3194 3695 ossa,
3225 3622 3279 3680 id
3307 3633 3413 3692 est,
3438 3623 3660 3678 virtutes
3685 3633 3805 3693 quas

525 3735 778 3793 cientibus
808 3729 1124 3805 superbiam.
1178 3726 1493 3783 Humiliatis
1538 3725 1644 3792 his,
1674 3733 1882 3781 statuet
1908 3733 2127 3782 sanctos
2229 3716 2540 3773 debuerant
2583 3716 2823 3785 habere,
2875 3717 3322 3775 inveteraverunt
3382 3733 3480 3788 per
3525 3726 3806 3791 peccatum.

525 3848 658 3892 suos
678 3830 731 3887 in
759 3841 956 3900 magna
982 3821 1312 3882 constantia.
1364 3819 1582 3893 Diligite
1615 3817 1919 3886 Dominum,
1949 3834 2114 3874 omne:

2232 3805 2374 3864 Dum
2394 3809 2672 3866 clamarem
2701 3825 2722 3867 :
2745 3810 2797 3866 id
2824 3818 2929 3880 est,
2954 3811 3216 3868 clamant.
3257 3810 3316 3869 Si
3346 3810 3553 3882 aliquid
3584 3809 3701 3868 boni
3724 3808 3808 3865 ba-

524 3924 699 3983 sancti
729 3922 864 3995 ejus.
892 3916 1135 3990 Ditigite,
1181 3913 1235 3971 id
1282 3921 1391 3981 est,
1422 3921 1602 3972 amate
1641 3912 1816 3968 illum.
1865 3911 2131 3981 Quoniam
2230 3904 2365 3962 bent
2397 3921 2412 3959 :
2444 3919 2541 3976 per
2562 3907 2859 3963 vanitatem
2890 3905 3296 3973 demonstrant,
3323 3914 3385 3961 ut
3408 3905 3504 3963 ille
3526 3904 3807 3961 Pharisaus

534 4018 805 4076 ueritatem
831 4012 1059 4085 requiret
1081 4007 1357 4075 Dominus,
1377 4007 1469 4078 qui
1490 4014 1845 4079 perseverant
1875 4021 2046 4078 usque
2077 4006 2131 4062 in
2232 3997 2433 4070 impius
2460 3998 2711 4067 faciebat,
2741 4000 2834 4072 qui
2864 3997 3125 4057 dicebat:
3154 3998 3322 4068 Deus,
3346 3997 3555 4070 gratias
3584 3998 3673 4055 tibi
3698 4011 3805 4068 ago,

534 4113 700 4169 ﬁnem
732 4109 789 4165 in
819 4105 1082 4172 bonitate,
1112 4112 1173 4159 ut
1201 4099 1408 4158 dictum
1454 4110 1540 4157 est
1572 4119 1584 4155 :
1611 4100 1711 4169 Qui
1740 4115 2134 4174 perseverave-
2235 4095 2361 4167 quia
2390 4110 2498 4151 non
2522 4108 2643 4151 sum
2683 4094 2825 4151 sicut
2861 4096 3049 4152 cancri
3078 4095 3351 4163 homines,
3380 4103 3648 4166 raptores,
3678 4089 3809 4147 adul-

540 4206 615 4260 rit
641 4213 813 4272 usque
841 4197 896 4253 in
924 4195 1109 4263 linem,
1134 4190 1223 4248 hic
1250 4190 1433 4248 salvus
1464 4189 1570 4249 erit.
1590 4189 1807 4265 (Matth.
1841 4191 2013 4263 xxiv).
2241 4189 2364 4245 teri.
2390 4186 2530 4243 Dum
2550 4189 2827 4246 clamarem
2847 4198 2953 4245 tota
2976 4189 3092 4244 die:
3123 4190 3177 4245 in
3208 4188 3366 4246 istius
3386 4188 3511 4245 vita:
3536 4194 3804 4245 momento.

622 4292 856 4348 Viriliter
877 4287 1033 4363 agite.
1063 4285 1177 4343 Hoc
1198 4293 1305 4355 est,
1326 4284 1697 4342 immobiliter.
1718 4283 1790 4341 Et
1819 4288 2139 4358 confortetur
2313 4284 2575 4353 Quoniam
2624 4284 2709 4339 die
2736 4301 2797 4338 ac
2822 4293 2972 4339 nocte
2998 4289 3214 4356 gravata
3244 4292 3319 4338 est
3367 4300 3526 4356 super
3548 4297 3627 4337 me
3652 4293 3810 4334 manus

535 4407 624 4447 cor
654 4396 901 4452 vestrum,
934 4399 1111 4439 onmes
1155 4381 1246 4453 qui
1269 4381 1491 4454 speratis
1542 4380 1597 4436 in
1625 4379 1875 4437 Domino.
1906 4381 2008 4439 Cor
2053 4400 2139 4440 ve-
2239 4383 2348 4431 ιιιαο
2404 4374 2654 4432 Ροιεηῑὶει
2708 4385 2819 4432 tua.
2860 4374 2997 4432 Cum
3026 4390 3204 4434 essem
3247 4374 3468 4447 impius,
3501 4386 3555 4433 el
3586 4370 3811 4444 blaspbev

537 4493 706 4539 stram
735 4495 754 4536 :
782 4478 888 4535 hoc
916 4484 1022 4545 est,
1076 4474 1263 4531 anima
1294 4482 1503 4542 vestra,
1539 4473 1592 4529 in
1618 4474 1851 4531 Domino
1895 4491 2132 4550 semper,
2241 4482 2364 4524 mus
2398 4478 2648 4543 :grarata
2674 4478 2750 4524 est
2769 4486 2926 4542 super
2946 4486 3027 4525 me
3045 4487 3230 4525 manus
3270 4478 3361 4525 tua
3392 4486 3412 4524 :
3438 4469 3493 4525 id
3521 4477 3627 4539 est,
3655 4476 3809 4540 potes-

546 4573 786 4629 Virititer
810 4569 969 4645 agite,
992 4575 1039 4624 et
1080 4566 1404 4637 confortetm'
1444 4582 1535 4621 cor
1560 4577 1808 4636 restrain,
1842 4586 2018 4626 omnes
2048 4573 2138 4641 qui
2168 4640 2197 4645 Α
2243 4568 2325 4616 ωε
2355 4568 2445 4617 tua
2475 4577 2491 4616 :
2520 4563 2645 4633 quia
2669 4563 2759 4635 qui
2787 4562 2878 4620 hic
2903 4579 3014 4621 non
3040 4562 3361 4630 emendant,
3384 4571 3646 4635 gravatur
3670 4570 3809 4628 super

541 4665 763 4741 speratis
780 4640 1115 4718 in'Domino.
1146 4658 1387 4718 Fortiter
1415 4668 1579 4733 atque
1608 4674 1931 4723 constanter
1958 4640 2113 4725 custo

2243 4653 2367 4710 illos
2395 4669 2589 4711 manus
2611 4656 2727 4724 Dei,
2761 4654 2817 4711 id
2847 4667 2952 4725 est,
2981 4667 3227 4728 potestas
3253 4655 3514 4713 vindicta:
3557 4654 3612 4711 in
3638 4652 3717 4709 die
3735 4649 3808 4720 ju-

542 4760 660 4817 dite
714 4753 1075 4829 propositum,
1125 4760 1184 4809 ut
1237 4752 1469 4809 fructum
1528 4755 1746 4813 metatis
1800 4757 1853 4813 in
1898 4756 2136 4817 Christo.
2245 4747 2394 4806 dicii-
2426 4746 2714 4806 Conversus
2734 4767 2850 4805 sum
2871 4752 2925 4806 in
2959 4767 3215 4808 (erumna.
3259 4749 3318 4806 In
3370 4749 3589 4806 assidua
3617 4742 3809 4805 tribuli-

546 4852 721 4922 Quem
750 4845 1029 4920 supplices
1077 4845 1441 4916 deprecamur
1489 4854 1546 4902 ut
1577 4848 1815 4907 insinuet
1863 4853 2140 4912 mentibus
2245 4842 2394 4898 ῑῖοηθ
2417 4842 2756 4915 ίιθεθιιοταιη
2782 4852 3023 4900 ῑυονυῐη·
3058 4843 3192 4899 Dum
3212 4843 3496 4918 εοηβθῖειιν
3514 4840 3641 4896 mihi
3661 4837 3807 4910 ερίηα·

542 4942 754 5003 nostris
801 4953 991 4998 curam
1022 4951 1082 4995 se
1106 4937 1390 5009 diligendi,
1422 4954 1521 5011 pro
1548 4939 1706 4998 nobis
1749 4958 1970 5014 passum
1998 4946 2139 5021 jugi.
2247 4935 2511 4993 Stimulus
2538 4936 2893 4994 conscientia:
2936 4937 3273 5010 peccatricis.
3315 4935 3603 4993 Conversus
3639 4945 3741 4989 sunt
3766 4928 3810 4982 in

450 5056 453 5059 λ
543 5048 632 5094 ter
657 5032 933 5097 conﬁteri,
959 5040 1020 5088 ut
1062 5044 1373 5088 mereamur
1423 5042 1610 5089 contra
1661 5034 1902 5108 iniquam
1950 5055 2141 5114 super-
2247 5045 2480 5087 ωνιυηηα
2508 5031 2938 5106 άιιηιοοηβρῑεατ
2956 5032 3085 5088 mihi
3113 5032 3570 5104 δρὺιαῖωηηηηα
3596 5045 3615 5083 -‘
3646 5026 3694 5085 id
3720 5031 3805 5082 εα-

538 5130 717 5199 biam,
748 5124 1076 5184 humilitatis
1103 5124 1270 5179 armis
1300 5123 1539 5183 viriliter
1559 5142 1886 5203 repugnare.
2254 5124 2499 5181 miseria.
2548 5124 2684 5182 Dum
2732 5126 3029 5198 conﬁgitur
3058 5124 3193 5182 mihi
3241 5125 3402 5197 spina
3428 5142 3440 5179 :
3472 5123 3528 5181 id
3569 5130 3663 5189 est,
3704 5117 3805 5175 dum

1067 5236 1382 5298 psALMus
1405 5239 1599 5299 χχχι,
2258 5216 2450 5291 pungit
2471 5233 2560 5275 me
2582 5218 2915 5276 conscientia
2947 5219 3175 5290 peccati.

543 5356 851 5435 Intellectus
876 5354 1069 5435 οςιυίςιε
1121 5353 1436 5435 ιηιεῐιεοιιιε
1488 5356 1712 5435 chrisi-
1739 5361 1948 5435 Duplex
1982 5365 2143 5423 imeI-
2246 5310 2790 5435 -..'.’f’fi'.f",’.'..'1'f.'.‘.'.’?
2836 5312 3237 5435 2°§j“‘“'".fff‘
3271 5310 3417 5383 τπδ’
3457 5320 3509 5367 ⁸⁸
3548 5304 3804 5435 .ί’⁸ί“ῗ²ῗῖξῗ.ῗ

619 5434 797 5489 lectus
823 5438 908 5486 est
928 5428 983 5483 in
1009 5428 1114 5482 isto
1146 5428 1321 5498 titulo,
1358 5430 1597 5487 maxime
1622 5432 1692 5489 de
1724 5428 2139 5494 illo'Puhlicano

617 5514 677 5562 et
696 5500 978 5581 Pharisao
1004 5498 1183 5581 qui
1222 5501 1426 5581 templo
1474 5505 1700 5581 orabant
1748 5505 1905 5581 (Luc.
1951 5508 2136 5581 xvm):

619 5575 745 5646 quia
771 5586 911 5629 unus
931 5586 990 5627 se
1011 5571 1380 5646 justilicabat;
1401 5574 1613 5629 etalius
1632 5590 1691 5633 se
1713 5571 2111 5638 condemnabat

621 5626 1159 5725 idestZawceusabat.
1173 5626 1425 5725 Psalmus
1443 5626 1451 5627 ί
1472 5626 1689 5702 ὗόεειῖ
1714 5626 2141 5724 Eéiiiii.'éi"“§§31

622 5714 1191 5792 phette,_o§tenden_tis
1218 5714 1493 5792 hominem
1538 5734 1672 5792 non,
1699 5722 1937 5792 propriis
1979 5714 2145 5781 meri-

620 5784 847 5919 E‘i‘s‘g’s‘ed
875 5785 972 5843 Dei
996 5784 1172 5858 gratia
1202 5801 1364 5860 posse
1389 5788 1607 5861 salvari,
1630 5790 1675 5850 si
1701 5784 2030 5853 conﬁteatur
2049 5797 2144 5854 ad-

2246 5419 2387 5459 meas
2409 5420 2513 5459 non
2535 5402 2803 5460 abscondi.
2844 5403 2955 5462 Sed
2998 5402 3279 5462 confessus
3318 5418 3464 5472 sum,
3512 5410 3567 5460 et
3608 5392 3802 5473 patefeci

2246 5497 2449 5553 omnia.
2470 5496 2595 5556 Scio
2624 5499 2770 5555 enim
2800 5507 2853 5557 te
2877 5500 2983 5556 cito
3010 5500 3289 5557 remittere
3308 5497 3508 5556 delicta
3526 5539 3541 5566 ,
3589 5508 3700 5553 cum
3727 5484 3802 5545 tibi

2251 5592 2457 5650 fuerint
2486 5594 2698 5666 integre
2724 5602 2988 5665 reserata,
3018 5604 3074 5650 et
3094 5593 3218 5652 ideo
3237 5590 3347 5651 dixi
3376 5610 3387 5647 :

2320 5684 2616 5758 Cou/itcbor
2634 5687 2878 5746 adversus
2897 5705 2979 5745 me
2992 5689 3274 5761 injustitias
3296 5704 3436 5745 meas
3456 5684 3688 5743 Domino.
3706 5676 3801 5735 Non

2249 5780 2395 5838 enim
2435 5781 2699 5840 adversus
2726 5783 3037 5854 Dominum,
3082 5783 3179 5841 sed
3199 5782 3463 5840 adversus
3490 5797 3572 5839 me
3594 5780 3681 5835 bas
3700 5784 3803 5846 ρτοο

2254 5873 2492 5934 nuntiavi
2527 5886 2581 5934 ut
2619 5876 2953 5950 justiﬁearer
2984 5896 2997 5933 :
3028 5876 3171 5946 Dixi,
3220 5869 3802 5951 pronuntiaviadversus
