3944 6334
171 352 258 407 913

1049 344 1478 404 IlREVlARlUM
1520 345 1585 402 IN
1627 345 1958 405 PSALMOS.
2004 348 2255 406 PSALM.
2302 349 2517 408 XXXII.

3316 351 3422 411 914

169 482 239 523 me
265 461 532 536 injustitias
562 475 712 517 meas
738 461 991 529 Domino,
1024 469 1079 518 et
1106 470 1162 516 tu
1184 461 1442 518 remisisti
1459 462 1716 534 iniquita-
1739 462 1794 524 Α
1895 462 1962 518 1η
1984 465 2168 533 ςΙιαηιο
2195 472 2240 518 rt
2265 465 2412 535 freno
2441 464 2683 520 maxillas
2704 482 2882 522 eorum
2903 470 3214 545 constringe.
3242 471 3422 527 Freno

170 571 256 619 tem
280 557 468 630 peccati
491 555 615 611 mei.
648 554 704 610 In
730 569 959 626 persona
1014 554 1230 610 illorum
1270 554 1403 610 dicit
1449 556 1716 627 prOpIieta

165 653 240 725 qui
266 657 664 714 convertuntur,
697 647 840 703 sicut
866 647 959 703 ille
983 646 1128 703 ﬁlius
1183 647 1275 718 qui
1315 661 1542 719 peregre
1585 663 1717 719 pro-

167 747 310 802 lectus
332 751 432 806 est,
455 750 506 797 et
535 739 669 798 dixit
700 759 712 796 :
738 740 836 797 Ibo
865 741 930 796 ad
955 740 1175 797 Patrem
1213 756 1393 798 meum
1425 741 1577 814 (Luc.
1600 741 1712 813 xv).

164 843 289 899 Dixit
311 841 358 895 in
384 837 565 904 corde,
595 836 685 892 ubi
716 836 861 892 Deus
891 835 1135 892 videtur:
1169 835 1234 890 Et
1267 846 1320 890 tu
1347 837 1586 892 remisisti
1614 837 1714 891 im-

163 936 369 1006 pietatem
393 930 583 1002 peccati
609 930 729 985 mei.
777 931 910 997 Quae
948 929 1106 1000 prius
1152 944 1452 1001 gesseram,
1498 929 1716 985 miseri-

161 1026 366 1083 corditer
384 1021 676 1079 indulsisti.

217 1118 311 1174 Pro
329 1117 424 1172 hac
445 1117 707 1190 impietate
734 1116 900 1172 orabit
926 1115 995 1170 ad
1022 1124 1069 1170 te
1090 1117 1256 1170 omnis
1283 1125 1493 1170 sanctus
1510 1115 1562 1170 in
1582 1124 1711 1171 tent-

160 1230 260 1284 pore
285 1220 585 1284 Opportuna.
611 1209 849 1280 Tempus
888 1218 1257 1280 opportunum
1280 1208 1348 1264 ad
1369 1208 1712 1264 exorandum

165 1322 245 1380 pro
267 1306 510 1378 peccatis,
543 1303 662 1360 haec
689 1303 799 1359 vita
825 1311 912 1360 est
944 1321 958 1359 :
984 1303 1035 1358 in
1054 1319 1159 1374 qua
1183 1302 1306 1358 ideo
1327 1303 1500 1358 sancti
1524 1309 1712 1358 orant:

155 1401 256 1469 quia
278 1413 429 1455 nemo
449 1409 534 1454 est
558 1413 587 1452 a
620 1397 859 1470 peccatis
887 1396 1169 1452 immunis.
1224 1397 1329 1452 Pro
1385 1395 1485 1451 hac
1518 1395 1714 1465 iniqui-

155 1501 257 1558 tate,
306 1491 387 1546 vel
430 1504 532 1561 pro
560 1491 662 1546 hac
707 1489 1058 1556 remissione,
1089 1487 1231 1558 quod
1257 1489 1509 1559 superius
1530 1487 1666 1543 dixit
1696 1505 1710 1542 :

152 1584 276 1639 Beati
315 1598 532 1654 quorum
582 1583 815 1637 remissa:
859 1589 980 1636 sunt
1029 1581 1350 1651 iniquitates,
1399 1590 1447 1634 et
1493 1597 1712 1652 quorum

150 1686 258 1732 tecta
282 1685 390 1731 sunt
415 1683 645 1748 peccata.
680 1673 864 1730 Omnis
893 1683 1141 1728 sanctus:
1185 1672 1289 1729 hoc
1322 1680 1426 1743 est,
1458 1687 1555 1744 per
1576 1672 1710 1742 bap-

149 1773 363 1836 tismum;
388 1780 440 1826 et
462 1770 556 1841 qui
587 1778 708 1839 post
733 1767 1063 1838 baptismum
1089 1775 1300 1839 peccat,
1318 1774 1504 1837 postea
1529 1765 1710 1822 dimit-

148 1864 251 1919 titur
277 1861 344 1916 illi
373 1877 468 1934 per
500 1859 902 1930 paenitentiam,
924 1868 1018 1914 aut
1048 1873 1148 1929 per
1178 1857 1523 1929 martyrium.

211 1954 554 2010 Verumtamen
580 1956 632 2007 in
661 1953 856 2006 diluvio
887 1967 1139 2020 aquarum
1162 1951 1443 2004 multarum
1474 1950 1543 2004 ad
1589 1965 1704 2003 cum

145 2064 224 2102 non
246 2045 690 2116 approximabunt.
717 2043 868 2099 Multi
892 2042 1100 2098 lructus
1119 2043 1452 2098 diluviorum
1487 2043 1538 2097 in
1560 2041 1707 2113 judi-

141 2141 210 2194 cio
236 2139 414 2210 impios
439 2137 748 2202 vallabunt,
771 2136 860 2207 qui
885 2135 1092 2191 sanctis
1116 2135 1353 2192 nocituri
1383 2151 1489 2192 non
1521 2145 1703 2190 erunt.

152 2231 476 2286 Verumtamen
513 2231 570 2286 in
621 2229 819 2285 dilui-io
861 2246 1114 2300 aquarum
1164 2231 1447 2285 multarum
1498 2231 1567 2283 ad
1589 2245 1705 2284 eum

142 2326 742 2400 nottappropiuquabunt.
775 2327 904 2384 Sine
944 2325 1230 2397 angustiis,
1265 2324 1362 2391 ait,
1401 2338 1522 2396 quae
1548 2325 1706 2396 quasi

142 2419 270 2488 aquis
314 2418 708 2474 inundantibus
755 2429 1165 2490 comparantur,
1223 2419 1292 2475 ad
1326 2420 1492 2476 Deum
1525 2420 1705 2476 Sancti

140 2511 545 2582 appropinquare
589 2527 700 2567 non
737 2521 1032 2583 poterunt:
1079 2514 1206 2582 quia
1253 2513 1343 2584 qui
1385 2513 1707 2569 sustinuerit

141 2617 284 2672 usque
308 2605 357 2658 in
380 2604 574 2671 linem,
605 2605 693 2662 hic
714 2610 902 2662 salvus
943 2607 1069 2662 erit.
1094 2605 1217 2675 Vel,
1247 2607 1302 2661 in
1319 2607 1516 2662 diluvio
1543 2623 1707 2678 aqua-

140 2696 348 2752 rum:id
393 2709 500 2764 est,
546 2699 812 2755 varietate
859 2697 1233 2755 doctrinarum
1277 2699 1701 2758 haereticorum:

139 2803 218 2859 per
241 2789 336 2846 hoc
365 2792 466 2865 ipsi
501 2793 570 2848 ad
598 2795 767 2851 Deum
793 2809 899 2850 non
931 2795 1415 2866 approximabunt.

197 2886 263 2942 Tu
289 2905 338 2942 es
361 2889 491 2944 mihi
514 2891 776 2964 refugium
799 2908 830 2944 a
853 2890 1187 2946 tribulatione
1216 2907 1331 2962 qua:
1368 2890 1705 2946 circumdedit

137 2995 219 3035 me.
243 2982 346 3038 Vox
397 2984 665 3041 Ecclesiae
712 2985 780 3040 ad
833 2984 1130 3046 Christum.
1188 2986 1263 3042 De
1309 2985 1467 3057 hujus
1517 2986 1704 3042 smculi

137 3077 374 3144 pressuris
416 3081 539 3135 hinc
567 3080 718 3136 dicit.
742 3079 1042 3135 Exsultatio
1068 3097 1200 3135 mea.
1249 3079 1386 3148 Quia
1415 3081 1470 3136 in
1499 3091 1554 3136 te
1574 3095 1706 3151 gau-

137 3168 239 3225 deo.
269 3171 401 3227 Erue
429 3191 564 3230 mea
591 3175 1026 3230 circumdantibus
1059 3192 1158 3229 me.
1198 3174 1299 3233 Vel
1344 3175 1414 3230 ab
1468 3173 1705 3230 inimicis

1820 567 1875 612 et
1896 556 2089 612 chamo
2116 557 2508 614 moderationis
2533 573 2668 627 suae,
2695 559 2841 616 Deus
2861 572 3106 621 coarctat
3127 566 3416 638 impiorum

1819 660 2182 718 supervacuas
2222 648 2605 720 blaSphetnias.
2650 651 2856 722 Equus,
2904 653 3245 712 indomitus:
3292 673 3412 712 mu-

1818 741 1924 808 lus,
1957 743 2129 815 piger.
2164 745 2278 804 lloc
2302 755 2456 816 rogat
2482 745 2723 802 Ecclesia
2747 748 2911 807 Deum
2943 747 3182 817 Patrem,
3208 758 3269 806 ut
3312 766 3412 821 per

1814 831 2051 900 frenum,
2088 836 2141 892 id
2173 847 2279 904 est,
2331 838 2796 908 praedicationem,
2830 841 3088 913 populum
3118 842 3404 912 gentilem,

1817 941 1955 996 quos
1973 942 2140 998 equos
2163 929 2484 997 nominavit,
2519 931 2588 988 de
2618 932 2724 988 lata
2754 933 2837 988 via
2859 941 2914 989 et
2958 933 3198 1004 spatiosa
3223 934 3406 990 saeculi

1817 1019 2007 1090 hujus,
2063 1020 2227 1078 faciat
2270 1025 2337 1080 ad
2375 1039 2436 1081 se
2457 1026 2914 1098 appropinquare,
2944 1036 2999 1082 et
3025 1026 3285 1098 populum
3313 1026 3414 1084 Ju-

1816 1114 2055 1184 daicum,
2104 1132 2238 1187 quos
2268 1120 2444 1174 mutos
2499 1119 2826 1190 nominavit,
2875 1121 2967 1190 qui
3016 1119 3166 1192 piger
3213 1129 3300 1177 est
3336 1120 3405 1176 ad

1819 1209 1988 1264 Deum
2045 1209 2398 1275 credendum,
2457 1225 2552 1282 per
2604 1212 2880 1275 chamum,
2931 1212 2984 1268 id
3037 1221 3144 1280 est,
3196 1214 3401 1270 contri-

1815 1300 2016 1356 tionem
2048 1301 2228 1358 cordis
2251 1302 2414 1359 faciat.
2442 1303 2508 1358 ad
2530 1318 2591 1362 se
2618 1305 2824 1363 venire.
2863 1305 2966 1372 Qui
3009 1323 3114 1362 non
3148 1308 3401 1378 approxi-

1816 1403 1957 1448 mant
1978 1395 2047 1447 ad
2086 1403 2154 1448 te.
2180 1393 2287 1450 Sed
2313 1410 2413 1465 per
2446 1396 2754 1466 superbiam
2784 1396 3122 1469 elongantur.

1889 1486 1944 1541 Μ
1953 1486 2061 1542 ulta
2088 1488 2304 1559 ﬂagella
2347 1499 2696 1560 peccatorum.
2728 1490 2862 1559 Quia
2887 1492 3055 1564 aliqui
3095 1501 3413 1562 peccatores

1815 1589 1962 1648 sunt,
2003 1597 2240 1652 quorum
2271 1583 2323 1638 in
2371 1583 2472 1639 ista
2513 1585 2618 1639 vita
2669 1585 2955 1641 initiantur
3005 1587 3238 1658 llagella,
3296 1602 3419 1658 qua:

1814 1682 1998 1744 postea
2042 1673 2094 1730 in
2129 1674 2314 1730 futuro
2345 1675 2620 1732 habebunt
2654 1678 2774 1733 sine
2819 1677 2923 1734 line
2957 1696 2972 1734 :
3006 1678 3175 1734 Multa
3199 1681 3412 1752 ﬂagella

1813 1777 2137 1838 peccatorum
2162 1784 2180 1822 :
2202 1769 2293 1836 qui
2321 1768 2701 1838 paenitentiam
2724 1784 2888 1838 agere
2923 1769 3236 1826 noluerunt.
3276 1771 3411 1844 Spo-

1739 1857 1982 1920 Brantes
2036 1871 2210 1916 autem
2256 1863 2310 1917 iu
2369 1862 2593 1919 Domino
2648 1865 3002 1920 misericordia
3047 1864 3405 1921 circumdabit.

1811 1952 1906 2010 Illa
1958 1954 2368 2021 misericordia,
2423 1965 2480 2010 ut
2521 1957 2686 2010 vitam
2739 1967 3056 2013 mereantur
3117 1966 3406 2013 aeternam.

1811 2047 1912 2115 Qui
1935 2055 2138 2103 rectam
2167 2062 2323 2118 spem
2351 2056 2408 2103 et
2433 2047 2593 2104 fidem
2625 2049 2676 2104 in
2702 2050 2812 2106 Deo
2855 2050 3056 2106 habent
3085 2068 3098 2104 :
3133 2051 3282 2122 ipsos
3309 2051 3412 2105 mi-

1809 2140 2112 2196 sericordia
2141 2141 2232 2196 Dei
2261 2140 2648 2211 circumdabit,
2680 2150 2738 2197 ut
2769 2141 2899 2197 illud
2928 2161 2938 2197 :
2987 2142 3130 2198 Misit
3150 2142 3408 2214 angelum

1812 2233 2074 2288 Dominus
2115 2233 2168 2289 in
2209 2234 2440 2290 circuitu
2494 2235 2804 2291 timentium
2849 2251 2974 2291 eum
2999 2235 3176 2305 (Psal.
3209 2236 3410 2308 xxxii);

1811 2333 1866 2382 et
1894 2323 2022 2380 alibi
2073 2343 2085 2378 :
2126 2325 2380 2382 Custodit
2433 2327 2698 2384 Dominus
2746 2343 2940 2402 omnes
2989 2327 3287 2401 diligentes
3347 2345 3412 2384 se

1808 2417 1985 2491 (Psal.
2011 2419 2214 2492 cxuv).

1879 2511 2156 2568 Lwtamini
2175 2515 2230 2568 in
2263 2515 2510 2582 Domino,
2557 2523 2606 2570 et
2628 2517 2905 2583 exsultate,
2925 2517 3085 2590 justi.
3133 2515 3408 2587 Propheta

1811 2605 2061 2662 hortatur
2098 2606 2402 2664 Ecclesium
2444 2609 2616 2664 laetari
2659 2609 2731 2665 de
2773 2623 2874 2681 spe
2918 2609 3045 2665 vitae
3084 2618 3305 2666 aeterna:
3353 2619 3410 2665 et

1809 2702 2285 2772 regenerationis:
2318 2711 2500 2759 tamen
2540 2703 2754 2759 lartatur
2804 2711 2860 2759 et
2917 2702 3004 2759 hic
3050 2703 3302 2760 Ecclesia
3353 2703 3408 2758 in

1811 2793 2181 2850 tribulatione.
2212 2793 2281 2849 Et
2299 2794 2604 2868 gloriamini
2621 2812 2796 2850 omnes
2817 2797 2943 2850 recti
2969 2797 3142 2852 corde.
3181 2795 3252 2855 Ut
3272 2795 3410 2851 Pau-

1811 2889 1894 2945 lus
1927 2908 1940 2945 :
1974 2889 2074 2958 Qui
2103 2891 2389 2962 gloriatur,
2440 2891 2491 2946 in
2523 2890 2756 2945 Domino
2814 2889 3076 2961 glorietur
3123 2889 3168 2962 (1
3192 2889 3313 2945 Cor.
3344 2892 3412 2959 t).

1811 2984 1964 3040 Recti
1995 2985 2162 3041 corde
2187 2983 2467 3052 dicuntur,
2500 2983 2697 3055 quibus
2726 2983 2907 3038 omnia
2935 2982 3139 3054 judicia
3167 2982 3261 3038 Dei
3293 2981 3411 3054 pla-

1810 3088 1959 3147 cent,
1989 3087 2045 3134 et
2067 3093 2126 3134 se
2153 3086 2415 3136 accusant
2439 3078 2508 3133 de
2537 3077 2651 3132 suis
2673 3078 2933 3146 peccatis,
2984 3087 3038 3132 et
3060 3076 3254 3144 Deum,
3294 3076 3411 3130 sive

1812 3172 1865 3228 in
1883 3171 2184 3243 prosperis,
2221 3172 2333 3228 sive
2373 3172 2423 3227 in
2447 3170 2718 3240 adversis,
2743 3185 2964 3241 semper
2999 3169 3263 3226 laudant:
3293 3167 3412 3224 La:—

137 3261 357 3330 publicis,
389 3267 474 3322 vel
504 3282 537 3322 a
571 3267 823 3337 peccatis.
865 3270 998 3323 ltum
1044 3267 1210 3335 dixit,
1232 3267 1528 3323 exsultatio
1558 3281 1700 3333 mea,
1733 3258 1778 3322 C
1810 3267 1992 3320 tamini
2023 3267 2075 3320 in
2105 3265 2346 3334 Domino,
2381 3275 2427 3321 et
2473 3263 2747 3333 exsultate,
2774 3265 2943 3337 justi;
2973 3272 3020 3318 et
3065 3262 3398 3335 gloriamini,

136 3356 298 3413 redime
321 3375 399 3415 me
419 3377 452 3415 a
480 3360 926 3416 circumdantibus
954 3377 1033 3417 me
1061 3376 1079 3415 :
1109 3360 1388 3433 quomodo
1413 3360 1570 3428 dicit,
1600 3359 1708 3416 ῐίεε

137 3449 254 3508 dime
279 3468 380 3518 me,
404 3469 534 3510 cum
566 3455 658 3511 ille
697 3457 792 3526 qui
821 3455 1106 3512 redimitur
1137 3456 1188 3511 in
1239 3457 1554 3524 captivitate
1601 3465 1703 3521 est,

135 3556 176 3602 ct
211 3549 283 3605 illi
326 3551 417 3620 qui
473 3549 782 3619 exsultant,
825 3550 1201 3623 redemptione
1254 3566 1363 3606 non
1421 3551 1709 3622 indigent?

137 3643 231 3700 Iloc
253 3645 315 3702 ad
344 3661 573 3704 sensum
597 3646 853 3716 pertinet.
895 3646 1011 3701 Vox
1040 3647 1261 3702 illorum
1289 3653 1394 3713 est,
1441 3646 1536 3718 qui
1582 3661 1708 3700 cum

136 3735 228 3793 Deo
253 3749 396 3806 sunt,
423 3749 481 3797 et
504 3747 700 3812 rogant
730 3754 828 3811 pro
851 3739 962 3795 illis
1011 3741 1101 3811 qui
1156 3741 1210 3796 in
1258 3739 1359 3796 ista
1398 3738 1711 3811 captivitate

137 3831 464 3890 tribulantur.

190 3924 517 3985 Intellectum
535 3927 628 3982 tibi
654 3927 810 3997 dabo,
843 3937 890 3982 et
939 3927 1190 3983 instruant
1214 3937 1261 3982 te
1289 3927 1344 3982 in
1371 3928 1455 3982 via
1486 3927 1582 3980 hac
1611 3941 1713 3993 qua

131 4021 376 4086 gradieris.
439 4021 678 4092 Qualem
737 4021 1071 4076 intellectum
1124 4021 1216 4076 dat
1257 4021 1402 4076 Deus
1454 4017 1712 4075 Ecclesia:

130 4124 240 4168 sum.
272 4113 341 4170 Ut
381 4115 661 4186 intelligat
697 4129 798 4186 pro
828 4129 934 4184 qua
962 4129 1127 4170 causa
1181 4116 1434 4170 anxiatur
1469 4123 1710 4180 sanctus,

133 4212 176 4257 et
199 4205 313 4262 facit
340 4223 678 4279 prOSperare
711 4220 1046 4279 peccatores.
1087 4206 1416 4262 Intellectum
1438 4207 1571 4262 dabo
1597 4205 1710 4272 tibi,

131 4308 166 4353 et
184 4301 427 4357 instruant
461 4314 511 4358 te
544 4303 596 4357 in
623 4303 705 4358 via
739 4303 836 4358 Iutc
863 4320 966 4374 qua
979 4303 1258 4373 gradieris.
1285 4302 1340 4357 In
1367 4303 1474 4367 via,
1505 4301 1714 4357 scilicet

131 4391 474 4451 confessionis
499 4395 659 4450 istius
693 4395 922 4451 doceam
957 4403 1010 4450 te
1031 4395 1374 4465 sapientiam,
1410 4403 1594 4449 utnon
1628 4408 1718 4448 re-

129 4485 269 4542 cedas
308 4489 380 4543 ab
429 4503 521 4543 ea.
586 4487 888 4559 Intelligere
932 4497 983 4543 tc
1015 4486 1234 4553 faciant,
1264 4497 1320 4543 et
1344 4485 1552 4543 docebo
1577 4493 1631 4542 te
1664 4487 1718 4541 in

131 4578 199 4633 via
228 4580 324 4637 hac
351 4598 463 4654 qua
489 4582 783 4651 gradieris.
811 4581 924 4638 Vox
958 4581 1179 4638 Domini
1204 4581 1478 4652 loquentis
1506 4579 1719 4637 induci-

1814 3377 1987 3416 omnes
2014 3362 2141 3416 recti
2169 3360 2344 3415 corde.
2381 3359 2452 3416 Ut
2469 3361 2652 3432 gloria
2678 3370 2864 3416 vestra
2887 3359 2956 3416 ad
2977 3374 3101 3415 eum
3125 3358 3416 3424 referatur,

1811 3458 1953 3513 sicut
1978 3458 2056 3512 ait
2084 3456 2379 3527 Apostolus
2412 3474 2424 3511 :
2456 3455 2560 3524 Qui
2587 3455 2874 3526 gloriatur,
2908 3453 2964 3510 in
3009 3453 3244 3510 Domino
3292 3451 3413 3524 glo-

1811 3550 2005 3606 rietur.
2036 3549 2207 3617 Quem
2239 3547 2512 3621 supplices
2543 3548 2926 3619 deprecemur,
2955 3555 3016 3602 ut
3059 3545 3290 3602 obtectis
3321 3560 3419 3616 per

1814 3644 2200 3715 indulgentiam
2231 3644 2493 3714 peccatis,
2520 3657 2622 3698 nec
2667 3641 2932 3714 reputatis
2981 3641 3127 3698 ultra
3174 3641 3418 3706 delictis,

1813 3754 2122 3796 mereamur
2167 3745 2482 3794 sanctorum
2527 3735 2912 3793 exsultationis
2966 3743 3244 3806 perpetua:
3291 3747 3416 3789 esse

1814 3833 2125 3905 participes.
2315 3903 2338 3905 _
2365 3903 2389 3905 _7
2417 3904 2421 3905 ν
2450 3900 2470 3905 _
2495 3846 2618 3905 ξ

2313 3900 2631 3960 PSALMUS
2671 3900 2891 3957 XXXII.

1816 4022 1883 4078 In
1911 4024 2086 4093 ﬁnem,
2117 4019 2359 4076 Psalmus
2392 4020 2584 4093 David.
2636 4019 2894 4093 Psalmus
2916 4017 3018 4073 iste
3045 4030 3234 4093 vocem
3281 4027 3415 4070 con-

1892 4088 2025 4150 tinet
2056 4093 2337 4165 prophetaa
2366 4091 2432 4146 ad
2458 4092 2629 4146 Deum
2661 4090 2927 4165 hortantis
2957 4088 3185 4165 populos
3209 4105 3221 4142 :
3249 4094 3413 4158 atque

1889 4159 2357 4234 monentis'justos
2388 4165 2440 4219 in
2470 4178 2634 4233 quem
2666 4161 2901 4218 debeant
2930 4159 3229 4216 exsultare.

1890 4303 2184 4372 Exsultaté,
2239 4302 2400 4375 justi,
2459 4303 2514 4356 in
2543 4298 2792 4356 Domino.
2847 4296 3123 4368 Propheta
3163 4295 3418 4351 hortatur

1817 4407 2062 4464 sanctos,
2089 4408 2146 4452 ut
2175 4395 2397 4451 laudent
2429 4395 2618 4451 Deum.
2650 4392 2940 4459 Exsultate,
2973 4392 3127 4465 justi.
3155 4388 3302 4446 Alibi
3324 4387 3411 4445 di-

1819 4491 1894 4547 cit
1919 4508 1935 4547 :
1959 4488 2223 4557 Gaudete,
2255 4488 2352 4545 sed
2382 4503 2545 4544 unum
2571 4496 2675 4543 est.
2733 4486 2838 4542 Alii
2867 4484 3143 4542 exsultant
3168 4481 3223 4539 in
3248 4481 3414 4538 rebus

1823 4585 1988 4656 hujus
2013 4585 2223 4652 surculi,
2252 4584 2343 4640 alii
2379 4585 2431 4638 in
2466 4583 2612 4640 circo
2646 4582 2774 4638 :alii
2817 4581 2869 4637 in
2903 4580 3122 4636 theatro
3156 4595 3170 4633 :
3205 4577 3313 4636 Sed
3341 4587 3422 4645 tu,

130 4680 220 4739 tur,
267 4684 321 4730 et
357 4675 643 4741 docentis,
686 4675 960 4746 quomodo
1012 4675 1177 4732 homo
1225 4690 1382 4731 suum
1441 4681 1712 4732 mereatur

1825 4653 1956 4735 dicit
1978 4680 2241 4751 propheta
2275 4679 2569 4748 unicuique
2596 4688 2810 4743 sancto,
2841 4677 2895 4732 in
2929 4675 3160 4731 Domino
3180 4674 3419 4743 exsulta,

129 4769 395 4836 auxilium,
426 4771 474 4827 si
513 4769 610 4826 Dei
638 4769 891 4826 videlicet
913 4781 1182 4841 praecepta
1222 4770 1540 4828 custodiens
1563 4778 1715 4826 recto

128 4846 584 4918 teratur'itinere.
620 4861 806 4930 Itaque
833 4861 898 4917 ad
940 4862 1243 4932 perfectura
1275 4863 1562 4919 munditia:
1586 4863 1719 4919 dicit

130 4950 390 5010 hominem
426 4955 623 5012 venire
646 4970 752 5010 non
781 4969 958 5021 posse.
1009 4954 1078 5010 Et
1124 4971 1453 5026 quamquam
1482 4956 1551 5012 ad
1587 4971 1717 5026 per-

128 5042 309 5103 lectum
339 5047 633 5104 munditiae
654 5047 842 5103 venire
876 5062 984 5104 non
1007 5047 1222 5103 valeat:
1267 5056 1450 5104 tamen
1507 5049 1558 5103 in
1602 5049 1722 5104 ani-

128 5140 328 5195 malium
376 5140 606 5197 modum
669 5155 875 5210 pronus
922 5157 1032 5196 non
1061 5142 1266 5196 teratur
1299 5141 1354 5198 in
1397 5142 1548 5198 vitia.
1591 5141 1720 5197 Fir-

127 5233 258 5289 mabo
278 5253 441 5305 super
475 5244 526 5290 te
547 5235 720 5290 oculos
763 5252 924 5291 nicas.
984 5235 1098 5292 Vox
1155 5234 1360 5292 Christi
1417 5239 1483 5294 ad
1531 5237 1723 5294 Eccle-

126 5329 272 5384 siam.
305 5329 502 5384 Firma
523 5347 677 5400 super
706 5339 755 5384 te
774 5331 951 5384 oculos
986 5347 1126 5386 meos
1154 5346 1172 5386 :
1229 5330 1283 5386 id
1305 5341 1408 5398 est,
1437 5340 1718 5402 aspectum

126 5419 443 5479 divinitatis.
488 5421 737 5478 Firmabo
759 5439 913 5496 super
935 5433 982 5478 tc
1022 5425 1198 5479 oculos
1230 5440 1388 5490 meos,
1451 5433 1508 5479 ut
1545 5423 1602 5479 in
1641 5425 1724 5480 di-

129 5515 354 5574 lectione
376 5517 615 5573 luminis
645 5516 752 5572 mei
776 5531 1116 5588 permaneas.

191 5613 373 5670 Nolite
398 5614 520 5684 ﬁeri
539 5615 668 5669 sicut
690 5630 872 5685 equus,
914 5622 1020 5669 etc.
1044 5613 1146 5681 Qui
1171 5628 1274 5670 non
1299 5612 1394 5669 Dei
1418 5612 1724 5679 voluntate,

127 5707 214 5762 sed
240 5707 474 5780 proprio
499 5716 649 5763 motu
676 5722 736 5765 se
775 5721 968 5779 regere
1003 5705 1214 5775 volunt,
1273 5719 1330 5763 et
1379 5705 1615 5763 etl'renes
1670 5705 1726 5761 in

129 5800 393 5859 luxuriam
426 5801 713 5872 decidunt,
746 5801 845 5859 bos
869 5802 1136 5874 praphcta
1172 5809 1395 5859 coercet
1420 5799 1599 5858 verbis
1622 5810 1728 5858 ter-

129 5896 377 5954 ribilibus
399 5896 600 5956 dicens
634 5913 649 5955 ε

1824 4781 1880 4830 et
1901 4787 2008 4829 non
2039 4775 2092 4828 in
2124 4773 2579 4844 prosperitatibus
2603 4770 2811 4826 mundi.
2831 4769 3020 4825 Raetos
3041 4769 3181 4823 decet
3213 4768 3421 4823 collau-

1825 4869 1990 4922 datio.
2019 4866 2218 4922 Rectus
2251 4865 2404 4934 dicit,
2455 4865 2547 4935 qui
2579 4866 2632 4920 in
2659 4863 2904 4933 regulam
2949 4862 3197 4918 veritatis
3251 4859 3420 4915 corda

1826 4959 2359 5030 illorumdirigunt:
2421 4973 2527 5014 non
2578 4958 2815 5029 iniquos,
2857 4955 3074 5013 dicente
3101 4953 3418 5026 propheta:

1829 5055 1922 5112 Vae
1959 5055 2044 5112 his
2077 5055 2172 5129 qui
2198 5055 2384 5112 dicunt
2412 5055 2570 5110 dulce
2597 5069 2868 5120 amarum,
2911 5062 2966 5110 et
2991 5065 3235 5108 amarum
3260 5048 3422 5105 dulce

1827 5149 2013 5224 (Isaia:
2033 5152 2112 5223 v).

1901 5244 2234 5314 Conﬁtemini
2261 5242 2486 5299 Domino
2521 5244 2574 5297 in
2626 5241 2849 5296 cithara.
2893 5238 3117 5296 Cithara
3166 5238 3424 5295 deorsum

1831 5337 1993 5394 habet
2011 5352 2292 5404 cavamen,
2335 5346 2392 5392 et
2416 5351 2514 5393 sex
2533 5335 2768 5392 chordas
2791 5333 2974 5389 habet.
3007 5330 3188 5402 Opera
3211 5337 3431 5387 sancto-

1830 5447 1952 5488 rum
1976 5432 2353 5504 intelliguntur
2383 5445 2484 5502 per
2512 5429 2805 5494 citharam,
2851 5442 2972 5498 quae
2994 5433 3121 5482 sunt
3147 5440 3241 5481 sex
3260 5438 3431 5496 opera

1831 5525 2242 5582 misericordias.
2275 5523 2348 5580 Et
2370 5524 2438 5580 de
2462 5522 2572 5579 illis
2594 5520 2818 5578 chordis
2848 5519 2970 5575 alia:
2996 5518 3136 5575 bene
3164 5525 3385 5574 cantant
3411 5534 3425 5572 :

1829 5618 1951 5674 alia:
1981 5625 2345 5674 murmurant.
2381 5615 2474 5673 Sic
2501 5625 2555 5670 et
2581 5615 2778 5682 sancti,
2801 5612 2893 5668 alii
2915 5613 3016 5682 sic,
3046 5610 3138 5668 alii
3164 5625 3295 5668 vero
3325 5609 3429 5688 sic.

1831 5712 2159 5783 Conﬁtemini
2209 5711 2434 5766 Domino
2482 5711 2537 5764 in
2590 5707 2813 5764 cithara.
2872 5705 2934 5762 In
2975 5720 3140 5762 carne
3194 5702 3344 5759 vitiis
3377 5710 3436 5758 et

1831 5805 2282 5878 concupiscentiis
2336 5803 2660 5859 mortiﬁcata
2691 5815 2788 5870 per
2815 5814 3033 5856 crucem
3067 5795 3428 5854 Dominicam.

1836 5897 1901 5953 In
1926 5898 2169 5970 psalterio
2191 5897 2364 5951 decem
2389 5894 2701 5951 chordarum
2722 5891 2932 5964 psallite
2953 5892 3019 5946 ei.
3073 5891 3130 5947 In
3159 5887 3431 5958 Decalogo
