3944 6334
494 367 601 423 eis
1283 343 1633 414 APPENDlX
1676 344 1764 409 an
1801 340 2055 409 Tenuit
2087 336 2438 405 snr'rtttun
2484 346 2540 403 s.
2588 343 2988 401 HIERONYMI.
3667 342 3765 399 aut

498 480 895 537 mandatorum.
934 475 1255 531 Psilterium
1278 472 1566 527 des-ursum
1598 470 1758 525 liabet
1786 473 2044 523 cat-africa
2073 480 2089 521 :
2117 467 2171 525 Α
2195 465 2307 521 ειτιὶ
2349 464 2543 534 ﬁrmati
2582 470 2724 531 sunt,
2754 473 2799 516 et
2830 463 3017 531 spiritu
3049 461 3154 515 oris
3182 463 3298 533 ejus
3325 458 3490 513 omnis
3521 458 3670 513 virtus
3691 477 3765 514 eo-

500 574 812 646 praidicatio
865 572 949 627 vel
1001 564 1249 624 mandata
1277 566 1593 637 intelligitur
1626 561 1926 627 instinctis,
1973 573 2096 630 qua:
2198 576 2332 614 rum.
2367 557 2928 626 Triuitatis-majestas
2972 553 3415 609 manifestiSsime
3442 552 3764 607 declaratur:

500 642 570 724 de
598 665 848 736 supernis
876 661 1114 717 veniunt.
1146 658 1297 715 Unde
1322 658 1459 712 dixit
1488 675 1500 711 :
1546 650 1719 712 Omne
1773 653 1958 708 datum
1994 658 2093 721 opt-
2201 653 2482 721 Dominus,
2517 650 2775 717 Verbum,
2819 648 3060 720 Spiritus
3096 645 3332 702 Domini.
3368 642 3443 699 Et
3478 645 3662 715 spiritu
3685 646 3771 701 oris

500 760 716 825 timum,
769 765 827 812 et
867 764 1030 809 omne
1078 754 1276 807 donum
1316 749 1641 821 perfectum,
1672 748 1962 802 desursum
2015 752 2099 799 est
2201 746 2314 817 ejus
2358 745 2523 799 omnis
2570 743 2738 798 uirtus
2780 748 2981 798 eorum".
3025 740 3312 796 Paracleto
3353 739 3562 794 scilicet
3601 748 3772 809 coope—

504 849 847 904 descenden’s
867 860 901 900 a'
923 840 1085 901 Patre
1116 843 1403 907 luminum,
1465 840 1605 909 apud
1650 853 1811 909 qtmu
1865 853 1970 891 non
2016 843 2101 891 est
2202 847 2385 904 rante,
2410 836 2606 891 borum
2637 836 2869 891 virtutes
2897 836 3159 891 ccelorutn
3187 840 3388 889 creata:
3412 840 3559 886 sunt.
3582 829 3705 886 Nam
3730 832 3777 887 in

503 940 904 1004 transmutatio,
931 938 1015 992 vel
1040 934 1424 991 vicissitudinis
1445 932 1789 988 obuntbratio
1807 930 2014 997 (Iacob.
2034 934 2097 997 ι).
2204 930 2438 985 Domino
2461 929 2643 997 Pater,
2671 927 2723 983 in
2744 927 2921 983 Verbo
2942 926 3145 993 Filius;
3173 927 3225 981 in
3247 924 3447 996 Spiritu
3474 924 3607 989 oris,
3629 922 3777 992 Spiri-

504 1036 691 1091 Decem
711 1034 1043 1099 chordarum,
1088 1031 1141 1086 id
1172 1038 1278 1093 est,
1313 1029 1497 1083 decem
1550 1027 1711 1080 verba
1757 1025 1911 1097 legis.
1974 1023 2101 1078 Tria
2207 1033 2291 1081 tus
2320 1034 2540 1080 sanctus
2570 1024 2903 1080 declaratur.
2934 1024 3002 1079 Et
3026 1023 3151 1095 quia
3184 1022 3347 1089 dicit,
3370 1020 3475 1075 erit
3501 1024 3615 1093 ejus
3647 1033 3779 1077 :non

507 1127 759 1184 mandata
789 1127 843 1180 in
873 1136 979 1178 una
1012 1123 1211 1187 tabula,
1237 1130 1357 1192 qua:
1384 1120 1449 1174 ad
1483 1121 1643 1174 linem
1670 1116 1952 1173 Trinitatis
1982 1129 2103 1185 pcr-
2208 1118 2505 1189 procedens
2535 1118 2690 1189 quasi
2724 1118 2903 1173 minor
2928 1114 3207 1195 credatur.
3240 1115 3378 1171 Nam
3411 1114 3550 1170 Sicut
3576 1106 3777 1170 Filius:

510 1223 720 1288 tinent,
757 1221 870 1274 haec
895 1224 1055 1281 sunt;
1088 1217 1318 1287 primum
1352 1233 1362 1267 :
1396 1213 1556 1283 A'udi,
1614 1211 1797 1277 Israel,
1847 1210 2104 1264 Dominus
2208 1212 2368 1267 Patre
2394 1254 2409 1278 ,
2452 1221 2509 1267 et
2554 1212 2778 1282 mqualis
2824 1210 2967 1266 Patri
3015 1228 3031 1265 :
3080 1212 3155 1265 ita
3199 1216 3257 1266 e‘t
3303 1208 3543 1281 Spiritus
3583 1217 3781 1264 sanctus

516 1315 660 1370 Deus
684 1323 806 1368 tuus
832 1312 974 1366 Deus
1011 1325 1153 1365 unus
1180 1316 1294 1373 est;
1321 1308 1620 1362 secundum
1658 1323 1670 1357 :
1715 1303 1833 1358 Neu
1879 1301 2107 1357 habebis
2209 1304 2433 1374 aequalis
2478 1304 2621 1359 Patri
2656 1303 2885 1359 trahetur
2914 1318 2977 1358 ac
3006 1301 3169 1359 Filio.
3197 1301 3316 1369 Vel,
3344 1302 3532 1372 spiritu
3562 1301 3665 1355 oris
3691 1301 3784 1370 ἠύ

509 1425 704 1465 nomen
735 1407 827 1463 Dei
862 1408 935 1461 ιιιί
961 1407 1015 1460 in
1058 1414 1292 1468 vanum;
1354 1400 1614 1456 tertium:
1662 1397 1906 1454 Observa
1958 1395 2109 1450 diem'
2212 1399 2378 1453 omnis
2417 1400 2574 1453 uirtus
2613 1408 2811 1469 eorum,
2857 1398 2911 1453 id
2954 1402 3060 1465 est,
3111 1412 3213 1472 per
3249 1394 3511 1469 Spiritum
3558 1405 3780 1452 sanetum

510 1503 719 1561 sabbati
744 1500 1045 1574 (Deut.vn.
1071 1501 1319 1568 Septem,
1349 1497 1403 1550 in
1431 1494 1597 1550 altera
1621 1492 1824 1559 tabula,
1850 1488 1919 1543 ad
1941 1487 2110 1543 dilec-
2213 1493 2447 1547 virtutes
2496 1492 2737 1548 illorum.
2789 1492 2928 1561 Quia
2979 1506 3074 1563 per
3113 1492 3379 1563 Spiritum
3423 1498 3668 1547 sanctum
3706 1490 3783 1545 ita-

513 1598 717 1652 tionem
746 1592 976 1665 proximi
1002 1592 1297 1662 pertinent.

2228 1590 2453 1640 merant
2481 1578 2727 1641 diversas
2752 1585 2963 1657 gratias
2997 1602 3011 1640 :
3041 1582 3093 1641 id
3124 1586 3232 1652 est,
3266 1584 3519 1641 virtutes.
3550 1581 3681 1640 Nam
3709 1594 3785 1653 per

583 1688 802 1745 Caritate
838 1688 885 1741 ei
910 1686 1173 1740 canticum
1205 1696 1412 1736 novam.
1447 1678 1500 1733 Id
1531 1687 1635 1747 est,
1667 1677 1887 1748 pSallite
1925 1676 1973 1731 ei
2004 1688 2103 1731 nti-
2212 1693 2312 1735 nos
2343 1678 2479 1735 nihil
2508 1680 2635 1734 boni
2669 1678 2975 1748 habuimus,
3006 1680 3109 1735 nisi
3139 1694 3236 1750 per
3267 1680 3470 1750 ipsum.

511 1802 639 1841 vum
678 1782 955 1837 canticum
998 1797 1011 1835 :
1060 1780 1110 1832 id
1153 1784 1258 1845 est,
1308 1786 1503 1830 novam
1550 1773 1735 1839 vitam,
1769 1771 1893 1842 quia
1924 1776 2100 1826 novus
2284 1771 2616 1845 Cougregans
2646 1773 2777 1828 sicut
2803 1773 2859 1827 in
2886 1781 2999 1828 utre
3024 1790 3190 1846 aquas
3221 1775 3401 1829 maris.
3435 1774 3685 1832 Clausum
3714 1777 3785 1832 ηι-

512 1880 678 1933 homo
712 1877 869 1930 venit
895 1877 947 1929 iu
982 1872 1245 1927 mundum
1274 1889 1285 1924 :
1319 1878 1516 1924 novam
1546 1868 1717 1937 legem
1752 1865 1980 1920 instituit
2011 1878 2107 1919 no—
2138 1852 2191 1923 Β
2218 1866 2420 1920 toribus
2452 1880 2604 1922 mare
2630 1865 2889 1922 ostendit.
2916 1864 3244 1939 Congregaus
3270 1869 3400 1922 sicut
3424 1869 3477 1923 in
3507 1878 3618 1925 utre
3637 1885 3780 1941 aqua:

514 1972 621 2035 bis,
655 1976 710 2023 ct
742 1974 939 2023 not-am
973 1965 1276 2020 Ecclesiam
1308 1972 1402 2032 per
1433 1960 1785 2031 baptismum.
1818 1956 2037 2012 Cuntatr
2061 1958 2112 2012 ei
2214 1958 2390 2013 maris.
2435 1958 2539 2014 Per
2569 1973 2768 2030 aquas,
2803 1961 2986 2016 saeculi
3024 1960 3407 2017 tribulationes
3439 1962 3716 2032 signiﬁcat,
3742 1972 3787 2019 et

521 2064 780 2118 canticum
808 2068 1017 2125 norum,
1041 2057 1167 2128 quia
1199 2046 1517 2117 resurrexit,
1546 2052 1666 2123 quia
1696 2049 1852 2106 sedet
1880 2050 1947 2103 ad
1980 2048 2109 2104 dex-
2216 2056 2627 2123 perscctttioncs
2669 2062 2979 2108 sanctorum
3033 2071 3046 2107 :
3089 2054 3215 2125 quia
3248 2042 3386 2109 sicut
3420 2048 3580 2110 homo
3607 2050 3656 2110 in
3688 2064 3786 2112 utre

517 2162 655 2209 Iram
698 2152 890 2208 Patris.
935 2140 1072 2205 Bene
1110 2147 1317 2221 psallite
1354 2145 1421 2201 ei.
1468 2145 1563 2199 Ille
1607 2143 1747 2199 bene
1778 2142 1984 2211 psallit,
2017 2141 2106 2207 qui
2218 2156 2391 2219 aquas‘
2416 2147 2654 2220 stringit,
2685 2158 2739 2203 ct
2768 2148 2985 2220 quando
3019 2140 3129 2204 vult
3160 2146 3365 2220 Spargit
3404 2169 3417 2205 :
3453 2150 3529 2205 sic
3559 2142 3787 2206 Dominus

518 2247 706 2316 impie!
752 2247 803 2299 in
845 2252 1011 2313 opere
1048 2239 1193 2312 quod
1231 2244 1458 2294 cantat:
1493 2235 1545 2291 id
1576 2247 1682 2298 est,
1720 2233 2008 2305 pradicet.
2044 2231 2074 2285 1

2228 2236 2595 2297 tribulationes
2645 2238 2929 2310 licclesite,
2962 2246 3023 2296 ut
3064 2241 3138 2296 ait
3168 2236 3369 2296 Paulus
3400 2258 3415 2297 :
3442 2236 3639 2297 Fidelis
3667 2238 3785 2298 Deus

510 2340 845 2414 jubilatioue.
892 2326 1102 2391 Itiliilus
1142 2333 1362 2401 dicitur,
1409 2329 1554 2401 quod
1600 2340 1696 2383 nec
1743 2328 1963 2392 verbis,
2013 2332 2115 2382 llOC
2219 2335 2310 2404 qui
2355 2351 2460 2391 non
2506 2337 2744 2407 patietur
2785 2352 2887 2391 vos
2917 2337 3110 2392 tentari
3138 2350 3305 2407 super
3335 2336 3389 2393 id
3418 2336 3559 2408 quod
3591 2337 3788 2409 potestis

517 2433 765 2504 syllabis).
808 2441 861 2486 cl
900 2444 1001 2485 nec
1043 2427 1264 2493 “ueris.
1299 2440 1401 2480 nec
1428 2439 1559 2478 νυοε
1592 2430 1767 2494 P0"?Si
1798 2426 2115 2489 erumpere.-
2219 2430 2384 2497 l‘erre,
2430 2430 2525 2485 sed
2567 2431 2727 2486 faciet
2763 2428 2927 2485 etiam
2960 2440 3277 2501 proventum
3310 2439 3367 2485 ut
3398 2432 3616 2500 possitis
3640 2433 3780 2486 susti-

516 2536 611 2581 aut
657 2521 1127 2593 comprehendere
1172 2524 1438 2591 quantum
1491 2517 1659 2571 homo
1708 2517 1879 2570 Deum
1920 2512 2073 2567 debez

2222 2537 2349 2578 nere
2376 2523 2417 2599 (l
2443 2522 2564 2578 Car.
2591 2521 2670 2596 ι).
2698 2522 3028 2596 Congregaus
3056 2525 3188 2577 sicut
3212 2525 3265 2579 in
3292 2534 3427 2591 utre,
3454 2526 3506 2580 in
3539 2539 3670 2580 novo
3696 2523 3775 2579 Rc-

518 2621 764 2675 lattdttre.
798 2616 939 2672 Bene
963 2616 1172 2688 psallite
1204 2614 1249 2669 ei
1277 2614 1331 2668 iu
1360 2612 1741 2685 vociferatione.
1780 2609 1882 2665 Par
1910 2607 2117 2677 iubila-
2220 2617 2401 2672 εἰδεῖτε
2432 2617 2647 2672 homine
2677 2633 2692 2673 :
2722 2632 2888 2688 aquas
2925 2621 3105 2685 maris,
3131 2618 3318 2674 surculi
3351 2620 3602 2691 populos,
3624 2629 3675 2674 ιιι
3697 2619 3788 2674 sint

517 2716 726 2768 tionem
768 2711 1044 2779 quandtm
1089 2708 1456 2770 sacerdotum,
1501 2705 1725 2760 Jerielto
1765 2703 1949 2757 mundi
1978 2700 2117 2771 iing
2221 2708 2406 2764 vinum
2451 2723 2685 2775 novum,
2727 2706 2866 2765 sicut
2905 2708 3170 2765 Dominus
3214 2711 3321 2778 ait,
3366 2713 3418 2766 in
3462 2721 3610 2767 utres
3645 2722 3790 2766 navos

522 2821 639 2861 ram
682 2804 928 2859 retinetis
967 2801 1176 2858 comm
1217 2798 1354 2871 (Ῑοει
1402 2798 1512 2870 Vl).
1556 2802 1700 2853 nunc
1741 2810 1836 2866 Per
1873 2802 2119 2850 nostram
2227 2801 2411 2871 (Matt.
2445 2800 2523 2873 ix)
2558 2801 2652 2857 :id
2684 2811 2787 2869 est,
2824 2798 3207 2873 Etangclicum
3237 2814 3593 2876 praeceptum,
3625 2819 3789 2859 recon-

522 2900 849 2964 orationcm,
879 2897 999 2967 ejus
1026 2888 1487 2965 concupiscentiae
1514 2891 1814 2948 eliduntur.
2224 2893 2394 2949 ditum
2428 2893 2481 2948 in
2514 2892 2774 2949 cordibus
2819 2893 3183 2949 credentium.
3235 2894 3446 2949 Peneus
3481 2894 3534 2949 in
3571 2893 3790 2949 thesauris

597 2994 855 3060 Quoniam
898 3000 1067 3045 rectus
1106 3000 1180 3044 est
1221 3000 1390 3043 sermo
1438 2986 1669 3042 Domini.
1713 2983 1824 3040 Nec
1855 2984 1910 3038 in
1937 2979 2125 3054 aliqud
2225 2986 2457 3056 abyssos.
2500 2984 2546 3040 Ο
2591 3000 2784 3054 magna
2829 2984 3105 3041 Creatoris
3136 2989 3398 3058 potentia,
3434 2982 3715 3043 recondens
3742 2985 3789 3041 in

525 3096 803 3153 curvatur,
850 3086 945 3140 Sed
993 3082 1408 3155 prnspe‘rabitur
1448 3082 1501 3135 in
1544 3077 1630 3135 his
1679 3079 1746 3134 ad
1777 3090 1901 3149 quae
1937 3078 2124 3149 dirigit
2226 3077 2501 3133 thesauris
2528 3077 2757 3149 abyssos
2789 3094 2803 3133 :
2835 3077 3148 3149 producens
3173 3066 3243 3135 de
3285 3076 3555 3135 thesauris
3585 3077 3788 3134 ventos!

522 3182 697 3235 illum.
725 3179 795 3235 Et
821 3178 994 3232 omnia
1020 3183 1178 3254 opera
1202 3180 1314 3247 ejus
1337 3176 1391 3229 in
1423 3172 1548 3244 ﬁde.
1574 3173 1720 3230 Sicut
1752 3174 1827 3227 ait
1857 3173 1912 3227 in
1939 3172 2118 3228 Evan-
2190 3250 2196 3254 ι
2226 3171 2430 3227 Tamen
2470 3171 2561 3226 hic
2600 3170 2852 3242 abyssos,
2887 3172 3277 3244 mysteriorum
3307 3172 3605 3229 cmlcstium
3632 3172 3789 3227 altituo

525 3273 688 3347 gelio.
712 3272 772 3327 Si
802 3269 1108 3325 habueritis
1138 3250 1301 3322 iidem
1330 3267 1619 3336 integram.
1649 3273 1704 3319 et
1726 3264 1975 3320 dixeritis
2002 3264 2127 3322 huic
2148 3250 2200 3320 C
2230 3266 2409 3322 dinem
2444 3265 2819 3337 intelligimus,
2847 3267 3002 3337 juxta
3043 3254 3173 3323 illud
3202 3268 3446 3347 Aposmli
3479 3284 3494 3325 ε
3524 3266 3569 3325 0
3591 3266 3790 3323 altitudo

529 3342 725 3429 innati,
756 3362 1018 3419 Transfer
1044 3369 1095 3417 te
1122 3372 1178 3416 et
1209 3362 1363 3415 mitte
1392 3368 1449 3414 te
1478 3360 1531 3413 in
1562 3370 1747 3413 amre:
1781 3360 1870 3412 tiet
1902 3356 2122 3429 (litauit.
2227 3354 2543 3415 divitiarum
2566 3359 2873 3430 sapientiae,
2902 3367 2959 3415 et
2975 3360 3217 3416 scientiae
3243 3342 3335 3417 Dei
3358 3357 3536 3433 (Rom.
3562 3354 3661 3434 it)!
3686 3352 3786 3433 i’cl,

528 3458 685 3524 xvtt).
721 3455 789 3510 Et
817 3453 993 3508 omnia
1023 3452 1379 3523 quaecumque
1406 3449 1640 3506 lideliter
1665 3450 1935 3521 petieritis
1961 3464 1975 3504 :
2000 3464 2125 3505 cre-
2227 3454 2283 3507 iu
2324 3453 2613 3519 tlreeauris,
2647 3453 2697 3507 id
2730 3463 2834 3519 est,
2868 3453 2920 3508 ιιι
2960 3453 3299 3510 abstandilis
3328 3453 3447 3511 Dei.
3482 3452 3782 3522 Tbesaurus,

530 3551 645 3606 dite
685 3551 812 3621 quia
853 3547 1150 3617 accipietis,
1196 3555 1250 3602 et
1290 3547 1515 3601 venient
1547 3546 1717 3599 vobis.
1749 3544 1885 3613 Quia
1943 3553 2127 3601 rectus
2232 3544 2282 3601 id
2323 3553 2430 3611 est,
2477 3545 2701 3616 largitas
2731 3562 2746 3603 :
2774 3544 2878 3601 huc
2905 3558 3011 3614 est,
3044 3548 3370 3617 profundum
3399 3548 3785 3620 Scripturarnm.

530 3652 615 3697 est
643 3654 824 3698 sermo
854 3641 1095 3705 Domitii,
1125 3648 1179 3695 et
1217 3640 1399 3695 omnia
1428 3652 1597 3710 opera
1629 3637 1746 3708 cius
1778 3638 1831 3691 iu
1861 3638 1986 3693 title.
2024 3637 2130 3694 lle-
2231 3638 2388 3695 Uude
2430 3639 2537 3695 alio
2577 3639 2698 3694 loco
2723 3638 2857 3694 dicit
2887 3650 2902 3695 :
2933 3640 3034 3709 Qui
3065 3640 3315 3710 producit
3350 3648 3568 3698 ventum
3595 3644 3657 3697 de
3683 3641 3783 3696 tlte-

529 3746 653 3792 ctus
680 3746 766 3791 est
795 3736 846 3788 in
875 3732 1063 3789 rectis.
1085 3731 1263 3799 Opera
1291 3731 1411 3802 ejus
1440 3731 1496 3786 iu
1530 3728 1659 3796 Ilde,
1684 3730 1739 3786 in
1773 3729 1878 3785 llde
1905 3740 2127 3785 sancto:
2231 3733 2409 3789 sauris
2435 3733 2551 3788 suis
2581 3732 2756 3805 (Psat.
2787 3734 3034 3806 cxxxtv).
3064 3724 3199 3790 Nam
3230 3744 3495 3807 quantum
3527 3734 3683 3791 voluit
3707 3748 3785 3805 per

531 3846 710 3886 rum-2
752 3829 874 3898 quia
917 3826 1060 3898 quod
1107 3824 1376 3897 promittit
1416 3823 1557 3879 Deus
1597 3825 1799 3878 sanctis
1842 3824 1980 3891 suis,
2020 3838 2129 3879 non
2232 3841 2418 3881 servos
2452 3840 2579 3880 suos
2606 3826 2764 3881 nobis
2794 3826 3174 3882 demonstrare
3209 3843 3225 3884 ζ
3256 3836 3467 3883 tantum
3498 3836 3591 3899 per
3614 3842 3698 3883 nos
3719 3826 3786 3880 in.

531 3924 816 3980 mentitur.
1854 3920 1865 3931 '
2234 3919 2478 3989 tolllgere
2517 3918 2792 3991 potuimus
2819 3935 2834 3974 :
2867 3920 3039 3989 ipsam
3069 3920 3493 3992 profunditatem
3522 3919 3785 3992 Scriptura-

604 4016 791 4088 Ditigit
838 4012 1269 4075 misericordiam,
1299 4016 1345 4065 et
1376 4010 1643 4085 judicium
1670 4009 1947 4064 Dominus.
1978 4009 2126 4077 Quo-
2232 4026 2351 4068 rum
2383 4024 2717 4083 nequaquam
2744 4026 3049 4082 possumus.

532 4108 697 4163 modo
739 4104 892 4170 dicit,
939 4104 1111 4178 diligit
1154 4103 1585 4169 ttiisericordiant,
1620 4116 1741 4157 cum
1785 4103 1838 4156 in
1868 4102 1978 4156 alio
2008 4103 2130 4158 loco
2308 4104 2506 4159 Timent
2531 4101 2817 4159 Demittunt
2846 4107 3010 4160 omnis
3030 4118 3185 4161 terra.
3212 4107 3311 4175 Qui
3340 4115 3557 4165 terrena
3582 4106 3783 4176 sapiunt.

532 4202 677 4257 dicat
700 4218 714 4254 :
737 4199 817 4254 Ne
843 4197 1155 4254 miserearis
1182 4197 1407 4267 pauperi
1434 4196 1487 4250 in
1508 4190 1711 4265 judicio
1738 4188 1933 4266 (Exod.
1960 4192 2126 4265 xxii):
2235 4198 2409 4267 ipsum
2440 4198 2643 4270 potius,
2674 4204 2729 4252 et
2760 4212 2866 4253 non
2896 4209 3225 4265 creaturam,
3260 4200 3512 4256 adorent.
3542 4199 3615 4255 Ab
3640 4215 3689 4253 eo
3710 4213 3787 4250 tut-

432 4326 435 4329 λ
534 4291 586 4347 id
617 4299 723 4356 est,
754 4304 869 4345 non
901 4297 1130 4360 propter
1174 4298 1467 4358 pauperem
1499 4298 1598 4340 nec
1630 4294 1852 4355 proritet
1876 4284 1988 4339 divi

2234 4299 2335 4343 tem
2378 4299 2788 4344 commoveantur
2829 4304 3010 4344 omnes
3056 4292 3402 4347 inhabitantes
3449 4293 3633 4347 orbem.
3684 4288 3784 4344 ηειιέ

533 4392 644 4442 non
682 4395 907 4456 propter
933 4382 1243 4455 proximum
1269 4392 1324 4438 et
1357 4380 1737 4451 longinquum,
1767 4393 1877 4435 non
1902 4389 2130 4450 propter
2234 4382 2452 4453 quidam
2497 4382 2565 4438 de
2612 4382 2795 4438 futuro
2840 4382 3174 4440 arbitrantur
3215 4384 3447 4455 judicio,
3489 4385 3581 4441 sed
3621 4383 3679 4439 ad
3717 4396 3786 4438 se-

531 4483 808 4552 cognitum
849 4493 905 4535 et
950 4478 1309 4550 incognitum,
1358 4474 1600 4530 declines
1633 4489 1663 4528 a
1695 4481 1845 4529 recto
1868 4472 2129 4542 judicio:
2234 4485 2489 4548 quentem
2541 4478 2939 4547 expositionem
2992 4479 3162 4551 magis
3209 4480 3530 4557 respiciunt.
3576 4479 3652 4535 Ab
3695 4476 3789 4547 ipso

532 4575 632 4630 sed
672 4574 824 4646 prius
860 4572 1040 4643 iudica
1073 4580 1285 4626 rectum
1310 4568 1596 4639 judicium,
1628 4576 1681 4621 ot
1711 4573 1897 4636 postea
1924 4564 2119 4621 subve-
2234 4579 2417 4627 autem
2458 4577 2910 4626 commoveantur
2954 4572 3213 4632 universi.
3258 4586 3455 4629 omnes
3496 4572 3584 4644 qui
3613 4568 3790 4626 inhabi-

532 4670 648 4723 uiat
675 4665 1064 4722 misericOrdia.
1097 4663 1281 4734 Diligit
1304 4659 1733 4727 misericordiam,
1760 4660 1885 4731 quia
1915 4674 2015 4715 nos
2043 4670 2131 4714 as-
2157 4646 2214 4709 D
2240 4672 2349 4718 tant
2392 4663 2605 4719 orbem.
2650 4662 2734 4718 Ab
2775 4663 2894 4732 ipso
2920 4662 3034 4719 Deo
3062 4674 3514 4720 commoveantur
3544 4662 3788 4720 universi:

528 4770 753 4832 sumpta
785 4772 951 4813 carne
978 4755 1234 4821 redemit,
1257 4762 1316 4811 et
1336 4754 1626 4825 judicium,
1653 4754 1741 4823 qui
1772 4753 1911 4808 inter
1933 4752 2085 4822 impit

2237 4756 2290 4812 id
2321 4766 2426 4823 est,
2449 4756 2518 4813 de
2544 4756 2863 4813 inﬁdelitate
2894 4758 2959 4811 ad
2989 4756 3174 4814 ﬁdem.
3212 4757 3307 4813 Vel
3335 4759 3573 4815 universi
3597 4775 3611 4813 :
3632 4760 3790 4811 omnes

526 4855 814 4924 iustosque
862 4850 1142 4906 discernit.
1171 4845 1541 4903 Misericordia
1588 4844 1801 4900 Domini
1848 4845 2002 4917 plena
2052 4853 2130 4900 est
2236 4861 2503 4907 creatum
2547 4852 2617 4907 ab
2655 4850 2777 4921 ipso
2813 4851 3060 4919 veniunt,
3104 4863 3159 4909 et
3204 4858 3312 4909 non
3352 4854 3494 4910 sicut
3521 4856 3793 4924 peccatores

531 4958 689 5002 terra.
721 4944 892 5000 Totus
937 4941 1193 4997 mundus.
1230 4939 1324 4995 Vel
1369 4948 1537 5008 terra,
1568 4948 1753 4994 sancta
1789 4938 2029 5021 Ecclesia
2059 4937 2130 4995 de
2236 4944 2443 5011 dicunt,
2494 4942 2638 5014 quod
2688 4953 2902 5015 tempus
2945 4938 3063 5000 illas
3108 4944 3370 5013 adducit,
3414 4952 3471 5003 et
3510 4962 3609 5003 non
3637 4944 3791 5000 Deus:

528 5041 911 5099 misericordia
961 5037 1059 5095 Dei
1099 5036 1257 5108 plena
1297 5044 1383 5091 est
1426 5052 1441 5090 :
1483 5034 1606 5104 quia
1638 5034 1778 5090 sicut
1803 5033 1898 5089 ille
1927 5032 2131 5104 ubique
2235 5038 2361 5109 quia
2402 5046 2458 5092 et
2495 5046 2765 5107 tempora,
2804 5045 2862 5093 et
2902 5036 3039 5105 dies,
3071 5049 3124 5094 et
3153 5046 3353 5107 annos,
3384 5038 3473 5095 vel
3515 5043 3665 5095 etiam
3694 5047 3793 5091 mo-

530 5145 638 5201 est,
683 5127 745 5191 ct'
778 5149 875 5190 sua
917 5129 1290 5188 misericordia
1322 5145 1443 5185 cum
1474 5128 1589 5195 illo,
1618 5138 1674 5185 et
1699 5128 1769 5183 ab
1794 5126 1886 5182 illo
1913 5128 2129 5197 insepa-
2236 5130 2418 5185 menta
2449 5129 2592 5185 Deus
2620 5130 2925 5185 constituit.

528 5228 719 5285 rabilis
745 5237 832 5285 est
864 5246 877 5282 :
908 5226 1037 5299 quia
1064 5239 1173 5280 non
1198 5231 1410 5280 tantum
1430 5232 1490 5278 nt
1507 5221 1691 5293 iustos
1711 5220 2009 5286 custodiat,
2031 5220 2129 5276 de-
2308 5224 2445 5291 Quia
2484 5225 2596 5294 ipse
2636 5224 2794 5292 dixit,
2839 5233 2888 5278 et
2925 5226 3066 5294 facta
3104 5233 3226 5281 sunt
3268 5233 3290 5282 ἐ
3317 5227 3432 5298 ipse
3469 5223 3734 5289 mandarit,
3758 5227 3796 5276 et

529 5320 764 5389 scendit,
806 5320 903 5377 sed
945 5326 1008 5376 It
1045 5326 1363 5390 peceatores
1400 5314 1719 5382 redimeret,
1753 5322 1815 5370 ut
1839 5312 2021 5370 salvos
2049 5312 2128 5368 ta-
2232 5325 2406 5373 creata
2429 5325 2565 5372 sunt.
2592 5315 2722 5373 Ideo
2746 5315 2925 5387 ipsum
2951 5327 3149 5373 cuncta
3175 5320 3405 5375 timeant
3427 5335 3442 5375 :
3467 5320 3589 5392 quia
3613 5317 3675 5373 ab
3699 5316 3797 5385 ipso

528 5423 696 5472 ceret;
2233 5408 2317 5464 vel
2361 5407 2501 5464 facta
2543 5418 2695 5476 sunt,
2737 5408 2825 5464 vel
2865 5417 3069 5464 creata.
3114 5409 3238 5482 Ipse
3278 5412 3412 5466 dixit
3440 5430 3459 5468 :
3493 5412 3592 5468 hoc
3616 5418 3693 5464 est
3719 5416 3798 5477 per

610 5506 775 5562 Verbo
810 5505 1025 5563 Domini
1066 5503 1181 5561 eali
1223 5502 1417 5574 ﬁrmi
1456 5510 1601 5556 sunt.
1646 5499 1885 5555 Verbum
1926 5498 2125 5566 Patris,
2231 5501 2454 5567 Filium,
2483 5501 2573 5572 qui
2613 5502 2837 5557 verbum
2863 5511 2967 5569 est,
2994 5503 3131 5559 dixit
3164 5518 3180 5558 :
3214 5503 3502 5575 mundam,
3532 5514 3626 5577 per
3651 5503 3802 5571 unpe-

527 5598 699 5656 Filius
725 5611 830 5655 est.
860 5598 990 5655 (freti
1025 5596 1216 5669 ﬁrmati
1244 5605 1367 5652 sunt
1395 5611 1415 5649 :
1443 5592 1621 5649 sancti
1650 5590 1886 5663 apostoli
1914 5606 2011 5662 per
2042 5592 2122 5662 ip-
2232 5596 2375 5650 rium
2404 5612 2420 5652 :
2451 5593 2553 5652 hoc
2580 5597 2685 5662 est,
2721 5594 3189 5653 inenarrabiliter.

527 5709 649 5749 sum
681 5694 733 5748 iu
763 5692 891 5750 ﬁde.
934 5691 1101 5748 Verba
1140 5686 1353 5744 Domini
1380 5686 1497 5744 casti
1524 5685 1717 5756 ﬁrmati
1745 5693 1888 5740 sunt.
1921 5682 1975 5739 In
2005 5684 2129 5754 ipso
2302 5684 2557 5743 Dominus
2596 5686 2820 5753 dissipat
2865 5689 3090 5744 comitia
3125 5693 3384 5763 gentiam.
3417 5690 3710 5750 Secundum
3737 5684 3799 5741 il-

533 5783 738 5851 Vcrbo,
764 5784 911 5854 quod
939 5791 1055 5840 erat
1083 5782 1137 5836 in
1172 5780 1439 5851 principio
1470 5777 1615 5851 apud
1645 5777 1816 5835 Deum
1850 5794 1865 5833 :
1896 5777 2013 5833 sive
2046 5777 2127 5832 vi-
2231 5780 2322 5836 Iud
2354 5798 2369 5838 :
2404 5780 2522 5837 Non
2549 5790 2636 5838 est
2661 5781 2971 5847 comitium,
2999 5797 3110 5840 non
3137 5794 3223 5841 est
3257 5786 3560 5857 prudentis,
3597 5794 3697 5842 non
3722 5786 3796 5837 est

528 5876 718 5931 siciles
742 5875 890 5944 eali,
917 5876 1028 5930 sive
1054 5874 1289 5945 apostoli
1320 5882 1449 5930 sunt
1486 5872 1677 5930 creati.
1718 5870 1883 5927 Verbo
1911 5871 2125 5928 Domini
2230 5874 2515 5945 sapientia,
2544 5888 2651 5930 non
2678 5883 2764 5931 est
2791 5874 3054 5934 fortitudo
3080 5887 3271 5937 contra
3292 5878 3463 5939 Dem
3483 5876 3657 5957 (Preti.
3681 5876 3792 5949 ιιι).
