3944 6334
194 270 285 327 917

1060 266 1489 326 RREVIARIUM
1529 267 1596 326 IN
1635 267 1974 328 PSAthOS.
2016 269 2264 328 PSALM.
2309 267 2526 326 XXXII.

3363 269 3471 327 9l8

195 388 425 443 Dominus
467 386 686 457 dissipat
708 384 927 441 consilia
952 385 1181 456 gentium
1214 400 1232 440 :
1261 383 1573 441 Jutlteorum
1614 384 1761 440 scili-
1789 391 1841 449 Α
1939 385 2063 441 Νοη
2103 385 2385 440 salvabitur
2421 402 2512 442 rea:
2551 402 2640 456 per
2682 386 2902 441 multam
2942 386 3207 452 uirtutem,
3249 395 3293 439 et
3320 387 3467 457 gigas

195 490 285 547 cet,
323 479 411 550 qui
456 487 732 550 tamquam
777 478 1037 534 increduli
1064 488 1255 534 contra
1282 477 1453 533 Deum
1484 477 1757 535 Christum

193 583 478 632 susurrant.
533 573 627 629 Vel
673 574 900 645 dissipat
941 572 1172 629 consilia
1202 588 1412 639 eorum,
1438 570 1532 649 qui
1566 571 1759 626 turrim

190 667 439 724 mdillcare
462 668 776 733 voluerunt;
798 666 1086 732 destruxit,
1110 675 1167 720 ut
1191 664 1326 721 illud
1355 684 1367 720 :
1397 664 1607 731 Venite,
1630 677 1760 719 con-

190 761 461 819 fundamus
493 760 694 817 ibidem
729 760 942 832 linguas
970 775 1159 815 eorum
1186 756 1340 831 (Gen.
1374 756 1477 827 XI).
1499 755 1760 828 Reprobat

189 866 339 912 autent
380 856 720 930 cogitationes
767 854 1098 927 populorum.
1142 852 1255 908 Hoc
1298 859 1403 918 est,
1445 849 1759 906 Judzenrum

188 949 411 1011 consilia,
435 948 562 1018 quia
591 962 697 1004 non
730 955 1021 1017 potuerunt
1048 945 1139 1001 illa
1170 943 1346 1001 facere
1378 944 1477 999 nisi
1502 951 1760 1013 quantum

190 1058 214 1096 a
250 1044 349 1096 Deo
389 1041 717 1112 prmfinitum
763 1039 878 1096 fuit.
918 1040 1176 1110 Reprobat
1208 1049 1385 1093 autem
1424 1037 1761 1110 cogitationes

187 1134 481 1209 populorum
514 1152 529 1190 :
561 1134 982 1202 Pharisaeorum,
1005 1143 1061 1190 et
1088 1132 1536 1195 Sadduczrornm,
1565 1129 1651 1187 vel
1678 1142 1762 1186 re-

188 1230 437 1300 liquarum
485 1235 816 1299 potestatum
866 1242 1090 1298 genera.
1140 1224 1210 1280 Et
1257 1224 1496 1298 reprobat
1544 1222 1762 1278 consilia

190 1322 482 1393 prinripum.
547 1322 662 1377 Hoc
713 1331 828 1390 cst,
873 1319 1044 1376 Annae
1086 1329 1142 1374 et
1176 1316 1398 1389 Caiphae
1424 1358 1440 1385 ,
1484 1315 1611 1387 quia
1662 1315 1763 1386 ipsi

190 1415 441 1487 principes
479 1424 639 1471 erant
675 1415 919 1485 ipsorum
963 1411 1310 1470 sacerdotum
1337 1410 1431 1483 qui
1466 1409 1761 1482 primatum

190 1506 423 1562 tenebant
455 1505 620 1575 hujus
645 1505 890 1562 sceleris.
926 1505 1037 1561 llos
1073 1518 1263 1561 omnes
1288 1518 1411 1559 cum
1440 1504 1556 1558 suis
1580 1501 1764 1557 consi-

190 1602 261 1656 liis
290 1601 543 1657 Dominus
569 1602 902 1669 resurgendo
923 1596 1212 1656 destruxit.

249 1693 522 1749 Consilium
552 1710 668 1749 vero
709 1692 918 1748 Domini
955 1700 1125 1748 manet
1164 1692 1217 1747 in
1265 1701 1537 1748 teternum.
1573 1689 1765 1748 Consi-

1861 495 1964 535 non
2012 478 2299 534 saloabitur
2344 481 2398 533 in
2441 479 2774 535 multitudine
2819 480 3026 534 virtutis
3068 495 3197 535 sucu.
3231 479 3337 536 Sed
3369 494 3468 550 per

1858 572 2146 642 juSIitiam,
2188 581 2242 626 et
2273 571 2539 627 auxilium
2592 572 2710 628 Dei.
2744 571 2878 627 Nam
2910 582 2965 628 et
2993 571 3165 628 Goliae
3194 571 3469 628 fortitudi-

1862 681 1987 721 nem
2035 664 2280 722 confudit
2329 665 2469 721 Dens
2521 681 2617 737 per
2650 681 2869 720 manum
2927 664 3093 720 David
3143 666 3299 738 pueri
3351 667 3456 722 sui.

1861 755 1978 813 Non
2030 755 2089 812 lit
2133 757 2316 814 salvus
2359 772 2453 814 rex
2502 773 2601 829 per
2645 758 3051 814 multitudinem
3079 759 3299 815 virtutis
3328 775 3465 816 suae.

1862 848 2082 921 Quare?
2102 851 2228 921 quia
2250 849 2383 905 alibi
2403 850 2535 906 dicit
2559 868 2574 905 :
2603 850 2865 907 Dominus
2890 860 2974 907 est
2994 851 3141 907 salus
3163 850 3337 922 (Psal.
3361 851 3469 928 tu).

1862 942 1972 998 Nec
1996 942 2150 1014 gigas
2169 943 2359 998 salvus
2384 944 2489 998 erit
2513 940 2568 997 in
2602 942 2953 1000 multitudine
2976 943 3310 1001 fortitudinis
3330 959 3464 1000 suas.

1863 1035 2030 1108 Gigas
2078 1051 2180 1108 pro
2219 1050 2314 1091 sua
2358 1035 2679 1093 fortitudine
2721 1036 2945 1094 dicitur.
2989 1035 3100 1094 Nec
3139 1037 3256 1110 ipse
3282 1038 3466 1095 salvus

1863 1145 1986 1186 esse
2018 1138 2197 1201 potest
2231 1144 2326 1199 per
2348 1129 2725 1187 fortitudinem
2750 1145 2925 1199 suam,
2960 1133 3101 1187 sicut
3122 1133 3373 1203 superius
3400 1134 3468 1189 de

1864 1222 2022 1279 Golia
2048 1230 2101 1277 et
2131 1221 2321 1275 David.

1938 1313 2138 1371 Fallax
2163 1330 2325 1386 equus
2352 1314 2420 1369 ad
2447 1314 2688 1381 salutem,
2718 1314 2772 1371 in
2801 1315 3124 1372 abundantia
3164 1327 3334 1372 autent
3362 1316 3468 1372 vir-

1866 1411 1993 1465 tutis
2034 1424 2144 1464 sua:
2187 1424 2291 1462 non
2330 1406 2632 1463 saluabitur.
2665 1408 2780 1464 Nisi
2820 1410 2961 1465 Deus
3002 1408 3169 1466 fuerit
3210 1424 3469 1466 ascensor

1865 1501 2003 1572 ejus.
2051 1498 2250 1555 Fallax
2285 1516 2446 1571 equus
2481 1502 2550 1554 ad
2590 1501 2828 1555 salutem.
2873 1501 3085 1573 Equus,
3117 1516 3314 1574 corpus
3366 1503 3469 1557 bu-

1867 1614 2109 1667 manum,
2137 1598 2442 1669 jmncntum
2474 1609 2557 1653 εει
2594 1599 2822 1665 animas,
2855 1597 2978 1654 ideo
3005 1597 3186 1653 fallax.
3218 1596 3284 1652 In
3311 1598 3473 1653 abun-

1867 1695 2048 1749 dantia
2086 1704 2258 1749 autem
2299 1693 2508 1747 virtutis
2547 1707 2677 1761 sua,
2723 1706 2832 1747 non
2874 1694 2979 1749 erit
3019 1694 3204 1750 salvus
3236 1713 3249 1749 :
3283 1694 3335 1750 id
3362 1702 3471 1762 est,

188 1792 302 1846 lium
343 1788 553 1845 Domini
593 1787 715 1855 fuit,
747 1795 807 1843 ut
845 1796 1156 1857 resurgeret
1188 1802 1214 1838 a
1249 1785 1503 1853 mortuis,
1536 1785 1681 1840 sicut
1707 1793 1765 1839 et
1795 1796 1843 1856 Β
1870 1803 1971 1845 nec
2000 1788 2172 1860 gigas,
2206 1801 2310 1843 nec
2337 1801 2461 1842 rex.

192 1883 324 1939 fecit.
367 1881 511 1938 Istud
551 1878 1081 1946 consiliumJudaai,
1112 1878 1195 1935 vel
1220 1878 1495 1950 principes
1524 1877 1761 1943 illorum,

189 1976 451 2032 destruere
485 1990 594 2028 non
638 1981 948 2040 potuerunt.
985 1972 1333 2044 Cogitationes
1363 1970 1534 2025 cordis
1567 1971 1682 2041 ejus
1713 1968 1767 2023 in

186 2068 498 2141 generatione
525 2076 572 2122 et
602 2065 1006 2138 generationem.
1037 2063 1182 2119 Nihil
1205 2078 1270 2118 ex
1301 2062 1381 2119 eis
1409 2061 1767 2128 diminuetur,

183 2164 323 2233 juxta
361 2161 493 2217 illud
526 2179 542 2217 :
569 2160 788 2217 C(elum
830 2169 884 2216 et
916 2169 1057 2215 terra
1089 2157 1398 2215 transibunt
1430 2173 1443 2210 :
1474 2156 1639 2212 verba
1669 2168 1767 2210 au-

190 2265 290 2310 tem
317 2270 431 2310 mea
462 2269 567 2310 non
609 2253 964 2324 praeteribunt
993 2251 1173 2323 (Matt.
1205 2251 1383 2320 xxiv).

253 2346 407 2404 Beata
444 2364 592 2420 gens,
624 2346 776 2418 cujus
811 2357 888 2401 est
922 2345 1178 2400 Dominus
1207 2342 1351 2399 Deus
1380 2346 1515 2411 eius.
1550 2342 1663 2398 Hoc
1691 2351 1775 2399 est

190 2438 276 2510 qui
315 2437 543 2494 credunt
579 2436 726 2508 quod
770 2436 1035 2491 Dominus
1074 2435 1282 2491 creavit
1324 2434 1441 2490 illas
1469 2441 1773 2501 creaturas,

194 2532 325 2587 unde
361 2532 613 2602 superius
652 2531 988 2587 mentionem
1027 2526 1159 2585 fecit
1190 2544 1205 2585 :
1239 2543 1345 2583 non
1388 2526 1531 2596 quod
1562 2534 1775 2597 tempus

195 2626 310 2689 illas
333 2625 584 2683 adducat.
623 2624 750 2694 Vel,
779 2624 927 2679 beata
967 2641 1109 2695 gens,
1142 2622 1596 2691 Christianorum,
1627 2621 1778 2692 cujus

196 2717 433 2772 Dominus
476 2715 620 2771 Deus
664 2720 801 2789 ejus.
850 2717 1136 2771 Dominum
1183 2716 1327 2770 enim
1369 2715 1525 2786 elegit
1575 2714 1778 2772 habere

197 2810 377 2879 Deum,
419 2810 578 2866 idolis
615 2808 914 2866 derelictis.
946 2806 1186 2880 Populus
1224 2824 1376 2880 quem
1412 2808 1569 2881 elegit
1599 2807 1779 2865 Domi-

195 2919 285 2958 nus
324 2904 377 2957 in
413 2902 771 2959 htereditatem
811 2902 928 2957 sibi.
961 2901 1068 2972 lpsi
1114 2902 1369 2973 pepulum
1409 2903 1778 2960 CltriStianum

196 2996 244 3051 in
287 2996 659 3054 haareditatem
701 2995 825 3064 sibi,
859 3003 919 3051 nt
943 2994 1084 3052 dixit
1114 2995 1166 3050 in
1199 2994 1306 3051 alio
1335 2997 1546 3065 psalmo
1580 3013 1593 3051 :
1631 2996 1780 3052 Dabo

195 3090 285 3144 tibi
325 3097 516 3161 gentes
556 3088 611 3145 in
656 3088 1028 3145 haereditatem
1074 3098 1243 3155 tuam,
1276 3098 1332 3144 et
1376 3090 1777 3159 possessionem

1946 1880 2075 1936 Ecce
2112 1880 2253 1934 oculi
2298 1878 2509 1934 Domini
2547 1895 2703 1954 super
2734 1879 2968 1935 timentes
2998 1897 3135 1937 eum.
3165 1881 3321 1939 Oculi
3355 1882 3473 1952 Dei,

1870 1984 2121 2045 aspectus
2147 1973 2469 2030 divinitatis.
2502 1972 2674 2047 Super
2705 1975 2939 2029 timentes
2964 1991 3101 2042 eum,
3134 1976 3226 2048 qui
3257 1993 3381 2032 eum
3411 1977 3476 2032 ti-

1873 2074 2024 2121 ment
2063 2063 2257 2120 timore
2297 2073 2508 2121 sancto.
2542 2064 2690 2120 Deus
2729 2066 2873 2121 enim
2905 2076 3194 2136 sperantes
3219 2069 3272 2125 in
3300 2084 3362 2125 se
3393 2070 3475 2125 in-

1869 2158 2150 2229 spectione
2179 2156 2391 2213 caelesti
2431 2157 2664 2227 protegit
2696 2173 2757 2212 ac
2799 2157 3065 2215 defendit.
3099 2159 3166 2214 Et
3207 2162 3261 2216 in
3288 2162 3360 2216 eis
3391 2164 3476 2232 qui

1812 2243 1821 2255 ’
1871 2257 2079 2321 sperant
2106 2249 2159 2302 in
2190 2248 2544 2303 misericordia
2574 2249 2707 2319 ejus.
2741 2247 2809 2305 Ut
2840 2260 2988 2305 eruat
3018 2267 3050 2304 a
3083 2262 3243 2308 morte
3263 2255 3467 2309 animas

1874 2359 2072 2399 eorum.
2110 2343 2166 2399 id
2202 2353 2307 2411 est,
2338 2343 2390 2398 in
2434 2343 2538 2401 hoc
2577 2352 2803 2414 sperant
2829 2344 2881 2400 in
2910 2345 3285 2405 misericordia
3317 2348 3470 2418 ejus,

1877 2435 1928 2490 id
1969 2442 2073 2501 est,
2122 2436 2234 2501 Dei,
2277 2445 2335 2490 ut
2374 2451 2403 2489 a
2452 2448 2633 2492 morte
2667 2449 2925 2507 perpetua
2955 2448 3111 2493 eruat
3143 2440 3352 2494 animas
3376 2458 3475 2495 co-

1876 2542 2018 2583 rum.
2044 2525 2141 2582 Vel
2176 2542 2202 2580 τι
2236 2534 2437 2594 morte,
2471 2526 2575 2584 hoc
2604 2539 2687 2585 est
2715 2544 2743 2583 a
2772 2526 3012 2586 diabolo.

1953 2620 2021 2678 Ut
2068 2631 2210 2677 eruat
2252 2639 2285 2677 a
2321 2632 2483 2678 morte
2519 2623 2720 2678 animas
2759 2640 2939 2681 eorum
2982 2640 3001 2678 :
3046 2623 3112 2680 Et
3150 2626 3259 2680 alat
3296 2642 3382 2681 eos
3420 2626 3470 2685 in

1878 2714 2033 2784 fame.
2078 2710 2211 2769 Cum
2253 2714 2345 2770 alii
2389 2716 2541 2771 verbi
2576 2715 2672 2772 Dei
2714 2715 2993 2785 penuriam
3027 2716 3306 2787 patiuntur
3337 2736 3351 2775 :
3385 2720 3471 2776 isti

1878 2808 1946 2863 ab
1975 2822 2041 2863 eo
2067 2808 2429 2866 viviﬁcantur.

1952 2901 2140 2956 Anima
2171 2914 2342 2958 autem
2382 2912 2556 2959 nostra
2584 2903 2799 2959 sustinet
2829 2901 3128 2962 Dominum.
3157 2904 3216 2963 ιιι
3246 2915 3351 2973 est,
3385 2923 3477 2980 pa-

1883 2992 2023 3050 tiens
2051 3004 2135 3049 est
2163 2994 2221 3051 in
2252 2994 2502 3052 Domino.
2534 2995 2803 3067 Quidquid
2831 2998 3127 3055 accesserit
3150 2997 3203 3056 ei
3227 2999 3345 3055 sive
3378 3001 3475 3055 bo-

1884 3101 2032 3149 num,
2057 3087 2171 3141 sive
2193 3087 2414 3151 malum,
2442 3089 2677 3143 sustinet
2707 3099 2928 3160 propter
2950 3090 3142 3156 Deum,
3169 3099 3225 3145 ttt
3246 3092 3322 3146 ait
3343 3092 3480 3148 Pau-

193 3193 331 3240 tuam
376 3186 639 3241 terminos
680 3192 841 3241 teme
870 3182 1047 3257 (Psal.
1080 3183 1178 3253 tt);
1216 3191 1272 3239 et
1297 3182 1429 3239 alibi
1464 3198 1478 3238 :
1515 3182 1776 3239 Dominus
1802 3181 1852 3246 C
1883 3180 1969 3234 lus
2003 3199 2014 3234 :
2046 3179 2240 3236 Omnia
2274 3180 2404 3238 milti
2436 3178 2649 3259 placept
2679 3180 2730 3255 (l
2760 3180 2881 3238 Cor.
2916 3184 2996 3255 κ).
3026 3182 3148 3250 Vel,
3181 3185 3273 3239 alit
3303 3201 3390 3240 eos
3426 3187 3479 3240 in

193 3293 315 3347 pars
354 3276 689 3333 haereditatis
735 3292 869 3332 mea:
902 3275 1074 3346 (Psal.
1122 3273 1249 3347 xv);
1294 3285 1349 3331 et
1385 3275 1517 3330 item
1549 3293 1562 3328 :
1597 3275 1780 3333 Portio

195 3388 307 3428 mea
324 3372 584 3428 Dominus
607 3369 780 3443 (Psal.
802 3368 1014 3439 cxvttt).
1050 3365 1117 3422 In
1137 3366 1493 3423 hereditatem
1522 3368 1642 3424 sibi.
1674 3367 1781 3427 Re-

192 3466 358 3537 pulsis
387 3464 611 3535 iudaais,
641 3479 741 3521 nos
770 3479 957 3519 sumus
986 3462 1039 3519 iu
1060 3462 1432 3519 hereditatem
1459 3463 1636 3519 asciti.

257 3556 337 3613 De
367 3558 495 3614 ccelo
535 3558 758 3628 respexit
800 3556 1048 3611 Dominus
1083 3575 1096 3610 :
1127 3556 1254 3611 vidit
1301 3571 1476 3613 omnes
1510 3556 1645 3628 ﬁlios
1672 3556 1775 3611 ho.»

189 3651 401 3707 minam.
438 3649 507 3708 Ut
534 3650 788 3707 omnibus
814 3650 1138 3705 misereatur
1169 3665 1182 3702 :
1210 3647 1334 3720 quia
1366 3664 1655 3720 numquam
1686 3665 1768 3706 re-

188 3752 405 3812 spectus
433 3743 554 3812 ejus
582 3743 702 3798 sine
730 3740 1103 3797 misericordia
1138 3739 1255 3799 iuit.
1291 3740 1388 3797 Vel
1421 3740 1687 3797 Dominus
1713 3741 1783 3799 de

187 3835 325 3892 coelo
369 3835 652 3907 prospexit
682 3851 697 3889 :
731 3836 836 3888 hoc
864 3843 970 3895 est,
1003 3835 1259 3890 misertus
1287 3841 1373 3889 est
1399 3834 1574 3889 nobis.
1607 3834 1786 3903 Super

188 3929 331 3985 ﬁlios
359 3928 663 3984 hominum.
696 3928 822 3985 Filii
855 3927 1133 3985 hominum
1170 3945 1183 3982 :
1215 3927 1314 3983 lilii
1342 3925 1538 3983 Adam.
1567 3925 1667 3984 Vel
1689 3925 1785 3983 lilii

187 4021 495 4091 hominum,
529 4037 879 4079 successores
906 4021 1300 4094 aposwlorum.

256 4113 340 4170 De
384 4124 678 4187 prteparato
717 4114 1011 4171 habitacula
1050 4131 1146 4170 suo
1172 4113 1395 4188 respexit
1422 4131 1579 4184 super
1610 4132 1788 4172 omnes

183 4207 270 4277 qui
314 4205 615 4262 inhabitant
644 4214 856 4263 terram.
888 4206 991 4275 Qui
1020 4207 1171 4277 ﬁnxit
1204 4207 1477 4279 sigillatim
1517 4207 1675 4263 corda
1700 4224 1788 4265 eo-

183 4319 322 4358 rum.
363 4304 436 4357 [ι
463 4301 556 4358 alii
587 4301 748 4358 detur
774 4315 957 4358 sermo
984 4301 1249 4368 scientias,
1281 4302 1373 4358 alii
1404 4302 1789 4375 interpretatio

182 4410 533 4466 sermonum,
563 4395 658 4452 alii
684 4412 882 4466 genera
914 4397 1246 4467 linguarum,
1275 4405 1333 4454 et
1382 4397 1591 4469 reliqua
1623 4417 1635 4453 :
1665 4415 1788 4468 qua:

180 4500 451 4562 operatur
496 4507 637 4547 unus
678 4500 839 4563 atque
879 4491 1019 4547 idem
1063 4490 1327 4561 Spiritus.
1376 4492 1470 4549 Vcl
1512 4495 1602 4564 qui
1632 4494 1790 4550 tinxit

1884 3277 2021 3348 [ante
2067 3293 2084 3331 .'
2123 3275 2178 3332 id
2214 3286 2319 3345 est,
2352 3277 2525 3349 pascit
2566 3292 2682 3337 eos.
2713 3276 2869 3335 Unde
2905 3279 3041 3336 dixit
3078 3298 3089 3335 :
3123 3281 3190 3337 Et
3217 3283 3348 3338 aluit
3379 3299 3476 3341 eos

1884 3369 2238 3440 quadraginta
2268 3370 2429 3425 annis
2458 3371 2510 3424 in
2537 3371 2759 3426 deserto
2787 3370 2986 3445 (Exod.
3021 3377 3155 3445 xvi).
3185 3373 3320 3443 Quia
3342 3392 3481 3446 quo-

1886 3466 2223 3538 tiescumque
2256 3465 2503 3521 homines
2535 3464 2735 3521 habent
2764 3464 2981 3537 famem,
3005 3467 3145 3524 Deus
3170 3471 3343 3541 pascit
3370 3485 3485 3527 ser-

1887 3577 1980 3614 vos
2008 3574 2138 3615 suos
2169 3576 2182 3614 :
2218 3559 2349 3616 licet
2375 3558 2442 3616 de
2471 3559 2594 3615 cibo
2626 3568 2867 3626 terreno,
2892 3560 2985 3616 sed
3022 3570 3200 3618 tamen
3228 3563 3348 3634 plus
3372 3577 3478 3633 est,

1886 3654 2030 3710 unde
2062 3654 2233 3722 pascit
2273 3668 2372 3710 eos
2415 3653 2483 3709 de
2512 3654 2637 3709 cibo
2683 3655 2958 3724 spirituali
3003 3673 3014 3710 :
3063 3655 3117 3712 id
3146 3666 3253 3725 est,
3288 3658 3355 3713 de
3386 3675 3483 3716 sua

1887 3747 2132 3802 doctrina
2176 3757 2228 3804 et
2260 3761 2360 3801 suo
2396 3747 2565 3801 verbo
2600 3766 2611 3802 :
2647 3747 2835 3802 Anima
2861 3760 3029 3802 autem
3067 3761 3243 3806 nostra
3269 3754 3488 3810 sustinet

1888 3839 2170 3894 Dominum
2198 3856 2217 3893 :
2244 3840 2487 3909 quoniam
2512 3841 2723 3915 adjutor
2749 3849 2796 3893 et
2819 3850 3081 3912 protector
3104 3851 3277 3899 noster
3299 3855 3389 3900 est.
3420 3846 3487 3901 Et

1886 3934 1941 3987 in
1963 3933 2079 4002 ipso
2110 3931 2369 3987 lit-labitur
2398 3949 2487 3987 cor
2514 3942 2767 3998 nostrum,
2797 3932 2921 3987 etin
2946 3934 3156 3988 nomine
3175 3944 3353 3990 sancto
3376 3937 3488 4006 ejus

1886 4022 2223 4094 speravimus.
2271 4019 2483 4077 Scimus
2528 4023 2673 4076 enim
2721 4020 2864 4093 quod
2919 4024 3098 4078 nullus
3147 4028 3386 4094 speravit
3432 4028 3487 4083 in

1889 4130 2035 4183 eum,
2071 4124 2127 4171 ct
2151 4117 2408 4173 confusus
2440 4116 2726 4172 abscessit.
2760 4115 3020 4183 Quoniam
3047 4118 3261 4193 adjutor
3288 4129 3332 4174 et
3360 4137 3486 4193 pro-

1890 4218 2051 4265 tector
2079 4219 2249 4269 noster
2277 4218 2372 4263 est.
2410 4208 2525 4265 lloc
2556 4220 2664 4277 est,
2688 4209 2814 4281 quia
2845 4209 2963 4279 ipse
2990 4222 3073 4267 est
3104 4220 3159 4269 et
3184 4211 3402 4285 adjutor
3431 4225 3490 4272 et

1890 4301 2147 4358 defensor
2181 4301 2458 4357 Ecclesiae.
2501 4302 2570 4356 Et
2600 4302 2655 4356 in
2682 4302 2798 4373 ipso
2825 4301 3094 4357 laetabitur
3120 4320 3209 4359 cor
3236 4317 3492 4365 nostrum.

1892 4394 1950 4450 ld
1990 4403 2095 4461 est,
2125 4394 2304 4451 anima
2338 4402 2517 4451 nostra
2550 4395 2819 4452 laetabitur
2849 4395 2917 4452 de
2943 4412 3039 4468 spe
3069 4396 3267 4453 futurae
3299 4415 3486 4455 remu-

1892 4487 2211 4555 nerationis,
2244 4499 2299 4545 et
2329 4488 2605 4545 luztabitur
2635 4489 2882 4546 Ecclesia
2925 4489 2977 4547 in
3018 4491 3390 4555 tribulatione.
3427 4492 3493 4550 Et

182 4602 277 4657 per
305 4587 564 4659 singulos
583 4585 749 4642 corda
773 4601 983 4643 eorum.
1011 4587 1242 4656 Quidam
1271 4587 1413 4644 hunc
1435 4588 1611 4646 locum
1640 4605 1791 4649 men.
1820 4582 1871 4643 D
1896 4582 1947 4636 in
1991 4582 2196 4638 nomine
2251 4591 2431 4638 sancto
2490 4584 2604 4655 eius
2654 4584 2994 4657 speravimus.
3052 4584 3261 4642 Nomen
3320 4587 3495 4643 Patris

178 4680 399 4737 daciter
444 4679 511 4735 ad
552 4678 686 4735 illud
732 4679 1008 4745 referunt,
1054 4680 1199 4751 quod
1244 4682 1479 4736 animam
1512 4697 1577 4737 ex
1609 4683 1790 4739 anima

178 4775 509 4832 existiment
553 4788 678 4830 esse
717 4782 1029 4845 generatam
1056 4814 1070 4839 ,
1120 4784 1175 4831 et
1230 4775 1282 4831 in
1324 4774 1496 4831 Adam
1544 4778 1785 4833 omnium

179 4868 407 4922 animas
434 4866 706 4922 contineri
738 4882 753 4924 :
782 4865 911 4936 quia
939 4866 990 4923 id
1021 4866 1162 4938 quod
1192 4866 1383 4923 Grzeee
1411 4866 1611 4923 dicitur
1640 4891 1794 4927 κατω-

178 4959 387 5033 μόνας,
422 4976 529 5015 non
559 4975 750 5027 unum,
785 4959 882 5016 sed
917 4975 1014 5031 per
1043 4961 1241 5017 multos
1283 4976 1553 5033 quemque
1582 4961 1791 5033 signiti-

178 5064 289 5111 εει..

254 5146 367 5216 Qui
417 5145 572 5216 ﬁnxit
613 5145 888 5219 sigillatim
927 5145 1087 5200 corda
1129 5161 1326 5201 eorum.
1362 5146 1465 5213 Qui
1512 5147 1662 5215 ﬁnxit
1693 5164 1712 5201 :
1742 5146 1796 5203 id

178 5250 287 5307 est,
342 5238 499 5295 fecit.
532 5236 841 5310 Sigillatim.
878 5238 981 5293 Per
1024 5237 1265 5309 singulos
1294 5254 1488 5297 omnes
1516 5238 1794 5311 intelligit,

177 5343 233 5389 rt
285 5332 523 5389 insimul
569 5346 764 5387 omnes
806 5332 1103 5402 cognoscit.
1151 5330 1322 5388 Corda
1361 5349 1541 5388 eorum
1576 5348 1595 5386 :
1632 5346 1798 5403 opera

178 5428 439 5485 illorum.
489 5424 591 5491 Qui
631 5423 877 5495 intelligit
923 5424 1097 5478 omnia
1135 5440 1295 5496 apern
1334 5441 1531 5479 eorum.
1568 5423 1685 5496 Ipse
1715 5434 1801 5483 est

182 5521 331 5577 enim
389 5516 711 5588 speculator
764 5515 1097 5586 prospiciens
1140 5516 1209 5571 de
1254 5516 1343 5571 die
1382 5517 1433 5571 in
1467 5518 1611 5572 diem
1642 5525 1798 5572 actus

184 5614 497 5670 humanos.
529 5608 632 5677 Qui
658 5608 900 5680 intelligit
928 5609 1103 5664 omnia
1132 5625 1286 5681 opera
1312 5624 1488 5664 eorum
1517 5625 1536 5663 :
1568 5610 1669 5664 hoc
1694 5618 1800 5678 est,

181 5705 441 5779 qualiter
492 5700 693 5758 donum
716 5702 811 5758 Dei
853 5715 1192 5775 unaquzeque
1226 5702 1406 5759 anima
1436 5702 1656 5773 habeat,
1688 5702 1805 5773 ipse

187 5804 513 5875 dispensat.

1900 4674 2071 4730 Filius
2102 4682 2204 4730 est.

1971 4764 2093 4821 Fiat
2116 4767 2467 4824 misericordia
2489 4777 2605 4839 tua,
2631 4767 2866 4839 Domine,
2891 4788 3045 4843 super
3073 4789 3188 4838 nos,
3220 4774 3353 4829 sicut
3374 4789 3496 4847 spe-

1898 4859 2194 4915 ravimusin
2227 4869 2293 4915 te.
2326 4860 2512 4917 Oratio
2542 4863 2793 4919 Ecclesia:
2819 4876 2907 4920 est
2933 4883 2945 4919 :
2977 4876 3159 4922 tamen
3185 4866 3352 4922 istum
3379 4882 3499 4923 ver-

1902 4953 2135 5009 siculum
2168 4954 2409 5026 cogitare
2438 4956 2603 5012 debet
2639 4956 3011 5031 unusquisque
3038 4971 3327 5033 antequam
3357 4961 3503 5033 lega-

1902 5056 2012 5112 tur,
2047 5059 2100 5102 ut
2132 5048 2367 5105 fideliter
2396 5049 2565 5118 dicat,
2593 5052 2724 5106 sicut
2747 5056 3064 5125 speravimus
3086 5055 3140 5111 in
3175 5065 3243 5124 te,
3272 5072 3339 5112 ne
3367 5055 3503 5113 alibi

1901 5149 2057 5195 vacet
2088 5156 2243 5196 mens
2266 5158 2387 5198 sua.
2420 5141 2562 5211 Fiat,
2592 5140 2832 5209 Domine,
2856 5146 3213 5202 misericordia
3241 5158 3328 5203 tua
3347 5166 3501 5222 super

1904 5248 1999 5289 nos
2022 5248 2041 5288 :
2068 5233 2199 5288 sicut
2221 5235 2537 5300 speravimus
2558 5236 2610 5292 in
2641 5245 2707 5292 te.
2741 5235 2807 5293 Ut
2827 5238 2918 5308 qui
2944 5252 3043 5295 nos
3059 5254 3154 5308 per
3171 5240 3500 5310 baptismUm

1904 5326 2145 5393 abluisti,
2177 5327 2416 5399 Spiritus
2466 5330 2639 5385 sancti
2674 5330 2944 5387 inlusione
2989 5332 3319 5401 confirmes,
3360 5336 3508 5390 sicut

1905 5423 1959 5478 in
1990 5422 2214 5479 Artibus
2246 5424 2626 5495 apostolorum
2656 5426 2934 5482 cernimus
2965 5441 3088 5485 esse
3134 5427 3334 5483 factum
3365 5427 3503 5499 (Act.

1904 5515 1985 5588 tt).
2031 5516 2130 5584 Qui
2177 5533 2320 5573 nunc
2372 5519 2424 5572 in
2455 5519 2615 5573 nobis
2640 5520 2828 5575 venire
2855 5520 3130 5591 dignetur,
3165 5531 3223 5575 ut
3266 5536 3361 5591 per
3386 5522 3507 5591 ejus

1906 5611 2089 5667 lumen
2117 5609 2261 5667 effici
2295 5626 2604 5670 mercamur
2635 5613 2882 5670 lttcredes
2917 5614 3106 5685 gloria!
3136 5615 3504 5685 sempiternae.

1908 5707 2108 5762 Amen.
