3944 6334
451 291 480 350 9
494 289 556 350 l9

965 407 1283 468 PSALMUS
1323 408 1564 466 XXXIII.

457 507 703 565 Psalmus
744 506 909 563 David
938 523 1054 562 cum
1086 507 1296 562 mutavit
1325 509 1511 578 facient
1543 524 1689 564 suum
1719 525 1888 564 ceram
1921 511 2018 565 Abi
2027 541 2046 552 -

531 581 750 647 melech,
807 590 852 635 et
881 579 1079 633 dimisit
1109 595 1246 644 eum,
1278 588 1325 634 et
1353 580 1499 635 abiit.
1534 580 1760 636 Mutatio
1791 582 1948 638 faciei
1993 583 2046 638 iu

531 654 820 709 verborum
864 653 1162 705 tnutatione
1205 661 1538 707 monstratur
1571 670 1583 706 :
1616 654 1831 722 quando
1862 671 1890 707 a
1915 653 2044 710 Saul

531 739 591 780 se
621 725 842 779 missum
873 737 992 777 esse
1024 723 1321 778 simulavit.
1352 725 1459 779 Aut
1488 723 1532 778 si
1570 740 1749 780 veram
1798 728 2049 782 mutatio-

531 810 657 852 nem
689 795 868 850 vultus
891 793 1141 850 volumus
1191 794 1514 866 intelligere,
1561 797 1878 852 Abimelech
1909 799 2049 853 scia-

529 881 651 923 mus
675 867 882 921 dictum
907 880 1028 921 esse
1047 874 1071 902 τι
1090 882 1189 936 pro
1212 865 1397 922 Achis}
1432 867 1540 923 Nec
1569 869 1620 924 iu
1646 870 1866 928 nomine
1890 885 2048 926 error

527 949 638 1001 est,
673 953 796 994 cum
844 953 916 993 ex
963 947 1116 1005 parte
1164 949 1482 1007 generatus,
1532 942 1692 998 etiam
1727 942 2043 998 Abimelech

528 1011 762 1080 potuerit
791 1009 1075 1080 appellari.
1126 1009 1438 1084 Abimelech
1475 1013 1677 1084 quippe
1718 1017 2046 1084 interpreta-

529 1092 615 1137 tur
642 1090 788 1154 pater
824 1098 966 1136 meus
1013 1097 1122 1137 rex.
1162 1082 1444 1148 Quomodo
1487 1082 1641 1149 dicit,
1691 1082 2045 1141 commutavit

526 1155 756 1228 vultum
784 1169 939 1209 suum
971 1167 1171 1228 coram!
1201 1154 1558 1228 Ab_imelech?
1585 1159 1718 1224 Quia
1752 1160 1805 1212 in
1833 1156 2043 1228 Regum

527 1227 606 1281 sic
659 1225 916 1298 legimus,
963 1224 1127 1298 quod
1161 1226 1220 1298 in
1257 1224 1394 1281 Geth
1434 1226 1703 1284 civitatem
1743 1229 1810 1284 ad
1861 1224 2042 1298 regem

527 1298 694 1372 Achis
741 1296 875 1368 fugit
921 1296 1302 1372 ign‘P_l_ti_listiim
1335 1299 1397 1372 (l_
1422 1298 1550 1372 Reg.
1585 1304 1724 1372 vin).
1758 1300 1856 1372 Vel
1907 1296 2045 1370 quo-

529 1370 692 1426 modo
729 1367 896 1424 ausus
927 1367 1027 1442 fuit
1052 1368 1250 1424 ibidem
1295 1367 1596 1438 ambulare,
1634 1367 1755 1442 quia
1789 1367 2044 1428 inimicus

525 1443 911 1515 illorumﬂerat,
940 1441 1138 1515 etipse
1165 1441 1437 1515 interfecit
1459 1452 1616 1498 antea
1649 1441 1860 1500 Goliam
1888 1443 2042 1515 prin-

529 1514 576 1570 ci
585 1529 706 1587 pem
734 1511 1303 1587 illorurn?_Propterea
1319 1513 1451 1587 illuc
1475 1516 1792 1587 ambulavit,
1825 1511 1924 1587 pro
1942 1517 2044 1572 hoc

524 1584 671 1648 quod
703 1587 960 1640 mulieres
983 1584 1242 1640 dixerunt
1273 1603 1286 1641 :
1319 1584 1597 1642 Percussit
1635 1588 1762 1644 Saul
1792 1584 1963 1652 mille,
1989 1597 2044 1643 et

523 1657 695 1714 David
714 1658 902 1714 decem
927 1656 1118 1711 millia.
1146 1659 1210 1712 Et
1236 1666 1420 1727 postea
1455 1659 1674 1715 intravit
1709 1659 1961 1716 diabolus
1989 1661 2040 1716 in

525 1729 658 1785 Saul
689 1731 1080 1799 perinvidiam,
1111 1739 1170 1802 et
1197 1729 1334 1786 dixit
1359 1747 1372 1784 :
1399 1731 1538 1797 Quid
1563 1731 1907 1802 superestei,
1936 1733 2040 1787 nisi

1247 286 1592 349 APPENDIX
1634 293 1724 349 AD
1765 289 2004 348 TOMUM
2047 288 2401 352 SEPTIMUM
2441 294 2500 352 S.
2546 295 2947 355 IIIERONVMI.

3649 293 3752 351 9Ξο

2075 412 2124 470 Α
2155 409 2247 466 sed
2269 420 2376 467 tam
2400 428 2660 486 prospera
2681 431 2843 487 quam
2865 414 3142 471 contraria
3167 414 3549 488 mqnanimiter
3577 413 3746 469 ferre:

2153 517 2216 558 ac
2239 507 2454 561 beatum
2485 517 2612 563 ante
2636 508 2826 564 oculos
2849 520 3240 581 proponcntes,
3274 508 3328 564 in
3359 506 3612 562 omnibus
3633 519 3751 574 qum

2155 597 2480 665 acciderint,
2521 599 2616 655 Dei
2662 600 2990 657 benedicere
3031 615 3250 656 nomen.
3291 598 3604 654 Beucdicam
3641 594 3752 650 Do-

2151 691 2347 746 minum
2375 695 2427 748 in
2456 695 2597 749 omni
2623 704 2869 766 tempore.
2901 694 3240 765 Benedicam,
3277 695 3330 750 id
3373 705 3480 762 est,
3513 693 3750 748 laudabo

2155 785 2462 844 Dominum.
2496 787 2563 843 In
2591 792 2732 845 omni
2760 799 3032 860 tempore:
3062 791 3115 846 in
3148 791 3431 862 prosperis
3460 799 3516 844 et
3554 787 3750 844 adver-

2150 878 2249 934 sis.
2280 879 2430 935 Fecit
2461 879 2564 938 hoc
2596 882 2786 946 David,
2815 893 2869 939 et
2902 883 3065 939 modo
3092 884 3356 940 Ecclesia.
3394 884 3610 956 Semper
3634 882 3750 935 laus

2150 975 2264 1046 ejus
2292 974 2346 1029 in
2373 991 2462 1029 ore
2491 993 2625 1031 meo.
2648 975 2704 1031 In
2731 991 2826 1034 ore
2842 987 2899 1034 et
2918 977 3106 1046 corde,
3131 977 3339 1034 intenta
3367 987 3550 1034 mente
3577 975 3749 1031 Deum

2149 1079 2366 1138 semper
2390 1068 2630 1127 laudare.

2219 1160 2289 1214 In
2334 1161 2561 1218 Domino
2594 1164 2896 1218 laudabitur
2925 1165 3102 1220 anima
3147 1181 3281 1220 mea.
3338 1163 3454 1221 Hoc
3483 1172 3598 1232 est,
3641 1163 3750 1218 vita

2148 1268 2292 1309 mea.
2322 1253 2456 1310 Cum
2497 1255 2624 1312 huic
2654 1257 2838 1312 studio
2867 1258 3048 1314 anima
3085 1257 3265 1314 dedita
3286 1299 3302 1324 ,
3334 1271 3529 1327 aspera
3561 1253 3750 1310 mundi

2147 1363 2306 1417 aequo
2351 1349 2534 1404 animo
2579 1349 2907 1406 sustinuerit
2940 1366 2955 1402 :
2985 1351 3054 1406 ab
3083 1351 3166 1405 his
3198 1350 3292 1422 qui
3339 1359 3471 1405 sunt
3500 1346 3746 1410 Domini,

2147 1441 2510 1498 collaudatur.
2542 1444 2775 1499 Audiant
2796 1445 3070 1499 mansueti.
3103 1444 3158 1499 Id
3189 1452 3293 1514 est,
3323 1443 3517 1500 sancti.
3554 1441 3622 1496 Et
3665 1441 3754 1496 lte-

2149 1542 2336 1589 tentur.
2370 1533 2488 1590 Non
2521 1533 2590 1591 de
2625 1537 2883 1605 terrenis,
2907 1537 3004 1592 sed
3031 1537 3100 1592 de
3129 1536 3446 1594 ctelestibus
3474 1551 3490 1594 :
3522 1536 3614 1606 qui
3643 1550 3749 1590 non

2147 1628 2354 1684 habent
2385 1644 2619 1700 pugnam
2648 1628 2908 1685 vitiorum
2947 1629 3001 1684 in
3033 1645 3114 1698 se,
3152 1630 3227 1685 illi
3257 1629 3348 1701 qui
3375 1628 3594 1701 glebam
3622 1642 3750 1682 eor-

2147 1723 2300 1792 poris
2330 1724 2415 1780 sui
2443 1723 2538 1778 tali
2574 1731 2910 1780 testamento
2935 1733 3208 1780 coercent.
3241 1723 3395 1780 Beati
3424 1724 3571 1779 enim
3599 1736 3750 1779 man-

526 1812 829 1887 lanlum‘uﬁ
854 1817 1080 1887 {882m}!
1109 1801 1337 1887 11³196³ῑῖ
1382 1803 1448 1887 FF
1481 1801 1726 1887 νεξνρηίι
1748 1803 1929 1887 ,θανίά
1975 1804 2042 1859 ad
2073 1813 2122 1874 B
2149 1816 2291 1871 sueti
2318 1834 2332 1871 :
2358 1817 2616 1886 quoniam
2651 1816 2753 1887 ipsi
2777 1816 3138 1887 possidebunt
3164 1826 3390 1872 terram.

521 1889 710 1943 regem
738 1874 923 1930 Achls.
955 1873 1060 1929 Sed
1091 1885 1273 1945 postea
1305 1873 1646 1932 Achis’misit
1688 1877 1885 1930 missos
1910 1890 2040 1930 suos

526 1954 586 2000 ut
618 1946 784 2002 David
810 1948 877 2002 ad
907 1961 968 2004 se
1005 1946 1287 2012 ducerent,
1319 1957 1375 2002 ut
1399 1962 1522 2003 eum
1549 1947 1932 2004 interficerent.
1970 1947 2042 2003 Et

524 2032 656 2091 ςυωῄ
671 2017 971 2091 invenisset
998 2035 1120 2075 eum
1148 2020 1214 2074 ad
1241 2028 1450 2091 portam
1479 2020 1718 2091 civitatis
1740 2061 1754 2086 ,
1787 2021 2040 2091 cognovit

524 2089 698 2145 David
719 2091 862 2162 quod
882 2092 1056 2160 ipsum
1091 2089 1390 2162 interficere
1413 2090 1688 2160 volebant,
1714 2089 2040 2147 necessitate

527 2161 838 2231 compulSus
869 2163 935 2218 ad
971 2178 1151 2220 arcem
1185 2161 1499 2220 declinavit.
1543 2163 1910 2221 Misericordia
1943 2163 2037 2218 Dei

525 2233 868 2303 providente,
898 2234 1098 2291 cecidit
1120 2234 1354 2306 Spiritus
1390 2246 1612 2292 sanctus
1639 2251 1802 2306 super
1834 2237 2034 2306 ipsum,

524 2315 580 2360 et
604 2308 767 2376 coepit
795 2307 921 2374 labi,
942 2317 996 2363 et
1019 2309 1248 2364 salivam
1277 2307 1530 2363 mittebat
1559 2323 1722 2378 super
1743 2322 1894 2363 suam
1918 2307 2042 2361 bar-

525 2377 670 2452 bam.
699 2379 912 2452 Etcum
941 2380 1304 2452 adduxissent
1323 2394 1448 2452 eum
1479 2380 1546 2436 ad
1575 2377 1781 2452 regem,
1811 2381 1945 2452 dixit
1968 2381 2033 2436 il-

523 2449 593 2506 lis
622 2465 720 2506 rex
747 2470 760 2507 :
787 2451 894 2508 Pro
922 2469 1025 2523 qua
1053 2469 1220 2510 causa
1244 2451 1547 2508 adduxistis
1575 2449 1735 2507 istum
1761 2451 2038 2508 hominem

518 2523 874 2594 arreptivum,
891 2533 945 2580 et
958 2525 1301 2582 furibundum
1318 2539 1485 2596 super
1505 2527 1624 2582 me?
1643 2526 1805 2580 David
1820 2525 2042 2596 pulcher

520 2598 685 2655 homo
706 2610 844 2667 erat,
866 2603 1147 2672 etquando
1173 2617 1295 2658 eum
1318 2601 1813 2673 apprehenderunt,
1829 2610 2039 2673 tympa-

520 2673 743 2744 nizabat
761 2673 830 2730 ad
852 2671 1060 2744 portam
1074 2676 1328 2742 civitatis,
1353 2671 1407 2730 et
1421 2676 1473 2730 in
1487 2675 1736 2730 manibus
1751 2671 1866 2729 suis
1894 2671 2010 2727 fere
2022 2702 2038 2712 -

521 2743 703 2800 batur.
745 2745 957 2801 Etcum
983 2762 1105 2803 eum
1137 2747 1488 2812 dimisissent,
1517 2757 1572 2802 et
1602 2747 1843 2817 fugisset,
1877 2746 2038 2800 ismm

521 2818 792 2889 psalmum
815 2821 1056 2874 cantavit
1090 2838 1102 2873 :
1133 2819 1226 2889 qui
1250 2827 1396 2876 totus
1421 2821 1562 2874 circa
1587 2819 1866 2889 pietatem,
1895 2826 2040 2872 totus

522 2888 669 2960 circa
691 2890 1080 2958 inspectionem
1095 2888 1354 2958 divinam,
1373 2898 1517 2946 totus
1529 2888 1677 2947 circa
1689 2904 2041 2960 compescen-

522 2959 621 3017 das
639 2970 952 3017 sanctorum
969 2963 1345 3018 tribulationes
1373 2959 1850 3018 commemoratur.
1869 2961 2037 3016 David

524 3031 983 3105 figuramChristi
1011 3043 1197 3090 tenet:
1231 3033 1359 3089 Saul
1402 3035 1628 3105 figuram
1661 3033 1883 3105 diaboli.
1910 3032 2039 3105 Abi-

522 3105 732 3160 melech
756 3104 1167 3177 interpretatur,
1196 3122 1412 3179 regnum
1440 3103 1602 3179 patris
1628 3107 1749 3179 mei.
1765 3103 1930 3179 Achis
1958 3103 2040 3179 in-

524 3183 879 3249 terpretatur,
910 3179 1165 3249 quomodo
1194 3177 1290 3243 est,
1320 3177 1437 3249 vel,
1471 3177 1786 3249 ignorantia,
1812 3177 2038 3249 vel,_ni-

521 3263 633 3317 ger.
663 3247 831 3304 David
864 3247 1010 3304 venit
1042 3250 1095 3304 in
1123 3249 1262 3304 Geth
1291 3248 1371 3303 ad'
1390 3247 1570 3318 regem
1601 3247 1789 3318 Achis,
1829 3255 1886 3303 et
1928 3247 2038 3302 Do-

521 3318 707 3374 minus
741 3321 891 3392 venit
935 3321 988 3376 in
1037 3335 1260 3392 regnum
1293 3319 1471 3376 Patris
1505 3321 1602 3392 sui
1640 3338 1652 3374 :
1685 3321 1788 3374 hoc
1831 3329 1934 3386 est,
1970 3319 2036 3373 ad

523 3404 748 3460 regnum
791 3391 1126 3447 Judaaorum.
1177 3391 1403 3447 Mutavit
1431 3391 1634 3446 vultum
1665 3406 1822 3446 suum
1854 3405 2035 3446 coram

523 3461 842 3534 Abimelech
869 3480 888 3534 :7
913 3463 1014 3519 hoc
1035 3473 1142 3531 est,
1167 3479 1352 3520 coram
1379 3478 1546 3534 regno
1569 3463 1736 3532 patris
1753 3463 1856 3517 sui.
1885 3463 2039 3519 Unde

519 3543 744 3589 sanctus
766 3533 963 3588 Paulus
985 3535 1119 3589 dixit
1147 3553 1160 3590 :
1190 3534 1292 3603 Qui
1320 3533 1523 3590 cuufin
1546 3534 1714 3590 forma
1748 3534 1839 3589 Dei
1869 3545 2034 3604 esset,

523 3618 632 3676 non
652 3605 903 3676 rapinam
933 3607 1232 3662 arbitratus
1253 3615 1339 3661 est
1362 3619 1486 3662 esse
1517 3621 1576 3661 se
1607 3609 1870 3676 aequalem
1897 3606 2034 3672 Deo,

519 3674 615 3729 sed
642 3674 869 3731 formam
899 3678 1042 3732 servi
1065 3679 1316 3747 accepit:
1351 3678 1403 3732 in
1427 3674 1840 3732 similitudinem
1863 3677 2039 3732 homi-

519 3761 650 3802 num
683 3747 878 3814 factus,
902 3757 957 3803 et
978 3747 1163 3805 habitu
1193 3751 1446 3805 iuventus
1463 3758 1522 3804 ut
1549 3750 1746 3804 homo:
1779 3747 2035 3804 humilia-

519 3817 599 3890 vi_t
625 3821 980 3890 semetipsum
1015 3819 1189 3878 factus
1217 3820 1481 3878 obediens
1509 3836 1678 3889 usque
1707 3820 1773 3876 ad
1805 3831 2035 3875 mortem

519 3888 746 3962 (Philip.
779 3888 910 3962 xvi).
944 3891 1045 3948 Vel
1068 3893 1226 3948 aliter
1253 3912 1264 3947 :
1297 3891 1518 3947 Mutavit
1544 3888 1746 3947 vultum
1775 3907 1955 3958 suum,
1984 3891 2036 3946 id

517 3971 624 4035 est,
668 3962 726 4035 in
757 3962 1148 4019 sacerdmium.
1198 3963 1350 4020 Tunc
1398 3965 1783 4024 commutavit.
1818 3965 2036 4035 quando

517 4032 1149 4108 Melchisedeclrobtulit
1179 4051 1377 4108 panem
1405 4045 1461 4092 et
1493 4037 1676 4108 vinum
1710 4032 1863 4108 (Gen’.
1892 4035 2032 4108 xiv).

517 4105 829 4161 lmmutavit
855 4106 1062 4162 vultum
1097 4123 1110 4164 :
1144 4105 1268 4178 quia
1299 4117 1562 4178 quantum
1587 4105 1856 4164 adventus
1880 4105 2037 4162 Chri-

513 4179 585 4232 sti
631 4179 1123 4248 appropinquabat,
1176 4189 1383 4234 tantum
1427 4179 1558 4251 illa:
1602 4181 1798 4251 figura:
1833 4188 2035 4248 aperta:

517 4258 673 4321 erant
704 4265 718 4302 :
747 4251 871 4321 quia
903 4261 1064 4305 antea
1118 4251 1324 4307 hostias
1377 4249 1673 4317 olferebat‘,
1709 4250 1805 4307 sed
1847 4260 2032 4321 postea

516 4319 878 4392 spiritualiter
933 4321 1214 4392 impletum
1261 4321 1362 4377 fuit
1411 4325 1464 4377 in
1509 4337 1652 4378 novo
1681 4319 2034 4379 Testamento

516 4390 814 4447 secundum
863 4390 1107 4448 ordinem
1167 4393 1601 4450 Melchisedech:
1633 4411 1739 4450 non
1781 4394 1919 4449 dixit
1947 4409 2035 4448 sc-

513 4461 748 4516 cundum
797 4463 1048 4518 ordinem
1096 4464 1295 4532 Aaron,
1329 4466 1423 4521 sed
1455 4464 1751 4521 secundum
1787 4465 2032 4521 ordinem

513 4532 932 4608 Melchisedech.
964 4535 1389 4608 Tympanizabat
1421 4538 1488 4591 ad
1531 4548 1740 4606 portam
1769 4536 2028 4593 civitatis.

510 4603 851 4676 Tympanum
885 4606 952 4661 de
993 4600 1142 4661 corio
1169 4607 1497 4664 extenditur.
1533 4600 1606 4664 Et
1650 4610 1905 4664 Dominus
1933 4625 2030 4665 ex-
2060 4600 2112 4661 D

513 4674 688 4731 tendit
729 4691 921 4732 manus
953 4692 1078 4732 suas
1102 4678 1156 4734 in
1187 4694 1368 4734 cruce.
1401 4680 1596 4736 Portas
1627 4681 1884 4744 civitatis,
1917 4682 2025 4736 ini—

514 4747 648 4823 tium
702 4746 828 4823 ﬁdei
872 4749 1458 4823 nostrteintelligitur,
1489 4752 1706 4823 quando
1751 4753 2026 4808 credimus

513 4817 942 4876 incarnationem
972 4820 1195 4876 Christi.
1241 4817 1343 4877 Per
1369 4817 1617 4891 salivam,
1653 4824 2026 4882 infirmitatem

509 4891 691 4964 carnis
725 4907 899 4964 quam
927 4891 1178 4964 dignatus
1217 4901 1302 4948 est
1345 4895 1642 4964 suscipere.
1691 4896 1784 4950 Illa
1819 4898 1986 4951 barba
2009 4940 2023 4963 ,

510 4960 1116 5034 fortitudoidivinitatis.
1146 4963 1356 5019 Dimisit
1382 4960 1509 5020 euni
1545 4977 1596 5022 et
1621 4967 1775 5022 abiit.
1812 4960 2028 5024 Dimisit

506 5032 1010 5106 ChristusJudzeos,
1035 5043 1090 5090 et
1113 5037 1259 5091 venit
1280 5039 1332 5090 in
1350 5037 1627 5106 gentibus.
1653 5037 1806 5096 Unde
1819 5038 2025 5096 dictum

507 5112 593 5159 est
623 5121 634 5158 :
669 5105 807 5172 Quia
851 5106 1100 5175 indignos
1136 5121 1234 5162 vos
1273 5105 1560 5176 judicastis
1598 5110 1723 5164 vitm
1760 5118 1982 5168 aeternae
2015 5130 2027 5166 :

507 5190 610 5231 nos
639 5192 705 5232 ex
731 5180 835 5232 hoc
862 5176 1062 5233 ibimus
1091 5177 1156 5233 ad
1183 5188 1370 5250 gentes
1399 5179 1537 5252 (Act.
1566 5183 1709 5252 xm).

507 5266 825 5324 Benedicam
866 5268 1152 5325 Dominum
1182 5271 1234 5326 in
1274 5271 1416 5326 omni
1444 5281 1702 5343 tempore,
1735 5283 1842 5330 etc.
1893 5273 2028 5332 Cutn

437 5362 552 5418 ait:
584 5364 725 5418 omni
762 5373 992 5433 tempore
1017 5373 1073 5420 et
1094 5379 1333 5436 semper,
1368 5365 1530 5422 docet
1559 5382 1680 5434 nos,
1717 5383 1816 5423 nec
1852 5369 1909 5424 in
1937 5370 2033 5426 ad-

433 5456 608 5511 versis
634 5457 996 5514 succumbere
1022 5457 1251 5529 debere,
1297 5474 1398 5516 nec
1436 5460 1488 5515 in
1520 5461 1778 5518 secundis
1809 5467 2031 5538 extolli,

504 5623 530 5652 ι
557 5612 780 5698 Scilicet
802 5631 996 5674 nomen
1027 5618 1375 5698 Abimelecli,
1401 5621 1799 5698 quo_dAPatre_m
1834 5641 2020 5698 regem

425 5695 606 5760 sonat,
631 5701 921 5744 commune
947 5705 1132 5759 regum
1163 5691 1468 5748 Palzestinae
1495 5694 1614 5760 fuit,
1638 5705 1696 5749 ut
1721 5695 1851 5752 illud
1875 5691 2019 5756 Pha-

423 5759 632 5837 raonis,
659 5773 844 5828 regum
865 5770 984 5837 erat
1007 5760 1247 5837 {EgyptL
1275 5763 1427 5837 Ides
1456 5765 1558 5822 hoc
1580 5767 1696 5837 ipso
1729 5769 1922 5837 psalmi
1953 5772 2015 5826 ti-

423 5831 538 5885 tulo
560 5840 795 5898 conStat,
827 5831 915 5886 ubi
940 5831 1448 5892 Achis'Abimelech
1472 5831 1789 5910 appellatur.
1824 5842 1881 5896 S.
1912 5842 2014 5900 Ba-

2214 1909 2558 1984 Mngniﬁcate
2609 1910 2889 1965 Dominum
2930 1927 3152 1966 mecum.
3201 1910 3420 1966 Patrem
3455 1909 3748 1966 Dominum

2140 2002 2382 2058 laudate.
2420 2001 2487 2056 Et
2535 2003 2829 2059 exaltemus
2859 2020 3046 2059 nomen
3076 2006 3192 2076 ejus
3224 2005 3279 2059 in
3315 2003 3570 2073 idipsum.
3601 2005 3684 2060 Ac
3708 2005 3748 2060 si

2141 2096 2290 2153 dicat
2318 2097 2585 2169 propheta
2621 2116 2634 2152 :
2664 2098 2949 2165 Quomodo
2972 2114 3073 2169 ego
3100 2114 3246 2165 amo,
3267 2107 3436 2156 etvos
3459 2100 3534 2156 sic
3558 2099 3740 2155 tacito.

2141 2188 2259 2256 Vel,
2296 2191 2582 2246 exaltemus
2601 2208 2785 2246 nomen
2802 2193 2916 2262 ejus
2936 2192 2990 2246 in
3015 2193 3242 2264 idipsum
3273 2208 3291 2247 :
3319 2192 3517 2248 Filium
3536 2193 3621 2248 cui
3649 2191 3745 2246 Pa-

2143 2291 2228 2340 ter
2251 2283 2408 2349 ,dedit
2434 2299 2655 2350 nomen,
2682 2285 2828 2356 quod
2861 2295 2946 2340 est
2983 2301 3150 2356 super
3180 2300 3344 2342 omne
3374 2302 3601 2343 nomen.

2215 2374 2470 2444 lnquisivi
2498 2375 2806 2432 Dominum.
2836 2377 3098 2448 Spiritum
3132 2389 3403 2436 sanctum.
3439 2378 3508 2434 Et
3529 2381 3743 2436 exaudi-

2141 2469 2212 2524 t'it
2234 2484 2331 2536 me,
2364 2476 2412 2524 et
2440 2485 2503 2524 ea:
2533 2471 2766 2524 omnibus
2805 2468 3231 2526 tribulationibus
3263 2474 3387 2526 meis
3421 2473 3616 2542 eripuit
3645 2490 3742 2528 me.

2141 2564 2482 2622 Consumens
2526 2566 2894 2636 corruptelam
2925 2567 3107 2622 carnis
3140 2583 3153 2620 :
3186 2582 3308 2639 qua:
3335 2567 3470 2622 mihi
3519 2568 3746 2623 tribula-

2145 2661 2322 2718 tiones
2350 2659 2720 2732 peccaminum
2751 2661 3072 2732 ingerebat,
3105 2675 3173 2717 ne
3203 2675 3330 2718 eum
3361 2663 3632 2719 attentius
3657 2662 3744 2719 de-

2143 2771 2426 2829 precarer.

2215 2850 2456 2906 Accedite
2479 2850 2548 2904 ad
2577 2849 2880 2904 Dominum.
2911 2848 3133 2907 Credite
3159 2851 3212 2905 iu
3245 2865 3394 2907 eum.
3425 2852 3667 2906 Accedite
3683 2854 3746 2906 ad

2143 2941 2448 3009 Dominum,
2480 2959 2586 2999 non
2614 2943 2756 3009 loco,
2792 2943 2887 3000 sed
2916 2943 3044 3011 fide,
3070 2955 3125 3000 et
3149 2960 3336 3016 opere.
3367 2945 3437 3000 Et
3476 2947 3744 3000 illumina-

2143 3036 2293 3090 mini.
2329 3035 2384 3091 Id
2416 3045 2522 3100 est,
2555 3037 2608 3091 in
2639 3046 2824 3092 mente
2847 3036 3140 3108 intelligite
3167 3055 3181 3092 :
3211 3039 3336 3109 quia
3372 3039 3481 3095 nisi
3504 3039 3747 3096 credide-

2143 3128 2286 3194 ritis,
2323 3143 2430 3184 non
2457 3128 2787 3201 intelligetis.
2812 3127 2879 3183 Et
2909 3130 3067 3201 facies
3097 3138 3278 3186 vestrm
3295 3147 3398 3186 non
3423 3133 3750 3204 con/unden-

2062 3202 2112 3268 (ἶ
2143 3229 2247 3276 tur.
2282 3221 2337 3276 In
2359 3221 2566 3293 judicio
2589 3238 2697 3294 quo
2728 3222 2879 3294 impii
2907 3223 3309 3281 contundentur
3332 3227 3388 3283 iu
3411 3202 3744 3284 condemna-

2144 3317 2369 3383 tionem,
2405 3317 2457 3372 in
2485 3317 2574 3374 die
2597 3317 2814 3389 judicii.

2215 3408 2322 3464 Iste
2349 3427 2548 3481 pauper
2591 3411 2850 3466 clamavit.
2896 3410 3151 3468 Christus
3192 3413 3453 3471 Dominus
3499 3417 3594 3488 qui
3651 3432 3746 3487 pro

2141 3505 2302 3562 nobis
2333 3521 2537 3577 pauper
2571 3507 2741 3563 factus
2773 3515 2875 3574 est,
2911 3506 2978 3562 ad
3013 3507 3229 3564 Patrem
3261 3508 3314 3564 in
3346 3512 3605 3582 passione
3631 3511 3743 3568 cla-

2141 3598 2326 3654 mavit.
2380 3597 2498 3666 Vel,
2553 3600 2650 3654 iste
2679 3615 2899 3672 pauper,
2949 3599 3002 3654 id
3061 3610 3182 3668 est,
3235 3601 3426 3671 David,
3475 3603 3738 3671 clamavit,

2141 3691 2356 3763 quando
2385 3691 2521 3747 dixit
2555 3711 2565 3746 :
2598 3691 2824 3748 Domine
2877 3692 3044 3758 Deus,
3085 3707 3280 3748 vanum
3340 3693 3425 3750 fac
3456 3697 3742 3752 consilium

2140 3783 2467 3855 Achitophel
2497 3783 2564 3858 (Il
2592 3783 2718 3856 Reg.
2755 3784 2926 3855 xxvi).
2960 3785 3024 3840 Et
3053 3785 3291 3841 Ecclesia
3323 3787 3523 3842 clamat
3553 3789 3732 3844 modo.

2140 3875 2208 3931 Et
2236 3875 2491 3932 Dominus
2521 3877 2786 3932 exaudiuit
2828 3894 2965 3946 eum,
2998 3887 3046 3933 et
3075 3895 3138 3934 ea:
3177 3879 3412 3934 omnibus
3450 3881 3747 3938 tribulatio-

2141 3969 2290 4024 nibus
2318 3972 2430 4041 ejus
2462 3969 2698 4024 liberavit
2723 3985 2857 4024 eum.
2882 3970 3234 4026 Resuscitans
3258 3971 3407 4026 illum
3432 3989 3462 4028 a
3486 3976 3741 4030 mortuis.

2216 4060 2674 4134 Emittitangelum
2700 4061 2955 4118 Dominus
2970 4064 3024 4117 in
3047 4064 3268 4119 circuitu
3288 4065 3576 4121 timentium
3599 4084 3742 4135 eum,

2140 4165 2187 4212 et
2209 4157 2388 4228 eripiet
2420 4172 2526 4211 eos.
2566 4155 2680 4211 Hoc
2719 4167 2822 4222 est,
2855 4157 3105 4228 angelum
3140 4158 3318 4230 magni
3348 4161 3566 4216 consilii
3595 4161 3747 4218 dedit

2139 4252 2267 4310 illis.
2303 4251 2452 4307 Haud
2483 4251 2705 4307 dubium
2727 4251 3106 4321 est,ltimentes
3128 4251 3443 4320 Dominum,
3467 4255 3534 4310 ab
3557 4270 3729 4326 ange-

2139 4345 2204 4400 lis
2249 4343 2547 4401 custodiri:
2580 4342 2717 4401 sicut
2775 4345 2891 4415 ipse
2941 4344 3201 4401 Dominus
3241 4362 3341 4418 per
3386 4347 3741 4418 Evangelinm

2136 4439 2294 4496 docet
2328 4456 2340 4492 :
2373 4439 2569 4508 Amen,
2602 4453 2762 4494 amen
2791 4437 2916 4494 dico
2953 4437 3144 4494 vobis:
3174 4440 3299 4511 quia
3342 4443 3520 4513 angeli
3548 4457 3743 4499 eorum

2137 4532 2378 4604 quotidie
2421 4531 2610 4588 vident
2642 4532 2836 4588 faciem
2866 4531 3043 4588 Patris
3085 4532 3210 4600 mei,
3265 4535 3356 4606 qui
3390 4545 3474 4591 est
3504 4536 3555 4591 in
3585 4537 3746 4592 caelis

2139 4626 2353 4702 (Matth.
2389 4627 2565 4700 xvm).
2598 4627 2883 4684 Vallantur
2904 4643 3036 4699 ergo
3055 4628 3312 4697 praesidio
3341 4631 3619 4701 angelico,
3651 4631 3745 4703 qui

2136 4719 2204 4774 de
2232 4719 2415 4775 cordis
2445 4721 2681 4791 puritate
2709 4721 2989 4776 timuerint
3021 4722 3207 4778 Deum.

2207 4810 2442 4879 Gustare,
2473 4823 2577 4870 etc.
2610 4813 2810 4870 Gustus
2832 4829 2928 4886 per
2956 4813 3136 4871 fauces
3159 4815 3392 4874 discitur
3419 4835 3434 4874 :
3469 4817 3616 4875 visus
3646 4833 3748 4890 per

2135 4905 2322 4962 oculos
2351 4948 2365 4974 ,
2415 4907 2544 4978 quia
2585 4921 2682 4978 per
2731 4907 2916 4963 oculos
2959 4907 3196 4965 videtur.
3250 4908 3519 4982 Propheta
3556 4910 3697 4966 dicit
3729 4952 3744 4974 .

2135 4998 2380 5056 Gustavi.
2417 4998 2486 5054 Et
2515 4998 2790 5070 quomodo
2818 5001 3028 5070 gustavi
3057 5018 3072 5054 :
3107 5000 3190 5056 sic
3212 5001 3396 5058 inveni
3429 5019 3521 5074 per
3545 5002 3738 5069 ﬁdem,

2133 5107 2233 5164 per
2252 5107 2432 5164 spem,
2456 5103 2510 5149 et
2541 5109 2638 5164 per
2669 5107 2832 5164 opera
2858 5094 3020 5150 bona.
3055 5093 3251 5150 Beatus
3278 5097 3355 5151 vir
3374 5099 3460 5170 qui
3482 5107 3656 5169 sperat
3687 5100 3739 5153 in

2134 5203 2271 5243 eum.
2296 5187 2478 5256 Quare
2507 5187 2733 5244 beatus?
2763 5188 2898 5257 Quia
2932 5189 3084 5245 illum
3117 5189 3285 5247 habet
3313 5193 3402 5264 qui
3433 5193 3609 5248 omnia
3640 5195 3741 5249 ha-

2134 5281 2224 5338 bet
2255 5299 2268 5336 :
2295 5281 2396 5339 hoc
2421 5290 2526 5349 est,
2561 5283 2754 5339 Deum.
2776 5283 2918 5353 Ergo
2949 5283 3036 5340 hic
3065 5285 3270 5342 dicitur
3297 5297 3504 5358 gustus,
3528 5297 3587 5342 ut
3606 5303 3736 5345 cum

2134 5375 2256 5446 quis
2287 5376 2605 5446 cognoverit
2633 5375 2826 5443 Deum,
2855 5377 3039 5432 timeat
3065 5376 3217 5433 illum
3253 5396 3266 5434 :
3300 5379 3429 5451 quia
3460 5390 3737 5450 tamquam

2135 5469 2205 5526 de
2227 5478 2386 5542 gustu
2419 5469 2493 5524 ita
2516 5467 2645 5525 alibi
2678 5468 2816 5525 dixit
2845 5487 2858 5525 :
2889 5468 3106 5526 Initium
3135 5472 3416 5544 sapientite
3445 5474 3605 5528 timor
3633 5475 3741 5531 Do-

2128 5631 2366 5721 silius'in
2400 5629 2544 5719 hunc
2571 5629 3232 5721 locu‘m‘oioﬁatftlsis'n‘ré'w
3259 5636 3530 5721 ἀλξξφύζων
3560 5643 3738 5696 κοινὸν

2132 5699 2402 5779 δέν-εἶχεν
2443 5699 2604 5775 ὄνομα
2645 5705 2705 5779 ira
2731 5699 3045 5779 fASE-Pﬂtxo
3095 5705 3261 5778 Reges
3311 5699 3734 5778 Alit'nigcnarum

2127 5775 2488 5849 (Paltestinze,
2505 5781 2618 5830 sive
2647 5775 3078 5849 Philistinoruin)
3107 5775 3368 5836 communi
3386 5775 3590 5835 nomine
3604 5783 3737 5837 Abi-

2126 5845 2314 5902 tne/eth
2345 5846 2676 5901 vocabantur.
