3944 6334
212 293 293 351 991
1053 284 1478 343 ιιιιεγιειιιιιιιι
1519 285 1584 342 IN
1628 285 1964 344 PSAIAIOS.
2011 288 2260 348 I‘SALM.
2308 290 2549 350 XXXIII.

3346 294 3454 352 9‘22

210 411 316 470 mini
340 407 501 484 (Psal.
533 404 639 478 es).
679 404 814 461 Cum
866 411 1044 461 autem
1079 405 1270 463 timere
1317 406 1544 478 coeperit
1567 445 1583 473 ,
1627 415 1752 461 tunc
1780 422 1835 480 Α
1859 407 2019 476 dttttt,
2050 409 2193 466 sicut
2224 409 2362 466 bona
2395 425 2423 464 a
2453 409 2572 466 Dei.
2627 409 2893 482 Relinque
2918 424 3052 481 ergo
3081 427 3202 486 quae
3235 413 3452 483 instigat

208 515 437 582 prmeepta
463 501 710 568 custodit,
750 508 806 555 et
846 509 971 554 tunc
995 499 1132 556 sciet
1156 500 1278 571 quia
1309 498 1490 560 suavis
1526 507 1610 556 est
1638 498 1754 568 Do-

206 605 391 661 minus:
416 597 535 670 quia
567 599 678 668 ipse
715 606 798 652 est
830 594 984 666 panis
1018 595 1170 650 vivus
1196 594 1286 666 qui
1315 595 1618 650 satietatem
1660 594 1753 650 dat

204 697 307 753 huic
333 690 542 749 mundo.
575 691 766 746 Beatus
788 689 865 745 vir
886 687 976 760 qui
1005 699 1189 759 sperat
1218 688 1271 744 in
1297 703 1444 756 eum,
1477 698 1532 746 ct
1563 705 1669 745 non
1695 687 1747 744 itt

202 789 380 845 incerto
406 781 724 838 divitiarum.

258 880 430 935 Timete
451 876 745 942 Dominum,
775 890 950 930 omnes
975 876 1141 930 sancti
1172 876 1308 942 eius.
1335 874 1434 943 Qui
1467 874 1607 930 firmi
1639 885 1750 931 sta-

199 974 255 1030 tis
281 973 326 1028 in
357 969 628 1041 promissis
652 967 794 1039 ejus,
834 967 1021 1024 timete
1042 1008 1058 1035 ,
1102 984 1170 1024 ne
1200 976 1420 1041 accepta
1453 967 1748 1024 securitate

198 1066 528 1138 decipiamini.
566 1064 827 1130 Quoniam
877 1062 1009 1117 nihil
1066 1063 1204 1118 deest
1265 1063 1556 1118 timentibus
1607 1079 1745 1118 eum.

197 1164 404 1232 Quorum
432 1161 572 1216 Deus
600 1169 682 1215 est
711 1157 996 1224 Christus,
1029 1157 1162 1213 nihil
1205 1157 1364 1214 deest
1393 1161 1506 1224 eis,
1541 1157 1592 1213 id
1641 1166 1744 1226 est,

196 1257 304 1315 nihil
328 1255 442 1312 boni
464 1253 615 1310 deest
633 1252 986 1322 eis.Qu:erite
1016 1267 1240 1321 regnum
1266 1251 1384 1318 Dei,
1404 1259 1460 1305 ct
1481 1249 1744 1321 justitiam

193 1354 308 1424 ejus,
331 1360 382 1407 et
415 1360 606 1406 caetera
639 1356 988 1419 apponuntur
1017 1346 1194 1402 vobis.
1229 1344 1448 1403 Justitia
1474 1345 1619 1402 enim
1649 1343 1744 1400 Dei

197 1443 346 1500 omnia
373 1447 611 1512 prtestat.

245 1535 421 1591 Divites
461 1543 706 1605 eguerunt
757 1543 803 1589 et
842 1533 1132 1588 esurierunt
1171 1551 1190 1592 :
1231 1532 1541 1603 inquireules
1573 1541 1746 1586 autem

192 1630 433 1685 Dominum
458 1643 562 1682 non
584 1629 890 1683 minuentur
902 1627 1043 1681 omni
1061 1627 1215 1681 bona.
1233 1626 1386 1682 Multi
1409 1634 1542 1681 sunt
1559 1625 1742 1681 mundi

189 1723 467 1795 locupletes,
500 1730 556 1778 et
587 1733 744 1794 egent
772 1720 946 1792 gloria
977 1718 1092 1785 Dei,
1115 1721 1184 1778 de
1211 1720 1408 1792 quibus
1439 1718 1560 1787 fuit,
1589 1729 1643 1776 et
1663 1718 1744 1774 di-

1857 504 2210 574 diabolus,et
2236 520 2467 576 operare
2500 520 2620 576 qua:
2656 505 2902 577 prmcipit
2933 506 3208 563 Christus.
3243 506 3460 578 Inquire

1857 614 2041 669 pacem
2091 607 2140 652 et
2178 614 2482 670 persequere
2509 614 2643 653 eam.
2681 597 2990 655 Secundum
3018 599 3456 673 Apostolumpa-

1853 709 1970 750 cem
1995 693 2282 764 sequimini
2321 703 2377 750 et
2402 695 2819 750 sanctimoniam
2847 711 2862 762 ;
2892 696 3012 752 sine
3039 711 3145 766 qua
3172 711 3336 752 nemo
3371 696 3452 752 vi-

1852 787 1948 845 det
1991 804 2214 860 regnum
2249 789 2340 845 Dei
2373 788 2564 858 (Hebr.
2592 788 2711 864 xu).
2744 789 2842 847 Vel
2889 791 3064 848 Judaei
3119 792 3454 864 qutcsierunt

1853 895 2067 951 pacem,
2108 881 2164 937 id
2213 891 2320 948 est,
2370 881 2646 939 Christum
2698 882 2766 939 ad
2798 883 3182 953 occidendum,
3243 900 3350 941 non
3381 886 3450 942 ad

1853 973 2194 1044 imitandum,
2237 975 2365 1047 quia
2410 976 2586 1048 sequi,
2639 975 2838 1032 imitari
2866 976 3084 1036 dicitur.
3114 977 3330 1051 Inquire
3359 997 3453 1052 pa-

1849 1085 1957 1124 cem
2001 1077 2048 1124 et
2088 1087 2296 1142 sequere
2325 1088 2458 1139 eam,
2492 1071 2545 1128 id
2574 1081 2682 1142 est,
2716 1073 3032 1130 Christum:
3056 1074 3180 1144 qttia
3213 1076 3331 1146 ipse
3362 1084 3450 1132 est
3527 1074 3538 1082 ’

1849 1178 1952 1235 pax
1983 1175 2191 1220 nostra.
2229 1165 2326 1221 Vel
2353 1183 2587 1236 sequere,
2619 1167 2849 1224 imitare.
2881 1167 3038 1225 Unde
3061 1169 3116 1224 in
3148 1170 3448 1244 Evangelia

1847 1256 2054 1314 dictum
2107 1269 2193 1315 est
2224 1277 2236 1314 :
2268 1259 2370 1328 Qui
2403 1259 2520 1315 vult
2549 1269 2673 1331 post
2710 1277 2794 1318 tne
2826 1263 3039 1331 venire,
3094 1263 3328 1335 abneget
3356 1279 3445 1320 se-

1849 1352 2164 1423 metipsum,
2211 1363 2268 1408 et
2320 1353 2475 1409 tollat
2503 1369 2723 1410 crucem
2761 1369 2914 1411 suam
2960 1366 3016 1413 et
3062 1366 3324 1428 sequatur
3358 1374 3446 1415 me

1848 1445 2004 1520 (Luc.
2035 1444 2136 1518 ts).
2170 1444 2389 1516 Inquire
2413 1464 2592 1520 pacem
2631 1457 2677 1502 et
2700 1464 2909 1520 sequere
2937 1466 3072 1506 eam.
3105 1449 3224 1507 Non
3247 1449 3449 1506 sufficit

1849 1539 2052 1595 tnalum
2080 1539 2290 1612 fugere,
2326 1541 2430 1596 nisi
2474 1541 2675 1597 bonum
2705 1558 2919 1615 quoque
2944 1543 3161 1600 feceris.

1924 1631 2078 1687 Oculi
2109 1632 2317 1688 Domini
2340 1650 2496 1707 super
2509 1635 2704 1708 justas.
2730 1634 2958 1691 Pietatis
2983 1637 3130 1692 enim
3155 1637 3445 1709 inspectio-

1849 1739 1918 1780 ne
1947 1724 2264 1796 eosjugiter
2303 1728 2720 1798 contemplatur.
2763 1727 2830 1782 Et
2865 1745 3014 1784 aures
3053 1731 3166 1801 ejus
3194 1731 3246 1785 in
3269 1746 3446 1803 preces

189 1832 264 1874 ves
305 1817 405 1884 ille,
446 1825 584 1874 ante.
611 1815 770 1887 cujus
794 1815 1019 1886 januam
1058 1814 1298 1872 Lazarus
1333 1813 1689 1871 decumbcbat
1723 1830 1737 1867 :
1772 1823 1820 1884 Β
1845 1836 2039 1874 eorum.
2065 1819 2200 1888 Quia
2223 1836 2342 1892 quae
2370 1820 2518 1891 justa
2543 1831 2670 1878 sunt
2697 1823 2996 1894 postulant.
3035 1823 3187 1878 Oculi
3212 1823 3443 1893 Domini,

188 1911 258 1984 qui
282 1910 455 1966 sitiens
477 1910 528 1966 in
562 1910 872 1976 tormentis,
903 1909 1026 1980 quia
1056 1923 1162 1964 non
1188 1907 1392 1964 fecerat
1420 1905 1734 1963 misericor-

190 2004 324 2074 diam,
349 2018 447 2060 non
468 2003 670 2059 meruit
696 2003 947 2073 accipere
989 2011 1221 2074 guttam.
1253 2000 1537 2072 Inquirens
1559 2006 1737 2054 autern

189 2095 389 2152 Lazarus
418 2110 521 2151 non
567 2108 839 2180 purpuras
861 2139 874 2164 ,
906 2093 1002 2150 sed
1033 2093 1278 2150 coelestia
1318 2107 1507 2165 regna,
1539 2091 1741 2148 meruit

188 2191 230 2247 in
249 2194 355 2248 sinu
383 2191 615 2248 Abrahte
643 2190 804 2246 bonis
820 2190 1072 2247 omnibus
1099 2189 1386 2260 adimplcri
1417 2188 1568 2257 (Luc.
1599 2185 1737 2259 xvi).

248 2285 435 2356 Venite,
485 2285 612 2355 ﬁlii,
647 2285 825 2340 audite
850 2301 928 2339 me
963 2299 982 2339 :
1021 2283 1255 2338 timorem
1301 2281 1511 2336 Domini
1549 2279 1740 2335 docebo

184 2394 270 2435 ros.
296 2378 399 2434 llos
425 2386 508 2435 est
533 2377 912 2451 propheticus,
947 2386 1006 2432 ttt
1032 2375 1330 2446 discipulos
1360 2374 1503 2431 filios
1525 2389 1737 2430 nuncu-

191 2482 280 2546 pet,
301 2475 427 2530 sicut
449 2474 652 2530 Paulus
677 2491 692 2530 :
721 2472 923 2539 Filioli,
953 2486 1091 2544 quos
1120 2471 1314 2526 iterum
1339 2468 1604 2541 partttrio,
1635 2469 1744 2554 (1ο-ο

185 2585 265 2626 nec
283 2569 529 2626 formetur
544 2568 800 2625 Christus
820 2567 872 2623 in
898 2567 1050 2622 vobis
1075 2564 1276 2638 (Galat.
1305 2564 1403 2636 tv).
1428 2563 1542 2638 Hos
1558 2563 1736 2629 docet,

186 2675 229 2720 ut
251 2664 406 2736 primo
431 2664 675 2720 omnium
705 2661 971 2732 sapientia
1007 2678 1019 2716 :
1054 2659 1108 2715 id
1136 2666 1240 2726 est,
1291 2658 1486 2713 timore
1522 2655 1738 2711 Domini

184 2758 473 2816 imbuuntur.
519 2759 719 2826 Venite,
752 2758 875 2828 ﬁlii,
905 2756 1083 2810 audite
1135 2771 1233 2809 me.
1279 2753 1448 2810 Vocat
1490 2750 1741 2807 Christus

185 2849 443 2907 Ecclesium
473 2853 539 2907 ad
589 2865 651 2907 se
676 2850 887 2916 venire,
917 2848 969 2904 id
1004 2856 1112 2914 est,
1145 2862 1241 2918 per
1265 2846 1448 2912 fidem,
1478 2845 1650 2901 sancti
1681 2844 1743 2899 fi-

183 2939 228 2996 lii
262 2941 344 2997 Dei
372 2941 631 2998 dicuntur
661 2961 672 2997 :
697 2941 855 3014 juxta
881 2939 1024 3012 quod
1056 2939 1260 2995 dictum
1297 2948 1381 2995 est
1407 2938 1462 2994 in
1497 2938 1743 3011 Evange-

185 3032 274 3089 lio:
296 3033 563 3106 Quotquot
595 3043 775 3090 autem
815 3041 1143 3104 receperunt
1175 3047 1323 3100 eum,
1358 3032 1506 3088 dedit
1537 3032 1616 3088 eis
1647 3048 1741 3102 po-

183 3134 396 3184 testatem
427 3129 570 3186 lilios
599 3128 694 3185 Dei
726 3128 843 3184 fieri
873 3127 1056 3200 (Joan.
1086 3126 1147 3199 ι).
1172 3126 1241 3183 Et
1261 3127 1500 3183 Joannes
1527 3126 1660 3182 dicit
1687 3126 1740 3182 in

1848 1912 1900 1968 id
1933 1921 2042 1981 est,
2077 1921 2334 1984 aspectus
2390 1913 2712 1983 divinitatis,
2758 1932 2915 1988 super
2942 1920 3141 1988 justas.
3189 1917 3255 1972 Et
3295 1934 3448 1973 aures

1846 2007 1956 2078 ejus
1977 2006 2048 2060 ad
2077 2021 2252 2077 preces
2281 2023 2484 2063 eorum.
2515 2008 2786 2080 Quidquid
2819 2018 3016 2080 rogant
3056 2010 3231 2067 sancti
3254 2009 3321 2066 de
3352 2010 3448 2068 bo-

1847 2115 1940 2170 no,
1973 2099 2196 2156 exaudit
2226 2099 2385 2157 illos:
2415 2102 2542 2173 quia
2573 2102 2716 2158 Deus
2737 2111 2793 2159 et
2822 2103 2996 2170 audit,
3043 2115 3101 2160 et
3135 2104 3280 2162 \‘idcl
3301 2118 3402 2161 nos
3429 2121 3440 2159 :

1847 2205 2135 2266 propterea
2158 2210 2258 2252 nos
2289 2195 2551 2254 faciamus
2571 2197 2917 2267 :voluntatent
2948 2198 3114 2255 illius.

1869 2277 1876 2284 ’
1929 2287 2112 2344 Vultus
2167 2298 2339 2343 autem
2382 2287 2595 2344 Domini
2633 2306 2789 2360 super
2831 2291 3086 2361 facientes
3125 2291 3288 2348 ntala.
3338 2290 3445 2348 Iste

1845 2381 2087 2456 psalmus
2124 2382 2177 2439 in
2211 2398 2442 2454 persona
2481 2384 2749 2440 bonorum
2796 2397 2856 2442 et
2888 2385 2942 2442 in
2994 2402 3231 2458 persona
3268 2388 3444 2444 malo-

1846 2492 1964 2532 rum
1997 2475 2193 2533 currit.
2245 2477 2475 2549 Propter
2503 2477 2630 2548 quid
2661 2477 2843 2534 vultus
2874 2478 2968 2536 Dei
3010 2494 3176 2550 super
3211 2495 3309 2535 eos
3353 2480 3444 2550 qui

1847 2569 1986 2625 mala
2009 2569 2246 2626 faciunt?
2277 2569 2345 2626 Ut
2368 2571 2634 2640 disperdat
2667 2571 2731 2627 de
2755 2583 2892 2628 terra
2915 2575 3219 2629 memoriam
3245 2591 3444 2630 eorum.

1847 2665 1962 2722 IIoc
1988 2674 2094 2735 est,
2149 2666 2219 2722 de
2249 2675 2392 2723 terra
2424 2667 2745 2734 viventium,
2794 2679 2852 2723 ut
2892 2669 2969 2724 ait
2999 2669 3270 2740 propheta
3303 2688 3316 2725 :
3343 2670 3447 2726 Dc-

1846 2763 2060 2818 leantur
2089 2761 2158 2819 de
2182 2762 2327 2820 libro
2353 2763 2653 2818 viventium
2673 2761 2791 2835 (Ps.
2828 2764 3078 2833 Lxxxvt).
3104 2762 3322 2820 Vultum
3355 2763 3446 2819 hic

1845 2857 2089 2914 furorem
2117 2855 2492 2927 intelligimus,
2527 2858 2619 2928 qui
2645 2857 2904 2914 minando
2928 2859 3088 2927 iram,
3122 2859 3444 2915 memoriam

1849 2953 2057 3024 peccati
2089 2968 2119 3007 a
2151 2963 2296 3008 terra
2323 2951 2614 3023 dispertiit,
2638 2961 2694 3007 ut
2722 2951 2936 3008 radices
2962 2952 3311 3023 benignitatis
3337 2965 3451 3006 sua:

1848 3047 2018 3120 (unde
2034 3063 2156 3104 eam
2186 3047 2484 3118 exciderat)
2513 3047 2742 3118 plantet.
2776 3047 2907 3116 Quae
2946 3047 3012 3104 de
3042 3047 3287 3112 auribus,
3313 3061 3448 3101 ocu-

1849 3141 1937 3209 lis,
1980 3156 2043 3198 ac
2074 3141 2142 3198 de
2184 3141 2341 3197 vultu
2397 3141 2674 3210 dicuntur,
2735 3157 2845 3197 non
2890 3141 2957 3196 ad
3004 3140 3443 3214 corporationem

184 3220 386 3292 Epistola
431 3238 525 3280 sua
561 3243 574 3279 :
615 3222 770 3280 Nunc
820 3221 940 3278 Filii
995 3222 1090 3280 Dei
1131 3235 1319 3278 sumus
1349 3220 1399 3294 (1
1437 3219 1598 3275 Joan.
1634 3219 1738 3290 ιιι).

1855 3233 2117 3303 Deitatis,
2177 3235 2272 3292 sed
2321 3236 2388 3292 ad
2447 3235 2746 3308 majestatis
2789 3235 3092 3308 potentiam
3151 3233 3438 3292 referenda

182 3313 404 3372 Timorem
449 3317 666 3373 Domini
701 3317 894 3373 docebo
925 3333 1034 3373 vos.
1086 3317 1156 3376 Ut
1195 3316 1325 3373 illttd
1360 3338 1371 3372 :
1407 3316 1622 3372 Initium
1655 3331 1745 3371 sa-

181 3409 370 3479 pientia:
403 3411 563 3469 timor
596 3410 810 3466 Domini
843 3409 1036 3482 (Eceli.
1080 3408 1142 3477 ι).
1189 3409 1256 3464 Ει
1296 3409 1426 3464 alibi
1458 3408 1592 3464 dicit
1623 3427 1633 3462 :
1670 3409 1744 3464 De

180 3500 345 3558 timore
387 3504 633 3560 nascitur
679 3503 1028 3574 contpunctio
1075 3500 1288 3557 salutis.
1336 3501 1418 3556 Ad
1449 3500 1550 3556 hoc
1579 3499 1745 3557 debet

179 3596 514 3669 unusquisque
564 3596 790 3661 venire,
844 3605 903 3652 ut
961 3596 1215 3652 timorem
1280 3593 1495 3652 Domini
1547 3593 1745 3650 debeat

179 3684 369 3746 habere.

237 3781 350 3850 Quis
372 3795 441 3839 est
464 3785 625 3839 Itonto
645 3785 733 3853 qui
754 3781 865 3838 uult
896 3783 1070 3838 vitam.
1107 3782 1392 3842 ,lEternam
1427 3781 1634 3855 utique.
1673 3782 1743 3837 Et

177 3877 295 3946 rupit
312 3879 418 3933 dies
444 3877 622 3934 videre
651 3879 833 3933 bonos.
859 3877 914 3933 In
948 3876 1146 3948 quibus
1174 3891 1298 3932 eum
1323 3878 1532 3932 sanctis
1556 3877 1744 3947 jucun-

177 3965 308 4024 dctur
336 3971 384 4024 in
407 3985 583 4041 regno
610 3971 724 4026 Dei.
754 3970 849 4026 Vel
879 3985 981 4027 vox
1020 3969 1300 4040 prophetat
1331 3970 1738 4040 interrogando,

175 4068 217 4114 et
241 4061 366 4116 alius
390 4061 544 4127 dicit,
574 4060 692 4133 Ego
718 4061 861 4128 volo,
886 4072 942 4118 et
973 4060 1063 4117 ille
1089 4059 1222 4116 dicit
1253 4080 1263 4115 :
1294 4059 1350 4116 Si
1372 4063 1476 4128 vis,
1507 4060 1590 4116 fac
1611 4075 1742 4132 ergo

174 4153 290 4221 quod
315 4155 580 4226 sequitur,
613 4165 665 4210 et
705 4153 915 4210 videbis
936 4153 1124 4219 vitam,
1155 4154 1257 4209 hoc
1278 4163 1385 4220 est,
1417 4153 1642 4210 habebis
1663 4155 1743 4210 vi-

178 4253 266 4302 tam
287 4256 565 4314 aeternam,
609 4255 664 4304 et
690 4246 810 4304 dies
837 4247 1032 4315 bonos,
1068 4247 1300 4330 IIOC‘CSI,
1333 4246 1452 4302 dies
1478 4254 1735 4302 externos.

233 4339 444 4397 Prohibe
475 4345 715 4416 linguam
752 4349 896 4396 tuam
925 4358 956 4396 a
997 4342 1157 4410 malo,
1187 4351 1236 4396 et
1266 4342 1405 4397 labia
1437 4351 1528 4396 tua
1568 4359 1631 4397 ne
1661 4341 1740 4397 lo-

169 4445 367 4504 qnantur
395 4437 603 4493 dolum.
633 4436 861 4492 Prohibe
887 4437 1117 4510 linguam
1149 4446 1310 4506 tuam,
1359 4437 1410 4491 id
1441 4445 1548 4506 est,
1581 4452 1610 4492 a
1641 4437 1735 4492 dc-

170 4533 433 4602 tractione,
477 4533 567 4590 vel
612 4532 684 4588 ab
736 4531 1139 4589 amaritudine:
1182 4533 1306 4603 quia
1344 4531 1559 4586 dictum
1605 4539 1737 4586 est:

1845 3339 1995 3384 SIII'II.

1917 3421 2281 3478 Clamat'eruul
2311 3425 2457 3492 iusti,
2489 3431 2538 3478 et
2589 3423 2849 3479 Dominus
2880 3423 3145 3478 exaudivit
3189 3438 3298 3490 eos,
3331 3429 3446 3478 etc.

1845 3514 1984 3584 Quia
2023 3516 2092 3572 de
2133 3517 2368 3587 puritate
2418 3516 2602 3574 cordis
2653 3517 2860 3589 integra
2908 3518 3304 3574 clamaveruut.
3344 3515 3442 3573 Vel

1846 3619 1958 3668 tres
2006 3614 2160 3683 pueri
2193 3613 2336 3670 inter
2389 3613 2633 3669 ﬂammas
2657 3614 3056 3679 clamaverunt,
3103 3621 3160 3670 et
3183 3613 3446 3669 Dominus

1846 3705 2124 3761 exaudivit
2178 3721 2274 3763 eos
2327 3705 2493 3779 (Dan.
2525 3704 2628 3778 ιιι).
2684 3705 2808 3762 Filii
2841 3705 3312 3771 Machabaeornm,
3359 3704 3446 3760 νει

1845 3798 2008 3854 modo
2039 3801 2407 3870 unusquisque
2430 3809 2680 3864 sanctus;
2705 3810 2762 3853 et
2793 3799 2940 3866 illos,
2971 3809 3026 3854 et
3056 3799 3219 3854 modo
3241 3814 3435 3853 unum-

1843 3908 2113 3965 quemque
2151 3909 2220 3949 ex
2249 3895 2507 3950 omnibus
2529 3893 2979 3950 tribulationibus
3001 3893 3219 3950 liberat.

1915 3984 2078 4040 Juxta
2103 3995 2170 4042 est
2198 3984 2450 4040 Dominus
2465 3986 2546 4039 his
2559 3987 2647 4058 qui
2661 3985 2908 4040 tribulato
2927 3995 3046 4039 sunt
3077 3986 3249 4038 corde.
3274 3982 3441 4039 Num.

1845 4093 2006 4146 quam
2037 4077 2325 4148 elongalur
2354 4077 2422 4132 ab
2447 4078 2524 4134 eis
2571 4079 2662 4149 qui
2691 4091 2915 4150 propter
2965 4077 3118 4134 illum
3146 4077 3440 4132 sustinent.

1847 4170 1980 4226 Cum
2016 4169 2148 4240 ipsis
2169 4179 2254 4225 est
2281 4170 2336 4226 itt
2365 4170 2723 4227 tribulatione
2757 4188 2769 4224 :
2795 4185 2900 4226 non
2926 4169 3069 4236 loco,
3095 4168 3189 4224 sed
3217 4168 3443 4234 auxilio,

1845 4264 1968 4334 quia
2003 4263 2150 4319 Deus
2179 4280 2286 4319 non
2327 4271 2413 4320 est
2453 4264 2660 4320 localis.
2715 4263 2777 4318 Et
2804 4263 3023 4318 humiles
3048 4262 3238 4334 spiritu
3268 4263 3446 4317 salva-

1848 4359 1937 4413 bit.
1973 4356 2043 4414 Ut
2068 4357 2148 4413 eis
2178 4373 2345 4430 regna
2363 4358 2606 4414 coelestia
2638 4358 2918 4430 largiatur.
2951 4356 3197 4412 Ilumiles
3223 4356 3439 4427 spiritu,

1847 4454 1900 4511 id
1932 4464 2036 4523 est,
2067 4457 2246 4527 mites,
2277 4465 2338 4512 ut
2366 4455 2495 4511 illud
2532 4473 2544 4511 :
2582 4455 2784 4512 Discite
2811 4470 2841 4511 a
2873 4470 2960 4512 me
2981 4456 3104 4528 quia
3138 4454 3288 4510 mitis
3319 4469 3438 4510 sunt

1846 4555 1902 4603 et
1929 4547 2147 4604 humilis
2176 4549 2340 4605 corde
2384 4548 2602 4621 (Matth.
2639 4550 2736 4620 XI).
2768 4548 2865 4604 Vel
2890 4548 3022 4604 illud
3056 4565 3068 4602 :
3104 4548 3255 4604 Beati
3289 4547 3436 4604 enim

170 4620 290 4680 Mors
313 4634 368 4683 et
394 4627 510 4685 vita
553 4627 610 4683 in
649 4626 902 4682 manibus
945 4625 1143 4697 lingua:
1180 4625 1366 4696 (Prov.
1400 4623 1573 4698 svnt).
1605 4623 1738 4693 Quia
1771 4625 1825 4686 1)
1851 4659 2122 4715 pauperes
2149 4643 2366 4715 spiritu,
2397 4643 2651 4716 quoniam
2689 4644 2928 4715 ipsorum
2961 4652 3047 4700 est
3077 4659 3302 4716 regnum
3333 4659 3446 4700 cm,

168 4719 244 4788 qui
265 4721 502 4778 custodit
532 4722 770 4792 linguam
799 4735 979 4786 suam,
1011 4719 1248 4776 custodit
1279 4719 1512 4775 animam
1561 4733 1734 4775 suam.

168 4809 223 4865 Et
263 4812 384 4868 alibi
434 4813 841 4869 dicitzCustos
887 4812 1137 4881 justiti-.12,
1185 4813 1466 4868 silentium
1525 4822 1579 4868 et
1635 4827 1739 4883 pax

169 4900 303 4971 (luti.
337 4906 523 4978 χχιιι).
558 4906 615 4962 Si
645 4903 770 4977 quis
798 4913 952 4977 putat
979 4921 1041 4962 se
1071 4920 1194 4962 esse
1243 4905 1582 4978 religiosum,
1633 4920 1738 4960 non

166 4999 426 5056 relrenans
480 5000 722 5071 linguam
771 5013 952 5068 suam,
1010 4997 1174 5068 hujus
1223 4999 1332 5055 erit
1381 5014 1521 5054 vana
1547 4998 1740 5068 religio

166 5092 346 5162 (Iacob.
371 5099 435 5170 ι).
471 5097 538 5154 Et
560 5098 701 5154 labia
725 5107 834 5163 tua,
858 5114 922 5152 ne
944 5097 1229 5169 loquantur
1246 5097 1426 5151 dolum
1449 5111 1468 5153 :
1493 5110 1566 5152 ne
1593 5095 1738 5152 aliud

165 5203 250 5247 ore
275 5193 571 5261 assintiles,
603 5192 750 5248 aliud
781 5192 946 5248 corde
969 5174 1230 5247 riatineas.

227 5284 422 5344 Diserte
446 5305 479 5342 a
519 5289 681 5355 malo,
703 5295 752 5342 et
771 5291 858 5358 [ac
884 5287 1096 5342 bonum.
1129 5286 1243 5341 l‘Ioc
1271 5293 1374 5352 est,
1407 5284 1626 5341 destrue
1658 5285 1742 5340 vi-

167 5377 232 5434 tia
254 5389 304 5437 et
334 5380 544 5436 aedifica
574 5381 822 5436 virtutes.
853 5378 999 5436 Nihil
1031 5377 1277 5450 prodest,
1311 5378 1354 5433 si
1401 5377 1660 5442 destruis,
1685 5385 1741 5433 et

164 5488 256 5528 non
282 5474 537 5531 mdiﬁcas.
569 5475 682 5532 Hoc
709 5482 818 5541 est,
866 5475 912 5530 si
941 5474 1181 5531 destruis
1203 5474 1360 5540 vitia,
1400 5483 1452 5528 et
1477 5488 1586 5528 non
1607 5473 1740 5528 tedi-

164 5566 280 5625 llcas
326 5570 580 5626 virtutes.
611 5571 688 5626 Ac
713 5570 758 5625 si
783 5569 969 5626 dicat:
1009 5567 1144 5636 Quis
1167 5578 1254 5624 est
1284 5568 1469 5632 homo,
1503 5567 1592 5637 qui
1619 5567 1737 5623 sine

163 5659 238 5716 his
265 5662 392 5718 velit
421 5662 633 5718 vitam?
660 5662 869 5720 Nullus.
907 5661 1045 5731 Quia
1080 5661 1133 5716 in
1179 5677 1245 5718 eo
1271 5661 1479 5718 nullum
1525 5661 1733 5716 bonum

162 5753 274 5827 fuit,
319 5764 408 5832 qui
463 5763 668 5821 nullum
699 5762 899 5818 malum
941 5757 1199 5815 destruit.
1240 5755 1447 5812 Diverte
1474 5773 1506 5810 a
1533 5756 1672 5811 malo
1693 5764 1740 5809 et

167 5854 242 5921 [ηε
277 5857 483 5915 bonum.
540 5860 673 5918 Mala
706 5856 886 5914 omnia
917 5870 943 5910 a
985 5853 1188 5911 diaboli
1241 5852 1499 5910 inStinetu
1531 5865 1730 5923 proce-

1850 4736 2045 4792 lorum.

1923 4827 1981 4882 Μ
1986 4827 2110 4883 ultre
2138 4828 2498 4884 tribulatiaues
2512 4831 2802 4901 juslarum.
2839 4829 2985 4901 Ergo
3015 4829 3104 4901 qui
3131 4827 3447 4885 tribulatio-

1851 4937 1974 4978 ucm
2003 4937 2110 4978 non
2145 4923 2373 4992 patitur,
2417 4922 2595 4992 justus
2636 4931 2876 4978 nonest.
2929 4923 3071 4980 Mors
3099 4933 3443 4995 peceatorum

1851 5013 2089 5086 pessima
2119 5025 2227 5070 ρει.
2255 5014 2533 5070 .Ittstorttm
2568 5014 2856 5071 tribulatio
2880 5026 3058 5072 morte
3085 5015 3296 5086 linitur,
3322 5031 3447 5086 pee-

1847 5117 2092 5164 catorum
2121 5123 2258 5165 vero
2286 5109 2549 5179 supplicia
2583 5119 2709 5180 post
2739 5119 2970 5166 mortem
2998 5111 3289 5180 incipiunt.
3322 5110 3441 5175 Vel,

1846 5202 2024 5256 multa:
2069 5203 2429 5258 tribulationes
2463 5205 2752 5275 justorum,
2786 5213 2838 5259 et
2865 5203 2934 5260 de
2960 5204 3217 5260 omnibus
3243 5204 3330 5260 Itis
3381 5204 3442 5260 Ii-

1846 5293 2058 5350 beravit
2083 5311 2179 5351 eos
2209 5295 2492 5352 Dominus.
2547 5295 2852 5351 Tentantur
2903 5296 3072 5363 enim,
3127 5307 3188 5352 ut
3233 5297 3443 5368 probati

1847 5387 2117 5444 manifesti
2169 5389 2320 5444 fiant.
2346 5389 2454 5447 Sed
2483 5389 2537 5445 in
2563 5397 2809 5460 tempore
2839 5389 2943 5445 erit
2981 5400 3265 5460 respectus
3295 5391 3444 5460 ipso-

1846 5496 1990 5549 rum,
2016 5497 2139 5538 cum
2161 5482 2523 5553 iudicaverint
2555 5485 2824 5552 nationes,
2867 5493 2920 5540 et
2951 5483 3214 5541 dominati
3246 5482 3444 5540 fuerint

1843 5576 2080 5646 popuﬂs.

1917 5667 2172 5724 Dominus
2201 5672 2425 5727 custodit
2451 5674 2625 5728 omnia
2656 5689 2774 5728 ossa
2802 5690 3000 5729 eorum.
3038 5673 3092 5730 Id
3117 5682 3222 5742 est,
3268 5673 3441 5729 virtu-

1845 5771 1929 5820 tes
1955 5778 2167 5819 eorum.
2206 5763 2377 5820 Unum
2403 5783 2469 5822 ea:
2492 5767 2574 5822 his
2604 5783 2706 5822 non
2735 5777 3045 5823 conteretur.
3106 5768 3184 5824 De
3231 5767 3437 5824 sanctis

1848 5858 1964 5914 suis
1997 5859 2048 5913 in
2076 5857 2265 5914 futuro
2288 5859 2514 5930 judicio,
2545 5861 2818 5934 quomodo
2849 5861 3003 5930 dicit,
3035 5877 3202 5918 unum
3252 5877 3321 5918 ex
3349 5860 3434 5918 bis
