3944 6334
462 328 569 384 923
1253 316 1603 380 ΑΡΡΕΜΜΧ
1642 321 1734 379 AD
1772 318 2021 378 TOMUM
2038 334 2039 337 ‘
2057 317 2088 376 ε

2203 315 2410 378 ΠΜυΜ
2447 319 2507 378 S.
2552 315 2954 376 HIERONYMI.
3626 317 3714 380 926

461 462 568 504 non
600 454 936 511 conteretur,
974 443 1098 516 quia
1124 440 1275 496 multi
1306 442 1511 497 habent
1537 455 1661 496 ossa
1697 436 1891 509 fracta,
1917 436 2058 491 sicut
2084 437 2133 494 Α
2161 435 2471 492 ﬁrmitatem
2522 435 2706 491 carnis
2740 433 2845 487 sibi
2897 429 3135 503 postulat
3183 429 3506 486 ministrari.
3557 428 3647 486 Sed
3672 442 3715 488 et

463 540 697 609 legimus
722 541 789 596 de
815 538 1022 594 sanctis
1051 532 1420 606 martyribus?
1450 533 1559 589 Sed
1591 533 1681 589 hic
1706 546 1851 601 ossa,
1878 528 2061 585 firma-
2163 543 2263 583 nos
2287 526 2665 598 Spiritualibus
2686 523 2933 580 defendit
2960 521 3129 579 armis
3156 536 3219 578 ac
3241 524 3433 585 munit,
3458 522 3715 578 secundum

462 642 727 703 mentum,
762 632 848 688 vel
877 630 1115 686 virtutes
1148 628 1344 684 anima:
1376 628 1775 699 intelliguntur.
1800 624 2060 680 Dominus
2163 618 2485 691 Apostolum
2523 635 2539 675 :
2572 616 2787 675 induite
2812 629 2911 671 vos
2953 627 3102 670 arma
3144 615 3241 669 Dei
3270 611 3489 687 (Ephes.
3522 612 3615 683 vn).
3640 612 3721 668 Δι-

464 727 704 785 custodit
733 725 915 781 omnia
949 739 1073 780 ossa
1098 738 1311 790 eorum,
1342 738 1506 778 unum
1537 737 1604 778 ex
1627 721 1711 776 his
1739 735 1845 776 non
1870 727 2051 774 conte-
2165 729 2250 770 ma
2280 713 2495 768 Domini
2524 710 2795 783 protectio
2823 707 3151 765 divinitatis.
3208 706 3347 776 Quid
3373 705 3586 772 fortius,
3618 707 3719 777 quid

465 832 641 882 retur.
676 822 1065 879 Eternitatem
1094 826 1375 890 perpetua:
1406 816 1529 873 vita:
1584 815 1736 881 dicit,
1780 827 1941 885 quam
1967 826 2065 884 per
2169 807 2451 879 pulchrius
2501 820 2662 876 quam
2710 803 2990 859 Christum
3016 810 3286 857 armatum
3333 809 3484 855 stare
3516 812 3613 868 pro
3633 799 3724 854 suis

464 931 617 988 spem
650 914 772 970 tldei
804 921 1021 987 gerunt,
1073 912 1189 968 sive
1217 910 1589 967 fortitudinem
1630 923 1792 981 quain
1841 907 1899 962 in
1944 905 2065 977 ipso
2166 901 2404 957 sanctis?
2441 899 2584 956 sicut
2625 908 2848 954 sanctus
2888 895 3200 967 Stephanus
3240 894 3395 959 vidit,
3435 892 3642 965 quando
3662 892 3727 949 di-

468 986 672 1067 habent
700 986 823 1064 Deo
856 1004 1141 1063 custodire
1174 1022 1188 1058 :
1220 1019 1289 1061 ne
1327 1004 1380 1059 in
1412 1002 1497 1059 his
1528 1000 1969 1059 tribulationibus
1995 1007 2068 1054 te-
2168 994 2284 1051 xit:
2319 994 2459 1050 Ecce
2496 992 2651 1047 video
2689 991 2859 1047 eteius
2901 997 3144 1061 apertos,
3198 994 3254 1044 et
3281 987 3475 1043 Filium
3531 986 3729 1043 hominis

468 1110 713 1179 pascant,
741 1112 831 1158 aut
863 1110 1227 1158 conterantur
1253 1100 1307 1155 in
1332 1098 1534 1170 aliquo,
2168 1093 2405 1141 stantem
2429 1098 2458 1138 a
2482 1083 2690 1139 dextris
2723 1082 2816 1138 Dei
2840 1081 3019 1137 Patris
3057 1080 3197 1152 (Act.
3229 1077 3349 1151 vu).
3396 1078 3583 1141 Stare,
3625 1092 3732 1149 pug-

539 1196 684 1253 Mors
713 1202 1043 1269 peccatorum
1074 1194 1295 1262 pessima
1319 1201 1417 1249 est.
1467 1190 1602 1259 Quia
1630 1194 1685 1246 et
1712 1187 1805 1245 hic
1848 1187 2068 1244 initian-
2171 1178 2350 1234 nantis
2373 1177 2456 1233 vel
2483 1176 2821 1232 adversantis
2852 1183 2958 1231 est.
2990 1174 3071 1230 'l‘u
3103 1184 3211 1231 non
3244 1182 3403 1245 potes
3436 1180 3641 1229 mutare
3662 1187 3733 1227 tua

468 1302 578 1361 ωτι,
603 1298 660 1347 et
690 1264 742 1346 in
775 1289 959 1346 ίύιιιιιο
983 1288 1100 1344 sine
1132 1287 1239 1343 ﬁne
1268 1296 1609 1358 torquentur,
1647 1284 1821 1357 Ecqui
1848 1284 2070 1337 οάενυηι
2174 1285 2326 1327 arma
2361 1286 2376 1326 :
2404 1270 2669 1326 Dominus
2685 1268 2953 1325 accedens
2971 1266 3042 1324 de
3066 1264 3235 1323 armis
3262 1266 3392 1321 facit
3417 1272 3645 1322 scutum.
3681 1264 3736 1321 Et

463 1359 692 1461 justum,
721 1383 1042 1455 delinquont.
1076 1380 1355 1437 Christum
1388 1381 1474 1437 vel
1521 1387 1905 1437 testamentum
1947 1378 2068 1449 ejus

2203 1378 2275 1419 108
2299 1363 2563 1419 debemus
2594 1377 2745 1418 arma
2772 1360 3046 1431 accipere,
3094 1370 3153 1415 ut
3176 1362 3456 1431 possimus
3506 1359 3736 1416 resistere

469 1453 643 1539 dudmi
674 1453 923 1535 oderunt.
970 1478 1204 1533 Oderunt
1216 1480 1443 1551 justum,
1475 1474 1526 1531 id
1560 1483 1664 1541 est,
1695 1473 1991 1539 Christum,
2017 1479 2073 1527 et

2203 1474 2229 1512 ιι
2255 1456 2346 1512 die
2368 1456 2531 1524 malo,
2564 1463 2623 1513 et
2659 1456 2714 1511 in
2738 1454 2995 1511 omnibus
3020 1453 3242 1524 perfecti
3274 1460 3443 1509 stare.

473 1576 594 1630 sine
623 1588 806 1629 causa.
864 1568 1197 1641 Delinquent,
1226 1570 1329 1625 hoc
1366 1575 1471 1636 est,
1501 1568 1825 1641 peccabunt.
1861 1566 1958 1622 Vel
1980 1565 2070 1637 qui

2249 1547 2475 1617 E/I'unde
2495 1549 2756 1619 frameam
2784 1557 2831 1601 et
2847 1544 3100 1601 concludo
3119 1544 3366 1599 adversus
3384 1558 3474 1598 eos
3496 1543 3587 1613 qui
3609 1558 3738 1615 perte-

475 1670 590 1727 odit
623 1669 783 1724 modo
803 1666 1035 1739 justum,
1063 1666 1168 1721 hoc
1199 1674 1305 1733 est,
1338 1676 1777 1735 unumquemque
1799 1669 2072 1727 sanctum,

2203 1648 2406 1696 iuuatur
2433 1655 2537 1695 me.
2563 1638 2636 1697 Ut
2671 1637 2877 1695 eil'usus
2922 1638 3018 1692 iraa
3048 1647 3155 1692 tute
3199 1636 3412 1707 gladius
3464 1649 3632 1704 super
3667 1647 3741 1689 eos

482 1776 689 1836 peccat.
803 1728 823 1739 '
1024 1728 1032 1733 ⁷
1294 1728 1301 1733 ’
1527 1728 1539 1735 ’
1692 1728 1701 1732 ’
2179 1734 2414 1799 decidat,
2448 1748 2654 1806 eosque
2680 1731 2972 1789 concludat
3000 1746 3016 1786 :
3045 1746 3115 1787 ne
3136 1730 3203 1786 ad
3227 1729 3539 1787 nocendum
3563 1728 3745 1783 valeam

556 1856 791 1913 Redemit
839 1854 1094 1911 Dominus
1119 1854 1321 1910 animas
1342 1868 1606 1908 seruorum
1629 1865 1865 1906 suorum.
1902 1847 2077 1906 Rede-

2203 1830 2420 1902 :vagari.
2448 1830 2554 1885 Per
2582 1825 2842 1883 frameam
2883 1823 3210 1897 lntelligitur
3234 1824 3416 1881 anima
3451 1821 3743 1877 Dominica:

482 1953 577 2007 mit
609 1967 709 2008 nos
756 1950 1008 2008 Christus
1060 1950 1326 2022 sanguine
1372 1962 1468 2004 suo
1498 1946 1765 2019 pretioso,
1808 1952 1865 2002 et
1916 1942 2078 2000 modo

2203 1940 2278 1980 ter
2301 1939 2462 1996 quam
2515 1922 2647 1978 facit
2679 1922 2818 1978 Deus
2848 1920 3010 1976 Pater
3044 1919 3249 1991 justam
3294 1917 3626 1974 vindictam.
3669 1914 3743 1971 Vel

483 2062 580 2117 per
606 2044 848 2117 singulos
869 2042 988 2101 dies
1015 2042 1254 2101 redimit.
1286 2042 1405 2107 Vel,
1432 2040 1644 2096 redemit
1667 2038 1924 2093 Dominus
1958 2036 2079 2091 ani-

2203 2020 2387 2074 ramea
2439 2015 2767 2087 intelligitur
2820 2016 3002 2070 anima
3077 2011 3505 2083 uniuscujusque
3551 2008 3744 2064 sancti:

484 2105 597 2195 im
620 2105 885 2195 “riam”,
906 2153 1143 2206 suorum,
1174 2135 1242 2192 de
1274 2105 1544 2205 ροιέειειθ
1568 2129 1823 2188 secunda;
1862 2127 2076 2184 monis,
2180 2118 2304 2189 quia
2333 2115 2480 2172 Deus
2506 2129 2601 2185 per
2624 2114 2835 2169 animas
2865 2120 3085 2167 sanctas
3111 2109 3242 2165 facit
3262 2108 3560 2181 vindictam
3598 2105 3749 2159 :sicut

490 2234 557 2290 Et
585 2251 691 2290 non
718 2232 1047 2306 derelinquet
1066 2247 1243 2287 omnes
1267 2229 1356 2302 qui
1377 2234 1587 2302 sperant
1610 2226 1663 2280 in
1693 2240 1828 2280 eum.

2203 2226 2279 2266 ter
2306 2209 2525 2264 Petrum
2564 2205 2691 2263 fecit
2716 2206 2785 2261 de
2836 2203 3044 2260 Anania
3075 2212 3129 2257 et
3166 2200 3392 2271 Sophim
3424 2200 3569 2270 (Act.
3601 2196 3680 2267 v).
3704 2204 3746 2252 et

560 2326 665 2397 Qui
714 2327 766 2382 in
804 2327 915 2382 Deo
938 2334 1184 2397 sperant,
1229 2340 1336 2380 non
1378 2321 1722 2393 derelinquet
1752 2332 1872 2383 eos,
1905 2330 2081 2389 neque

487 2422 579 2478 hic
605 2436 780 2494 neque
820 2419 872 2477 in
906 2418 1131 2476 futuro:
1163 2419 1259 2476 sed
1303 2433 1424 2475 cum
1451 2415 1583 2487 ipsis
1623 2422 1728 2485 est,
1779 2409 2081 2468 secundum

488 2514 910 2587 promissionem
940 2528 1118 2579 suam,
1139 2527 1315 2584 usque
1344 2511 1411 2566 ad
1436 2505 1964 2565 consummationem
1980 2517 2080 2559 sa:-

486 2609 618 2666 cull.
654 2606 758 2677 Qui
788 2607 948 2665 nobis
976 2616 1239 2678 prmstare
1262 2605 1542 2676 dignetur,
1572 2611 1628 2657 ut
1650 2598 1942 2670 sitjugiter
1966 2596 2084 2653 laus

490 2704 609 2775 ejus
660 2704 712 2758 in
761 2718 859 2759 ore
898 2710 1134 2759 nostro:
1170 2698 1395 2771 ejusque
1439 2693 1686 2751 doctrina
1736 2688 2084 2747 mediocriter

493 2805 732 2863 utentes,
756 2811 859 2852 nec
887 2792 1151 2851 extollere
1183 2803 1467 2864 prospera,
1507 2800 1606 2843 nec
1631 2781 1969 2842 [ncommods
1987 2790 2083 2837 va-

491 2889 638 2945 leant
690 2888 975 2945 inclinare.

2183 2321 2280 2377 per
2309 2304 2477 2360 Eliam
2507 2302 2575 2358 de
2604 2296 3087 2373 quinquagenariis
3127 2296 3262 2350 viris
3290 2294 3379 2365 (iV
3405 2291 3537 2364 Reg.
3566 2290 3628 2361 ι).
3660 2288 3750 2342 Do-

2182 2399 2339 2463 mine,
2364 2397 2449 2451 dic
2469 2394 2660 2451 animus
2680 2409 2805 2449 mea:
2824 2408 2843 2447 :
2876 2390 3034 2448 Salus
3055 2398 3144 2445 tua
3164 2404 3259 2459 ego
3282 2401 3420 2442 sum.
3444 2384 3563 2440 Vox
3594 2382 3750 2438 Eccle-

2185 2490 2302 2548 siae.
2334 2489 2434 2545 Dic
2469 2489 2659 2543 animm
2688 2502 2833 2549 meae,
2883 2496 2939 2539 ιιι
2991 2494 3045 2539 te
3091 2480 3384 2551 intelligat,
3419 2476 3567 2549 quod
3619 2484 3669 2531 tu
3700 2489 3749 2529 es

2189 2586 2331 2640 Deus
2379 2596 2531 2638 meus
2574 2597 2589 2636 ε
2636 2586 2691 2635 ιιι
2732 2593 2793 2634 es
2844 2578 2997 2632 salus
3031 2574 3233 2630 anima:
3280 2586 3438 2628 mete.
3460 2570 3558 2625 Dic
3586 2569 3749 2624 anime

2184 2692 2326 2742 mete,
2356 2675 2516 2732 Salus
2538 2684 2630 2729 tua
2644 2690 2736 2747 ego
2758 2688 2893 2727 smn.
2921 2671 2967 2729 Α
2990 2686 3076 2726 me
3092 2668 3220 2737 erit,
3245 2667 3449 2739 inquit,
3481 2674 3602 2736 post
3624 2677 3746 2719 mor-

2186 2783 2293 2828 tem
2322 2769 2664 2827 viviﬁcanda.

2256 2863 2665 2937 Confundantur
2720 2868 2769 2916 ct
2826 2867 3159 2915 revereantnr
3211 2861 3496 2925 quarentcs
3550 2849 3751 2906 animant

989 2998 1305 3059 pSALMUS
1326 2994 1571 3054 χχχιιι,
2187 2974 2372 3027 meam,
2402 2966 2461 3012 ιιι
2483 2959 2728 3028 auferant
2757 2966 2889 3059 eam.
2917 2950 3056 3005 Cum
3078 2964 3166 3005 me
3193 2942 3622 3059 resuseitaveri:,
3644 2950 3752 2997 tunc

496 3115 560 3172 In
588 3118 765 3188 ﬁnem,
803 3115 1050 3172 Psalmus
1096 3114 1196 3188 ipsi
1221 3112 1433 3188 _Dauid.
1479 3111 1542 3188 in
1557 3111 1779 3188 _ﬁn_em,
1812 3107 1865 3167 id
1884 3116 1996 3188 est,
2028 3107 2084 3188 in

2196 3055 2251 3110 Ιιὶ
2284 3050 2712 3108 confundantur.
2740 3046 3048 3102 Avertanlttr
3073 3050 3362 3099 retrorsum
3397 3050 3446 3093 et
3475 3036 3750 3093 erubescam

619 3126 1195 3253 ξ’ξξιίωςῗηίιτξῗιέέδξ
1220 3126 2084 3253 ιέξξξξξίῖὲείιξοξξῗξφιςξξξάθῗδξῖίῗ
2193 3148 2281 3219 qui
2311 3148 2491 3202 uolunt
2522 3143 2652 3200 mihi
2673 3138 2834 3198 mala.
2867 3140 2981 3196 Non
3007 3148 3064 3194 ut
3100 3136 3393 3208 proficiant
3420 3134 3474 3188 in
3501 3140 3639 3199 ante,
3668 3126 3753 3184 sed

624 3274 709 3306 nm
737 3259 885 3306 omni
912 3259 1157 3306 credenti
1185 3256 1366 3306 (Rom.
1393 3259 1472 3306 xi.
1515 3253 1611 3306 Vel
1632 3254 1773 3306 linis.
1822 3197 2084 3306 perfectio
2111 3224 2157 3288 (ἶ
2191 3251 2491 3298 retrorsum
2527 3244 2945 3301 convertantur,
2998 3243 3054 3288 ut
3081 3237 3328 3303 pereant,
3361 3226 3413 3283 id
3438 3238 3541 3293 est,
3573 3225 3753 3279 daemo-

581 3224 887 3315 ἱῖἒῖἑιῖᾘὲἴι
912 3224 1374 3327 ἓέεἱὶὲὶῗὶι
1393 3224 1805 3322 vaZi'iiiiiX,"
2111 3224 2157 3288 (ἶ
2191 3251 2491 3298 retrorsum
2527 3244 2945 3301 convertantur,
2998 3243 3054 3288 ut
3081 3237 3328 3303 pereant,
3361 3226 3413 3283 id
3438 3238 3541 3293 est,
3573 3225 3755 3279 daemo-

571 3331 793 3386 (Ἇινίδίί-
830 3332 981 3387 Unde
1011 3343 1065 3385 θι
1109 3321 1342 3399 ard-ito"
1384 3321 1689 3401 dixerunt:
1724 3324 1970 3401 Dymine.
2001 3337 2084 3401 0?-
2191 3351 2311 3401 nes,
2342 3331 2538 3397 Judaei,
2574 3331 2660 3386 vel
2709 3337 3090 3399 persecutores
3132 3321 3417 3384 Ecclesiae,
3452 3324 3750 3372 avertantur

573 3400 1280 3494 ff'dﬁj_l_9!’i§Pajfﬂ'ﬁffl
1540 3393 2080 3494 ¹ξ9ε¹ζίξ,(’ζίξ⁰’ξςῄξξξλζ
2186 3430 2240 3485 in
2270 3393 2453 3483 futuro
2478 3393 3156 3494 jutlicio.'Confttndantur
3176 3424 3234 3472 et
3268 3420 3615 3470 revereantur
3634 3423 3752 3478 geu-

575 3473 642 3530 Ει
696 3473 1123 3541 θοιηίηηεείὶιιί
1178 3487 1265 3526 me
1322 3471 1517 3541 νίιίθιι
1564 3466 1819 3541 νῖάεέιέι
1865 3466 2082 3541 Patre!“
2186 3466 3461 3541 ΪῖἶΪΪὛΪν,Ἢζζῗῗ’-ἷζέξζζῖζζῖῖῗ,ι’,ξεζῖηᾷᾼις

575 3499 642 3530 [ιι
697 3499 1123 3541 υυΙΙΙιΙΙΙΙδΣιηευι
1179 3499 1265 3526 mc
1328 3499 1506 3537 νιυῠι,
1573 3499 1721 3522 νιυει
1764 3499 1819 3522 σι
1865 3499 2082 3522 ιιιιιυιιι

574 3561 752 3600 meum
781 3548 940 3616 :quia
971 3561 1070 3615 ego
1101 3546 1153 3600 in
1183 3543 1450 3616 P.itre,_et
1483 3540 1660 3616 Δῐξιιίιξι·
1680 3538 1733 3616 in
1777 3552 1864 3593 me
1893 3536 2085 3616 est._ln

2211 3524 2311 3581 iles
2336 3523 2407 3579 de
2462 3519 2621 3577 idolis
2652 3536 2668 3576 :
2705 3514 3114 3574 confundantur
3158 3511 3228 3567 de
3256 3507 3577 3565 inﬁdelitate
3617 3501 3675 3616 ad
3702 3499 3755 3555 ii-

574 3616 676 3672 hoc
702 3627 782 3671 est
811 3608 1076 3688 perfectio
1104 3616 1331 3688 Christi.
1358 3612 1564 3688 _I)a_vid_.
1606 3612 1769 3688 [pnis
1803 3625 1967 3667 manu
2008 3608 2086 3664 inc

573 3681 924 3759 terpretalur,
958 3689 1074 3744 sive
1103 3685 1502 3759 desiderabilis.
1524 3683 1593 3740 Et
1618 3681 1878 3759 Dominus
1921 3696 2086 3759 manu

572 3750 750 3829 for'tis,
776 3750 1101 3830 quia'tetigit
1131 3756 1366 3817 loculum
1387 3799 1402 3824 ,
1431 3767 1485 3810 et
1513 3752 1749 3830 surrexit
1771 3752 1991 3825 juvenis
2012 3750 2082 3830 ii-

574 3830 678 3886 litts
700 3824 896 3885 vidum.
924 3824 1227 3892 Velvfnt'tis,
1261 3843 1358 3898 per
1379 3842 1538 3898 quem
1561 3827 1695 3881 iacta
1725 3824 1845 3878 sunt
1879 3824 2083 3898 omnia.

569 3902 978 3972 Desiderabilis,
1016 3904 1141 3972 quia
1161 3895 1431 3957 intantnm
1461 3898 1774 3955 desiderant
1797 3895 1973 3972 sancti
2003 3896 2089 3952 vi-

574 3969 1110 4041 dercChristum,'ut
1142 3975 1302 4028 etiam
1327 3985 1558 4038 corpora
1589 3985 1683 4025 sua
1716 3969 1961 4041 proipso
1989 3976 2090 4041 tra-

570 4047 771 4101 duntin
802 4039 1141 4118 martyrium.
1178 4045 1268 4099 Vel
1306 4041 1571 4118 passionis
1616 4039 1912 4095 Dominicm
1945 4040 2089 4118 psal-

575 4133 694 4172 mus
739 4111 981 4173 continet
1045 4124 1475 4171 sat-ramentum.
1535 4111 1599 4183 In
1641 4127 1748 4183 quo
1791 4111 2088 4166 notandum

570 4197 674 4257 est,
703 4190 848 4262 quod
880 4203 943 4245 ea
975 4204 1095 4262 qua:
1128 4189 1182 4243 in
1220 4185 1551 4262 humilitate,
1580 4182 1711 4262 ﬂetu
1742 4200 1805 4240 ac
1828 4184 2090 4239 lamenta-

571 4263 719 4317 tione
757 4258 1034 4326 dicuntur,
1066 4275 1172 4316 non
1201 4258 1501 4327 divinitati,
1525 4259 1620 4314 sed
1646 4264 1941 4325 assumpta:
1970 4269 2091 4327 car-

571 4332 626 4389 ni
678 4335 1033 4389 conveniunt.
1085 4332 1217 4389 Ot'at
1243 4343 1375 4403 ergo
1407 4325 1692 4391 Dominum
1738 4328 1980 4401 Patrem,
2009 4325 2092 4382 dis-

569 4419 703 4460 CCIIS
728 4422 743 4459 2

2193 3618 2314 3672 dein
2345 3612 2576 3670 Christi.
2609 3610 2765 3668 Unde
2796 3608 2991 3665 Paulus
3017 3605 3150 3661 dicit
3182 3621 3196 3658 :
3226 3601 3453 3671 Qualem
3496 3614 3619 3667 ergo
3652 3594 3752 3648 frn-

2187 3720 2334 3765 ctnm
2362 3704 2627 3763 habuistis
2657 3713 2785 3758 tunc
2806 3701 2859 3756 in
2893 3698 2998 3764 his,
3033 3702 3086 3753 in
3119 3696 3315 3767 quibus
3332 3707 3477 3749 nunc
3501 3685 3753 3747 erubesci-

2189 3801 2460 3875 tis(Rom.
2502 3796 2614 3869 vt)?
2640 3796 2761 3862 Vel,
2794 3799 3143 3850 revertantur
3188 3798 3513 3851 retrorsum,
3566 3784 3614 3839 id
3661 3788 3751 3843 est,

2191 3896 2269 3952 illi
2297 3895 2388 3965 qui
2422 3893 2622 3947 malum
2677 3903 2900 3946 cursum
2934 3886 3242 3941 habuerunt
3272 3902 3287 3940 :
3323 3883 3468 3938 sicut
3524 3876 3755 3935 Dominus

2190 3990 2266 4044 ait
2292 3987 2359 4043 ad
2394 3988 2612 4043 Petrum
2647 4002 2660 4037 :
2691 3980 2840 4039 Vade
2867 3990 2993 4052 post
3016 3995 3124 4045 me,
3156 3977 3358 4035 Satana
3388 3974 3599 4048 (Matth.
3631 3968 3748 4040 xvi).

2261 4078 2423 4134 Fiant
2460 4086 2720 4146 tamquam
2748 4074 2918 4140 puluis
2957 4083 3078 4128 ante
3107 4073 3293 4142 faciem
3331 4069 3470 4124 renti
3495 4083 3515 4122 :
3536 4075 3582 4121 et
3606 4076 3750 4133 ange-

2196 4173 2278 4227 lus
2300 4168 2514 4225 Domini
2537 4182 2849 4240 persequens
2866 4182 2973 4222 eos.
3003 4165 3061 4220 id
3091 4172 3191 4231 est,
3219 4162 3417 4233 angelo
3443 4170 3753 4232 persequeuo

2193 4276 2268 4332 te,
2315 4264 2735 4335 disperdantnr,
2780 4270 2842 4317 ut
2880 4261 3016 4318 nihil
3045 4271 3273 4332 prorsus
3300 4271 3369 4314 ex
3419 4256 3504 4311 his
3540 4252 3620 4310 vel
3656 4248 3754 4307 exi-

2191 4374 2361 4432 guum
2395 4358 2756 4431 relinquatur.
2800 4354 3005 4425 Pulvis,
3058 4353 3210 4410 leves
3260 4359 3315 4405 et
3346 4342 3755 4404 infructuosilio-

2195 4453 2374 4509 mines
2400 4452 2535 4508 dicti
2577 4459 2703 4507 sunt
2734 4449 2902 4520 :quia
2949 4448 3089 4507 sicut
3140 4443 3316 4515 pulvis
3371 4451 3498 4497 ante
3544 4445 3753 4495 vcnttuu,

567 4541 784 4610 Iudico,
817 4541 1060 4608 Domine,
1090 4549 1330 4599 nocentes
1349 4556 1431 4596 me
1457 4556 1478 4597 :
1508 4555 1749 4614 expugna
1778 4539 2088 4613 impugnan-

2203 4548 2281 4603 sic
2307 4553 2627 4617 peceatores
2653 4552 2781 4599 ante
2832 4538 3162 4598 sententiam
3191 4536 3433 4592 divinam
3455 4534 3509 4589 in
3533 4532 3614 4587 die
3634 4526 3756 4598 judio

501 4646 576 4692 tea
598 4651 697 4695 me.
725 4634 944 4692 Judteos
972 4645 1023 4693 et
1048 4633 1321 4706 principes
1338 4632 1708 4701 sacerdotum,
1736 4634 1826 4705 qui
1854 4632 1908 4688 in
1925 4646 2088 4691 carne

2203 4641 2288 4697 cii.
2321 4638 2394 4695 Et
2422 4637 2642 4707 angelus
2661 4635 2871 4690 Domini
2906 4648 3212 4705 persequens
3241 4646 3355 4685 eos.
3410 4627 3641 4699 Angelus
3668 4622 3754 4677 Do-

508 4731 742 4803 positum
774 4729 1063 4786 Dominum
1093 4745 1239 4800 swpe
1294 4729 1698 4800 impugnantes,
1750 4742 1955 4783 nocere
2005 4740 2100 4785 νοι-
2202 4731 2354 4799 mini,
2382 4728 2435 4785 id
2459 4737 2563 4797 est,
2589 4727 2815 4799 spiritus
2846 4725 3047 4782 malus.
3080 4723 3137 4779 Si
3171 4723 3366 4791 malus,
3404 4735 3503 4777 cur
3539 4711 3756 4774 Domini?

501 4825 742 4883 luerunt.
774 4821 988 4891 Iudico,
1015 4821 1258 4886 Domine,
1287 4833 1523 4881 nocentes
1549 4839 1649 4878 me.
1680 4821 1793 4877 Vox
1808 4819 2015 4879 Christi
2043 4819 2097 4875 in
2203 4822 2258 4881 Si
2291 4822 2528 4889 Domini,
2550 4835 2648 4876 cur
2668 4820 2880 4875 malus?
2908 4817 3120 4874 Domini
3151 4834 3165 4870 :
3195 4817 3320 4886 quia
3340 4815 3596 4871 Dominus
3625 4809 3756 4865 illum

504 4917 780 4989 passione,
823 4926 881 4974 et
916 4932 1016 4972 Vox
1068 4915 1335 4972 Ecclesia:
1364 4917 1417 4971 in
1452 4914 1826 4971 tribulatione.
1859 4910 2097 4969 Indica:
2202 4919 2433 4982 creavit,
2459 4928 2513 4972 et
2536 4892 2796 4971 Dominus
2824 4914 2979 4969 illum
3028 4912 3194 4968 habet
3223 4910 3276 4965 in
3306 4918 3593 4979 potestate.
3637 4901 3762 4960 Mali-

510 5014 614 5069 hoe
638 5021 746 5085 est,
774 5011 983 5086 judicio
1005 5010 1371 5068 discretionis.
1407 5009 1501 5066 Vel
1520 5010 1726 5080 judico,
1760 5009 1811 5066 id
1847 5019 1952 5076 est,
1989 5008 2103 5066 dis-
2203 5026 2362 5083 gnos,
2391 5024 2500 5066 non
2535 5020 2751 5077 natura,
2776 5006 2871 5063 sed
2897 5021 2989 5062 sna
3006 4995 3762 5061 adinventioneDiabolusha-

504 5121 670 5164 cerue
697 5108 840 5165 inter
870 5121 957 5163 me
995 5113 1054 5162 et
1098 5103 1320 5161 Iudaeos
1348 5122 1362 5161 :
1398 5104 1541 5163 inter
1571 5103 1875 5162 Ecclesium
1905 5114 1961 5162 et
1982 5121 2101 5176 per-
2208 5105 2298 5161 bet
2328 5104 2669 5159 voluntatem
2700 5099 2958 5166 nocendi,
2988 5098 3083 5154 sed
3116 5113 3224 5153 non
3261 5095 3422 5152 habet
3468 5100 3763 5166 potestatem

507 5213 810 5259 secutores.
858 5200 1504 5274 Expugnaimpugnantes
1558 5217 1656 5258 me.
1687 5198 1766 5259 Ac
1817 5200 1862 5254 si
1908 5199 2093 5256 dicat:
2206 5196 2463 5263 faciendi,
2498 5204 2557 5250 nt
2581 5195 2656 5249 ait
2688 5192 2954 5264 propheta
2988 5209 3004 5249 :
3033 5188 3409 5249 lmmissioues
3434 5202 3532 5260 per
3569 5182 3768 5254 angelos

2205 5290 2376 5346 maloa
2405 5286 2629 5361 (Psalm.
2662 5285 2864 5356 axxvu)
2896 5301 2913 5346 ς
2942 5285 2994 5341 id
3024 5295 3130 5349 est,
3178 5291 3382 5341 tantam
3423 5280 3582 5340 habet
3608 5285 3763 5347 petes-

2208 5391 2398 5443 tatem,
2427 5388 2692 5452 quantum
2726 5378 2988 5434 Dominus
3031 5376 3083 5434 ei
3115 5376 3402 5447 permittit.

2278 5476 2440 5532 Fiant
2488 5478 2588 5532 uite
2616 5475 2830 5531 illorum
2874 5472 3095 5531 tenebrat
3123 5480 3169 5526 et
3205 5470 3483 5527 lubricum.
3529 5462 3768 5523 Temere.

2206 5570 2550 5642 ignorantiae.
2582 5566 2890 5635 Lubrieum,
2924 5564 2974 5621 id
2997 5572 3102 5632 est,
3134 5563 3369 5620 luxuria.
3402 5561 3535 5626 Quia
3558 5556 3644 5629 qui
3666 5552 3772 5611 istis

2208 5674 2396 5723 mente
2424 5673 2513 5720 est
2539 5662 2781 5731 deditus,
2820 5659 3070 5717 diabolus
3102 5658 3256 5717 illum
3285 5655 3641 5729 persequitur.
3686 5642 3772 5700 Vel

2206 5760 2404 5817 aliter:
2439 5757 2553 5815 Non
2580 5762 2922 5828 cognoscant
2963 5753 3214 5811 veritatis
3253 5751 3459 5820 lumen,
3511 5761 3606 5805 nec
3634 5742 3773 5798 ﬁrma

2206 5854 2446 5915 statione
2467 5852 2799 5923 consistant,
2829 5847 2928 5908 sed
2949 5845 3145 5911 lubrici
3170 5846 3304 5905 tiant
3330 5856 3550 5920 gressus
3573 5846 3767 5899 eorum

510 5295 592 5352 Tu
621 5294 705 5351 fac
726 5293 1027 5351 vindictam
1062 5308 1162 5362 pro
1189 5306 1275 5349 me
1307 5309 1318 5346 :
1345 5291 1487 5351 sicut
1503 5291 1709 5350 dicitur
1732 5306 1827 5363 per
1851 5300 2099 5352 sanctum

509 5388 738 5443 Paulum
773 5402 788 5440 :
822 5385 947 5442 Mihi
978 5386 1299 5453 vindictam,
1341 5392 1400 5445 ot
1446 5400 1551 5456 ego
1579 5385 1878 5445 retribuam
1915 5386 2096 5460 (Rom.

504 5483 643 5555 xu).
692 5481 757 5538 Et
797 5482 970 5549 item,
1020 5481 1079 5540 Si
1129 5483 1271 5543 Deus
1324 5497 1425 5553 pro
1489 5481 1680 5550 nobis,
1729 5483 1853 5552 quia
1903 5488 2095 5539 contra

508 5590 610 5633 nos
630 5575 809 5645 (Rom.
841 5574 994 5647 vui)?

573 5667 917 5740 Appreltende
957 5685 1109 5727 arma
1141 5679 1189 5724 et
1219 5678 1446 5733 sontant,
1492 5676 1540 5723 et
1566 5682 1787 5740 assurge
1812 5667 1868 5721 in
1888 5666 2099 5740 adjuto-

499 5763 640 5817 rium
669 5759 817 5815 mihi.
845 5761 902 5817 in
934 5762 1121 5828 armis,
1143 5762 1389 5819 emicatia
1416 5759 1683 5832 adiutorio
1718 5759 1809 5819 :in
1832 5770 1989 5818 scuto
2014 5760 2097 5817 di»

507 5853 688 5915 vittam
721 5853 1115 5926 protecticuetn
1143 5853 1419 5926 designat,
1480 5864 1644 5926 quam
1696 5852 1997 5914 secundum
2025 5853 2100 5913 ln-
