3944 6334
254 280 344 339 9Ξὸ

1118 266 1549 326 ιΗὶΕῊΛΒΙΠΜ
1589 266 1658 325 ΙΝ
1695 265 2035 326 PSALMOS.
2074 268 2324 328 PSALM.
2365 268 2607 327 XXXIV.

3397 264 3507 323 9‘26

253 400 327 472 qui
354 398 403 452 iu
427 392 518 449 hac
548 389 798 462 passione
827 398 1170 460 grassantur,
1197 396 1360 461 atque
1383 386 1457 444 ab
1475 387 1673 460 angelo
1692 384 1804 443 cla-
1828 385 1882 447 Λ
1908 387 2095 446 anime
2122 405 2269 447 mete.
2305 389 2615 446 Exhibentc
2655 400 2742 444 me
2767 388 2965 455 vitam,
3000 385 3512 445 condemnaverunt

249 490 402 549 ritatis
426 483 709 541 Dominicm
739 480 1066 553 afﬂigantur.

314 577 549 649 Quoniam
578 576 734 648 gratis
769 574 1150 630 absconderant
1188 573 1319 630 mihi
1345 577 1612 631 interitum
1639 574 1811 647 laquei

247 673 335 730 sui.
356 669 512 737 Bene,
528 668 625 734 sui,
647 666 770 738 quia
792 681 953 738 quem
980 666 1245 736 putabant
1260 667 1473 722 Domini
1500 667 1804 733 interitum,

247 774 411 822 eorum
432 760 648 817 effectus
674 769 757 816 est
778 758 1028 830 laqueus.
1066 757 1323 826 Quoniam
1343 759 1505 831 gratis
1525 757 1808 813 absconde-

245 866 350 916 rant
384 855 506 912 mihi
538 856 818 911 interitum.
849 851 1060 921 Gratis,
1091 852 1146 907 id
1176 861 1287 919 εει,
1319 852 1441 910 sine
1466 867 1627 909 causa
1646 894 1662 920 ,
1695 862 1805 908 tam

245 948 392 1009 Judaei
419 946 710 1015 Christum,
741 960 902 1019 quam
937 953 1318 1015 persecutores
1348 944 1671 1001 Ecclesiam.
1703 944 1807 1016 Ipsi

247 1043 537 1112 semetipsos
576 1041 964 1112 laqncaverunt
1004 1038 1057 1093 in
1107 1038 1426 1094 vindictam.
1474 1037 1813 1109 Supervacua

242 1137 643 1205 exprobrauerunt
677 1133 905 1187 animam
938 1146 1126 1188 meam.
1170 1130 1317 1186 Nihil
1360 1131 1507 1186 enim
1544 1130 1678 1188 utile
1706 1130 1805 1185 ha-

244 1231 339 1286 buit
360 1226 702 1297 exprobratio
729 1240 948 1282 eorum.

306 1320 471 1377 Veniat
492 1319 598 1374 illis
627 1319 836 1391 laquctts
857 1335 1008 1389 quem
1030 1319 1299 1391 ignorant.
1331 1317 1643 1374 Exscidium
1676 1316 1807 1372 illud

241 1418 468 1481 minatur,
497 1414 637 1485 quod
668 1414 1007 1485 temporibus
1030 1414 1348 1486 Vespasiani
1394 1430 1562 1484 super
1589 1428 1685 1470 eos
1713 1412 1809 1468 ad-

239 1511 384 1565 venit.
417 1508 505 1565 Vel
549 1509 920 1580 unusquisque
966 1519 1219 1579 peccator
1252 1509 1505 1565 funiculis
1550 1510 1811 1565 vitiorum

239 1614 433 1657 suorum
461 1599 847 1671 conﬂringitur
876 1601 929 1656 in
957 1600 1045 1657 die
1080 1601 1298 1673 judicii.
1332 1600 1405 1655 Et
1442 1601 1615 1674 captio
1653 1616 1811 1674 quam

236 1695 472 1751 abscondit
490 1693 850 1768 apprehendat
876 1711 962 1750 eos
985 1710 1007 1751 :
1027 1696 1083 1749 in
1105 1694 1346 1768 laqueum
1372 1695 1563 1750 cadant
1586 1695 1642 1750 in
1669 1696 1804 1764 ipso.

1908 497 1996 538 me
2027 484 2211 549 morti,
2236 492 2292 541 et
2323 480 2717 540 fecunditatem
2744 480 3016 537 bonorum
3038 479 3350 538 caelestium
3383 496 3511 549 pro-

1908 574 2173 643 mittenti,
2207 576 2333 631 vita!
2356 574 2643 647 penuriam
2672 573 3002 628 intulerunt.
3034 571 3130 629 Sic
3153 571 3397 629 fecerunt
3420 574 3520 630 Jn-

1908 667 2013 724 dmi
2045 667 2269 726 Christo
2297 687 2311 724 :
2341 684 2444 741 pro
2473 668 2638 724 bouis
2662 668 2803 723 mala
2831 666 3211 723 reddiderunt.
3243 664 3514 724 Sterilita-

1909 771 2011 817 tem
2033 764 2225 819 animm
2242 778 2371 819 mea!
2385 780 2405 831 ,'
2427 762 2481 819 id
2510 774 2618 829 est,
2641 761 2916 835 quomodo
2939 760 3160 817 illorum
3178 758 3374 816 animae
3399 769 3513 817 ste-

1909 855 2040 910 rilcs
2068 864 2228 911 erant
2254 855 2323 912 de
2353 855 2522 925 bono,
2557 864 2613 911 et
2641 854 2814 926 plena:
2836 854 2905 910 de
2924 863 3155 925 peccato
3178 870 3192 909 :
3216 854 3296 911 sic
3322 853 3511 913 volue‘

1909 956 2035 1004 runt
2066 952 2125 1003 ut
2153 948 2332 1004 anima
2375 948 2577 1005 Christi
2611 947 2824 1004 fuisset.

1985 1043 2096 1114 Ego
2116 1050 2289 1098 autem
2307 1059 2425 1098 cum
2446 1043 2579 1098 mihi
2602 1043 2808 1100 molesti
2828 1050 3019 1109 essent,
3038 1041 3297 1097 induebar
3311 1042 3509 1099 cilicio.

1909 1134 2039 1191 Ilaec
2065 1144 2190 1191 sunt
2215 1152 2367 1192 arma
2392 1146 2731 1192 sanctorum.
2763 1135 2933 1191 Totus
2960 1146 3140 1191 autem
3169 1135 3410 1205 psalmus
3438 1149 3507 1193 ex

1911 1242 2145 1299 persona
2175 1229 2378 1286 Christi
2406 1240 2515 1298 est,
2548 1238 2606 1286 et
2632 1244 2729 1300 per
2753 1228 3035 1285 Christum
3065 1228 3135 1285 ad
3164 1243 3356 1284 omnes
3382 1242 3511 1284 san-

1909 1329 2027 1377 ctos
2056 1319 2250 1379 referri
2288 1331 2495 1395 potest.
2526 1321 2793 1378 Induebar
2818 1323 3013 1378 cilicio.
3058 1323 3125 1378 Et
3164 1321 3506 1378 humiliabam

1910 1417 1963 1471 in
1999 1418 2209 1490 jejunio
2247 1418 2480 1471 animam
2523 1434 2711 1472 meam.
2743 1415 2999 1488 Legimus
3041 1416 3181 1472 illius
3214 1416 3510 1487 jejunium.

1911 1524 2023 1565 nun
2055 1509 2287 1581 legimus
2320 1510 2587 1567 cilicium.
2617 1508 2728 1566 Sed
2767 1523 2868 1581 per
2897 1506 3143 1565 cilicium
3171 1517 3508 1579 peccatores,

1911 1602 2039 1671 quia
2074 1601 2304 1658 vestitus
2335 1602 2675 1672 pmnitentia
2701 1610 2806 1658 est.
2839 1599 3107 1656 lnduebar
3134 1601 3321 1657 cilicio.
3355 1601 3434 1658 Ae
3461 1602 3511 1658 si

1911 1697 2057 1752 dicat
2084 1716 2098 1751 :
2128 1695 2308 1752 Induit
2332 1712 2394 1753 se
2414 1694 2679 1752 divinitas
2709 1708 2898 1761 carne,
2929 1704 2984 1750 et
3013 1692 3082 1749 de
3110 1708 3330 1766 peccatu
3356 1694 3513 1749 damv

236 1789 285 1847 In
323 1796 542 1846 mortem
585 1789 775 1861 utique
816 1790 1195 1861 repentinam,
1242 1805 1403 1860 quam
1445 1788 1662 1845 occulte
1704 1787 1807 1859 ipsi
1837 1787 1887 1849 B
1916 1792 2062 1847 navit
2094 1800 2397 1862 peccatum.
2436 1790 2546 1863 Ego
2575 1798 2748 1845 autem
2777 1804 2898 1844 cum
2926 1786 3055 1842 mihi
3078 1787 3282 1844 molesti
3314 1796 3509 1859 essent,

239 1883 439 1939 Domino
463 1890 656 1939 nostro
679 1882 1062 1953 moliebantur,
1090 1893 1149 1939 ιιι
1179 1884 1306 1939 illud
1338 1902 1350 1938 :
1387 1883 1658 1940 Fuderunt
1680 1892 1810 1941 ante

237 1972 401 2031 faciem
458 1986 631 2032 meam
681 1974 934 2043 foveam,
983 1985 1039 2033 et
1083 1979 1183 2045 ipsi
1211 1977 1527 2033 inciderunt
1579 1977 1633 2033 in
1685 1992 1806 2033 eam

236 2065 352 2138 (Ps.
381 2076 469 2123 ιη
569 2069 635 2123 EI
677 2069 809 2124 item
847 2068 982 2126 didit
1008 2086 1023 2123 :
1052 2069 1287 2125 Foveam
1329 2082 1489 2141 quam
1519 2070 1671 2125 fratri
1715 2078 1808 2126 ιιισ

237 2175 524 2232 paraveras,
554 2163 609 2218 in
640 2178 759 2219 eam
786 2162 951 2219 cades
983 2162 1168 2233 (Prov.
1202 2164 1373 2225 xx").

294 2254 463 2308 Anima
481 2262 653 2310 autem
681 2268 797 2309 mea
812 2254 1090 2310 exsultabit
1109 2258 1163 2310 in
1188 2254 1438 2311 Domino.
1460 2256 1531 2312 Et
1554 2254 1807 2314 Christus

235 2348 279 2403 in
308 2338 473 2415 Patre,
504 2357 559 2405 et
608 2349 852 2406 Ecclesia
882 2350 937 2406 in
974 2350 1219 2406 Christo.
1253 2348 1609 2406 Delectabitur
1652 2365 1809 2423 super

232 2443 423 2499 salutari
464 2447 600 2518 ejus.-
649 2443 783 2500 Cum
822 2446 894 2500 ah
929 2460 997 2501 eo
1031 2445 1393 2502 resuscitatus
1440 2444 1621 2500 fuerit.
1670 2443 1803 2511 Vel,

232 2535 569 2602 delectabitur,
623 2535 729 2593 hoc
754 2546 834 2593 est
856 2581 870 2605 ,
900 2537 1180 2592 laetabitur
1218 2550 1384 2608 super
1414 2532 1636 2591 salutari
1663 2534 1800 2605 eius.

230 2629 467 2687 Salutaris
492 2641 684 2687 noster
703 2628 953 2688 Christus
980 2639 1086 2698 est,
1118 2630 1243 2701 quia
1269 2632 1322 2685 in
1357 2632 1476 2702 Ipso
1505 2629 1806 2685 delectatur

234 2716 444 2780 Ecclesia
478 2740 491 2777 :
526 2734 585 2780 ut
616 2724 695 2780 ait
717 2722 980 2780 Salumon
1011 2741 1025 2780 :
1054 2723 1186 2793 Quae
1226 2733 1312 2779 est
1337 2723 1437 2777 ista
1469 2736 1588 2793 qum
1613 2734 1807 2778 ascen-

232 2816 297 2871 dit
351 2807 601 2874 dealbata
632 2858 648 2886 ,
708 2828 763 2875 et
816 2818 997 2874 innixa
1051 2831 1215 2888 super
1266 2815 1578 2871 fratr-uelem
1645 2829 1803 2870 suum

230 2910 245 2980 (
269 2907 470 3056 6331ιὲ
476 2908 613 3057 leis;
634 3018 749 3057 mea
779 3002 994 3056 dicent:
1026 3000 1278 3067 Domine,
1302 3002 1419 3072 quis
1442 3000 1628 3055 similis
1668 2998 1805 3055 tibi?

230 3091 278 3148 ltt
317 3094 557 3160 ossibus,
617 3094 930 3162 mternitas,
980 3092 1098 3151 sive
1144 3093 1406 3149 fortitudo
1454 3091 1800 3168 intelligitur,

1909 1884 2164 1941 iudaebar
2206 1884 2411 1949 cilicio,
2455 1895 2503 1938 et
2542 1881 2887 1938 hamiliabant
2933 1882 2989 1936 in
3022 1881 3233 1955 jejunio
3280 1881 3511 1935 animant

1909 1994 2094 2042 meam,
2131 1986 2181 2033 et
2206 1978 2378 2032 oratio
2404 1990 2523 2031 mea
2563 1976 2617 2031 in
2646 1976 2765 2030 sinu
2801 1986 2915 2031 meo
2945 1983 3290 2030 convertetur.
3332 1972 3514 2030 Induit

1908 2071 2057 2128 enim
2080 2072 2344 2127 Dominus
2373 2069 2728 2141 asperitatem
2771 2067 3073 2139 passionis,
3106 2072 3166 2122 et
3194 2066 3403 2122 luctum
3435 2066 3510 2123 de

1908 2164 2106 2220 duritia
2156 2162 2340 2234 populi
2388 2176 2499 2217 non
2540 2160 2827 2220 credentis
2862 2178 2877 2215 :
2908 2155 3213 2216 celebravit
3245 2158 3513 2231 jejunium

1909 2268 2084 2328 usque
2112 2256 2178 2311 ad
2202 2266 2489 2327 vesperam
2510 2299 2524 2325 ,
2568 2268 2695 2311 cum
2727 2254 2783 2310 in
2810 2266 3039 2325 vespera
3069 2252 3259 2309 mundi
3289 2254 3508 2310 oblatus

1907 2357 2026 2416 est,
2062 2364 2162 2419 pro
2190 2348 2379 2404 mundi
2418 2348 2613 2405 salute.
2647 2346 2924 2404 Conversa
2964 2356 3052 2403 est
3071 2348 3253 2403 oratio
3291 2346 3414 2418 ejus
3452 2347 3509 2403 in

1907 2443 2084 2501 sinum
2114 2444 2313 2508 Patris,
2348 2459 2473 2500 cum
2506 2445 2557 2499 in
2591 2443 2766 2499 nihilo
2792 2452 2881 2500 est
2908 2440 3203 2499 frustratus
3236 2457 3266 2497 s
3312 2443 3511 2514 Patre,

1907 2548 1958 2595 et
1991 2538 2152 2593 Pater
2181 2555 2289 2593 non
2330 2537 2486 2608 quasi
2518 2535 2714 2593 minori
2746 2536 3021 2607 prmatitit,
3055 2534 3148 2591 sed
3193 2544 3252 2591 ut
3294 2549 3508 2591 assum-

1907 2638 2061 2702 ptum
2094 2630 2368 2687 hominem
2398 2630 2731 2688 declararet.
2755 2627 3004 2687 Christus
3032 2642 3141 2685 non
3185 2630 3500 2698 carnaliter,

1905 2724 2000 2780 sed
2038 2722 2406 2796 spiritualiter
2430 2723 2724 2795 jejunavit.
2758 2722 3021 2778 Esuriens
3050 2723 3204 2778 venit
3240 2720 3310 2777 ad
3335 2722 3499 2777 arboc

1907 2835 2023 2874 rem
2052 2818 2137 2874 liei
2165 2837 2179 2875 :
2211 2818 2407 2875 sitiens
2430 2817 2585 2873 venit
2606 2816 2674 2872 ad
2697 2816 2924 2872 fontem.
2955 2813 3246 2872 Esuriebnt
3270 2816 3505 2872 salutem

1908 2912 2131 2967 humani
2162 2910 2380 2983 generis
2416 2927 2431 2969 :
2461 2910 2688 2967 sitiebat
2715 2909 2876 2965 tidem
2904 2907 3184 2965 Ecclesia.
3210 2908 3506 2965 Esuriebat

1908 3008 1960 3063 in
1995 3008 2269 3078 passione.
2298 3004 2520 3078 quando
2551 3016 2764 3069 omnes,
2791 3003 3029 3059 maxime
3058 3001 3309 3075 apostoli,
3338 3017 3508 3073 nega-

1904 3108 2128 3167 verunt,
2160 3099 2258 3155 nisi
2292 3105 2505 3154 tantum
2542 3097 2682 3152 latro
2713 3097 2766 3153 in
2795 3110 2957 3151 cruce
2986 3094 3274 3151 confessus
3299 3103 3404 3150 est.
3436 3092 3503 3149 Et

228 3186 351 3257 Quod
375 3186 439 3242 ad
478 3188 763 3259 apostolus
804 3186 1039 3243 refertur
1069 3202 1081 3241 :
1117 3184 1173 3241 ut
1215 3186 1415 3258 quibus
1443 3186 1558 3241 visa
1599 3184 1801 3241 fuerint
1824 3182 1872 3247 C
1905 3196 2072 3250 oratio
2094 3210 2205 3249 mea
2226 3195 2279 3249 in
2304 3194 2423 3250 sinu
2446 3207 2564 3247 meo
2584 3199 2927 3247 conuertetur.
2945 3190 3061 3246 lloc
3085 3198 3192 3258 est,
3212 3190 3266 3245 in
3288 3200 3506 3246 secreto

228 3283 435 3352 primum
483 3281 656 3340 verba
712 3282 1139 3340 resurrectionis
1187 3282 1344 3352 quasi
1400 3281 1792 3345 deliramenta,

226 3386 349 3432 nunc
375 3376 699 3434 collaudem
741 3385 797 3432 et
823 3375 1009 3432 dicant
1052 3392 1064 3430 :
1112 3374 1244 3443 Quis
1286 3374 1475 3429 ciuilis
1517 3373 1647 3428 tibi?
1694 3372 1797 3429 hoe

225 3474 313 3536 est,
338 3470 451 3541 quis
479 3479 541 3526 ut
568 3478 629 3525 tu
654 3469 823 3541 potuit
866 3468 935 3524 de
966 3476 1142 3524 morte
1172 3467 1474 3523 revocare?
1506 3466 1603 3522 Vel
1630 3480 1754 3521 uasa
1777 3509 1792 3536 ,

224 3558 459 3620 fortiores
486 3562 697 3629 sancti,
730 3562 813 3619 vel
830 3564 1063 3617 virtutes
1092 3568 1428 3616 sanctorum.
1455 3559 1589 3626 Quis
1609 3558 1799 3615 similis

223 3654 336 3709 tibi?
357 3656 431 3711 Ac
461 3657 506 3711 sl
540 3654 713 3721 dicat,
746 3654 939 3709 Nemo.
960 3648 1087 3708 Alio
1117 3652 1243 3708 loco
1262 3651 1392 3707 dicit
1427 3669 1439 3705 :
1478 3652 1641 3719 Deus,
1675 3650 1798 3722 quis

222 3747 391 3806 similis
412 3749 553 3824 tibi(
586 3747 737 3804 Ptol.
767 3764 876 3804 ιιι
900 3747 956 3820 )‘l
983 3746 1036 3802 id
1062 3754 1146 3803 est
1164 3787 1180 3814 ,
1206 3745 1409 3802 nullus.

283 3842 513 3917 Eripiam
556 3845 770 3913 inopem
819 3843 886 3897 de
931 3856 1092 3897 manu
1138 3842 1418 3913 {ortiorstm
1453 3842 1588 3913 ejus.
1635 3838 1798 3909 Inops

222 3935 448 3992 Christus
472 3954 578 4009 pro
609 3937 787 4001 nobis,
819 3943 879 3990 ut
910 3934 1055 3991 illius
1082 3933 1262 4005 inopia
1295 3948 1396 3989 nos
1419 3933 1621 3988 divites
1647 3932 1798 3989 face-

219 4036 311 4085 ret.
330 4030 407 4088 De
427 4044 594 4087 manu
620 4029 943 4086 fortiorem:
972 4027 1024 4083 id
1057 4040 1164 4091 est,
1195 4026 1264 4083 de
1294 4041 1454 4082 manu
1485 4024 1797 4081 Iudaeorum

222 4120 459 4181 liberavit
495 4136 627 4182 eum
659 4123 808 4181 Deus
836 4123 1018 4180 Pater.
1059 4121 1224 4190 Inops
1258 4119 1511 4177 Christus
1531 4161 1545 4186 ,
1577 4134 1643 4177 ex
1675 4135 1802 4192 per-

219 4225 336 4274 sena
363 4218 741 4276 membrorum
766 4229 989 4273 suorum
1018 4211 1275 4289 loquitur.
1309 4214 1549 4286 Egenum
1588 4222 1635 4269 at
1666 4230 1801 4285 pau-

219 4322 373 4380 perem
404 4326 437 4366 a
480 4311 851 4382 diripientibus
887 4321 1027 4366 eum.
1062 4311 1105 4366 Α
1139 4308 1508 4380 potestatibus
1543 4308 1801 4364 tenebra-

220 4418 349 4459 rum.
380 4407 625 4476 Quorum
651 4406 885 4463 maxima
911 4406 1086 4463 virtus
1109 4414 1214 4470 est,
1242 4414 1299 4458 ut
1325 4403 1539 4475 possint
1560 4402 1802 4473 diripere

220 4510 467 4570 pauperes
501 4510 645 4557 tuos.

1886 3289 1996 3346 .Dui
2017 3289 2197 3345 Patris
2224 3288 2438 3360 agebat.
2472 3278 2541 3342 Et
2561 3285 2741 3343 sancti
2769 3294 2930 3341 orant
2956 3286 3009 3340 in
3036 3292 3278 3342 secreto:
3306 3284 3360 3340 id
3381 3291 3489 3349 est,

1899 3382 1951 3437 in
1998 3380 2204 3450 corde,
2237 3380 2327 3435 ubi
2364 3379 2504 3435 Deus
2535 3377 2752 3434 videtur
2788 3388 2846 3433 ut
2894 3378 2946 3433 in
2979 3377 3285 3447 Evangelio
3318 3394 3333 3433 :
3364 3376 3499 3431 Cum

1899 3489 2049 3541 oras,
2083 3473 2222 3528 intra
2252 3473 2304 3528 in
2335 3471 2645 3528 cubiculum
2672 3479 2847 3537 tuum,
2880 3479 2936 3527 et
2962 3486 3060 3525 ora
3092 3470 3309 3527 Patrem
3341 3479 3491 3526 tuum

1900 3570 1953 3625 in
1982 3567 2307 3623 abscondito
2333 3568 2354 3640 (
2379 3566 2531 3623 Matt.
2566 3581 2617 3621 vt
2642 3564 2686 3639 ).
2713 3567 2779 3623 Et
2806 3567 2961 3621 Anna
2995 3566 3191 3621 orabat
3213 3566 3265 3621 in
3299 3566 3505 3637 templo

1901 3660 2241 3735 (llirg.t).
2744 3648 2753 3661 ’

1976 3756 2139 3824 Quasi
2180 3754 2515 3828 proximum,
2563 3753 2716 3825 quasi
2766 3755 2981 3825 fratrem
3028 3763 3284 3808 nostrum.
3327 3752 3385 3809 Si
3436 3767 3504 3809 ex

1901 3854 2137 3919 persnna’
2171 3845 2339 3901 David
2367 3846 2637 3917 psalmum
2670 3846 2992 3915 accipimus,
3021 3845 3334 3915 proximum
3360 3845 3505 3900 acci—

1905 3942 2080 4012 pimus
2123 3939 2369 3997 Sauletn.
2420 3939 2477 3996 Si
2528 3954 2593 3994 ex
2638 3937 2877 4003 Christi,
2918 3935 3115 3992 Jttdam
3166 3935 3505 4007 proditorem

1903 4034 2214 4107 proximum
2249 4043 2427 4088 vocat.
2479 4031 2572 4088 Vel
2621 4028 2939 4101 proximus,
2973 4039 3028 4087 et
3056 4030 3225 4086 lrater
3249 4030 3508 4087 Christus

1903 4126 2110 4187 Iudaeis
2149 4143 2164 4183 :
2212 4128 2341 4200 quia
2385 4126 2455 4184 de
2502 4127 2636 4198 ipsis
2682 4118 3077 4182 humanitatem
3124 4124 3368 4180 attraxit.
3417 4123 3506 4179 Ita

1905 4221 2302 4297 complacebam.
2333 4220 2391 4278 Id
2421 4230 2538 4289 est,
2572 4221 2687 4277 Deo
2718 4220 2866 4277 Patri
2895 4218 3107 4277 :frater
3126 4232 3188 4273 ac
3216 4221 3504 4289 proximus

1906 4322 2026 4371 erat
2046 4322 2273 4385 propter
2296 4311 2708 4386 generationem
2733 4322 3079 4382 corpoream.
3105 4308 3268 4378 Quasi
3293 4307 3500 4382 lugens,

1906 4415 1956 4462 et
1986 4407 2346 4472 contristatae,
2376 4406 2457 4461 sic
2499 4402 2837 4459 bumiliabar.
2868 4402 3115 4475 Lugebat
3138 4402 3283 4460 enim
3303 4444 3319 4471 ,
3356 4419 3501 4473 eum,

1908 4499 2257 4555 confortante
2277 4499 2496 4569 angelo,
2515 4504 2684 4569 gutta:
2709 4496 2928 4552 sudoris
2944 4494 3063 4568 ejus
3086 4505 3360 4567 tamquam
3382 4509 3510 4552 san-

280 4589 632 4667 Essurgentes
653 4601 800 4649 testes
821 4593 1012 4665 iniqui,
1038 4603 1153 4663 qua:
1172 4592 1481 4665 ignorabant
1507 4593 1802 4663 lntcrroga-
1825 4577 1882 4642 D
1907 4593 2028 4665 guis
2054 4590 2370 4648 defluebant
2410 4590 2476 4646 ad
2505 4597 2735 4646 terram.
2768 4589 2837 4646 Et
2860 4588 3220 4646 contristatus
3260 4597 3348 4646 est
3382 4604 3507 4648 eum

218 4682 329 4740 bant
355 4703 451 4741 me.
488 4687 850 4759 Evangelium
885 4686 1053 4743 falsos
1080 4692 1248 4741 testes
1282 4685 1418 4741 dicit
1449 4703 1462 4740 :
1508 4685 1804 4756 Propheta,

216 4776 440 4852 iniquos.
467 4780 536 4837 Et
558 4780 677 4837 fulsi
702 4796 840 4853 quos
875 4781 1226 4853 Evangelium
1243 4790 1424 4848 vocat,
1455 4780 1803 4852 interrogan-

216 4880 330 4939 tur;
359 4875 430 4931 de
458 4864 658 4947 quibus
683 4884 820 4933 vero
847 4875 1111 4948 prapheta
1141 4874 1401 4946 loquitur,
1436 4876 1799 4945 interrogant.

212 4963 362 5024 Unde
390 4968 808 5042 intelligendum
839 4980 925 5027 est
953 4968 1100 5041 quod
1132 4969 1414 5040 principes
1453 4967 1800 5025 sacerdotum

213 5071 334 5117 sunt
359 5062 542 5136 iniqui
571 5073 775 5132 testes,
819 5065 909 5136 qui
938 5064 1413 5135 interrogaverunt
1442 5080 1565 5135 quae
1594 5062 1801 5120 nescie-

214 5150 366 5224 bant,
416 5155 664 5213 dicentes
696 5176 710 5211 :
745 5157 1081 5229 Adjuramus
1113 5166 1164 5212 te
1205 5172 1300 5228 per
1321 5156 1490 5214 Deum
1511 5199 1529 5224 ,
1564 5166 1620 5211 nt
1652 5156 1803 5213 dicas

213 5247 363 5303 nobis
395 5247 443 5305 si
473 5259 532 5306 tu
562 5265 623 5306 es
652 5249 821 5306 Filius
847 5249 945 5306 Dei
972 5249 1128 5323 (Mat.
1160 5249 1338 5324 XXVI).
1374 5248 1593 5307 Dicente
1616 5260 1801 5306 autem

212 5338 325 5407 illo,
352 5342 469 5414 Ego
500 5357 641 5414 sum,
674 5343 961 5401 sciderunt
984 5344 1308 5401 veSIimenta
1334 5360 1454 5414 sua,
1479 5354 1532 5400 et
1560 5347 1718 5417 quasi
1748 5346 1800 5401 in

216 5434 584 5493 testimonium
632 5437 1015 5494 clamaverunt
1061 5458 1073 5494 :
1128 5435 1233 5512 Ipsi
1275 5432 1503 5493 audistis
1541 5436 1802 5509 blaSphe-

216 5528 401 5599 mium;
435 5528 568 5605 quid
609 5532 784 5591 adhuc
830 5532 1126 5606 quaerimus
1157 5531 1363 5589 testes?
1403 5532 1619 5588 Falsum
1657 5535 1803 5589 enim

217 5632 331 5678 erat
373 5626 780 5695 testimonium,
811 5636 870 5683 ut
917 5627 1165 5684 dicereut
1207 5638 1330 5683 eum
1373 5627 1804 5699 blasphemasse,

215 5715 303 5785 qui
330 5710 545 5775 dixerat
570 5721 882 5778 recitatum.

1909 4687 2170 4743 diceret:
2202 4684 2404 4743 Tristis
2442 4692 2528 4742 est
2558 4684 2740 4740 anima
2782 4698 2902 4741 mea
2945 4696 3116 4756 usque
3159 4685 3226 4742 ad
3275 4693 3509 4742 mortem

1910 4778 2129 4854 (Matth.
2158 4778 2345 4851 xxvn).
2376 4777 2667 4850 Tamquam
2686 4779 2867 4853 lugens
2888 4787 2938 4834 et
2961 4781 3317 4837 contristatus.
3343 4780 3514 4852 Luge-

1907 4871 2003 4928 bat
2030 4871 2284 4928 Christus
2312 4886 2416 4943 pro
2444 4883 2599 4942 parte
2630 4881 2839 4939 nostra,
2865 4880 2925 4928 ut
2953 4872 3087 4928 illud
3112 4889 3125 4926 :
3166 4872 3395 4941 Videns,
3421 4876 3509 4930 in.

1908 4964 2055 5036 quit,
2087 4965 2402 5032 civitatem,
2436 4962 2591 5019 flevit
2628 4978 2797 5035 super
2822 4976 2947 5020 eam
2992 4963 3167 5038 (Luc.
3217 4977 3310 5021 ιιι
3339 4964 3380 5039 ).
3425 4966 3512 5023 Ita

1908 5058 2264 5114 humiliobar:
2305 5059 2434 5130 quia
2482 5056 2737 5114 Christus
2784 5058 3105 5115 humiliatus
3150 5070 3236 5115 est
3280 5060 3334 5116 in
3381 5075 3514 5132 pas-

1909 5157 2084 5213 sione.
2121 5156 2236 5224 Vel,
2270 5158 2345 5212 sic
2367 5158 2757 5231 complacebam
2783 5174 2803 5214 :
2833 5160 2957 5230 quia
2993 5157 3367 5229 complacebat
3407 5159 3510 5214 Pa-

1912 5253 1978 5307 tri
2011 5267 2109 5322 per
2138 5251 2299 5308 iidem
2329 5262 2383 5309 et
2408 5259 2587 5325 spem.

1985 5344 2054 5401 Et
2090 5346 2366 5401 adversum
2417 5362 2496 5400 me
2536 5346 2700 5403 laetati
2737 5354 2881 5401 sunt.
2913 5346 3105 5403 luetati
3144 5356 3274 5403 sunt
3316 5345 3516 5416 Judaei,

1911 5440 2131 5512 quando
2154 5439 2436 5498 Christum
2467 5441 2975 5513 appreltcnderunt,
3001 5448 3055 5498 ut
3083 5456 3210 5498 eum
3237 5441 3515 5515 cruciﬁge.

1912 5543 2059 5590 rent.
2090 5534 2155 5590 Et
2182 5545 2532 5591 convenerunt
2569 5530 2623 5590 in
2662 5546 2848 5591 unum.
2882 5535 2963 5593 Ad
2992 5535 3096 5591 hoc
3116 5545 3518 5605 convenerunt,

1910 5633 1972 5682 ut
2009 5625 2298 5682 Christum
2340 5626 2759 5698 crucifigerent,
2812 5643 2923 5684 non
2964 5638 3025 5684 ut
3069 5628 3381 5686 crederent.
3416 5627 3517 5686 Vel

1910 5720 2178 5777 adversus
2208 5732 2296 5777 me
2326 5720 2641 5793 congregati
2668 5730 2831 5790 sunt,
2858 5731 2912 5779 ut
2938 5730 3355 5789 convenerunt,
3396 5736 3519 5783 cum

286 5807 352 5870 Et
379 5806 727 5873 retribuebant
774 5812 904 5870 miln'
940 5814 1081 5870 mala
1112 5821 1209 5889 pro
1249 5814 1395 5872 bonis
1437 5834 1452 5873 :
1482 5817 1807 5874 sterilitatem
1919 5812 2229 5875 traditionis
2261 5826 2400 5873 meae
2426 5816 2853 5889 promissionem
2887 5817 3175 5877 haberent.
3201 5815 3525 5892 Congregsta
