3944 6334
415 289 522 350 9Ξ¹1

1201 291 1550 351 APPENDIX
1592 292 1682 350 AD
1721 292 1969 352 TOMUM
2007 291 2358 351 SEPTIMUM
2399 294 2458 348 S.
2504 292 2914 352 HIERONYMI.

3608 294 3710 355 938

419 423 538 469 sunt
574 412 628 468 in
671 428 750 466 me
775 410 1008 484 ﬂagella.
1045 408 1486 481 Flagellaverunt
1529 410 1839 478 Christum,
1877 413 2022 468 sicut
2046 412 2096 474 Α
2124 409 2321 482 (lbid.)
2350 410 2459 466 Sed
2487 411 2602 466 hrec
2637 413 2860 484 paciﬁca
2892 412 3051 484 plena
3082 421 3240 469 erant
3265 413 3394 470 dolo
3420 423 3476 470 ct
3517 415 3616 470 ira.
3652 415 3710 470 Et

425 506 597 563 dixit;
622 505 757 562 Cum
784 505 981 577 gladiis
1003 514 1057 561 et
1084 504 1324 562 fustibus
1353 503 1420 559 ad
1445 520 1530 560 me
1552 506 1778 562 venistis
1798 505 2016 579 (Matth.

423 598 598 674 xxvr).
633 601 699 656 Et
720 599 925 655 Pilatus
954 597 1092 656 dixit
1122 616 1137 655 :
1167 599 1438 655 Dimittam
1465 615 1586 656 eum
1612 600 1967 656 emendatum
2001 617 2017 659 :

427 692 481 750 id
520 702 632 761 est,
667 692 994 765 llagellatum
1033 692 1324 748 dimittam.
1357 692 1426 749 Et
1466 710 1571 749 non
1610 695 1845 766 cognovi.
1877 691 2020 762 Quid

429 803 538 845 non
577 788 932 861 cognoverit,
963 787 1246 860 quaeritur.
1279 787 1505 856 Quidam
1544 797 1736 859 putant
1775 787 2018 844 dolorem

425 882 708 939 vulnerum
750 897 871 952 quae
916 881 1221 952 patiebatur
1249 881 1303 937 in
1342 896 1525 938 cruce.
1557 880 1666 938 Sed
1712 881 1904 938 melius
1951 881 2018 937 ad

425 986 647 1048 peccata
685 975 960 1045 refertur,
1001 975 1145 1048 quod
1193 991 1298 1031 non
1341 975 1589 1032 habuerit
1631 975 2019 1032 conscientiam

427 1079 804 1142 peccatorum,
833 1085 1005 1141 quare
1047 1068 1337 1125 cruciﬁxus
1365 1069 1456 1124 sit.
1499 1068 1568 1125 Et
1595 1071 1842 1142 ignoravi
1866 1115 1880 1134 ,
1912 1085 2018 1126 non

429 1161 572 1235 quod
620 1163 832 1234 ignoret
863 1161 1114 1218 Christus
1152 1161 1358 1233 aliquid
1404 1179 1418 1219 :
1463 1162 1558 1219 sed
1592 1163 1863 1234 lgnoravi,
1895 1163 2021 1235 quia

427 1266 651 1333 propter
675 1256 819 1328 quod
852 1256 1003 1312 istud
1036 1255 1169 1311 mihi
1207 1254 1444 1323 accidit,
1477 1271 1584 1312 non
1625 1255 1892 1312 commisi.
1927 1255 2022 1311 Vel

427 1349 861 1420 ignoraverunt,
916 1349 1060 1422 quod
1110 1349 1255 1407 Deus
1321 1349 1423 1406 sub
1485 1351 1664 1407 carnis
1717 1349 2023 1407 velamento

429 1442 644 1501 lateret.

502 1538 761 1609 Dissipati
791 1547 930 1594 sunt.
961 1536 1008 1594 A
1040 1537 1267 1594 vinculo
1297 1535 1600 1594 charitatis.
1634 1535 1748 1592 Nec
1775 1553 2026 1606 compun-

428 1631 518 1686 cti.
551 1630 621 1688 Ut
647 1639 877 1702 agerent
897 1629 1297 1702 paenitentiam.
1326 1628 1674 1685 Tentaverunt
1704 1646 1802 1684 me.
1836 1629 2025 1685 Multis

429 1727 608 1784 modis
651 1735 996 1783 tentaverunt
1021 1724 1195 1782 Judaei
1226 1724 1527 1791 Christum,
1559 1723 1700 1780 sicut
1724 1723 1860 1780 dixit
1887 1738 2024 1778 unus

2121 505 2175 560 in
2216 506 2496 560 iracundia
2527 507 2676 562 dolos
2718 508 3032 580 cogitabant.
3067 507 3158 565 Sic
3186 509 3578 580 loquebantur,
3621 507 3713 564 sed

2120 601 2292 672 cogita
2303 601 2454 671 bant,
2473 610 2530 657 ut
2552 601 3030 675 apprehenderent
3051 618 3200 668 eum,
3223 613 3278 658 et
3301 604 3536 674 ligarant
3556 618 3674 659 eum
3695 619 3709 658 :

2122 693 2267 750 sicut
2295 704 2481 766 postea
2504 696 2774 752 fecerunt.
2809 696 2864 753 In
2897 698 2972 753 ira
3017 698 3121 754 hoc
3150 698 3432 762 fecerunt,
3465 701 3605 753 sicut
3629 698 3714 754 Ja-

2122 789 2291 846 cobus
2322 791 2396 845 ait
2429 806 2444 846 :
2480 790 2561 846 Ira
2589 791 2688 847 viri
2717 791 2988 859 justitiam
3030 790 3130 847 Dei
3161 807 3268 846 non
3300 791 3597 862 operatur(
3624 789 3718 844 Ja-

2122 883 2238 938 cob.
2273 882 2334 954 ι).
2365 883 2430 938 Ει
2454 883 2596 939 sicut
2621 883 2753 938 alibi
2785 883 2917 939 dicit
2952 901 2965 938 :
2997 883 3298 939 lrascimini
3324 891 3378 938 et
3398 882 3566 938 nolite
3596 896 3721 953 pecc

2123 989 2250 1030 care
2277 974 2468 1047 (Psal.
2501 974 2616 1048 tv).
2651 974 2747 1032 Sol
2791 992 2897 1032 non
2941 975 3155 1032 occidat
3193 991 3358 1048 super
3385 974 3714 1032 iracundiam

2124 1080 2362 1124 vestram
2392 1070 2410 1141 (
2438 1069 2632 1142 Ephes.
2661 1069 2756 1140 tv).

2201 1161 2563 1218 Dilataverunt
2608 1179 2766 1235 super
2817 1180 2896 1218 me
2959 1179 3016 1218 os
3079 1179 3254 1219 suum.
3322 1161 3712 1228 Dilataverunt,

2125 1253 2344 1325 quando
2362 1263 2755 1310 accusaverunt
2787 1256 2839 1310 in
2869 1254 3246 1326 blaSphemiis.
3271 1255 3713 1321 Et,dilataverunt

2124 1365 2280 1420 super
2310 1365 2388 1404 me
2418 1365 2474 1403 os
2499 1365 2648 1404 suum
2681 1367 2699 1404 :
2729 1350 2854 1421 quia
2896 1365 3004 1405 non
3052 1350 3228 1406 solum
3262 1360 3621 1421 peccaverunt
3665 1352 3713 1406 in

2129 1457 2215 1498 me
2259 1460 2273 1497 :
2315 1442 2413 1498 scd
2457 1445 2624 1500 etiam
2661 1444 3102 1512 insultaverunt,
3145 1445 3391 1502 dicentes
3422 1463 3436 1501 :
3469 1445 3526 1501 Si
3559 1445 3716 1502 Filius

2130 1535 2230 1592 Dei
2256 1546 2338 1592 est
2360 1579 2374 1603 ,
2404 1538 2705 1596 descendat
2733 1539 2800 1596 de
2829 1555 3016 1606 cruce,
3044 1549 3100 1595 et
3126 1540 3405 1596 credimus
3431 1541 3479 1596 ei
3509 1539 3714 1611 (Matth.

2129 1632 2324 1702 xxvu).
2352 1630 2645 1689 Dixerunt;
2665 1632 2830 1705 Euge,
2854 1650 3002 1706 euge.
3016 1632 3382 1706 Sicutndicitjn
3404 1633 3716 1703 Evangelio:

2131 1728 2299 1800 Euge,
2332 1743 2490 1786 serve
2521 1730 2684 1796 bone,
2720 1738 2774 1785 et
2804 1729 2984 1786 ﬁdelis
3011 1729 3166 1803 (an.
3201 1729 3353 1802 xix).
3388 1728 3488 1784 Vel
3510 1743 3612 1783 vox
3639 1729 3725 1784 Ju-

427 1838 496 1880 ex
538 1823 671 1893 ipsis
710 1837 726 1876 :
760 1820 1058 1893 Magister,
1109 1819 1258 1890 quod
1307 1827 1392 1875 est
1434 1819 1672 1891 primum
1716 1817 2028 1873 mandatum
2060 1821 2106 1883 B
2133 1822 2375 1878 dteorum
2399 1831 2522 1879 est:
2553 1837 2617 1878 ac
2647 1823 2692 1877 si
2725 1822 2870 1878 dicat
2901 1841 2915 1878 :
2945 1823 3114 1886 Bene.
3144 1822 3283 1878 bene
3310 1821 3559 1877 videmus
3587 1820 3724 1892 quod

431 1916 652 1988 (Matth.
683 1914 844 1984 xm)?
875 1912 1335 1970 Subsannaverunt
1365 1928 1444 1965 me
1464 1910 1886 1966 snbsannatione.
1918 1910 2022 1965 De-

431 2009 689 2066 ludcntes
717 2016 882 2079 atque
903 2007 1183 2062 dicentes:
1206 2005 1344 2071 Ave,
1373 2019 1466 2059 rex
1493 2003 1804 2060 Judaeorum
1839 2001 2022 2074 (Joan.

432 2104 574 2175 xu).
606 2102 976 2159 Frenduerunt
992 2119 1148 2175 super
1171 2118 1248 2156 me
1269 2101 1510 2156 dentibus
1532 2101 1660 2156 suis.
1689 2101 2022 2166 Clamantes,

431 2200 702 2272 Cruciﬁge
731 2215 875 2256 eum.
901 2198 1007 2254 Per
1027 2205 1206 2253 motus
1223 2195 1818 2268 corporis,ostenditur
1843 2203 2024 2250 motus

431 2295 650 2350 animae.
676 2292 780 2348 Per
799 2291 993 2348 dentes
1017 2289 1343 2360 intelligitur
1372 2288 1575 2344 malitia
1604 2288 1761 2359 :quia
1789 2302 1886 2359 per
1912 2303 2026 2343 ma-

434 2387 606 2443 litiam
648 2385 826 2457 ipsum
873 2383 1304 2450 cruciﬁxerunt,
1349 2390 1408 2440 et
1461 2381 1516 2438 in
1573 2382 1718 2436 hunc
1767 2379 2026 2436 dentibus

435 2482 756 2542 striderunt.

504 2573 729 2631 Domine
755 2619 770 2643 ,
819 2575 1026 2646 quando
1061 2572 1328 2645 respicies.
1369 2571 1640 2644 Propheta
1676 2585 1743 2626 ex
1793 2582 2026 2640 persona

435 2668 700 2727 Ecclesia:
744 2667 898 2725 dicit.
930 2668 1012 2725 Ac
1040 2668 1085 2724 si
1120 2667 1264 2724 dicat
1295 2682 1309 2720 :
1341 2667 1576 2739 Respice
1607 2667 1878 2722 malorum
1926 2663 2028 2720 ini-

431 2765 726 2834 quitatem,
756 2770 812 2818 et
837 2777 1014 2818 meam
1050 2762 1314 2832 justitiam
1355 2761 1424 2818 ab
1465 2760 1596 2830 ipsis
1641 2759 1912 2814 discerne.
1958 2756 2028 2812 Et

430 2857 668 2912 restitues
697 2856 929 2911 animam
960 2871 1126 2910 meam
1153 2871 1186 2909 a
1220 2855 1543 2929 malignitate
1567 2869 1767 2920 eorum,
1800 2868 1831 2905 a
1859 2849 2026 2905 leoni-

429 2949 520 3003 bus
561 2949 770 3003 unicam
796 2965 984 3004 nteant.
1017 2948 1227 3005 Leones
1259 2949 1407 3020 ipsos
1452 2955 1832 3017 persecutores
1872 2942 2026 3008 dicit,

432 3042 523 3112 qui
557 3042 794 3098 animam
824 3042 946 3111 ejus
972 3041 1240 3114 deglutire
1266 3055 1362 3097 ore
1399 3039 1711 3097 nitebantur
1740 3057 1752 3093 :
1787 3041 1884 3094 sed
1913 3037 2030 3108 ejus

434 3135 843 3192 resurrectione
869 3133 1080 3191 contusi
1111 3143 1256 3190 sunt.
1290 3134 1430 3190 Ecce
1456 3148 1716 3190 conversa
1747 3141 1833 3188 est
1855 3132 2030 3186 oratio

2131 1917 2588 1986 exspectavimus,
2610 1917 2718 1972 illre
2738 1918 2970 1974 virtutes
2987 1933 3123 1989 quas
3150 1915 3407 1984 faciebas,
3422 1916 3568 1988 quod
3593 1915 3721 1970 nihil

2129 2020 2309 2067 erant.
2357 2011 2448 2067 Vel
2499 2013 2789 2079 dixerunt,
2829 2013 2970 2068 bene
3020 2028 3034 2065 :
3081 2010 3176 2067 sed
3223 2011 3439 2066 dolose.
3483 2009 3725 2064 Viderunt

2130 2107 2272 2160 oculi
2297 2107 2484 2161 nostri.
2533 2107 2669 2175 Quia
2723 2122 2832 2161 non
2882 2105 3084 2177 accipis
3132 2118 3427 2176 personam
3475 2102 3725 2170 hominis,

2132 2214 2232 2256 nec
2257 2209 2339 2255 est
2372 2200 2465 2256 tibi
2493 2215 2623 2256 cura
2645 2200 2714 2256 de
2742 2200 2944 2271 aliquo.

2209 2293 2432 2360 Vidisti,
2479 2293 2724 2349 Domine.
2770 2293 2968 2360 Pater,
3009 2292 3290 2348 illusiones
3330 2306 3540 2348 eorum.
3572 2289 3646 2346 Ac
3685 2287 3726 2344 si

2130 2388 2309 2444 dicat:
2344 2387 2538 2443 Vidisti
2560 2387 2683 2442 il!os
2704 2386 2769 2441 ad
2791 2385 3171 2456 judicandum.
3201 2385 3284 2440 Ne
3298 2383 3726 2453 sileas,Domine.

2129 2480 2210 2537 Ne
2251 2488 2454 2537 taceas.
2499 2479 2671 2536 Tacet
2707 2477 2901 2547 modo,
2934 2489 2985 2534 et
3031 2493 3138 2534 non
3171 2486 3316 2534 tacet
3345 2493 3360 2532 :
3395 2476 3448 2532 id
3472 2483 3589 2542 est,
3626 2489 3725 2532 non

2130 2583 2274 2632 tacet
2304 2574 2644 2639 mandatum,
2682 2582 2826 2630 tacet
2847 2572 3136 2644 judicium.
3162 2572 3241 2628 Te
3271 2572 3323 2627 in
3359 2570 3726 2627 testimonium

2131 2670 2360 2737 advoco,
2383 2685 2508 2725 eum
2534 2669 2852 2738 jndicavero
2879 2666 3164 2722 mundum.
3194 2664 3278 2720 Ne
3305 2664 3542 2719 discedas
3569 2680 3602 2716 a
3631 2679 3722 2716 me.

2131 2763 2266 2832 Quia
2313 2763 2526 2818 Patera
2560 2762 2704 2817 Filio
2747 2776 2854 2816 non
2897 2760 3152 2817 discessit
3201 2759 3252 2814 in
3298 2758 3577 2830 passione.
3625 2756 3726 2812 Sed

2135 2867 2241 2914 tute
2295 2857 2606 2914 adhttream
2654 2857 2925 2923 dextera),
2969 2855 3146 2911 donec
3189 2853 3350 2926 digna
3391 2853 3597 2910 ultione
3635 2869 3728 2924 pu-

2134 2950 2378 3006 niantur.

2208 3043 2728 3118 Exsurge,Domine,
2747 3057 2981 3111 exsurge.
3013 3041 3130 3097 Hoc
3149 3048 3254 3107 est,
3285 3040 3338 3096 in
3371 3039 3722 3110 adjutorium.

2135 3135 2358 3191 Intende
2375 3135 2629 3205 iudicium
2656 3149 2847 3189 nteant.
2884 3131 2940 3188 ld
2969 3141 3074 3200 est,
3103 3131 3356 3188 discerne
3383 3132 3524 3187 inter
3546 3145 3632 3186 me
3679 3139 3728 3186 et

433 3225 551 3296 ejus
583 3226 636 3282 in
658 3227 834 3282 sinum
862 3225 1001 3296 ejus,
1029 3241 1151 3282 cum
1175 3227 1358 3292 unica,
1387 3225 1437 3280 id
1467 3233 1572 3293 est,
1600 3225 1716 3296 ipsa
1737 3225 1918 3280 anima
1944 3222 2028 3278 in-
2053 3231 2099 3297 c
2130 3228 2363 3286 Judmos.
2386 3227 2614 3283 Intende
2617 3226 2881 3300 judicium
2903 3242 3091 3292 meum,
3113 3226 3237 3295 quia
3261 3239 3358 3296 par
3380 3233 3463 3280 est
3478 3238 3656 3293 paena,
3679 3230 3730 3278 et

437 3325 586 3385 tegra
615 3320 833 3388 corpori
866 3318 1116 3373 restituta
1153 3327 1257 3374 est.
1287 3317 1356 3374 Et
1379 3318 1502 3390 quis
1521 3359 1536 3384 ,
1563 3317 1764 3389 inquis,
1788 3331 1908 3373 eam
1938 3331 2027 3372 re-

433 3410 649 3465 Stituit?
672 3409 794 3482 Ipse
823 3426 946 3468 cum
977 3419 1202 3482 paterna
1230 3411 1539 3478 voluntate,
1572 3413 1661 3483 qui
1703 3411 1841 3467 dixit
1869 3428 1883 3460 :
1919 3411 2026 3466 Po-

437 3511 689 3558 testatem
724 3504 898 3560 habeo
926 3504 1153 3560 tollendi
1182 3507 1424 3560 animam
1468 3519 1665 3574 meam,
1697 3514 1753 3562 et
1783 3513 2026 3575 potesta-

438 3602 546 3651 tem
584 3595 762 3651 habeo
793 3596 988 3652 iterum
1016 3596 1266 3653 sumendi
1298 3611 1417 3653 eam
1445 3596 1630 3670 (Joan.
1665 3597 1740 3669 x).
1770 3597 1834 3651 Et
1861 3614 1892 3650 a
1923 3599 2031 3651 leo-

435 3688 585 3744 nibus
634 3689 840 3743 unicam
898 3704 1084 3743 meam.
1139 3689 1249 3745 Leo
1303 3689 1416 3760 ipse
1466 3690 1700 3761 papulas
1745 3689 2026 3757 Judaicus,

435 3793 661 3856 prouter
689 3783 1067 3842 fortitudinem
1109 3784 1328 3840 malitiae
1366 3799 1501 3842 suae.
1552 3783 1773 3840 Unicant
1817 3800 2028 3840 meam:

434 3879 562 3950 quia
590 3878 751 3934 unica
779 3877 1070 3934 luitanima
1087 3877 1288 3935 Christi
1308 3879 1428 3935 sine
1460 3886 1704 3947 peccato,
1726 3877 2029 3933 secundum

433 3972 753 4044 prophetam
782 3991 796 4028 :
825 3973 924 4042 Qui
957 3983 1242 4044 peccatum
1269 3990 1377 4030 non
1408 3972 1537 4030 fecit
1559 4015 1573 4043 ,
1619 3987 1720 4029 nec
1749 3971 1906 4028 dolus
1943 3972 2029 4027 in-

437 4077 630 4120 ventus
659 4075 744 4121 est
773 4067 827 4122 in
861 4081 954 4121 orc
985 4065 1103 4137 ejus
1133 4064 1290 4138 (Isai.
1324 4064 1462 4138 LIII).

507 4156 813 4228 Con/itebor
843 4158 954 4224 tibi,
987 4157 1234 4224 Domine,
1257 4159 1313 4212 in
1342 4157 1575 4213 Ecclesia
1606 4171 1813 4229 magna.
1840 4155 1896 4211 Id
1921 4165 2028 4221 est,

436 4249 489 4306 in
524 4259 635 4305 toto
665 4249 869 4306 mundo
910 4251 1127 4306 dill‘usa.
1171 4249 1237 4305 In
1270 4251 1461 4323 papulo
1502 4252 1647 4322 gravi
1693 4249 1917 4304 laudabo
1959 4257 2028 4301 te.

439 4344 495 4400 Id
527 4354 631 4412 est,
656 4345 708 4400 in
734 4345 930 4416 populo
956 4345 1272 4401 Christiano
1298 4386 1313 4410 ,
1356 4343 1430 4400 ibi
1461 4355 1514 4400 te
1545 4343 1796 4399 laudabo.
1838 4342 2031 4398 Gravis

437 4437 658 4494 dicitur.
687 4437 822 4507 Quia
853 4453 960 4494 non
983 4447 1069 4494 est
1098 4437 1234 4494 levis
1265 4436 1331 4493 ad
1357 4436 1689 4508 peccandum
1719 4435 1872 4491 :Nou
1899 4435 2030 4505 levi,

437 4547 600 4602 quem
631 4539 826 4588 ventus
871 4542 930 4588 ut
971 4532 1247 4603 pulverem
1290 4545 1320 4586 a
1359 4531 1496 4587 facie
1536 4540 1698 4587 terra:
1739 4529 2028 4600 projiciet:

2129 3324 2315 3396 dispar
2326 3322 2596 3392 estculpa.
2614 3320 2668 3376 ld
2683 3331 2785 3385 est,
2799 3319 3016 3390 quando
3028 3334 3150 3374 cum
3167 3318 3277 3373 illis
3291 3317 3594 3373 latronibus
3606 3332 3728 3385 pen-

2129 3417 2309 3484 debat,
2324 3417 2449 3488 quia
2463 3416 2577 3486 ipse
2591 3415 2852 3470 innocens
2867 3412 3158 3483 pendebat.
3174 3409 3442 3483 Exsurge,
3460 3419 3506 3463 et
3527 3407 3728 3462 intende

2119 3513 2388 3584 judicium
2418 3527 2606 3578 meum,
2634 3509 2872 3580 qualiter
2893 3507 3202 3577 judicantes
3230 3505 3732 3561 condemnaverunt

2131 3619 2219 3661 me
2247 3604 2428 3659 morti.
2455 3601 2594 3656 Deus
2622 3617 2784 3668 meus,
2811 3609 2859 3656 et
2885 3598 3146 3654 Dominus
3176 3615 3318 3652 meus
3339 3598 3393 3652 in
3415 3614 3574 3652 causa
3603 3614 3729 3649 nica.

2132 3697 2252 3754 Vox
2303 3696 2660 3753 humanitatis
2708 3695 2776 3749 ad
2819 3693 3187 3758 divinitatem,
3219 3706 3320 3761 pro
3365 3700 3521 3761 parte
3561 3687 3733 3746 carnis

2131 3791 2389 3864 loquitur.
2423 3789 2611 3846 Judica
2657 3802 2742 3842 mc
2770 3786 3074 3842 secundum
3127 3799 3381 3857 magnam
3428 3784 3733 3839 misericor-

2132 3888 2275 3943 diam
2321 3895 2485 3942 tuam.
2521 3883 2677 3941 Unde
2720 3883 2879 3948 dixit,
2930 3881 3142 3938 intende
3166 3880 3432 3954 judicium
3464 3894 3657 3946 meum,
3685 3875 3734 3931 id

2132 3992 2236 4047 est,
2271 3981 2354 4038 l‘ae
2385 3979 2769 4036 discretionem
2797 3978 2938 4032 inter
2963 3991 3050 4032 me
3079 3985 3134 4032 et
3161 3975 3303 4030 illos.

2203 4075 2398 4129 Iudico
2426 4091 2506 4129 me
2529 4072 2814 4127 secundum
2845 4069 3118 4143 justitiam
3149 4077 3315 4132 tuam,
3350 4064 3570 4119 Domine
3601 4061 3738 4118 Deus

2133 4185 2296 4222 meus.
2330 4165 2573 4223 Iudicavi
2600 4179 2703 4236 ego
2725 4162 3056 4226 adulteram,
3101 4169 3162 4216 ut
3201 4174 3308 4214 non
3337 4157 3737 4214 condemnare-

2135 4271 2254 4328 tur;
2301 4260 2684 4331 judicaverunt
2738 4267 2793 4312 et
2837 4255 2926 4311 isti
2956 4269 3043 4310 me
3092 4253 3465 4320 innocentem,
3520 4249 3736 4322 dignum

2135 4363 2334 4420 morte,
2385 4352 2509 4408 ideo
2537 4349 2912 4421 unusquiSqne
2942 4345 3245 4403 secundum
3287 4361 3424 4415 Opus
3463 4344 3737 4415 proprium

2131 4447 2394 4519 judicium
2439 4455 2733 4501 mereatur.
2768 4441 2892 4497 Non
2919 4439 3342 4513 snpergaudeant
3385 4437 3509 4492 mihi
3545 4435 3740 4490 inimici

2136 4541 2254 4607 mei,
2277 4557 2339 4595 ne
2353 4541 2526 4594 dicant
2541 4538 2593 4591 in
2612 4535 2854 4590 cordibus
2866 4535 2993 4601 suis,
3015 4533 3181 4606 Euge,
3197 4548 3322 4604 euge
3332 4530 3741 4591 animamostrw;

438 4623 536 4680 “id
574 4623 627 4679 Ῑη
673 4623 848 4695 ςτενῖ,
885 4633 1124 4694 “supra
1161 4631 1370 4695 Ρθινειῐη
1400 4621 1659 4690 fundam.
1689 4620 2033 4691 ﬁl‘miterque
2059 4631 2114 4693 D
2142 4651 2234 4690 nec
2261 4634 2469 4699 dicunt,
2507 4629 2876 4687 Deuorabimus
2903 4644 3044 4684 eum.
3084 4626 3200 4682 Non
3245 4624 3466 4696 pateﬁat
3491 4623 3636 4678 ultra
3682 4636 3742 4676 os

439 4726 711 4788 praecepta
750 4716 1111 4774 custodiente.
1141 4717 1282 4773 Hinc
1314 4717 1511 4774 iterum
1552 4717 1874 4774 recordatur
1915 4730 2038 4786 pas-

437 4810 610 4868 sionis
636 4826 770 4878 sure,
789 4826 898 4883 quo
929 4811 1112 4883 potius
1132 4811 1210 4868 eis
1233 4810 1497 4882 judicium
1522 4811 1718 4867 mortis
1746 4808 2036 4867 annuntict

439 4904 629 4962 dicens
661 4925 676 4964 :

516 4997 642 5054 Non
671 4999 1091 5072 supergaudeant
1122 4999 1248 5054 mihi
1277 4999 1363 5068 qui
1393 4999 1730 5055 adversantur
1770 4997 1895 5053 mihi
1935 4999 2040 5054 ini-

439 5113 561 5168 que.
601 5095 777 5152 Judzei
808 5094 1056 5162 Christo.
1097 5104 1152 5152 et
1181 5101 1566 5166 persecutores
1608 5093 1891 5150 Ecclesiae.
1934 5092 2038 5158 Qui

444 5191 670 5246 oderunt
700 5207 780 5246 me
807 5191 1012 5262 gratis,
1043 5198 1088 5246 et
1135 5197 1372 5244 annuunt
1411 5189 1594 5244 oculis.
1643 5189 1770 5244 llzec
1808 5187 1944 5243 dicit
1984 5194 2042 5242 ιιι

445 5299 551 5339 non
593 5283 663 5338 sit
705 5283 896 5339 iterata
944 5282 1124 5354 passio
1158 5300 1171 5337 :
1203 5283 1330 5354 quia
1372 5295 1473 5338 nec
1516 5279 1827 5351 redemptio
1857 5279 2041 5334 veniet

439 5378 660 5434 iterata.
715 5377 786 5432 Et
837 5385 1148 5434 annuerunt
1189 5377 1362 5433 oculis
1403 5394 1418 5432 :
1463 5373 1586 5447 quia
1636 5372 1770 5430 nihil
1814 5371 1942 5428 boni
1987 5372 2040 5428 in

443 5488 613 5545 opere
643 5470 1024 5528 ostenderunt.

522 5572 782 5639 Quoniam
806 5573 937 5627 mihi
973 5573 1178 5645 quidem
1213 5571 1433 5646 paciﬁce
1459 5570 1823 5643 loquebantur.
1855 5566 1923 5624 Et
1961 5574 2046 5622 est

442 5666 577 5726 illud
609 5687 621 5722 :
657 5667 934 5738 Magister,
965 5667 1092 5724 licet
1134 5667 1396 5725 tributum
1427 5664 1544 5722 dari
1571 5665 1800 5728 Caesari,
1831 5677 1900 5718 an
1931 5675 2040 5718 non

437 5760 660 5834 (Matth.
697 5759 878 5831 nn)?
919 5759 1018 5817 Vel
1039 5761 1258 5832 quando
1283 5761 1544 5816 dixerunt
1573 5776 1585 5812 :
1621 5755 1902 5828 Magister,
1929 5754 2038 5810 sci-

448 5870 570 5910 mus
613 5855 741 5926 quia
763 5869 934 5911 verax
981 5870 1064 5922 cs,
1106 5865 1160 5911 et
1202 5855 1256 5911 in
1282 5855 1511 5911 veritate
1541 5853 1682 5911 viam
1730 5851 1824 5908 Dei
1874 5849 2039 5908 doces

2146 4741 2335 4782 eorum
2377 4725 2442 4780 ad
2476 4740 2563 4780 me
2589 4721 2957 4779 devorandum
2977 4765 2992 4789 ,
3027 4734 3095 4775 ne
3125 4719 3330 4783 dicant,
3359 4715 3740 4772 devorabimus

2146 4837 2290 4877 eum.
2312 4821 2546 4877 Devorat
2569 4820 2730 4873 homo
2753 4815 2897 4888 quod
2921 4815 2976 4870 in
3000 4829 3062 4868 os
3081 4811 3268 4868 mittit.
3285 4809 3390 4868 Sed
3415 4810 3467 4866 in
3489 4809 3592 4865 hoc
3617 4807 3746 4864 dicit

2146 4925 2435 4993 devorare,
2465 4923 2586 4994 quia
2617 4930 2941 4992 peccatores
2967 4917 3161 4972 volunt
3188 4915 3312 4970 illus
3336 4922 3550 4970 sanctos
3575 4911 3742 4969 devo-

2146 5039 2272 5081 rare
2305 5043 2319 5078 :
2348 5024 2401 5080 id
2428 5032 2532 5091 est,
2564 5032 2623 5079 ut
2648 5035 2814 5077 unum
2839 5032 3038 5089 corpus
3068 5015 3401 5072 efﬁciantur.

2220 5125 2541 5180 Erubescant
2593 5134 2639 5178 et
2685 5129 3015 5177 reuereantur
3062 5117 3218 5173 simul
3271 5118 3363 5189 qui
3420 5117 3745 5190 gratulantur

2146 5228 2300 5284 malis
2348 5229 2497 5284 meis.
2544 5227 2600 5282 Id
2652 5233 2756 5291 est,
2805 5223 3108 5288 daemones,
3155 5219 3353 5288 Judaei,
3392 5219 3664 5284 haeretici,
3696 5225 3748 5272 et

2149 5343 2528 5405 persecutores
2555 5347 2570 5387 :
2590 5331 2678 5400 qui
2701 5328 3030 5400 gratulantur
3047 5324 3201 5379 malis
3227 5325 3372 5392 meis,
3392 5321 3495 5378 hoc
3517 5331 3620 5391 est,
3641 5336 3747 5376 non

2151 5433 2326 5489 solum
2358 5432 2450 5503 qui
2478 5430 2702 5497 faciunt,
2733 5427 2827 5484 sed
2859 5427 3019 5484 etiam
3052 5425 3144 5498 qui
3175 5426 3520 5481 consentiunt
3541 5422 3749 5479 facien-

2150 5536 2312 5592 tibus.
2347 5534 2647 5589 Induantur
2674 5531 2985 5606 confusione
3013 5539 3059 5585 et
3090 5530 3377 5584 reverentia
3405 5530 3495 5601 qui
3519 5529 3749 5598 maligna

2147 5639 2431 5714 loquuntur
2476 5636 2750 5692 adversum
2799 5652 2898 5689 me.
2933 5633 3024 5689 Isti
3081 5630 3376 5703 supradicti
3431 5628 3748 5687 confusione

2145 5749 2372 5800 aeterna.
2406 5737 2562 5796 Unde
2590 5736 2723 5793 dicit
2756 5755 2768 5790 :
2812 5734 3088 5791 Discedite
3138 5748 3166 5788 a
3219 5748 3331 5802 me,
3362 5731 3661 5800 maledicti,
3693 5730 3749 5786 in

2144 5846 2324 5918 ignem
2347 5853 2612 5901 :cternum
2655 5837 2836 5912 (Matt.
2867 5839 3026 5909 xxv).
3054 5834 3124 5893 Ut
3145 5836 3235 5908 qui
3266 5851 3354 5893 me
3381 5832 3535 5907 quasi
3573 5831 3753 5889 homi«
