3944 6334
248 304 333 362 939

1106 292 1538 353 BREVIARIUiI
1583 291 1648 353 ΙΝ
1690 293 2029 355 PSALMOS.
2073 293 2323 355 I’SALM.
2368 294 2584 353 XXXV.

3391 295 3498 354 950

243 435 344 477 nem
385 415 778 487 judicaverunt,
829 422 887 470 ιιι
937 415 1105 472 Deum
1159 417 1382 474 videant
1432 415 1788 489 iudicantem.
1821 419 1869 480 Α
1898 426 2137 487 secreto,
2179 416 2232 471 in
2264 431 2373 488 quo
2411 414 2701 486 compungi
2747 412 2958 482 debuit,
3002 412 3341 484 iniquitatem
3387 428 3502 468 nte-

241 513 357 569 llinc
385 509 629 580 propheta
660 507 727 563 ad
751 508 968 564 Patrem
1003 510 1262 581 loquitur.

301 601 546 656 Exsultent
595 608 645 652 et
697 597 936 655 lwtentur
977 601 1066 672 qui
1107 601 1286 657 volunt
1307 603 1570 677 justitiam
1600 618 1790 660 meam.

240 697 481 755 Christum
510 701 921 764 exspectantes,
955 696 1048 766 qui
1092 704 1176 751 est
1201 695 1408 766 iustitia
1441 695 1636 751 Patris.
1672 694 1790 762 Vel,

235 789 462 850 exsultent
505 797 550 842 et
589 788 829 844 lwtetttur
857 789 945 858 qui
985 789 1162 844 volunt
1192 789 1464 863 justitiam
1499 804 1665 844 meum
1689 804 1709 844 :
1739 787 1791 844 id

237 894 328 953 est,
372 883 535 938 sancti
579 881 671 952 qui
727 881 919 938 volunt
957 881 1225 952 justitiam
1273 882 1371 938 Dei
1411 881 1664 952 implere,
1691 880 1794 952 ipsi

237 977 476 1035 exsultent
521 982 574 1030 et
623 974 880 1030 laetentur
908 973 961 1028 in
991 974 1435 1031 remuneratione
1482 973 1608 1029 vitae
1634 981 1795 1028 atter-

237 1087 325 1128 ntc.
355 1069 414 1124 Et
439 1068 630 1136 dicant,
658 1083 862 1140 semper
886 1067 1249 1138 magniﬁcetur
1277 1064 1572 1122 Dominus:
1599 1065 1686 1137 qui
1707 1080 1796 1120 vo-

236 1165 332 1221 lunt
352 1177 519 1234 pacem
544 1160 677 1215 servi
703 1161 838 1230 ejus.
869 1160 989 1230 Ipse
1021 1159 1282 1215 Dominus
1304 1169 1390 1216 est
1417 1174 1523 1231 pax
1551 1165 1740 1214 nostra
1776 1173 1791 1211 :

231 1257 360 1328 juxta
385 1253 690 1326 Apostolum
720 1251 939 1324 (Ep/tes.
963 1252 1046 1324 tt).
1082 1253 1229 1308 Servi
1250 1252 1362 1323 ejus
1390 1269 1402 1305 :
1431 1250 1483 1306 id
1506 1258 1616 1316 est,
1637 1248 1796 1304 Chri-

231 1348 290 1404 sti
319 1364 330 1400 :
359 1347 439 1417 qui
468 1355 551 1402 est
580 1360 776 1401 servus
800 1345 896 1400 Dei
928 1343 1126 1400 Patris.
1163 1342 1314 1400 Unde
1340 1342 1474 1399 dicit
1499 1360 1512 1397 :
1542 1341 1792 1413 Magnum

233 1449 303 1500 est
327 1441 413 1498 tibi
440 1441 616 1497 vocari
645 1454 862 1496 servum
895 1455 1074 1496 meum
1110 1437 1267 1512 (lsai.
1296 1439 1450 1508 sus)
1479 1455 1492 1492 :
1524 1451 1622 1509 pro
1640 1447 1795 1508 parte

231 1537 405 1593 carnis.

289 1630 387 1686 Sed
405 1639 450 1685 et
478 1630 658 1702 iingua
686 1646 802 1686 mea
823 1627 1159 1685 meditabitur
1179 1627 1443 1700 justitiam
1473 1635 1630 1681 tuam.
1671 1625 1797 1681 Lin-

235 1740 321 1797 gua
335 1741 457 1790 mea,
471 1724 646 1780 sancti
671 1733 817 1789 sunt,
834 1725 923 1795 qui
950 1722 1284 1778 meditantur
1306 1720 1558 1776 mandata
1571 1718 1792 1776 Christi.

1896 509 2099 566 ditatus
2135 519 2239 580 est,
2272 511 2416 566 unde
2441 510 2552 581 jam
2583 509 2835 581 superius
2879 509 3213 565 mentionem
3244 507 3498 564 fecimus.

1897 601 1964 659 In
1991 604 2169 674 cubili,
2195 603 2248 659 id
2271 612 2376 669 est,
2408 603 2460 658 in
2485 603 2655 661 corde
2677 619 2893 660 eorum.
2918 603 3095 658 Astitit
3115 601 3258 656 omni
3277 601 3374 656 vice
3395 617 3499 656 non

1895 696 2059 754 bona.
2091 697 2231 767 Quia
2275 697 2347 754 ibi
2403 697 2597 766 astitit,
2629 697 2752 754 ideo
2792 698 2860 752 ad
2893 696 3097 752 nullum
3127 695 3355 768 iustitia:
3385 695 3498 751 fru-

1897 800 2044 846 ctum
2092 792 2268 863 potuit
2317 792 2625 863 pervenire.
2659 790 2918 846 Halitiam
2949 800 3122 846 autent
3164 806 3267 845 non
3313 789 3491 845 adivit.

1901 881 2010 940 Sed
2038 881 2234 940 dilexit
2261 902 2274 939 :
2317 883 2442 956 quia
2473 900 2580 940 non
2613 884 2788 941 solum
2821 901 2926 942 non
2959 885 3216 954 oderunt,
3256 883 3354 941 sed
3379 899 3498 940 am-

1898 973 2100 1044 plexati
2125 985 2273 1031 sunt.

1975 1065 2212 1137 Domine,
2238 1068 2292 1122 in
2312 1069 2440 1124 caelo
2460 1070 2824 1126 misericordia
2853 1079 2962 1126 tua.
2991 1070 3046 1127 Id
3074 1079 3180 1140 est,
3210 1070 3263 1127 in
3293 1070 3497 1127 sanctis

1896 1161 2130 1231 angelis,
2163 1161 2256 1232 qui
2304 1161 2504 1219 ibidem
2535 1163 2732 1219 ﬁrmati
2758 1162 3004 1231 fuerunt,
3038 1173 3094 1220 et
3136 1178 3244 1219 non
3271 1162 3492 1220 cecide-

1898 1261 2044 1309 runt.
2076 1253 2200 1324 Vel,
2229 1253 2283 1308 in
2310 1255 2438 1309 caelo
2467 1255 2825 1311 misericordia
2853 1266 2967 1322 tua,
3010 1255 3062 1311 id
3089 1265 3193 1324 est,
3226 1256 3280 1312 in
3308 1265 3497 1312 sancta

1899 1348 2169 1418 Ecclesia,
2205 1348 2449 1417 Domine,
2481 1349 2535 1403 in
2561 1350 2686 1405 creto
2716 1349 3076 1405 misericordia
3107 1358 3217 1406 tua.
3245 1347 3498 1406 Christus

1899 1441 2184 1508 Dominus,
2209 1442 2302 1513 qui
2330 1441 2595 1498 humanos
2623 1444 2914 1499 miseratus
2961 1443 3183 1500 labores
3211 1443 3497 1500 descendit

1899 1535 1972 1592 de
2002 1536 2166 1603 caelo,
2200 1544 2256 1590 ut
2284 1535 2572 1607 colligaret
2597 1537 2825 1592 vulnera
2857 1547 3063 1593 nostra.
3106 1535 3172 1591 Et
3196 1538 3382 1592 veritas
3409 1547 3500 1592 tua

1898 1645 2064 1700 usque
2091 1629 2160 1684 ad
2187 1629 2366 1684 nubes.
2402 1628 2629 1697 Veritas,
2655 1629 2906 1687 Christus
2937 1639 3041 1699 est,
3075 1638 3137 1686 ut
3170 1629 3304 1686 illud
3338 1647 3351 1685 :
3382 1629 3499 1702 Ego

1900 1737 2020 1779 sum
2049 1723 2153 1792 via,
2184 1733 2234 1781 ct
2260 1723 2462 1780 veritas
2493 1723 2676 1797 (Joan.
2701 1724 2836 1796 xw).
2862 1723 3066 1794 Nubes,
3096 1724 3271 1780 sancti
3303 1722 3500 1796 praedi-

233 1815 344 1872 Tota
360 1817 455 1885 die,
474 1813 692 1871 laudem
713 1813 1026 1870 tuam.Tota
1053 1815 1158 1882 die,
1177 1825 1291 1870 tuto
1313 1821 1554 1883 tempore
1578 1809 1798 1868 laudare
1828 1820 1876 1881 B
1903 1827 2142 1873 calores.
2180 1815 2334 1872 Unde
2359 1816 2565 1872 dicitur
2597 1833 2610 1871 :
2639 1815 2908 1873 Mandaho
2955 1814 3192 1873 nubibus
3233 1815 3393 1882 meis,
3443 1822 3504 1872 ut

228 1912 394 1970 Deum.
426 1913 531 1970 Sed
558 1922 606 1969 et
635 1914 809 1992 lingua
840 1928 954 1966 mea
985 1911 1311 1966 meditabitur
1332 1909 1592 1983 justitiam
1617 1916 1792 1962 tuam:

227 2007 332 2079 quia
355 2025 446 2078 pro
471 2007 580 2063 vita
604 2008 784 2079 pepuli
810 2015 1080 2071 mortuus,
1107 2019 1215 2060 non
1243 2019 1302 2060 es
1325 2006 1379 2058 in
1404 2010 1607 2058 tartaro
1631 2001 1791 2058 dere-

226 2101 380 2158 lictus.
398 2101 522 2158 Tota
543 2104 630 2157 die
651 2101 857 2157 laudent
879 2112 1051 2156 tuam:
1072 2099 1194 2171 quia
1219 2099 1426 2154 devicta
1451 2095 1792 2167 triumphans

227 2207 397 2264 morte,
429 2198 481 2252 in
511 2197 670 2254 ccelis
699 2211 758 2253 es
785 2203 1073 2267 susceptus
1101 2210 1129 2248 a
1163 2193 1326 2250 Patre
1359 2211 1372 2248 :
1405 2207 1528 2248 cum
1559 2205 1666 2262 quo
1698 2188 1792 2245 tibi

225 2299 272 2351 et
301 2292 490 2366 Spiritu
511 2300 708 2350 sancto
739 2299 823 2348 est
850 2290 1026 2346 honor
1056 2300 1113 2346 et
1137 2287 1334 2360 gloria.
1366 2286 1564 2342 Amen.

702 2407 1020 2466 PSALMUS
1067 2403 1291 2463 XXXV.

222 2501 278 2558 In
299 2503 466 2572 ﬁnem,
489 2519 655 2576 puero
683 2499 898 2576 Domini
928 2499 1175 2576 Dsalmus
1201 2496 1392 2552 David.
1418 2496 1527 2576 Iste
1556 2494 1796 2576 psalmus

282 2568 560 2645 personam
606 2573 918 2645 peccatoris
939 2571 1208 2642 designat,
1265 2568 1577 2641 superbiam
1621 2574 1793 2634 notat,

281 2644 471 2705 fontem
506 2646 698 2704 :rterni
735 2644 955 2700 luminis
986 2651 1278 2698 monstrat.

283 2761 414 2816 Dixit
471 2763 723 2834 injustas,
752 2769 808 2815 ut
840 2756 1111 2830 delinquat
1156 2757 1276 2812 sibi.
1331 2755 1387 2813 Id
1414 2765 1520 2822 est,
1552 2755 1800 2813 sibimet-

221 2855 342 2927 ipsi,
391 2857 643 2930 injustas,
687 2855 790 2911 hoc
819 2861 932 2922 est,
967 2852 1216 2909 diabolus
1257 2866 1378 2907 cum
1408 2851 1523 2908 suis
1549 2849 1799 2907 satelliti-

221 2948 328 3006 bus.
376 2949 430 3004 ld
475 2958 587 3018 est,
620 2946 837 3022 populis
878 2945 1194 3003 Jndzeornm
1227 2963 1242 3001 :
1274 2944 1362 3001 vel
1409 2942 1635 3014 reliquis
1686 2941 1800 2996 suis

219 3043 463 3100 membris
483 3043 592 3099 sibi
620 3041 868 3112 deliquit.
901 3038 1011 3096 Nec
1039 3039 1182 3095 alius
1207 3037 1474 3110 quispiam
1515 3051 1614 3106 per
1654 3033 1798 3105 injn.

220 3137 404 3192 stitiam
437 3136 522 3192 sic
547 3136 786 3206 loquitur
832 3142 891 3190 ut
936 3143 1126 3206 peccet
1159 3149 1172 3186 :
1201 3133 1349 3187 sicut
1377 3130 1471 3185 ille
1495 3129 1586 3199 qui
1617 3126 1752 3183 dixit
1784 3141 1798 3181 :

1897 1927 2006 1968 non
2039 1912 2226 1982 pluunt
2269 1911 2498 1969 imbrem
2544 1927 2712 1982 super
2750 1928 2870 1968 eam
2920 1909 3078 1983 (Isai.
3111 1911 3173 1982 l).
3199 1909 3338 1978 Quia
3363 1909 3504 1966 sicut

1896 2007 2066 2063 nubes
2093 2005 2334 2079 pluviam
2383 2014 2602 2078 portant
2636 2022 2648 2060 :
2679 2015 2735 2061 et
2765 2005 3000 2078 irrigant
3031 2013 3238 2062 terram
3269 2020 3283 2056 :
3327 2002 3409 2058 sic
3451 2011 3504 2058 ct

1895 2098 2072 2155 sancti
2135 2098 2527 2170 przcdicatores
2591 2097 2862 2169 pluviam,
2915 2097 2970 2153 id
3025 2105 3142 2161 est.
3199 2095 3502 2153 doctrinam

1897 2193 2176 2265 Evangelii
2207 2200 2452 2265 portant,
2484 2202 2538 2248 et
2569 2192 2804 2264 irrigant
2841 2192 3008 2249 corda
3035 2192 3272 2248 arentia.
3309 2191 3378 2246 Et
3417 2206 3509 2245 ve-

1895 2289 2024 2342 ritas
2052 2298 2140 2342 tua
2167 2303 2331 2358 usque
2351 2290 2419 2341 ad
2445 2286 2627 2343 nubes.
2657 2285 2764 2355 Qui
2794 2285 3156 2357 spiritualiter
3188 2284 3503 2357 Scripturas

1900 2382 2095 2438 nolunt
2122 2381 2434 2452 intelligere
2465 2399 2479 2436 :
2505 2379 2860 2453 quatrendum
2892 2389 2975 2437 est
2995 2379 3066 2437 ab
3093 2378 3196 2448 eis,
3227 2379 3503 2451 quomodo

1899 2473 2104 2530 veritas
2130 2473 2226 2528 Dei
2251 2473 2321 2529 sit
2353 2487 2528 2545 usque
2557 2471 2625 2527 ad
2655 2472 2849 2529 nubes.

1970 2567 2190 2622 Iustitia
2217 2576 2307 2622 tua
2329 2567 2462 2622 sicut
2492 2577 2689 2622 montes
2722 2565 2840 2621 Dei.
2871 2565 3028 2622 Mons
3052 2565 3149 2622 Dei
3179 2565 3445 2638 sapientia
3483 2583 3497 2623 :

1900 2677 2061 2719 mons
2090 2661 2186 2719 Dei
2206 2660 2471 2733 judicium
2504 2679 2516 2715 :
2545 2673 2702 2717 mons
2729 2659 2823 2717 Dei
2846 2659 3216 2718 sanctiﬁcatio
3240 2669 3348 2718 est.
3369 2662 3508 2719 Suttt

1900 2767 1957 2816 et
1999 2757 2380 2828 hujuscemodi
2439 2765 2655 2813 montes
2685 2755 2923 2827 plurimi,
2971 2757 3023 2812 in
3071 2755 3268 2828 quibus
3307 2771 3504 2814 recon-

1901 2855 2106 2912 duntur
2127 2869 2325 2910 arcana
2361 2852 2456 2909 Dei
2488 2869 2502 2907 :
2535 2867 2656 2924 qua:
2702 2851 2925 2910 difﬁcile
2973 2850 3294 2909 humanitas
3323 2861 3507 2923 potest

1903 2951 2243 3022 investigare
2272 2950 2458 3022 :juxta
2508 2948 2829 3019 Apostolum
2863 2965 2875 3002 :
2907 2947 3079 3016 Quam
3126 2945 3504 3003 inscrutabilia

1903 3053 2035 3103 sunt
2077 3044 2276 3115 judicia
2334 3042 2472 3113 ejus,
2508 3051 2564 3098 et
2590 3040 2997 3112 investigabiles
3031 3041 3132 3096 viae
3174 3041 3293 3112 ejus
3325 3039 3503 3110 (Rom.

1904 3139 2015 3212 xr)!
2042 3139 2139 3196 Vel
2169 3139 2357 3194 aliter:
2386 3134 2610 3191 Justitia
2641 3146 2730 3190 tua
2756 3135 2890 3191 sicut
2925 3144 3118 3190 montes
3143 3133 3263 3190 Dei.
3288 3133 3511 3190 Iustitia

217 3226 404 3285 Ponam
437 3229 638 3286 solium
669 3242 850 3284 meum
902 3241 1065 3297 super
1105 3223 1306 3293 sidera,
1360 3230 1414 3278 et
1459 3235 1556 3277 ero
1607 3217 1798 3274 similis

1909 3243 2022 3301 tua,
2054 3230 2310 3288 mandata
2360 3240 2472 3285 tua.
2505 3227 2710 3284 Montes
2755 3227 2872 3296 Dei,
2905 3227 3081 3284 sancti
3125 3226 3350 3298 majoris
3394 3241 3507 3282 me-

216 3324 480 3382 AltiSsimo
507 3323 667 3396 (lsai.
694 3321 832 3395 xw).
863 3322 1093 3392 Semper
1119 3319 1264 3376 enim
1294 3317 1550 3388 iniquitas
1575 3312 1802 3386 proprio

215 3431 268 3474 se
304 3417 549 3476 coulodit
581 3416 792 3489 jaculo;
827 3416 978 3487 juxta
1011 3412 1150 3469 illud
1183 3429 1197 3467 :
1232 3410 1358 3480 Fili,
1389 3411 1434 3466 si
1469 3409 1647 3465 malus
1677 3423 1804 3464 eva-

214 3513 356 3578 seris,
415 3512 569 3568 squs
625 3510 848 3565 hauries
903 3507 1041 3564 mala
1083 3505 1271 3580 (Prov.
1307 3506 1429 3576 xu).
1465 3502 1563 3560 Vel
1590 3503 1799 3560 aliter:

215 3601 351 3657 Dixit
379 3603 604 3674 iniquus
627 3609 684 3656 ut
705 3601 1049 3671 delinqueret
1074 3597 1179 3653 sibi
1209 3613 1224 3652 :
1252 3596 1304 3653 id
1333 3604 1437 3664 est,
1474 3594 1715 3652 decrevit
1742 3609 1802 3651 se

213 3711 426 3767 peccare
447 3697 673 3754 debere.
703 3694 825 3750 Non
848 3702 921 3748 est
950 3695 1106 3749 timor
1133 3691 1228 3746 Dei
1247 3703 1367 3746 ante
1388 3690 1563 3744 oculos
1587 3692 1718 3762 ejus.
1743 3687 1801 3745 Si

214 3790 346 3844 enim
395 3790 652 3846 timorem
688 3787 786 3844 Dei
833 3795 960 3842 ante
991 3785 1180 3842 oculos
1228 3785 1477 3852 haberet,
1506 3797 1798 3854 numquam

210 3886 558 3941 esseet-altilia
600 3891 658 3939 et
693 3881 1056 3938 abominanda
1087 3880 1492 3948 fcommitteret.
1555 3876 1681 3930 Non
1727 3886 1801 3930 est

214 3977 354 4032 timor
381 3976 478 4032 Dei
503 3987 624 4032 ante
645 3975 827 4032 oculos
857 3977 994 4047 ejus.
1037 3971 1093 4028 Id
1122 3982 1228 4038 est,
1253 3979 1380 4026 ante
1421 3969 1678 4040 populum
1705 3969 1802 4023 Ju-

211 4067 415 4124 daicum
453 4086 467 4123 :
501 4070 628 4140 quia
672 4068 718 4124 si
767 4068 1018 4122 timorem
1070 4064 1281 4120 Domini
1323 4062 1644 4118 habuissent
1674 4069 1803 4117 ante

210 4162 390 4217 oculos
419 4162 632 4230 cordis,
665 4175 958 4231 numquam
987 4166 1135 4214 tanta
1166 4156 1308 4213 mala
1340 4156 1620 4213 fecissent.

277 4254 539 4319 Quoniam
567 4253 745 4308 dolose
777 4252 878 4324 egit
922 4251 979 4306 in
1022 4263 1298 4322 conspectu
1343 4252 1483 4324 ejus.
1518 4247 1800 4317 Diabolus,

207 4343 462 4402 etJudmi
509 4355 636 4403 ante
687 4353 1038 4414 conspectum
1087 4343 1208 4398 Dei.
1249 4340 1378 4409 Vel,
1413 4340 1592 4396 dolose
1617 4341 1720 4414 egit
1747 4341 1802 4394 in

209 4451 487 4514 conspectu
509 4443 643 4515 ejus,
675 4441 874 4510 iniquae
904 4436 1362 4509 concupiscentisc
1390 4435 1668 4491 ﬂammam
1698 4434 1801 4490 sti-

208 4536 465 4593 mulatus.
495 4534 562 4592 Ut
605 4537 900 4590 inveniatur
942 4531 1194 4602 iniquitas
1223 4533 1335 4603 ejus
1360 4541 1408 4584 et
1433 4529 1631 4584 odium.
1663 4527 1797 4584 Dum

1905 3327 2044 3384 riti:
2095 3326 2236 3382 sicut
2290 3331 2516 3380 sanctus
2561 3321 2827 3391 Joannes,
2870 3321 2958 3378 vel
3009 3321 3193 3377 caeteri
3248 3317 3505 3388 apostoli.

1903 3419 2114 3476 Montes
2141 3419 2293 3490 prius
2339 3432 2370 3472 a
2417 3415 2536 3473 sole
2567 3415 2969 3483 illuminantur,
3017 3423 3073 3471 et
3103 3422 3289 3486 postea
3313 3413 3504 3469 valles.

1904 3514 2010 3572 Sed
2042 3522 2273 3578 montes,
2311 3511 2363 3567 id
2392 3520 2498 3579 est,
2541 3510 2716 3566 sancti
2748 3525 2855 3565 non
2900 3524 2929 3564 a
2974 3508 3310 3580 semetipsis,
3345 3507 3452 3564 nisi
3482 3523 3512 3563 a

1903 3608 2038 3674 sole,
2079 3605 2132 3661 id
2182 3615 2286 3673 est,
2333 3621 2363 3660 a
2411 3602 2654 3660 Christo.
2700 3602 2857 3660 Unde
2885 3601 3063 3658 dixit:
3097 3601 3322 3658 Orietur
3357 3601 3513 3660 vobis

1902 3704 1981 3760 sol
2005 3700 2232 3772 justitia:
2261 3699 2525 3772 (Malaclt.
2548 3699 2648 3769 tv).
2676 3697 2741 3752 Et
2764 3696 2974 3769 judicia
3003 3707 3090 3751 tua
3128 3699 3268 3750 velut
3296 3695 3512 3767 abyssus

1906 3797 2088 3850 multa.
2144 3794 2372 3866 Abyssus
2421 3793 2607 3861 multa,
2647 3790 2854 3861 judicia
2909 3790 3008 3846 Dei
3066 3790 3282 3847 occulta
3323 3805 3336 3843 :
3385 3788 3509 3860 quia

1906 3903 2071 3944 unum
2096 3886 2380 3959 reprobat,
2405 3896 2463 3943 et
2487 3887 2654 3941 alium
2681 3885 2934 3952 assumit,
2959 3885 3103 3941 sicut
3131 3883 3268 3939 dixit
3299 3899 3312 3937 :
3339 3882 3512 3940 Jacoh

1905 3979 2090 4048 dilexi,
2117 3980 2256 4036 Esau
2283 3978 2412 4035 odio
2435 3977 2601 4034 habui
2626 3976 2886 4048 (Malacli.
2916 3978 2981 4049 ι).
3012 3976 3109 4034 Vel
3133 3976 3337 4049 judicia
3363 3985 3512 4043 sunt,

1905 4077 2104 4149 quibus
2134 4075 2219 4132 vel
2261 4075 2427 4147 justis
2453 4072 2755 4141 beatitudo,
2805 4072 2892 4128 vel
2940 4072 3122 4143 impiis
3150 4087 3312 4146 poena
3347 4071 3512 4128 infer-

1908 4180 2013 4226 tur.
2049 4170 2180 4239 Qum
2209 4168 2335 4225 ideo
2362 4168 2561 4240 abysso
2583 4176 2996 4239 comparantur,
3029 4167 3152 4238 quia
3182 4166 3234 4222 in
3270 4164 3399 4222 novi
3422 4181 3516 4223 ve-

1909 4263 2148 4334 terisque
2179 4261 2514 4318 Testamenti
2547 4257 3012 4332 profunditatihus
3041 4258 3509 4330 contemplautur.

1983 4356 2260 4424 Homines,
2293 4364 2339 4410 et
2352 4358 2594 4429 jumenta
2623 4354 2796 4408 salvos
2829 4352 3013 4424 facies,
3056 4351 3296 4408 Domine.
3329 4353 3515 4409 Ratio-

1909 4451 2128 4508 nabiles
2163 4449 2676 4520 irrationabilesqne
2710 4461 2973 4518 personas
2999 4445 3151 4518 juxta
3200 4445 3334 4502 illud
3365 4447 3514 4518 Apo-

1909 4546 2036 4602 stoli
2085 4564 2098 4600 :
2149 4543 2525 4616 Sapientibus,
2583 4549 2640 4598 et
2687 4541 3070 4612 insipientibus
3119 4541 3336 4598 debitor
3390 4558 3512 4598 sum

207 4631 622 4701 concupisceret
643 4637 835 4685 contra
860 4627 1131 4699 justitiam
1159 4624 1526 4696 iniquitatem,
1551 4623 1679 4679 dum
1706 4638 1798 4678 au-

1911 4638 2091 4712 (Rom.
2132 4640 2196 4708 ι).
2233 4633 2678 4703 Quemadmodum
2709 4632 3074 4705 multiplicasti
3102 4634 3514 4690 misericordiam

207 4720 351 4780 ferre
375 4739 487 4779 non
515 4731 719 4795 potest,
762 4719 947 4778 odium
981 4719 1242 4791 possedit.
1276 4717 1382 4774 Sed
1415 4726 1471 4774 et
1508 4722 1575 4774 ad
1606 4716 1800 4774 Judam

206 4817 546 4887 proditorem
577 4817 695 4874 haec
718 4815 996 4888 pertinere
1023 4813 1302 4884 sequentia
1328 4813 1546 4869 ducent.

281 4909 454 4966 Verba
497 4912 604 4968 oris
630 4911 742 4984 ejus
770 4910 1015 4982 iniquitas
1061 4917 1107 4964 et
1150 4907 1323 4962 dolus.
1372 4905 1522 4962 Dixit
1569 4914 1750 4963 autem
1787 4924 1799 4962 :

202 5005 348 5074 Ave,
377 5006 571 5077 Bahbi,
626 5016 684 5064 et
728 5005 919 5063 osculo
947 5004 1269 5076 magistrum
1299 5001 1525 5058 tradidit
1546 5000 1801 5059 inimicis.

206 5095 352 5156 Ecce
382 5101 550 5158 verba
577 5100 715 5168 oris,
744 5099 904 5172 plena
937 5098 1064 5155 dolo
1099 5107 1260 5168 atque
1290 5096 1599 5167 iniquitate.
1640 5093 1804 5150 Verba

204 5192 316 5246 oris
342 5192 457 5264 ejus
476 5193 759 5265 iniquitas,
796 5203 842 5248 et
872 5192 1045 5261 dolus,
1078 5200 1133 5248 et
1164 5191 1219 5246 in
1256 5189 1498 5257 diabolo,
1528 5199 1578 5244 et
1625 5190 1677 5244 in
1710 5205 1806 5261 po-

201 5287 334 5357 pqu
365 5287 702 5347 Judteorum.
737 5288 926 5344 Noluit
958 5287 1248 5360 intelligere
1293 5297 1349 5343 ut
1374 5287 1498 5342 bene
1524 5295 1718 5358 ageret.
1747 5285 1804 5342 Id

198 5388 308 5448 est,
332 5380 588 5440 diabolus
637 5391 693 5439 et
740 5383 821 5438 sui
876 5381 1188 5437 satellites:
1223 5381 1344 5450 quia
1375 5379 1523 5434 aliud
1569 5387 1652 5434 est
1698 5393 1804 5434 non

199 5486 395 5545 posse,
421 5477 566 5534 aliud
591 5486 675 5534 est
699 5475 870 5533 nolle.
900 5477 966 5532 Et
985 5476 1156 5534 Judas
1176 5475 1396 5532 videbat
1419 5472 1662 5547 quotidie
1683 5489 1805 5530 cum

200 5572 473 5640 apostolis
511 5572 788 5630 Christum
834 5571 1008 5628 multa
1039 5570 1306 5628 mirabilia
1338 5579 1683 5642 operantem,
1716 5569 1813 5627 sed

202 5677 321 5720 non
368 5666 725 5740 intelligebat.
777 5667 836 5724 In
892 5667 1202 5725 malivolam
1233 5666 1383 5724 enim
1429 5665 1671 5723 animam
1705 5682 1813 5724 non

211 5755 523 5830 ingreditur
548 5762 838 5831 sapientia.

293 5849 630 5925 Iniquitatem
681 5854 969 5912 meditatus
995 5862 1067 5912 est
1089 5854 1141 5910 in
1187 5853 1342 5911 cubili
1384 5869 1497 5911 suo.
1530 5852 1588 5912 In
1632 5853 1815 5912 cordis

1911 4740 2078 4800 tuam,
2111 4730 2265 4786 Deus.
2312 4729 2396 4785 Ab
2443 4727 2604 4784 initio
2633 4725 2853 4798 quidem
2901 4726 3108 4798 proﬂua
3155 4727 3257 4783 fuit
3296 4727 3510 4783 miseri-

1912 4823 2102 4882 cordia
2131 4832 2218 4880 tua
2238 4838 2254 4887 ;
2279 4820 2375 4879 sed
2401 4829 2530 4879 tunc
2543 4819 2900 4893 multiplicata
2931 4828 3036 4890 est,
3057 4836 3180 4878 cum
3201 4837 3300 4879 nos
3317 4836 3514 4880 cruore

1911 4919 2135 4993 proprio
2158 4915 2460 4974 redemisti.

1985 5010 2115 5066 Filii
2155 5019 2325 5065 autem
2371 5008 2640 5064 hominum
2679 5010 2734 5065 in
2784 5009 3006 5082 tegmine
3051 5009 3257 5065 alarum
3304 5017 3513 5063 tuarum

1909 5105 2211 5178 sperabunt.
2246 5103 2362 5159 Non
2392 5103 2681 5174 progenies
2711 5103 3045 5176 viperarum,
3077 5102 3176 5160 sed
3207 5102 3286 5158 illi
3317 5101 3409 5174 qui
3438 5100 3509 5158 ad

1911 5202 2202 5274 imaginem
2229 5199 2325 5257 Dei
2353 5207 2541 5257 mente
2568 5198 2798 5271 perfecti
2826 5210 2976 5265 sunt,
3005 5206 3227 5271 sperant
3254 5197 3357 5254 sub
3387 5212 3516 5254 cru-

1911 5295 1990 5353 cis
2039 5305 2143 5351 tuae
2185 5294 2508 5352 defensione
2537 5292 2761 5351 muniri.
2802 5293 2922 5364 Vel,
2955 5291 3089 5350 Filii
3115 5294 3411 5364 hominum,
3459 5293 3512 5351 id

1913 5397 2017 5456 est,
2049 5387 2148 5444 lilii
2177 5387 2414 5444 Christi:
2444 5386 2570 5460 quia
2618 5387 2738 5458 ipse
2790 5386 3031 5444 hominis
3083 5386 3256 5444 Filius
3303 5396 3407 5456 est,
3461 5395 3519 5444 et

1914 5482 2091 5540 sancti
2122 5482 2220 5539 lilii
2248 5481 2554 5538 hominum.
2580 5479 2640 5537 In
2661 5481 3004 5554 protectione
3032 5481 3242 5538 alarum
3273 5490 3515 5551 tuarum,

1913 5578 2022 5646 vel,
2053 5579 2106 5632 in
2130 5578 2370 5651 tegmine.
2393 5575 2525 5634 Dus:
2550 5576 2674 5645 alae,
2702 5575 2812 5632 duo
2832 5575 3204 5644 Testamenta,
3237 5576 3364 5648 quia
3388 5575 3515 5634 inde

1916 5679 2175 5744 teguntur
2201 5669 2373 5727 sancti
2402 5685 2434 5726 a
2461 5668 2704 5726 Christo.
2743 5667 2813 5724 Et
2855 5669 3269 5726 inebriabuntur.
3302 5670 3358 5727 Id
3407 5681 3509 5740 est,

1807 5790 1818 5800 -
1920 5763 2024 5835 ipsi
2055 5763 2147 5818 lilii
2179 5778 2192 5817 :
2225 5761 2617 5817 inebriabuntur
2662 5760 2883 5833 quidem
2939 5761 3010 5817 ab
3058 5761 3289 5818 ubertate
3332 5763 3514 5818 domus

1921 5866 2041 5928 ιιιιε,
2097 5872 2127 5912 a
2186 5854 2510 5930 pinguedine
2559 5856 2748 5929 gratia:
2802 5855 3041 5929 Spiritus
3085 5856 3281 5916 sancti.
3316 5855 3515 5918 Domus
