3944 6334
269 264 359 333 9&3

1132 265 1564 334 BBEVIARIUM
1607 269 1673 328 lN
1712 263 2053 328 PSALMOS.
2093 269 2341 334 PSALH.
2387 272 2628 336 XXXVI.

3428 273 3533 340 934

267 400 407 449 erunt
431 389 571 444 clara
603 389 780 444 omnia
823 405 946 460 quze
975 405 1120 446 nunc
1145 392 1466 448 abscondita
1511 402 1658 448 sunt.
1704 393 1826 461 Vel,
1861 392 1915 453 A
1945 400 2078 448 tunc
2105 392 2303 448 animae
2330 395 2550 463 sanguis
2582 394 2823 450 insiditur
2853 436 2865 459 ,
2925 410 3048 450 cum
3073 394 3197 468 quis
3227 397 3422 455 blande
3447 414 3534 454 se-

266 487 360 541 noli
381 484 615 540 mutari
637 485 685 536 in
713 499 794 548 eo,
823 483 914 553 qui
948 499 1209 556 prospere
1229 484 1341 556 agit
1369 485 1424 541 in
1451 487 1536 540 via
1559 501 1677 542 sua.
1709 486 1826 542 Non

266 593 312 636 te
334 590 516 635 terreat
549 577 694 648 impii
712 577 949 634 felicitas
969 579 1167 634 brevis.
1192 580 1427 648 Quiesce
1446 581 1513 635 ab
1539 583 1638 648 ira,
1661 591 1715 638 et
1735 581 1828 636 de-

266 673 490 740 relinque
511 672 770 727 furorem.
807 671 930 727 Noli
962 671 1209 727 mrunlari
1240 682 1297 727 ιιι
1323 673 1658 728 malel'acias.
1719 673 1825 727 Dc-

263 785 384 839 ponc
409 769 561 832 iram,
617 783 685 823 ne
709 766 896 838 iniqua
944 767 1186 837 patiens,
1217 767 1391 824 vicem
1417 767 1650 824 reddere
1675 783 1829 824 com-

260 859 476 933 pellaris.

321 954 411 1019 Qui
426 961 756 1023 prosperatur
777 952 832 1006 in
862 952 945 1006 via
963 969 1081 1006 sua.
1107 951 1212 1020 Qui
1243 952 1473 1010 feliciter
1495 953 1604 1023 agit
1635 953 1687 1007 in
1721 952 1825 1008 hoc

259 1049 458 1106 seculo.
491 1045 557 1102 In
583 1047 785 1102 nomine
811 1048 1034 1116 faciente
1053 1049 1387 1120 injustitiam.
1423 1046 1542 1117 Ipse
1587 1048 1734 1102 enim
1763 1062 1824 1104 se

257 1142 507 1214 peccando
539 1142 864 1212 praecipitat,
888 1159 956 1199 ne
986 1159 1108 1198 cum
1143 1143 1239 1198 illo
1263 1158 1391 1202 esse
1423 1142 1710 1202 desideres
1729 1141 1822 1216 qui

256 1237 569 1305 iniquitatem
602 1234 746 1289 facit.

315 1330 490 1387 Desine
526 1331 590 1384 ab
639 1332 743 1386 ira.
778 1330 911 1399 Quae
938 1331 1034 1388 Dei
1085 1331 1353 1400 justitiam
1408 1346 1514 1386 non
1562 1339 1823 1400 operatur

249 1425 436 1497 (Iacob.
462 1426 524 1496 ι).
572 1424 884 1495 Derelinque
913 1429 1158 1496 furorem.
1187 1425 1295 1495 Qui
1327 1425 1634 1483 semiudum
1661 1425 1816 1482 Salo-

249 1534 442 1575 monetn
465 1519 628 1574 etiam
649 1519 927 1590 sapientes
953 1519 1126 1589 perdit
1147 1519 1332 1590 (Prov.
1355 1519 1490 1589 six).
1508 1518 1603 1574 Vel
1619 1520 1814 1585 desine,

251 1627 383 1667 cessa
405 1611 470 1664 ab
502 1615 578 1664 ira
602 1610 791 1676 animi,
823 1623 878 1667 et
904 1610 1088 1666 furore
1118 1611 1388 1680 curporis.
1425 1609 1558 1665 Noli
1577 1611 1817 1666 maculari

249 1714 295 1760 ut
311 1703 619 1775 maligneris.
645 1703 721 1758 Ne
746 1704 882 1759 alios
905 1705 1258 1774 provocando
1274 1702 1342 1759 ad
1367 1702 1816 1774 nequitiamﬁpc

247 1812 455 1868 nequam
493 1795 772 1852 elﬁciaris.

306 1892 546 1958 Quoniam
559 1892 651 1963 qui
660 1891 1012 1963 malignautur
1032 1892 1526 1948 ea‘terminabttntttr.
1543 1891 1676 1959 Quia
1705 1907 1812 1946 non

245 1985 424 2040 habent
469 1984 705 2040 radicem
743 1985 978 2056 pietatis.
1035 1985 1131 2042 Vel
1177 1984 1690 2041 extcrminabnntur
1741 1985 1814 2040 de

247 2088 369 2132 terra
395 2078 716 2132 viventium.
770 2077 1102 2132 Sustinentes
1151 2089 1328 2132 autem
1355 2077 1657 2143 Dominum,
1711 2078 1814 2148 ipsi

240 2167 607 2223 Ιιαττειιὶιαῡυηι
645 2179 861 2224 terram.
894 2168 950 2224 id
975 2177 1082 2237 est,
1120 2179 1316 2225 terram
1346 2168 1810 2240 repromissionis,

237 2276 343 2332 quae
363 2260 471 2315 ﬂuit
503 2262 614 2316 mel
645 2270 701 2317 et
733 2262 834 2316 lac.

301 2355 474 2409 Adhuc
501 2355 792 2426 pusillum,
833 2364 1006 2409 etnon
1037 2355 1133 2408 erit
1162 2365 1418 2422 peccator.
1461 2353 1667 2410 Modice
1714 2369 1812 2408 ex—

238 2454 424 2516 specta,
456 2456 508 2501 et
541 2460 651 2500 noo
680 2448 781 2500 erit
818 2457 1093 2515 peccator,
1121 2447 1212 2515 qui
1238 2446 1462 2502 tolletur
1493 2446 1619 2500 hinc
1645 2464 1659 2498 :
1684 2445 1811 2515 quia

238 2537 397 2592 divina
420 2539 763 2607 opprimetur
784 2538 1017 2593 ultione.
1071 2537 1136 2591 Et
1174 2554 1374 2609 quaeres
1393 2539 1567 2592 locum
1601 2541 1736 2608 ejus,
1765 2546 1812 2591 et

240 2645 326 2681 non
349 2629 586 2684 invenies.
621 2629 675 2684 ln
707 2629 947 2684 futurum
968 2645 1072 2684 non
1092 2632 1224 2684 crit:
1257 2646 1432 2700 neque
1456 2631 1632 2684 locum
1659 2631 1813 2700 quie-

237 2721 296 2776 tis
322 2723 559 2793 accipiel,
595 2733 643 2776 et
672 2739 870 2794 quiet-cs
893 2722 1067 2776 locum
1105 2724 1240 2793 ejus,
1269 2732 1316 2776 et
1342 2738 1443 2776 non
1467 2722 1711 2776 invenies.
1753 2722 1810 2778 Si

236 2815 367 2870 locus
392 2816 599 2872 diaboli
649 2827 934 2887 peceatum
979 2828 1061 2872 est
1092 2858 1109 2882 ,
1159 2817 1266 2872 erit
1319 2824 1533 2889 tempus
1589 2819 1811 2888 quando

236 2922 491 2982 peccatum
517 2927 634 2967 non
663 2913 789 2966 erit.
821 2913 933 2966 lloc
954 2922 1136 2966 autem
1172 2920 1300 2967 tunc
1327 2913 1452 2978 erit,
1486 2927 1606 2967 cum
1631 2913 1812 2968 exsul-

235 3007 506 3062 taverimus
535 3010 596 3062 itt
618 3006 974 3062 multitudine
997 3005 1165 3077 pacis.

295 3099 542 3154 Mansueti
578 3108 750 3154 autem
776 3099 1151 3155 hcereditabunt
1179 3108 1388 3155 terram.
1447 3100 1596 3166 Quos
1625 3100 1811 3156 nullus

1841 1793 1892 1852 B

1933 483 2176 552 ducitur,
2207 497 2260 541 et
2291 487 2436 542 cadit
2467 488 2523 542 in
2548 496 2849 556 peccatum.
2885 488 2989 543 Sed
3008 489 3120 546 haec
3145 492 3211 545 ad
3243 491 3533 548 ltzeroticos

1933 579 2221 634 referenda
2253 586 2412 647 sunt,
2453 592 2644 634 contra
2674 597 2810 648 quos
2837 579 3105 638 debemus
3151 586 3322 642 t‘ortes
3346 595 3528 644 stare:

1933 679 1994 725 ιιι
2025 671 2104 727 eis
2135 673 2284 742 quod
2315 672 2577 743 propheta
2610 672 2828 743 adjecit,
2859 674 3132 730 adveniat.

2007 762 2231 820 Gladius
2258 780 2439 820 eorum
2469 766 2623 820 intret
2644 767 2698 819 in
2721 767 2882 820 corda
2903 767 3157 836 ipsorum,
3189 778 3298 824 elc.
3355 768 3532 826 Unus-

1927 855 2168 926 quisque
2195 858 2343 912 enim
2374 858 2468 928 qui
2498 865 2694 914 contra
2721 858 2890 914 Deum
2924 859 3202 929 loquitur:
3253 871 3344 916 aut
3375 862 3529 931 cujus

1933 963 2090 1003 meus
2127 951 2178 1003 in
2211 949 2376 1003 stulta
2418 951 2746 1019 arrogantiae
2776 951 3018 1006 vanitate
3046 951 3333 1021 superﬂuit
3362 970 3374 1006 ε
3433 969 3534 1009 nec

1931 1040 2233 1109 Scripturis
2263 1041 2620 1111 spititualiter
2647 1043 2969 1106 intendens,
3006 1043 3204 1100 vitiosa
3231 1061 3328 1100 eas
3359 1046 3531 1101 inter-

1928 1135 2238 1206 pretatione
2266 1136 2610 1208 corrumpit:
2645 1137 2760 1208 ipse
2793 1153 2852 1193 se
2882 1139 3109 1208 pl'Oprio
3138 1140 3400 1198 interimit
3424 1156 3527 1210 pll-

1925 1231 2114 1298 gione.
2148 1230 2213 1283 Et
2242 1228 2382 1283 sicut
2414 1228 2480 1285 ad
2509 1230 2790 1301 apostolos
2822 1245 2927 1301 pax
2960 1246 3150 1288 eorum
3175 1277 3190 1301 ,
3224 1233 3268 1288 si
3301 1232 3516 1303 indigna

1925 1321 1997 1375 sit
2023 1320 2239 1386 domus,
2271 1321 2566 1378 revertitur
2591 1322 2774 1394 (Matt.
2802 1323 2858 1395 ι)
2883 1340 2899 1378 ;
2936 1326 3004 1377 ita
3033 1335 3086 1379 et
3117 1325 3170 1381 in
3201 1324 3364 1381 corda
3393 1327 3529 1383 istu-

1927 1430 2046 1469 rum
2077 1414 2310 1486 gladius.
2362 1416 2410 1471 si
2441 1425 2634 1471 contra
2669 1414 2941 1472 insontem
2970 1415 3312 1487 et'aginetur,
3348 1418 3523 1488 inligi-

1926 1515 2031 1564 tur.
2063 1506 2185 1570 Vel,
2214 1508 2421 1579 gladius
2435 1525 2617 1562 eorum
2655 1509 2808 1563 intret
2833 1509 2887 1562 in
2915 1510 3072 1564 corda
3103 1511 3372 1580 ipsorum;
3419 1510 3522 1566 hoc

1926 1610 2009 1655 est
2037 1641 2052 1666 ,
2092 1599 2330 1654 vindicta
2370 1600 2419 1653 in
2470 1601 2681 1655 animas
2730 1601 2994 1670 ipsorum.
3026 1601 3094 1656 Et
3123 1618 3284 1660 arcus
3325 1619 3520 1660 eorum

1923 1693 2321 1764 confringatur,
2357 1694 2629 1749 tetulicula
2660 1695 2924 1764 ipsorum.

1993 1785 2186 1840 Melius
2208 1798 2280 1841 est
2311 1787 2568 1840 modicum
2597 1791 2744 1859 justo
2771 1806 2925 1861 super
2952 1791 3154 1847 divitias
3181 1801 3508 1859 peccatorum

1918 1877 2128 1933 multas.
2163 1880 2507 1936 Metuitenim
2539 1880 2668 1935 illud
2699 1882 2843 1952 quod
2869 1882 3132 1938 Dominus
3158 1885 3233 1938 ait
3255 1884 3310 1939 in
3337 1885 3512 1940 Evan-

1921 1973 2066 2043 gelio
2100 1989 2114 2028 :
2148 1973 2286 2043 Quid
2317 1974 2541 2044 prodest
2565 1972 2800 2040 homini,
2834 1975 2880 2030 si
2908 1976 3165 2030 mundum
3197 1976 3512 2034 universtun

1918 2063 2190 2121 lucretur:
2241 2064 2437 2120 animae
2467 2077 2646 2119 autem
2701 2083 2812 2120 sua:
2841 2067 3230 2124 detrimentum
3278 2070 3516 2140 patiatur

1919 2157 2120 2229 (Matt.
2150 2173 2236 2214 xvr
2267 2158 2326 2230 )?
2378 2156 2645 2212 Modicum
2671 2169 2848 2214 autem
2882 2162 3024 2230 quod
3059 2162 3214 2223 dixit.
3249 2161 3382 2218 lides
3411 2172 3515 2221 est.

1921 2250 2052 2318 Qute
2074 2265 2398 2322 quamquam
2427 2251 2818 2321 granosinapis
2845 2263 3226 2322 comparetur,
3265 2269 3512 2326 magnam

1918 2353 2098 2398 tamen
2120 2344 2283 2399 habet
2304 2345 2580 2398 Virtutem.
2600 2342 2790 2397 Melius
2804 2353 2874 2398 est
2895 2347 3151 2398 modicum
3165 2350 3336 2419 justo,
3361 2365 3517 2419 super

1918 2435 2121 2488 divitias
2135 2446 2454 2507 peccatorum
2471 2436 2676 2489 multas.
2695 2435 2951 2504 Quamvis
2963 2453 3126 2506 parva
3146 2439 3272 2503 sint,
3290 2439 3515 2495 tncliora

1917 2538 2083 2586 sunt:
2142 2530 2266 2600 quia
2296 2529 2434 2585 dixit
2467 2529 2724 2585 Salomon
2761 2546 2775 2584 :
2811 2530 3002 2585 Melior
3049 2543 3129 2587 est
3163 2533 3355 2604 exigua
3391 2551 3514 2602 por-

1919 2625 1992 2678 tio
2021 2638 2142 2680 cum
2179 2623 2394 2694 requie,
2445 2639 2606 2694 quam
2637 2624 2794 2693 plena
2835 2640 3028 2678 inuitus
3057 2641 3178 2680 cum
3231 2627 3516 2700 iniquitate

1919 2717 2143 2788 (Eccles.
2177 2719 2278 2789 tv).

1990 2811 2246 2875 Quoniam
2291 2810 2502 2865 brachia
2525 2822 2849 2883 peccatorum
2877 2823 3233 2870 conterentur:
3265 2813 3513 2882 Brachia,

1917 2901 1967 2958 id
1981 2903 2367 2971 est,lortitudo
2398 2905 2612 2959 illorum
2642 2907 3026 2962 contereturin
3052 2907 3307 2977 vindicta,
3333 2924 3403 2964 ne
3430 2910 3514 2962 in-

1917 2998 2238 3054 nocentibus
2269 3010 2522 3056 noceant.
2551 2999 2834 3072 Conﬁrmat
2863 3004 3214 3074 autcmjustos
3237 3003 3512 3058 Dominus.

1917 3091 1973 3147 ln
1999 3091 2104 3150 lide
2132 3095 2572 3150 conversantium
2606 3095 2817 3151 inﬁrma
2848 3097 3189 3152 corroborat.

235 3193 378 3247 turbo
399 3193 608 3249 luroris
639 3195 874 3266 exagitat
905 3210 919 3250 :
973 3209 1151 3264 neque
1174 3193 1638 3264 concupiscentim
1668 3195 1807 3264 ignis
1833 3191 1880 3254 Ο
1989 3186 2149 3242 Novit
2177 3186 2432 3244 Dominus
2455 3190 2564 3244 vias
2582 3191 3051 3247 immaculatorum.
3083 3190 3137 3246 ld
3162 3199 3268 3258 est,
3293 3207 3521 3247 conver—

233 3288 535 3343 inllammat.
597 3288 1013 3344 l'ltereditabunt
1055 3297 1254 3344 terram
1283 3289 1428 3344 illaut
1468 3289 1807 3345 viventium:

232 3382 337 3451 quia
369 3381 526 3436 mites
563 3392 625 3437 et
651 3382 883 3436 humiles
907 3381 1268 3452 possidebunt
1297 3392 1494 3438 terram
1522 3400 1536 3437 :
1572 3385 1675 3438 hoc
1704 3392 1806 3447 est,

230 3474 376 3529 vitam
403 3486 691 3531 :eternam.
731 3474 793 3528 Et
819 3475 1206 3529 delectabantur
1233 3477 1286 3530 in
1299 3476 1626 3530 multitudine
1645 3477 1807 3548 pacis.

229 3563 618 3620 Delectabuntur
635 3583 653 3620 .'
669 3567 722 3621 ltl
749 3578 856 3633 est,
877 3567 1191 3622 lwtabuntur
1205 3569 1258 3621 in
1279 3567 1607 3624 multitudine
1626 3569 1770 3640 pacis
1790 3585 1810 3623 :

228 3657 390 3725 idest,
441 3659 494 3714 in
524 3658 790 3715 Christo:
841 3675 962 3714 cum
991 3660 1047 3714 in
1075 3675 1244 3734 regno
1279 3659 1478 3716 Christi
1531 3661 1808 3732 conjuncti

231 3749 434 3816 iuerint,
465 3752 556 3821 qui
587 3762 671 3808 est
701 3768 799 3820 pax
835 3762 1041 3808 nostra.

292 3843 591 3899 Observabit
615 3856 850 3914 peccator
866 3848 1090 3918 justum.
1121 3845 1189 3902 Ut
1223 3847 1441 3901 invento
1471 3847 1590 3903 loco
1615 3857 1812 3904 noceat

229 3936 308 3992 ei:
363 3940 486 4008 quia
517 3953 620 4007 per
646 3938 734 3993 illa
768 3953 932 4008 opera
966 3949 1282 3995 sanctorum
1343 3941 1442 4008 ipsi
1472 3942 1807 4009 cruciantur,

227 4039 275 4084 et
301 4039 632 4102 torquentur
654 4031 706 4085 in
732 4032 836 4086 ista
871 4032 1128 4101 praesenti
1156 4033 1260 4088 vita
1287 4051 1298 4086 :
1331 4033 1381 4088 id
1403 4043 1506 4102 est,
1542 4034 1594 4089 iu
1627 4043 1810 4091 mente

229 4123 358 4179 intus
387 4127 599 4180 malitia
630 4135 685 4181 et
742 4125 946 4180 invidia
968 4167 983 4192 ,
1035 4141 1196 4197 quam
1233 4127 1452 4182 habent.
1485 4127 1550 4182 Et
1578 4129 1811 4184 stridebit

225 4235 365 4290 super
395 4237 512 4275 eum
562 4220 801 4274 dentibus
825 4221 957 4274 suis.
994 4219 1256 4293 Nequitia:
1299 4232 1353 4276 et
1378 4223 1599 4278 malitia:
1629 4223 1810 4279 denti-

227 4309 547 4382 bus,qnibus
565 4328 686 4367 eum
718 4313 905 4368 nititur
918 4312 1216 4369 devorare.
1249 4314 1354 4371 Per
1379 4324 1587 4371 motum
1615 4331 1814 4388 corpo-

224 4401 310 4468 ris,
345 4416 400 4458 ttt
423 4406 690 4473 diximus,
725 4405 962 4461 ostendit
986 4416 1192 4461 motum
1221 4408 1444 4462 animae.

288 4495 544 4552 Dominus
581 4509 747 4553 autent
772 4499 1005 4554 irridebit
1043 4516 1194 4556 eum:
1241 4501 1367 4572 quia
1397 4503 1643 4575 prospicit
1671 4505 1811 4576 quod

1915 3281 2181 3336 sationem
2209 3281 2450 3338 illorum.
2481 3283 2645 3338 Novit
2670 3283 2935 3340 Dominus
2956 3285 3045 3357 qui
3075 3295 3203 3341 sunt
3231 3286 3382 3357 ejus:
3418 3287 3518 3343 im-

1917 3374 2150 3430 mundos
2197 3385 2378 3431 autem
2429 3385 2485 3431 et
2537 3392 2635 3433 eos
2665 3378 2756 3446 qui
2792 3395 2915 3432 eum
2975 3379 3267 3449 ignorant,
3318 3381 3517 3437 nescit.

1912 3467 2101 3522 Omnis
2121 3469 2266 3524 enim
2287 3468 2544 3540 ignorans
2565 3471 2924 3541 ignorabitur.
2951 3468 3018 3525 Et
3044 3471 3317 3528 Iucreditas
3343 3487 3521 3528 eorum

1913 3561 1966 3615 in
2007 3572 2254 3616 wternum
2295 3562 2410 3616 erit.
2469 3563 2524 3617 lu
2563 3562 2822 3630 Christo,
2880 3565 2967 3636 qui
3007 3577 3092 3622 est
3138 3576 3432 3638 perpetuus
3470 3574 3526 3624 et

1913 3665 2172 3712 aeternus.
2233 3655 2328 3712 Vel
2372 3656 2424 3711 in
2459 3665 2722 3714 :eternum
2771 3660 2909 3714 erit:
2969 3659 3073 3715 hoc
3128 3670 3243 3727 cst,
3305 3662 3358 3716 in
3416 3665 3526 3716 vita

1912 3756 2116 3803 mterna
2128 3785 2143 3801 ο

1987 3839 2108 3895 Non
2141 3842 2522 3911 confundentur
2575 3843 2628 3896 in
2673 3851 2900 3914 tempore
2925 3843 3083 3898 malo.
3118 3854 3224 3899 etc.
3283 3844 3521 3916 Tempus

1914 3932 2155 4002 malum,
2203 3933 2405 4003 judicii
2434 3946 2648 4006 tempus
2677 3936 2914 3990 ostendit
2941 3955 2953 3990 :
3015 3937 3068 3990 in
3099 3952 3206 4007 quo
3239 3952 3358 3991 cum
3382 3936 3516 4006 justi

1917 4039 2023 4080 non
2053 4025 2326 4096 patiantur
2358 4026 2579 4094 famem,
2612 4027 2682 4084 de
2727 4029 3104 4098 peccatoribus
3134 4029 3332 4084 dicitur
3358 4049 3371 4084 :
3427 4029 3520 4085 Va:

1912 4120 2066 4176 vobis
2087 4121 2177 4190 qui
2208 4121 2432 4176 saturati
2455 4123 2612 4191 estis,
2641 4126 2894 4194 quoniam
2929 4124 3184 4180 csurietis
3219 4121 3370 4195 (Luc.
3406 4128 3506 4196 v1),

1917 4212 2040 4268 Non
2081 4199 2461 4286 confundantur
2494 4216 2546 4270 in
2574 4226 2798 4289 tempore
2838 4217 2997 4272 mulo.
3043 4216 3099 4272 In
3133 4226 3379 4286 tempore
3409 4218 3521 4274 dis-

1916 4308 2211 4376 cussionis,
2242 4313 2384 4380 quod
2419 4311 2600 4382 impiis
2631 4312 2832 4366 malum
2865 4311 2994 4367 erit.
3053 4311 3118 4366 Et
3146 4313 3198 4366 in
3228 4312 3406 4368 diebus
3437 4315 3518 4385 fa—

1915 4407 2011 4458 mis
2037 4405 2412 4461 saturabuntur
2434 4451 2450 4474 ,
2498 4416 2552 4463 et
2606 4408 2650 4462 si
2690 4409 2942 4464 desinant
2968 4423 3089 4465 esse
3117 4408 3518 4466 ministratores

1917 4501 2065 4557 verbi
2101 4502 2214 4568 Dei,
2246 4511 2300 4559 et
2329 4502 2384 4557 bi
2417 4503 2468 4558 in
2502 4502 2739 4569 Christo,
2765 4503 2854 4574 qui
2888 4503 3042 4574 panis
3069 4513 3155 4558 est
3179 4503 3358 4572 vivus,
3384 4504 3513 4559 rell-

225 4592 410 4646 rcnient
461 4594 574 4648 dies
621 4597 754 4666 ejus.
804 4593 929 4648 Dies
987 4593 1209 4649 ultionis
1259 4595 1352 4649 ira:
1385 4596 1506 4652 Dei.
1536 4580 1890 4669 Numquid-1‘
1917 4596 2150 4650 cientur.
2186 4595 2302 4664 Vel,
2335 4596 2387 4650 in
2415 4596 2591 4650 diebus
2623 4597 2778 4668 famis
2823 4596 3234 4651 saturabuntur:
3276 4596 3379 4652 hoc
3406 4606 3513 4666 est,

227 4683 477 4742 Dominus
507 4687 747 4758 aliquem
780 4687 973 4742 irridet
998 4688 1021 4741 ?
1067 4687 1208 4749 Non,
1241 4688 1334 4744 sed
1359 4689 1482 4760 quia
1508 4691 1654 4761 digni
1682 4700 1812 4747 sunt

221 4777 393 4847 ipsiut
418 4779 756 4835 irrideantur
777 4780 831 4835 in
848 4779 1105 4835 vindiCta.
1133 4780 1390 4846 Quoniam
1412 4781 1658 4854 prospicit
1673 4784 1812 4854 quod

221 4873 416 4926 veniant
441 4874 554 4927 dies
581 4876 731 4946 ejus:
781 4873 885 4928 hoc
905 4882 1008 4940 est,
1045 4873 1305 4928 Dominus
1338 4875 1443 4929 scit
1481 4875 1698 4946 quando
1723 4890 1813 4932 ve-

218 4963 324 5020 niet
347 4965 580 5036 perditio
611 4965 750 5037 ejus.

284 5057 536 5112 Gladium
555 5061 951 5132 evaginaoerunt
974 5068 1284 5130 peccatores,
1301 5069 1408 5114 etc.
1425 5058 1671 5127 Gladius,
1698 5059 1813 5118 sive

219 5152 428 5222 sagitta:
458 5164 804 5221 peccatorum
837 5197 852 5222 ,
902 5155 1070 5208 verba
1094 5153 1430 5208 scductionis
1459 5163 1604 5208 sunt.
1638 5154 1813 5210 Arcus

221 5259 345 5302 vero
375 5246 462 5302 vel
495 5248 687 5318 vagina
712 5291 726 5315 ,
776 5261 931 5301 mens
955 5255 1042 5302 cst
1078 5262 1266 5301 carum
1291 5246 1365 5302 .dc
1395 5247 1592 5317 quibus
1625 5247 1810 5318 prole-

220 5349 428 5396 runtur.
461 5339 583 5406 Vel,
614 5341 845 5412 gladium
877 5341 1595 5412 evaginaveruntpeccatores,
1631 5342 1680 5396 id
1704 5351 1809 5410 est,

220 5432 452 5502 gladium
489 5445 900 5504 persecutorutn
932 5435 986 5488 in
1019 5432 1418 5503 persecutione.
1463 5430 1811 5488 Inlcndcrunt

221 5541 432 5580 arcum:
482 5525 537 5580 id
566 5535 669 5591 est,
717 5525 994 5581 tendicula
1054 5527 1293 5596 ipsorum
1349 5535 1540 5580 contra
1570 5536 1816 5581 sanctos.

224 5618 288 5674 Ut
314 5622 572 5694 decipiant
594 5636 888 5693 pauperem,
912 5629 957 5674 et
985 5620 1206 5689 inapem.
1238 5617 1586 5674 Nondivitem
1611 5618 1818 5686 mundi,

222 5713 314 5769 sed
349 5729 644 5783 pauperem
673 5712 896 5768 Clu-isti.
940 5711 1007 5767 Ut
1033 5711 1290 5766 trucidcnt
1330 5720 1492 5766 rectos
1533 5711 1705 5768 corde.
1753 5711 1823 5768 Ut

225 5817 322 5860 eos
351 5805 444 5876 qui
479 5804 620 5861 bene
649 5805 906 5871 credunt,
957 5804 1269 5862 seducendo
1310 5805 1644 5862 interimant.
1685 5805 1821 5874 Quia

1916 4688 2134 4758 quando
2167 4688 2245 4744 illi
2274 4700 2588 4760 peccatores
2615 4700 2773 4747 erunt
2801 4691 2981 4757 vacui,
3012 4701 3136 4748 tunc
3159 4692 3331 4748 sancti
3357 4701 3509 4749 satu-

1917 4781 2182 4837 rabnutur
2228 4781 2297 4838 de
2346 4783 2522 4853 gratia
2555 4784 2673 4840 Dei.
2737 4784 2873 4853 Quia
2921 4795 3211 4856 peccatores
3255 4785 3514 4857 peribunt.

1916 4874 2051 4940 Quia
2083 4889 2190 4930 non
2222 4874 2538 4931 custodiunt
2579 4876 2832 4933 mandata
2864 4878 2991 4946 Dei,
3049 4878 3092 4936 si
3126 4895 3231 4936 non
3264 4878 3514 4938 emenda-

1917 4966 2114 5023 verint.

1989 5057 2200 5113 Inimici
2226 5076 2342 5115 vero
2373 5057 2587 5115 Domini
2608 5079 2726 5118 mox
2757 5073 2809 5116 ut
2833 5062 3163 5133 Itonoriﬁcati
3195 5062 3409 5134 fuerint.
3453 5063 3511 5119 In

1915 5163 2187 5226 potestate
2217 5164 2458 5210 terrena.
2495 5155 2560 5210 Et
2594 5158 2830 5212 eraltati.
2859 5158 2926 5214 'In
2962 5174 3100 5214 vana
3138 5157 3332 5229 gloria.
3375 5157 3516 5229 Deﬁ-

1916 5249 2099 5304 cientes
2117 5249 2554 5320 queritadntodttm
2573 5251 2748 5321 fumus
2769 5251 3022 5322 deﬁcient.
3050 5252 3130 5308 Ad
3141 5253 3390 5311 veniente
3413 5269 3511 5312 an-

1919 5351 2025 5398 tem
2058 5354 2255 5409 morte,
2288 5345 2463 5399 onmis
2493 5346 2670 5416 gloria
2692 5362 2882 5402 eorum
2919 5359 3192 5419 tamquam
3215 5348 3396 5408 fumus
3419 5361 3520 5410 aut

1925 5434 2120 5490 nebula
2154 5435 2394 5492 tabescet
2421 5453 2435 5502 ;
2477 5437 2600 5509 quia
2625 5439 2736 5495 cito
2763 5441 2945 5494 omnia
2975 5450 3280 5498 transeunt.

1999 5526 2285 5583 Mutabitur
2314 5538 2569 5599 peccator,
2603 5540 2657 5586 et
2688 5549 2790 5586 non
2805 5532 3076 5588 retribuet.
3106 5534 3240 5600 Quia
3281 5551 3388 5592 non
3413 5553 3516 5592 tre-

1926 5622 2116 5676 stituet
2143 5625 2430 5690 pecuniam
2456 5624 2669 5679 Domini
2702 5641 2825 5681 cum
2861 5628 3062 5682 usuris.
3095 5628 3337 5686 Motuum
3362 5645 3521 5686 acces

1930 5714 2003 5784 pit
2037 5730 2067 5768 ιι
2090 5715 2322 5772 Domino
2349 5734 2359 5770 :
2401 5717 2453 5772 id
2477 5725 2578 5784 est,
2611 5719 2855 5790 quinque
2881 5736 3074 5778 sensus
3103 5721 3384 5794 corporis,
3441 5724 3526 5780 vel

1929 5807 2167 5876 divitias,
2195 5817 2253 5865 et
2281 5823 2389 5866 nou
2415 5810 2620 5879 gratias
2646 5811 2764 5884 agit
2789 5811 2920 5870 Deo.
2955 5812 3142 5870 Justus
3171 5817 3530 5891 autemmisc-
