3944 6334
467 268 578 342 '93:;
1258 283 1607 344 APPENDIX
1647 284 1740 342 AD
1779 282 2021 343 Τοιιυιι
2064 283 2424 345 SEPTIMUM
2466 287 2521 342 s.
2567 281 2975 343 Ineuonvui.

3650 287 3737 348 936

472 409 622 454 ratur
641 407 687 454 et
703 399 1016 455 commodat.
1039 398 1096 456 ld
1119 401 1365 468 est,etin
1393 416 1452 458 se
1471 399 2068 469 facitmisericordiam,
2100 406 2152 466 Α
2181 401 2237 456 In
2269 401 2535 469 Ecclesia,
2566 401 2620 458 in
2651 403 2860 458 unitate
2889 400 3032 470 fidei,
3061 407 3183 456 esto
3211 413 3334 456 cum
3367 413 3434 457 eo
3455 411 3735 473 perpetuus.

468 503 524 548 et
557 492 609 546 in
638 492 801 550 aliis:
853 494 955 550 lioc
985 503 1090 561 est,
1125 493 1390 551 discernit
1415 496 1566 566 ipsos
1613 497 1850 566 quinque
1877 510 2070 551 sensus

466 587 742 658 corporis.
775 587 895 654 Vel,
913 591 1095 660 justus
1118 589 1389 644 miseretur
1419 599 1466 644 et
1498 591 1809 645 commodat.
1847 591 2072 662 Accepit

467 680 719 747 verbum,
752 691 808 738 et
833 682 1215 754 spiritualibus
1238 684 1540 756 spiritualia
1565 685 1940 742 subministrat
1965 704 1978 739 ε
2013 696 2072 742 ιιι

466 787 576 829 ιιοιι
617 775 790 830 solum
836 789 898 832 se
929 817 945 844 ,
998 776 1096 833 sed
1127 778 1270 833 alios
1301 777 1624 834 lucrifaciat.
1683 779 1738 834 lu
1791 779 1893 836 hoc
1937 795 2070 835 vero

466 865 776 936 versiculo,
827 868 990 925 etiam
1040 870 1322 927 miseratio
1364 885 1660 946 pauperum
1715 871 2067 944 intelligenda

465 967 570 1015 est.

536 1054 672 1121 Quia
709 1055 1071 1114 benedicentes
1111 1057 1155 1112 ei
1193 1057 1578 1115 Itwreditabunt
1611 1069 1822 1115 terram.
1873 1059 1931 1114 In
1962 1074 2068 1130 qua

462 1137 604 1204 bona
645 1147 742 1204 Dei
775 1149 1012 1221 reposita
1041 1159 1186 1206 sunt.
1225 1152 1328 1221 Qui
1367 1167 1586 1225 semper
1617 1152 1791 1209 Deum
1821 1151 2065 1220 laudant,

463 1251 518 1298 et
545 1241 648 1313 ipsi
674 1243 1033 1312 possidebunt
1062 1255 1264 1302 terram
1300 1266 1314 1301 :
1345 1245 1401 1302 id
1433 1257 1546 1316 est,
1573 1258 1628 1302 et
1673 1247 1831 1302 istam
1865 1254 2065 1301 terram

465 1336 647 1393 solent
675 1337 956 1408 possidere
979 1380 994 1406 ,
1025 1349 1082 1397 et
1109 1352 1296 1412 postea
1331 1351 1536 1397 terram
1563 1342 1861 1398 viventium
1893 1343 2068 1412 possi-

461 1429 686 1487 debunt.
722 1430 1098 1490 Maledicentes
1139 1444 1314 1491 autem
1355 1439 1401 1491 ei
1448 1436 1792 1508 disperibunt.
1833 1434 2067 1491 Promit-

459 1533 610 1582 tente
632 1527 863 1584 Domino
889 1546 901 1584 :
927 1527 1187 1586 Inimicus
1215 1545 1314 1587 ero
1337 1530 1572 1587 inimicis
1595 1531 1723 1600 tuis,
1755 1541 1808 1588 et
1831 1530 2063 1602 afﬂigam

459 1620 765 1694 afﬂigentes
800 1631 852 1680 te
880 1623 1082 1696 (Exod.
1113 1625 1289 1696 uiti).

530 1715 686 1786 Apud
715 1715 1002 1772 Dominum
1029 1733 1236 1790 gressus
1266 1717 1492 1774 hominis
1519 1717 1828 1790 dirigentur.
1856 1718 2064 1787 Quibus

2252 496 2390 561 Quia
2423 493 2680 550 Dominus
2717 507 2858 551 amat
2885 496 3172 563 judicium.
3217 494 3443 550 Rectum
3482 494 3736 568 judicium,

2176 603 2286 660 quo
2315 589 2494 660 justos
2521 588 2824 660 impiosque
2850 589 3131 645 discernit.
3521 606 3527 613 ·

2247 679 2314 734 Et
2349 699 2452 736 non
2485 682 2806 752 derelinquet
2835 692 3038 737 sanctos
3068 697 3213 738 suos.
3238 681 3340 750 Qui
3368 682 3421 738 in
3447 697 3566 738 eum
3595 690 3736 739 totam

2173 790 2327 847 spem
2374 775 2710 832 locaverunt.
2757 774 2826 831 In
2862 786 3114 833 aeternum
3159 777 3606 832 conservabuntur.
3649 778 3740 834 "ut:

2172 879 2280 935 est,
2312 868 2362 923 in
2395 878 2739 940 perpetuum,
2769 870 2893 941 quia
2923 881 3129 927 aeterna
3152 871 3566 942 concupierunt.

2248 961 2444 1032 Injusti
2475 964 2774 1033 punientur.
2811 965 2866 1020 In
2905 965 3169 1021 vindicta.
3206 965 3270 1020 Et
3294 982 3466 1022 semen
3494 966 3741 1033 impiorum

2170 1057 2376 1130 peribit.
2405 1057 2593 1114 Semen
2615 1060 2891 1131 impiorum
2920 1077 2937 1114 ,ο
2961 1061 3066 1118 hoc
3087 1072 3190 1131 est,
3211 1077 3380 1134 opera
3408 1063 3613 1118 illorum
3634 1078 3737 1118 cum

2172 1150 2306 1222 ipsis
2336 1153 2630 1225 punientur
2660 1153 2716 1209 in
2758 1155 3069 1222 tormentis,
3114 1164 3171 1211 et
3203 1171 3365 1214 omne
3407 1171 3545 1228 opus
3577 1171 3738 1213 eorum

2170 1242 2540 1314 disperdetur,
2570 1245 2694 1316 quia
2725 1247 2968 1317 iniquum
2994 1255 3103 1304 est.

2239 1334 2272 1390 Ι
2282 1339 2384 1392 usti
2408 1348 2582 1394 autem
2607 1337 2912 1395 Itwreditate
2937 1340 3272 1411 possidebunt
3300 1351 3514 1396 terram.
3547 1342 3738 1399 Terram

2171 1431 2487 1487 viventium.
2518 1431 2589 1487 Et
2627 1433 2988 1489 inhabitabant
3020 1435 3075 1488 in
3115 1435 3364 1490 saeculum
3393 1435 3571 1492 scecnli
3613 1454 3740 1509 super

2169 1542 2302 1582 eam.
2342 1525 2517 1598 Super
2556 1527 2705 1583 illam
2739 1544 2864 1600 qua:
2895 1537 2980 1585 est
3013 1529 3135 1585 sine
3174 1529 3282 1586 line
3313 1548 3326 1584 :
3376 1528 3449 1587 de
3487 1546 3587 1602 qua
3632 1532 3741 1604 lugit

2169 1617 2328 1674 dolor
2355 1629 2409 1674 et
2440 1620 2693 1690 gemitus.

2245 1712 2316 1767 0s
2327 1713 2462 1782 justi
2492 1714 2827 1771 meditabitur
2853 1717 3188 1789 sapientiam.
3223 1717 3276 1773 ld
3307 1727 3415 1786 est,
3446 1718 3737 1775 Christum:

456 1807 524 1865 ad
547 1825 672 1865 eum
698 1811 934 1867 transire
959 1820 1212 1868 conatur.
1244 1811 1337 1868 Sic
1369 1823 1423 1867 et
1445 1811 1693 1868 Rebecca
1727 1811 1863 1868 abiit
1891 1813 2065 1868 inter-
2096 1813 2143 1874 Β
2173 1805 2315 1861 unde
2345 1806 2477 1862 dicit
2505 1824 2518 1861 :
2552 1807 2618 1864 Et
2649 1809 2702 1863 in
2737 1807 2856 1881 lege
2885 1810 3002 1881 ejus
3035 1809 3385 1867 meditabitur
3405 1811 3498 1868 die
3523 1828 3582 1868 ac
3608 1821 3742 1869 nocte

455 1919 654 1976 rogare
696 1921 802 1961 non
834 1903 905 1962 de
935 1905 1055 1962 loco
1098 1905 1166 1962 ad
1193 1907 1396 1973 locum,
1428 1905 1524 1962 sed
1561 1906 1629 1963 de
1655 1907 1765 1962 vita
1791 1905 1858 1962 ad
1890 1906 2057 1962 vitam

455 1995 614 2066 (Gen.
646 1997 820 2070 xxrv);
845 2007 897 2055 et
917 1998 1361 2071 Moyses,solutis
1379 1999 1609 2055 vinculis
1625 1998 1849 2069 pedum,
1880 2008 2060 2055 trans-

455 2089 554 2147 ivit
591 2091 781 2148 videre
808 2091 1004 2149 rubum
1038 2091 1236 2164 (Exod.
1266 2092 1370 2163 ιιι).
1410 2093 1478 2148 Et
1509 2103 1562 2148 tu
1594 2092 1639 2148 si
1667 2107 1912 2164 apponas
1941 2092 2064 2147 ani-

455 2199 607 2242 mum
649 2192 708 2241 ut
752 2192 999 2243 transeas
1050 2202 1080 2241 a
1132 2196 1309 2243 morte
1355 2187 1424 2242 ad
1466 2187 1658 2254 vitam,
1707 2202 1814 2243 non
1859 2187 2057 2258 pedum

453 2278 764 2350 gressibus,
795 2278 894 2336 sed
951 2279 1118 2336 animi
1148 2279 1378 2346 virtute,
1411 2279 1720 2351 diriguntur
1758 2296 1787 2334 a
1830 2280 2059 2336 Domino

455 2389 676 2448 gressus
721 2375 821 2431 tui.
867 2374 951 2432 Ad
984 2375 1279 2431 Dominum
1331 2390 1557 2447 gressus
1597 2375 1879 2432 hominum
1923 2375 2060 2432 diri-

453 2476 670 2538 gentur,
716 2481 913 2524 sensus
967 2467 1400 2539 uniuscujusque
1439 2484 1453 2522 :
1498 2479 1558 2523 ut
1619 2469 1696 2524 ait
1747 2468 2055 2524 Salomon:

452 2561 704 2616 llominis
724 2571 809 2618 est
839 2576 1150 2634 praeparare
1175 2561 1316 2617 viam
1344 2577 1522 2628 suam,
1555 2560 1650 2617 sed
1682 2561 1944 2617 Dominus
1971 2560 2058 2617 di-

450 2655 591 2728 riget
617 2671 840 2728 gressus
867 2672 998 2714 suos
1023 2655 1214 2729 (Prov.
1248 2656 1382 2726 xvn).
1417 2653 1484 2709 Et
1513 2657 1649 2710 viam
1677 2659 1787 2730 ejus
1810 2655 1962 2711 rotet.
1991 2654 2058 2712 Ut

453 2748 522 2804 ad
553 2765 613 2806 se
640 2749 843 2818 veniat,
869 2750 960 2822 qui
987 2759 1074 2809 est
1094 2750 1199 2819 via,
1231 2749 1435 2806 veritas
1457 2749 1657 2806 etvita.
1684 2749 1781 2807 Vel
1806 2749 2055 2806 mandata

457 2841 578 2914 ejus
603 2841 900 2900 desiderat.

525 2933 656 2991 Cum
684 2937 930 2992 ceciderit
960 2953 1062 2992 non
1112 2935 1414 2995 collidetur.
1448 2937 1663 3008 Quare?
1707 2937 1845 3004 Quia
1875 2936 2057 2993 Domi-

452 3043 549 3086 nus
569 3029 744 3100 ﬁrmat
789 3047 1003 3086 manum
1031 3033 1166 3105 ejus.
1191 3031 1250 3088 Id
1280 3041 1388 3102 est,
1420 3047 1590 3104 opera
1643 3032 1782 3104 ejus.
1815 3031 1943 3090 Cum
1968 3049 2053 3088 ce-

450 3121 657 3189 ciderit,
709 3130 930 3194 pmpter
977 3123 1346 3182 inﬁrmitatem
1396 3127 1629 3182 carnis:
1678 3127 1804 3198 quia
1852 3126 2056 3198 septies

2166 1898 2338 1971 (Psal.
2391 1897 2454 1970 ι).
2485 1899 2619 1956 Cum
2649 1902 2744 1970 ait,
2791 1903 3156 1972 meditabitur,
3206 1903 3447 1960 futurum
3499 1905 3737 1976 significat

2165 2003 2401 2066 tempus,
2433 1996 2578 2068 quod
2607 1999 2662 2053 in
2701 2013 2868 2070 regno
2894 1997 2989 2054 Dei
3017 1998 3335 2070 intelligitur
3361 1999 3430 2054 ad
3461 1998 3739 2069 agendum:

2166 2090 2220 2146 in
2249 2107 2356 2162 quo
2387 2107 2493 2148 non
2539 2093 2666 2149 vino
2706 2094 2956 2160 luxurim,
3008 2110 3181 2166 neque
3215 2093 3354 2150 cibis
3390 2095 3740 2165 voluptuosis,

2164 2184 2259 2240 sed
2290 2186 2560 2262 sapientia
2592 2185 2705 2254 Dei,
2737 2190 3007 2257 justorum
3033 2204 3128 2243 ora
3161 2189 3538 2260 replebuntur.
3573 2186 3637 2244 Et
3660 2189 3743 2243 lin-

2163 2296 2269 2350 gua
2291 2282 2403 2352 ejus
2430 2280 2670 2351 loquetur
2682 2282 2968 2354 judicium.
2992 2283 3127 2338 Cum
3150 2283 3335 2338 omnia
3362 2282 3675 2354 ponderate;
3698 2288 3743 2337 et

2164 2384 2272 2426 non
2299 2371 2696 2441 fraudulenter,
2726 2389 2906 2444 neque
2929 2390 3053 2432 cum
3084 2376 3162 2432 ira
3190 2421 3204 2443 ,
3235 2376 3333 2432 sed
3360 2376 3513 2447 justo
3538 2375 3739 2447 judicio,

2165 2480 2285 2534 quae
2317 2464 2386 2521 de
2431 2465 2543 2522 Deo
2585 2468 2771 2536 sentit,
2821 2479 3063 2524 enarrat.
3107 2468 3165 2523 ln
3205 2470 3484 2540 quoenim
3528 2468 3742 2524 abundat

2165 2559 2336 2627 gratia
2383 2557 2707 2629 spiritualis,
2765 2560 2949 2616 omnia
3009 2570 3408 2633 perscrutatur,
3451 2561 3610 2618 etiam
3651 2561 3740 2616 alta

2164 2649 2282 2706 Dei.

2236 2743 2348 2799 Lex
2392 2743 2488 2800 Dei
2528 2747 2639 2816 ejus
2677 2748 2731 2802 in
2769 2747 2924 2803 corde
2965 2747 3152 2820 ipsius.
3191 2748 3307 2805 lloc
3341 2759 3446 2818 est,
3491 2748 3544 2805 in
3579 2757 3740 2806 mente

2159 2839 2314 2911 justi.
2345 2839 2462 2896 Non
2493 2840 2672 2897 solum
2700 2841 2751 2897 in
2787 2857 2882 2899 ore
2921 2858 2988 2898 ac
3013 2843 3220 2915 lingua,
3252 2843 3352 2900 sed
3379 2844 3539 2899 etiam
3571 2844 3624 2899 in
3643 2845 3740 2898 alto

2164 2934 2344 2991 cordis
2369 2934 2486 3006 ejus
2511 2934 2940 3007 fructificabunt,
2971 2951 3068 3008 per
3095 2937 3267 3010 legem
3296 2936 3414 3004 Dei,
3443 2951 3610 3008 Opera
3631 2951 3739 2992 san~

2163 3029 2387 3086 ctitatis.
2405 3026 2474 3083 Et
2498 3045 2602 3084 non
2618 3030 3115 3101 supplantabuntur.
3143 3032 3226 3087 Ab
3247 3031 3578 3088 adversario.
3601 3030 3738 3087 Gm-

2164 3140 2250 3179 sus
2275 3126 2405 3196 ejus.
2429 3122 2643 3192 Quibus
2665 3123 2730 3179 ad
2761 3127 2928 3180 Deum
2952 3126 3242 3197 pervenire
3271 3125 3476 3182 nititur.
3505 3124 3622 3192 Vel,
3650 3141 3737 3180 non

449 3213 599 3270 cadit
619 3214 828 3286 justus,
858 3227 913 3273 et
939 3219 1182 3290 resurgit
1210 3235 1224 3274 :
1250 3236 1356 3274 non
1385 3220 1685 3287 collidatur,
1714 3221 1836 3292 quia
1866 3220 2052 3277 Domi-
2079 3219 2124 3282 C
2157 3216 2627 3289 supplantabuntur
2658 3234 2864 3290 gressus
2895 3221 3034 3292 ejus.
3070 3219 3278 3276 Sensus
3307 3220 3432 3291 ejus
3461 3235 3490 3275 a
3511 3220 3733 3285 diabolo,

451 3323 554 3364 nus
600 3313 860 3381 supponit
908 3328 1126 3369 manum
1175 3329 1352 3371 suam.
1403 3315 1604 3389 Agenti
1653 3318 2049 3388 pmnitentiam,

451 3399 637 3456 statim
668 3400 975 3458 miseretur.
1009 3403 1102 3461 Sic
1126 3415 1182 3461 et
1235 3405 1410 3463 David
1453 3417 1507 3464 et
1539 3407 1735 3465 Petrus
1775 3409 2049 3480 cognitum

450 3495 710 3570 lacrymis
737 3508 1109 3571 purgaverant
1135 3501 1418 3572 delictum,
1455 3513 1508 3561 et
1533 3521 1563 3560 a
1593 3506 1825 3562 Domino
1851 3507 2050 3564 contir-

450 3593 584 3650 mati
609 3606 755 3651 sunt.

517 3687 708 3746 Iunior
739 3691 838 3764 fui,
870 3701 920 3748 et
957 3694 1123 3761 senui,
1160 3702 1208 3748 et
1236 3710 1338 3750 non
1364 3693 1471 3749 vidi
1489 3695 1694 3766 justum
1723 3695 2045 3752 derelictum.

445 3783 646 3854 Nolite,
672 3788 844 3858 inquit
863 3789 1183 3860 Apostolus,
1209 3791 1363 3861 pueri
1390 3789 1530 3846 effici
1556 3789 1808 3846 sensibus
1826 3791 2045 3860 vestris,

445 3878 542 3937 sed
567 3880 771 3937 malitia
804 3881 1016 3954 parvuli
1042 3891 1220 3940 estote
1247 3883 1315 3956 (ll
1345 3882 1468 3938 Cor.
1506 3882 1640 3954 xw).
1672 3884 1814 3954 Ergo
1843 3883 1948 3939 iste
1978 3883 2047 3938 ab

443 3971 601 4030 initio
629 3975 805 4032 artatis
843 3990 956 4033 suae
997 3977 1254 4048 parvulus
1284 3977 1338 4032 in
1375 3977 1580 4032 malitia
1604 4021 1618 4045 ,
1654 3977 1749 4032 sed
1783 3992 1948 4033 senex
1989 3977 2042 4032 in

439 4069 643 4125 virtute
667 4067 850 4126 divina
877 4087 891 4124 :
923 4069 1218 4136 intellexit,
1251 4085 1555 4142 numquam
1583 4085 1747 4140 posse
1771 4069 1981 4141 justum
2014 4087 2041 4125 a

443 4158 673 4215 Domino
699 4159 1004 4232 derelinqui
1029 4207 1043 4232 ,
1074 4177 1177 4218 nec
1206 4176 1394 4219 semen
1421 4161 1536 4232 ejus
1567 4177 1817 4233 quaerens
1848 4178 2040 4232 panem

441 4250 710 4308 doctrina:
757 4253 1002 4310 etelestis
1057 4271 1071 4307 :
1117 4253 1186 4311 de
1225 4269 1329 4326 qua
1379 4254 1605 4310 verbum
1659 4253 2041 4324 insipientibus

443 4345 696 4417 prmbuit.
730 4345 842 4402 Nec
862 4363 1033 4402 semen
1061 4350 1174 4422 ejus
1197 4362 1429 4417 qurerens
1456 4363 1660 4417 panem.
1689 4348 1875 4404 Semen
1904 4347 2035 4421 ejus,

443 4453 608 4510 opera
639 4439 776 4511 ejus.
811 4439 1062 4508 Quazrens
1091 4456 1296 4514 panem,
1322 4441 1374 4496 id
1401 4451 1506 4508 est,
1531 4440 1759 4497 verbum
1788 4441 1908 4499 Dei.

511 4531 650 4586 Tota
703 4531 786 4586 die
832 4533 1107 4588 miseretur
1141 4543 1189 4590 et
1232 4534 1540 4590 commodat.
1587 4525 1716 4590 Dies
1761 4544 1866 4602 est,
1911 4549 2034 4591 cum

2157 3311 2243 3367 vel
2267 3326 2296 3366 a
2327 3321 2572 3382 peccato.

2226 3405 2532 3461 Considerat
2562 3417 2798 3477 peccator
2812 3409 3025 3480 justum
3050 3450 3065 3475 ,
3107 3417 3217 3466 etc.
3267 3407 3582 3468 lntuebatur
3605 3411 3731 3469 enim

2154 3501 2383 3572 populus
2412 3499 2728 3558 Judzeorum
2765 3501 2975 3572 justum
3009 3503 3210 3559 Filium
3243 3505 3361 3572 Dei,
3393 3515 3448 3561 et
3485 3505 3734 3562 stridebat

2154 3593 2208 3647 in
2241 3609 2368 3649 eum
2401 3609 2414 3648 :
2444 3593 2566 3665 quia
2593 3595 2775 3665 gravis
2805 3595 2855 3650 ei
2883 3605 3002 3651 erat
3026 3595 3188 3652 etiam
3219 3596 3287 3652 ad
3320 3598 3626 3656 videndum.
3649 3597 3730 3652 Sic

2150 3693 2208 3742 et
2233 3701 2377 3741 nunc
2409 3685 2665 3742 inimicus
2687 3685 3005 3742 considerat
3031 3703 3474 3762 unumquemque
3498 3701 3725 3746 nostrum

2149 3786 2208 3834 ut
2247 3777 2459 3850 perdat.
2505 3776 2618 3835 Sed
2657 3777 2704 3833 si
2742 3779 3037 3850 vigilanter
3063 3779 3306 3849 resistat,
3349 3784 3559 3841 eveniet
3596 3783 3723 3856 quod

2147 3870 2416 3942 sequitur.

2218 3963 2478 4020 Dominus
2525 3974 2697 4022 autent
2739 3983 2841 4022 non
2885 3967 3205 4040 derelinquet
3237 3986 3356 4024 eum
3404 3970 3458 4026 in
3501 3960 3720 4026 manibus

2145 4063 2276 4134 ejus.
2319 4063 2376 4117 ln
2426 4071 2701 4132 potestate
2744 4064 2932 4136 utique
2962 4065 3126 4121 illius.
3179 4064 3291 4121 Nec
3329 4066 3586 4122 damnabit
3618 4081 3721 4122 eum

2145 4171 2262 4209 cum
2282 4154 2610 4228 judicabitur
2645 4155 2745 4209 illi.
2772 4155 2874 4210 Dat
2901 4155 3169 4226 judicium
3202 4157 3400 4228 impius
3425 4201 3440 4226 ,
3467 4169 3525 4215 ut
3551 4168 3723 4230 pereat

2139 4245 2317 4318 justus
2343 4288 2358 4312 ,
2390 4257 2443 4303 et
2475 4247 2739 4303 Dominus
2765 4264 2872 4303 non
2905 4247 3129 4304 damnat
3158 4265 3306 4319 eum,
3339 4251 3465 4322 quia
3493 4251 3718 4309 custodi-

2141 4341 2220 4396 vit
2248 4341 2425 4411 legem
2457 4341 2596 4412 ejus.
2631 4341 2740 4399 Sed
2781 4341 2932 4397 illum
2957 4342 3165 4413 justum
3196 4360 3306 4401 non
3328 4346 3641 4404 condemnat
3671 4345 3716 4401 in

2140 4432 2228 4489 die
2251 4433 2466 4505 judicii,
2499 4449 2619 4490 cum
2650 4434 2874 4507 impium
2898 4435 3127 4506 judicat.

2221 4524 2479 4598 Exspecta
2502 4523 2787 4580 Dominum
2806 4567 2820 4591 ,
2851 4535 2899 4581 et
2931 4526 3136 4582 custodi
3165 4527 3278 4582 uias
3301 4530 3440 4603 ejus.
3465 4529 3565 4586 Per
3584 4543 3714 4600 spem

439 4626 817 4697 unusquisque
846 4625 1046 4683 bonum
1072 4636 1317 4683 exercet.
1345 4627 1453 4683 Iste
1481 4641 1611 4698 ergo
1640 4628 1897 4684 omnibus
1925 4627 2038 4685 die-

2170 4620 2396 4686 irmam,
2452 4627 2508 4675 et
2555 4619 2954 4676 indelieientem
3000 4619 3386 4677 mandatorum
3440 4621 3714 4678 custodiam

437 4719 541 4777 bus
567 4720 694 4776 vita:
722 4735 834 4775 sua:
881 4719 1094 4776 fenerat
1136 4720 1345 4776 Domini
1384 4719 1465 4775 sui
1500 4720 1807 4792 pecuniam,
1839 4735 1944 4776 non
1969 4721 2034 4776 ad

433 4813 587 4871 lucra
625 4811 923 4882 mundana,
954 4813 1053 4870 sed
1098 4813 1167 4870 ad
1207 4813 1450 4870 coelestia
1478 4812 1866 4886 conquirenda.
1901 4812 2036 4868 Tota

436 4905 545 4975 die,
579 4907 729 4962 omni
772 4914 1040 4978 tempore.
1077 4905 1356 4961 Miseretur
1379 4947 1396 4974 ,
1431 4922 1461 4961 a
1495 4907 1606 4962 Deo
1641 4923 1654 4959 ε
1706 4907 1758 4962 id
1797 4916 1908 4976 est,
1942 4908 2034 4979 qui

437 4999 560 5056 aliis
585 5001 861 5057 ministrat
885 4999 1192 5056 doctrinam
1226 4998 1345 5056 Dei.
1379 4998 1448 5054 Et
1469 5015 1639 5054 semen
1667 5003 1782 5070 ejus
1806 5000 1861 5054 in
1888 4999 2036 5056 bene-

435 5095 660 5152 dictione
689 5097 808 5153 erit.
845 5095 1024 5168 Opera
1053 5111 1174 5166 quae
1195 5093 1387 5166 gessit,
1416 5094 1500 5150 vel
1532 5095 1837 5150 doctrinam
1870 5110 2029 5166 quam

432 5189 638 5258 docuit,
684 5205 716 5246 a
748 5189 980 5246 Domino
1023 5187 1434 5245 benedicentur.
1485 5185 1596 5245 Sed
1641 5197 1693 5243 et
1733 5203 1921 5244 semen
1961 5188 2030 5245 ad

432 5281 804 5340 Christianum
834 5282 1071 5339 refertur
1092 5279 1376 5353 p0pulum,
1415 5280 1507 5351 qui
1540 5279 1593 5335 in
1621 5279 1864 5337 Ecclesia
1895 5282 2031 5337 assi-

427 5373 534 5432 dua
580 5374 957 5431 benedictione
994 5373 1217 5431 ditatur.
1255 5371 1320 5427 Et
1358 5388 1529 5428 semen
1559 5373 1672 5444 ejus
1701 5375 1751 5428 in
1795 5373 2028 5430 benedic-

429 5466 568 5524 tione
586 5469 711 5536 erit,
742 5468 794 5524 in
825 5467 1154 5525 abundantia
1184 5475 1240 5523 et
1269 5465 1466 5538 gloria.

497 5559 718 5616 Declina
742 5577 775 5614 a
805 5561 962 5615 malo.
995 5559 1194 5632 Opere.
1226 5557 1294 5613 Et
1326 5559 1409 5630 [ac
1447 5559 1656 5617 bonum.
1699 5559 1854 5628 Quod
1881 5561 2022 5617 Deus

425 5653 712 5727 praecepit.
755 5650 977 5708 Declina
1021 5670 1052 5706 a
1093 5650 1248 5720 malo,
1284 5661 1331 5707 et
1372 5651 1453 5722 {ac
1494 5651 1701 5707 bonum.
1734 5650 1955 5709 Declina
1991 5670 2025 5708 a

425 5747 564 5801 malo
595 5762 614 5802 :
655 5761 686 5801 a
730 5743 970 5813 diabolo,
1014 5744 1098 5801 vel
1134 5759 1166 5799 a
1194 5752 1441 5816 peccato,
1473 5754 1521 5800 et
1549 5747 1633 5816 [ac
1669 5745 1878 5815 bonum,
1920 5745 2022 5802 lioc

423 5850 532 5908 εει,
555 5839 738 5911 imple
767 5839 1044 5896 mandata.
1079 5835 1147 5894 Et
1174 5837 1404 5894 inhabita
1433 5838 1486 5895 in
1523 5840 1772 5897 saxulum
1817 5842 2020 5897 swcuti.

2142 4723 2492 4786 exspectatur
2533 4713 2677 4770 Deus
2719 4730 2734 4767 :
2771 4712 2898 4769 ideo
2935 4729 3045 4770 non
3082 4714 3347 4771 debemus
3382 4713 3624 4772 confundi
3664 4712 3712 4766 in

2141 4807 2371 4863 diversis
2411 4806 2596 4863 mundi
2643 4806 3054 4863 tentationibus.
3109 4805 3372 4878 Exspecta
3418 4807 3711 4862 Dominum:

2140 4899 2412 4971 Quidquid
2438 4900 2534 4957 tibi
2563 4899 2775 4956 accidat
2795 4903 2849 4956 in
2874 4902 3152 4974 prosperis
3172 4912 3227 4958 et
3256 4901 3312 4958 in
3341 4903 3604 4968 adversis,
3633 4914 3709 4970 pa-

2141 4992 2340 5048 tienter
2365 5003 2620 5062 exspecta
2645 5011 2660 5048 :
2689 4993 2743 5049 id
2774 5006 2880 5063 eSt,
2904 4995 3133 5052 sustine.
3162 4993 3434 5051 Exattabit
3457 5005 3526 5066 te,
3548 5004 3600 5050 ut
3619 4993 3707 5048 ba-

2138 5089 2360 5143 reditale
2386 5088 2565 5158 rapias
2594 5098 2806 5146 terram.
2851 5090 3001 5146 lllam
3027 5091 3214 5162 utique
3248 5101 3467 5148 aeterna:
3499 5091 3704 5148 beatitu-

2137 5182 2281 5237 dinis
2313 5181 2562 5237 tellurem
2594 5199 2608 5237 :
2642 5183 2696 5238 in
2728 5199 2835 5255 qua
2859 5184 2989 5253 justi
3015 5194 3138 5256 post
3165 5184 3486 5240 terminatos
3512 5185 3699 5240 labores

2134 5276 2542 5332 exaltabuntur.
2599 5275 2730 5330 Cum
2801 5277 3053 5349 perierint
3118 5288 3455 5350 peccatores,
3514 5277 3698 5334 uidebis.

2134 5367 2286 5425 Tunc
2336 5369 2466 5441 justi
2511 5378 2834 5440 peccatores
2873 5371 3054 5442 perire
3083 5371 3378 5440 videbunt,
3419 5387 3539 5430 eum
3574 5371 3698 5427 fruc-

2135 5473 2245 5521 tum
2272 5463 2566 5532 mercedis,
2599 5464 2831 5522 Domino
2864 5465 3157 5533 tribuente,
3186 5468 3506 5540 percipient.

2213 5559 2337 5614 Vidi
2366 5561 2584 5633 impium
2633 5561 2939 5630 exaltatum,
2978 5571 3025 5616 et
3065 5562 3316 5618 eleratum
3361 5579 3514 5635 super
3538 5561 3693 5616 cedrus

2131 5651 2338 5722 Libani,
2365 5662 2413 5710 et
2434 5653 2672 5721 transivi,
2701 5662 2750 5708 et
2773 5669 2891 5710 ecce
2910 5670 3013 5710 non
3035 5666 3168 5711 erat.
3192 5656 3326 5712 Cum
3351 5655 3530 5713 mundi
3555 5653 3692 5725 hujus

2131 5746 2385 5818 pelagum
2416 5745 2819 5814 transierimus,
2844 5754 2973 5803 tunc
2994 5748 3299 5806 videbimus
3327 5764 3431 5806 non
3453 5764 3569 5806 esse
3591 5746 3692 5802 dia-

2130 5838 2342 5912 bolum,
2383 5848 2437 5898 et
2475 5839 2655 5898 locum
2687 5840 2805 5913 ejus
2839 5856 3179 5914 nequaquam
3218 5858 3480 5917 apparere
3518 5854 3686 5916 pecca-
