3944 6334
200 322 293 381 931

199 531 307 587 loco
332 532 450 602 ejus
478 534 787 605 explanatio
819 535 936 590 haec
960 545 1041 592 est
1073 554 1086 591 :
1119 538 1425 595 sicutenim
1456 540 1652 595 cedrus
1682 558 1773 596 su-

198 640 287 696 per
314 626 557 681 excelsos
601 637 815 684 montes
864 638 1091 699 apparet
1137 634 1371 687 exaltata
1394 672 1410 699 ,
1446 643 1500 688 et
1537 632 1772 702 impulsu

196 730 469 774 ventorum
497 736 641 791 saepe
668 721 939 779 delabitur
976 742 989 778 :
1028 724 1101 779 ita
1134 734 1191 779 et
1220 727 1416 797 impius
1442 728 1553 798 qui,
1582 728 1773 784 relicto

196 813 300 870 Deo
323 855 338 879 ,
370 814 423 869 in
449 814 655 872 divitiis
694 816 885 873 mundi
914 818 1139 874 conﬁdit
1168 836 1180 873 :
1212 820 1513 891 quamlibet
1538 820 1730 877 floreat
1755 864 1771 891 ,

194 907 479 977 quamlibet
499 910 793 967 extollatur
815 918 871 967 et
892 912 1158 980 elevetur,
1192 929 1301 969 non
1327 914 1630 971 invenietur
1651 930 1773 970 cum

195 1001 256 1055 ab
281 1000 377 1057 hoc
399 1002 605 1059 mundo
634 1003 972 1075 migraverit.
1003 1004 1112 1062 Sed
1138 1014 1194 1061 et
1221 1006 1289 1062 ad
1320 1006 1513 1063 Judam
1547 1007 1777 1064 tradito-

197 1111 298 1151 rem
328 1096 431 1151 ista
456 1096 787 1154 referuntur.
812 1098 911 1156 Vel
937 1100 1134 1159 cedrus
1154 1101 1369 1170 Libani,
1398 1106 1575 1160 sancti
1606 1119 1773 1176 prop-

194 1199 271 1245 ter
295 1189 637 1246 altitudinem
664 1193 985 1248 meritorum
1017 1194 1259 1265 ipsorum
1282 1237 1297 1261 ,
1337 1203 1393 1252 et
1435 1196 1772 1262 sacerdotes,

191 1283 343 1339 odore
373 1284 502 1340 boni
526 1286 731 1356 operis.
762 1287 917 1358 lmpii
944 1303 1112 1359 super
1136 1289 1286 1358 ipsas
1314 1300 1439 1344 sunt
1464 1304 1477 1347 :
1502 1289 1626 1359 quia
1658 1289 1775 1345 cal-

190 1388 302 1434 cant
332 1388 387 1435 et
429 1379 746 1450 opprimunt
774 1381 919 1438 illos.
956 1381 1226 1451 Transivi,
1262 1394 1309 1438 et
1348 1400 1462 1439 erce
1503 1401 1606 1439 non
1643 1395 1770 1439 erat.

192 1470 328 1525 Dicat
356 1469 464 1527 boc
485 1474 815 1544 apostolicus
841 1482 1035 1543 cantus,
1066 1475 1189 1546 quia
1221 1475 1447 1532 transivi
1481 1477 1774 1548 procellam

191 1565 447 1635 passionis
485 1565 615 1623 Jesu
659 1584 674 1622 :
717 1576 772 1623 et
810 1568 904 1623 illo
945 1579 1290 1640 resurgente,
1335 1570 1424 1626 hic
1455 1586 1561 1626 non
1610 1580 1772 1627 erat:

189 1657 298 1727 quia
329 1657 469 1713 abiit
515 1670 569 1715 et
604 1659 802 1731 laqueo
836 1678 895 1719 se
937 1663 1242 1734 suspendit.
1279 1664 1505 1729 Qua’sit'i
1541 1682 1657 1719 eum
1682 1710 1695 1733 ,
1730 1678 1776 1721 et

190 1766 279 1805 non
305 1762 378 1806 est
414 1753 656 1807 intentus
687 1754 829 1809 locus
862 1759 998 1828 ejus.
1029 1756 1186 1824 Quod
1225 1768 1405 1813 autem
1438 1774 1547 1815 non
1577 1761 1647 1815 sit
1689 1761 1773 1815 in-

1002 323 1435 386 BREVIARIUM
1478 328 1543 386 IN
1586 329 1920 392 PSALMOS.
1962 334 2211 395 PSALM.
2253 338 2516 397 XXXVII.

197 447 319 493 tum.
344 437 548 493 Cedrus
573 438 709 494 duas
735 438 899 496 habet
928 440 1434 512 interpretationes,
1464 446 1558 501 sed
1593 448 1645 502 in
1674 447 1776 504 hoc
1802 452 1853 513 Α

3362 353 3467 412 958

1953 454 2177 535 quiescit
2214 456 2460 535 Ecclesia
2500 456 2591 513 illa
2622 460 2812 535 requie
2841 462 3075 530 paradisi
3104 480 3262 535 quam
3292 468 3473 535 perdi-

1952 525 2039 601 dit
2062 527 2115 580 in
2142 526 2344 601 Adam.
2382 528 2487 584 I5le
2530 525 2767 598 psalmus
2797 525 3053 601 oéteudit,
3090 525 3145 591 υἱ
3177 540 3220 592 si
3262 525 3473 593 accidat

1954 596 2241 680 infirmitas
2263 596 2542 680 corporeae
2566 602 2865 673 fragilitati,
2888 621 2992 661 non
3017 596 3243 666 desistat
3266 609 3475 680 requiri

1952 669 2213 725 medicina
2245 669 2508 727 cmlestis.

1950 803 2193 874 Domine,
2224 824 2285 862 ne
2319 809 2371 863 in
2401 811 2578 881 furore
2604 823 2691 867 tuo
2727 830 2918 886 arguas
2957 834 3073 873 me:
3105 837 3265 891 neque
3299 824 3352 877 in
3392 824 3471 878 ira

1879 905 1968 951 tua
2006 901 2261 971 corripias
2292 918 2392 960 me.
2426 903 2593 961 Totus
2641 908 2883 978 psalmus
2925 926 2990 967 ex
3032 927 3267 982 persona
3295 919 3476 987 paeni-

1880 993 2159 1077 tentisest
2189 994 2332 1076 :Ased
2354 996 2431 1051 ad
2472 997 2745 1056 Christum
2774 1002 2968 1059 referri
3006 1015 3204 1077 potest,
3252 1009 3389 1067 sicut
3425 1021 3480 1068 et

1878 1066 2247 1156 sciagesimus
2268 1097 2518 1145 octavus.
2550 1090 2792 1161 Domine,
2816 1112 2877 1149 ne
2898 1096 2952 1151 in
2975 1099 3153 1165 furore
3174 1109 3260 1155 tuo
3286 1119 3478 1171 arguas

1880 1195 1959 1234 me
1985 1196 2004 1235 :
2035 1198 2197 1251 neque
2236 1183 2291 1236 in
2316 1185 2395 1237 ira
2424 1196 2516 1238 tua
2545 1190 2798 1259 corripias
2828 1207 2928 1247 me.
2974 1192 3053 1247 Ira
3084 1203 3202 1260 est,
3242 1206 3301 1251 ttt
3334 1178 3481 1268 saepe

1878 1275 2134 1344 diximus,
2166 1282 2460 1336 commotio
2488 1284 2674 1339 animi.
2706 1284 2882 1341 Furor
2912 1303 3042 1343 vero
3078 1289 3312 1345 vindicta
3346 1292 3481 1347 irra-

1881 1370 2155 1427 tionabilis
2186 1414 2201 1440 ,
2236 1388 2359 1428 cum
2398 1374 2537 1431 fellis
2577 1380 2957 1437 amaritudine.
2998 1381 3122 1437 Ideo
3165 1383 3265 1439 istc
3290 1385 3380 1455 qui
3420 1402 3481 1442 se

1881 1473 2222 1532 peccatorcm
2253 1466 2359 1521 scit
2386 1484 2398 1521 :
2425 1484 2533 1522 non
2560 1469 2609 1523 in
2636 1469 2741 1538 ira,
2767 1472 2862 1527 sed
2892 1488 2987 1543 per
3013 1474 3440 1534 miscricordiam
3464 1498 3477 1535 :

1882 1569 1983 1610 nec
2015 1555 2067 1610 iu
2100 1555 2305 1626 furore,
2331 1558 2427 1615 sed
2460 1578 2554 1630 per
2587 1564 2897 1632 patientiam
2922 1582 2981 1621 se
3010 1568 3162 1639 argui
3188 1570 3445 1639 postulat.

1957 1648 2217 1715 Quoniam
2239 1654 2445 1724 sagitta:
2468 1664 2570 1709 tua:
2600 1656 2777 1726 inﬁxa:
2802 1671 2921 1714 sunt
2948 1663 3095 1716 milii.
3140 1663 3318 1721 Verba
3353 1666 3484 1724 doc-

1884 1743 2062 1811 trinae,
2094 1762 2216 1816 quae
2248 1756 2306 1803 ut
2329 1748 2569 1818 jaculum
2600 1754 3118 1813 transverberarunt
3146 1772 3242 1815 cor
3276 1777 3476 1831 meum,

192 1855 368 1901 ventus
398 1846 556 1903 locus
582 1847 723 1918 ejus,
754 1858 809 1905 et
842 1850 1108 1906 habitatio
1136 1851 1257 1921 ejus
1284 1852 1529 1907 desolata
1562 1868 1779 1909 reman-

1892 1844 1943 1889 ut
1974 1852 2191 1908 agerem
2216 1841 2616 1910 pmuitentiam.
2640 1844 2710 1899 Et
2739 1848 3064 1917 conﬁrmasti
3092 1868 3246 1924 super
3266 1871 3346 1907 me
3367 1872 3483 1910 ma-

188 1940 325 2003 serit,
367 1938 566 1995 Petrus
616 1942 669 1995 in
712 1940 940 1997 Actibus
985 1943 1305 2013 apostolicis
1348 1946 1605 2015 prodidit,
1653 1962 1776 2002 cum

190 2029 454 2087 Hattltiani
484 2034 538 2087 in
575 2033 693 2104 ejus
738 2034 988 2092 ordinem
1033 2036 1350 2109 subrogavit
1388 2038 1527 2110 (Act.
1562 2038 1626 2111 ι).
1657 2040 1775 2106 Vel,

191 2125 410 2190 transiri,
446 2134 491 2179 et
527 2142 640 2181 ecce
664 2143 767 2181 non
796 2139 906 2183 erat
939 2145 957 2184 .'
981 2129 1193 2199 quaesivi
1218 2146 1334 2185 eum
1357 2172 1371 2196 ,
1400 2141 1447 2184 et
1473 2148 1577 2186 non
1604 2144 1673 2187 cst
1699 2133 1780 2187 in-

192 2227 352 2272 ventus
376 2217 529 2274 locus
552 2224 663 2294 ejus
692 2236 712 2275 :
736 2220 789 2277 id
816 2230 920 2291 est,
952 2222 1124 2294 ipsius
1146 2224 1318 2295 impii.
1348 2223 1473 2279 Non
1496 2236 1572 2281 est
1600 2227 1780 2281 inven-

191 2315 262 2363 lus
282 2310 426 2365 locus
457 2314 613 2382 ejus:
640 2327 742 2384 pro
768 2322 917 2369 tanta
940 2316 1230 2371 velocitate
1256 2331 1361 2386 qua
1384 2316 1667 2372 deficiunt.

252 2402 464 2458 Custodi
499 2404 849 2461 innocentiam
874 2448 888 2473 ,
939 2417 990 2462 et
1028 2408 1141 2463 vide
1180 2409 1491 2479 (equitatem.
1542 2409 1599 2465 Si
1646 2409 1780 2467 nulli

198 2509 383 2576 noceas
424 2514 438 2550 :
481 2497 528 2553 si
565 2513 687 2554 cum
727 2499 897 2555 nullo
923 2500 1192 2571 litigiosus
1230 2502 1353 2569 sis,‘
1385 2501 1597 2557 videbis
1626 2500 1783 2557 Citri-

193 2599 319 2646 stum
355 2609 369 2645 :
397 2592 527 2664 quia
558 2593 699 2649 sicut
722 2593 829 2663 via,
863 2594 1064 2651 veritas
1096 2605 1152 2651 et
1189 2596 1336 2651 vita:
1370 2595 1443 2652 ita
1471 2607 1524 2651 et
1551 2596 1781 2667 aequitas

191 2684 521 2758 intelligitur.
557 2687 816 2755 Quoniam
852 2698 974 2744 sunt
1019 2689 1255 2761 reliquiis
1292 2690 1494 2745 homini
1534 2692 1777 2761 paciﬁca.

195 2779 286 2847 Qui
314 2778 401 2836 hic
428 2781 657 2851 pacifice
682 2782 904 2851 vixerit,
935 2793 992 2839 ut
1015 2783 1185 2841 Filius
1206 2785 1303 2842 Dei
1329 2795 1553 2843 vocetur
1577 2805 1590 2841 :
1620 2786 1782 2858 hujus

192 2872 452 2944 reliquiae,
479 2874 584 2931 hoc
606 2884 711 2942 est,
738 2892 938 2948 corpus
964 2879 1217 2946 mortale,
1243 2887 1559 2935 reservatur
1578 2880 1645 2935 ad
1665 2881 1782 2951 glo-

190 2965 315 3022 riam
353 2971 814 3039 resurrectionis,
853 2972 1009 3041 juxta
1052 2972 1184 3028 illud
1216 2972 1465 3045 Apostoli
1502 2990 1516 3029 :
1548 2975 1784 3046 Oportet

193 3060 413 3117 mortale
445 3062 549 3117 hoc
571 3063 797 3120 induere
827 3063 1294 3123 immortalitatem
1329 3066 1370 3137 (l
1390 3067 1646 3139 Cor.xv).
1675 3069 1783 3126 Re-

192 3154 361 3227 liquiae
393 3156 685 3228 impiorum
715 3159 989 3231 peribunt.
1024 3160 1130 3218 Pro
1159 3161 1415 3233 reliquiis,
1452 3162 1504 3218 in
1532 3162 1779 3234 Hebraeo,

191 3252 457 3307 nouissima
483 3251 666 3309 habet.

257 3342 453 3419 Injusti
496 3357 694 3417 autem,
736 3355 883 3415 elc.;
923 3350 1157 3421 reliquiis
1200 3350 1484 3420 impiorum
1513 3351 1773 3421 peribunt.

188 3435 295 3494 Non
325 3448 680 3497 reservantur
706 3457 897 3499 eorum
939 3442 1186 3515 reliquiae
1222 3460 1290 3500 ex
1321 3443 1597 3515 superbia,
1632 3456 1691 3500 ut
1722 3446 1775 3501 in

186 3538 442 3586 aeternum
478 3532 709 3589 vivant:
745 3533 844 3591 sed
876 3544 936 3591 ut
980 3535 1033 3591 in
1079 3550 1295 3606 pinnam
1324 3535 1587 3607 gehennae
1637 3537 1777 3609 ignis

188 3620 467 3680 intereant.
894 3680 913 3697 ,

251 3718 409 3776 Salus
429 3729 599 3777 autem
614 3724 884 3795 justorum
905 3740 937 3777 a
961 3722 1206 3779 Domino.
1236 3723 1343 3781 Per
1363 3739 1527 3796 quem
1552 3732 1607 3781 et
1633 3739 1774 3795 pra:-

186 3821 387 3869 sentem
413 3814 583 3870 vitam
612 3817 857 3887 capiunt,
884 3826 940 3872 et
960 3817 1187 3889 adipisci
1214 3820 1601 3888 praestolamur
1622 3829 1775 3875 aeter-

185 3920 322 3961 nam.
350 3905 515 3963 Salus
536 3917 705 3964 autem
718 3911 985 3982 justorum
1008 3929 1039 3966 a
1064 3910 1307 3967 Domino.
1333 3911 1455 3984 Ipse
1479 3922 1563 3971 est
1587 3925 1771 3970 nostra

183 4003 341 4059 salus.
371 4003 438 4059 Et
466 4014 725 4077 protector
747 4023 925 4062 eorum
958 4018 1033 4061 est
1058 4008 1110 4062 in
1139 4016 1365 4079 tempore
1397 4008 1767 4064 tribulationis.

183 4096 453 4169 Adjurabit
493 4116 604 4167 eos,
646 4108 755 4156 etc.
800 4099 1095 4171 Propterea
1136 4101 1320 4157 salvos
1356 4103 1518 4158 faciet
1556 4116 1673 4170 eos,
1714 4110 1771 4158 et

182 4202 448 4262 pretector
477 4210 672 4252 eorum
712 4205 799 4253 est
828 4198 881 4252 in
914 4205 1157 4268 tempore
1196 4198 1564 4253 tribulationis
1588 4239 1602 4263 ,
1643 4214 1766 4254 cum

181 4300 270 4354 per
295 4296 499 4345 arctam
530 4291 696 4358 viam,
726 4305 848 4362 qua:
874 4289 942 4346 ad
970 4291 1133 4345 vitam
1155 4290 1326 4357 ducit,
1357 4291 1769 4361 incedunt,ple-

181 4397 295 4436 nam
314 4382 597 4442 doloribus
620 4393 674 4440 et
693 4386 971 4441 aerumnis.
996 4385 1065 4439 Et
1086 4386 1356 4459 adjuuabit
1376 4403 1464 4443 eos
1485 4385 1764 4456 Dominus,

178 4484 221 4529 et
245 4475 473 4531 liberabit
505 4494 595 4535 eos
621 4496 654 4533 a
680 4479 1043 4549 peccatoribus
1071 4496 1089 4532 :
1125 4482 1294 4535 salt-os
1334 4482 1489 4552 faciet
1522 4498 1627 4551 eos,
1674 4483 1765 4552 qui

178 4585 501 4641 speraverant
528 4574 584 4629 in
606 4592 744 4642 eum,
771 4590 891 4631 cum
920 4574 988 4630 ad
1020 4574 1407 4646 perfectionem
1434 4592 1584 4646 purae
1612 4591 1762 4633 men-

1882 1945 2005 1983 num
2034 1939 2196 1984 tuam.
2245 1930 2314 1988 Ut
2344 1942 2619 2006 tamquam
2658 1938 2849 2015 bonus
2874 1942 3131 2013 magister
3167 1945 3487 2004 verberibus

1883 2020 2265 2093 castigationis
2291 2024 2552 2083 afflictum
2585 2030 2844 2088 redderes
2870 2036 3240 2093 emendatum.

1958 2116 2081 2172 Non
2109 2127 2184 2173 est
2209 2121 2412 2175 sanitas
2440 2122 2492 2175 in
2524 2139 2683 2179 carne
2708 2142 2821 2181 mea
2850 2144 2883 2181 a
2916 2130 3051 2199 facie
3078 2131 3173 2187 ira:
3215 2142 3335 2188 tum.
3364 2134 3487 2191 Vidi

1883 2207 2078 2265 faciem
2108 2210 2204 2266 ira:
2232 2220 2369 2281 tuae,
2399 2222 2456 2269 et
2481 2230 2589 2270 non
2619 2216 2790 2287 ipsam
2834 2218 2969 2275 iram
3009 2240 3019 2273 :
3050 2222 3153 2279 hoc
3187 2235 3291 2293 est,
3326 2226 3489 2283 intel-

1884 2307 1990 2362 lexi
2020 2324 2115 2378 per
2135 2308 2446 2381 Scripturas
2472 2321 2711 2383 sanctas,
2739 2329 2941 2387 quanta
2974 2319 3267 2377 minaberis
3296 2338 3491 2394 peccao

1887 2399 2127 2470 toribus,
2153 2411 2209 2459 et
2247 2403 2486 2471 extabui,
2521 2416 2710 2475 petens
2737 2424 2807 2464 ne
2834 2408 2950 2479 ipsa
2978 2426 3143 2483 super
3166 2430 3251 2469 me
3278 2416 3357 2471 ira
3390 2416 3483 2473 de-

1884 2492 2189 2551 scenderet.
2218 2494 2341 2550 Non
2362 2506 2435 2551 est
2459 2514 2566 2567 pas:
2580 2500 2781 2556 ossibus
2804 2503 2930 2558 meis
2956 2520 2987 2557 a
3009 2506 3141 2574 [acie
3152 2518 3486 2578 peccatorum

1886 2601 2134 2640 meorum.
2184 2587 2400 2643 Nullam
2444 2590 2681 2661 quietem
2727 2593 2945 2659 indulsi,
2996 2598 3083 2651 vel
3127 2600 3361 2667 ossibus,
3396 2601 3482 2657 vel

1886 2682 2147 2738 membris
2179 2684 2335 2753 meis,
2371 2684 2546 2741 donec
2575 2701 2638 2743 ea
2670 2689 2986 2758 paenitendo
3011 2708 3318 2764 purgarem.

1964 2776 2227 2842 Quoniam
2272 2777 2569 2848 iniquitates
2610 2796 2737 2857 mete
2769 2799 3117 2855 supergressus
3162 2798 3283 2842 sunt
3328 2798 3485 2858 caput

1891 2884 2077 2923 nicum.
2112 2870 2461 2926 Invaluerunt
2488 2872 2632 2927 enim
2668 2873 2834 2941 mihi,
2871 2886 2928 2931 ut
2976 2878 3221 2949 sequitur
3265 2900 3275 2934 :
3328 2882 3482 2937 Sicut

1886 2980 2015 3020 onus
2038 2980 2195 3038 grave
2216 2976 2447 3038 gravata:
2468 2977 2586 3022 sunt
2609 2985 2766 3041 super
2789 2987 2887 3024 me.
2913 2971 3027 3027 Non
3057 2981 3141 3029 est
3167 2974 3312 3030 enim
3348 2978 3482 3032 milii

1887 3056 2007 3112 leve
2039 3071 2322 3129 peccatum
2355 3076 2571 3129 meum,
2604 3063 2701 3118 sed
2740 3077 3070 3136 recognosco
3093 3112 3106 3135 ,
3154 3068 3280 3138 quia
3313 3084 3481 3140 grave

1890 3149 2025 3206 mihi
2067 3151 2261 3222 judicii
2305 3153 2515 3224 pondus
2555 3154 2848 3225 imposuit,
2899 3166 2955 3213 et
2997 3171 3163 3230 super
3219 3162 3481 3218 verticem

1808 3245 1855 3310 ο
1887 3244 2086 3315 capitis
2116 3244 2224 3301 mei
2252 3246 2512 3304 excrevit.
2544 3248 2702 3304 Sicut
2730 3248 2940 3319 pondus
2968 3252 3208 3322 grande,
3241 3253 3321 3311 sic
3352 3270 3481 3327 pec-

1881 3341 2001 3389 cata
2035 3352 2154 3392 mea
2180 3351 2348 3408 super
2379 3354 2486 3395 me.

1952 3429 2273 3487 Putruerunt
2303 3442 2350 3486 et
2374 3442 2634 3504 corrupta:
2657 3444 2775 3489 sunt
2797 3437 3065 3493 cicatrices
3097 3454 3243 3495 mere.
3272 3440 3475 3500 Porce-

1880 3539 1999 3579 rum
2026 3539 2146 3581 mos
2174 3535 2287 3592 est,
2322 3540 2483 3586 emno
2522 3540 2614 3582 aut
2653 3530 2990 3586 stercoribus
3020 3547 3119 3603 pro
3153 3533 3310 3591 bonis
3340 3538 3478 3593 odo-

1879 3618 2032 3675 ribus
2083 3619 2207 3678 uti:
2253 3634 2352 3676 nec
2403 3620 2724 3693 intelligunt
2771 3638 2832 3680 se
2880 3625 2933 3680 iu
2974 3626 3057 3680 his
3100 3628 3479 3687 sordidissimo

1878 3713 2133 3770 volutari.
2158 3712 2291 3770 Nam
2310 3714 2443 3770 mibi
2467 3714 2663 3772 fmtent
2690 3726 2746 3773 et
2774 3727 3224 3791 computrescunt
3247 3724 3470 3779 vulnera

1880 3819 2262 3878 peccatorum,
2306 3808 2799 3882 desideranterque
2837 3821 3039 3884 expeto
3078 3814 3373 3871 medicum.
3407 3818 3473 3873 Et

1877 3918 1994 3970 cur,
2022 3904 2219 3975 inquis,
2244 3906 2737 3976 eomputruerunt?
2759 3906 2802 3959 A
2823 3908 2956 3976 [acie
2976 3908 3289 3978 insipientiast
3321 3926 3467 3965 mete.

1874 3996 2009 4065 Quia
2042 3997 2290 4053 nolebam
2320 4013 2483 4069 agere
2512 3998 2909 4070 paenitentiam.
2929 4002 2974 4055 A
2996 4002 3131 4071 facie
3155 4003 3472 4075 insipientia:

1874 4106 2018 4147 meat.
2048 4090 2151 4147 Per
2183 4092 2287 4147 ltoc
2310 4100 2665 4162 putruerunt,
2697 4093 2910 4149 scilicet
2956 4109 3053 4164 per
3092 4094 3466 4164 insipientiam

1874 4199 2055 4240 meam
2088 4200 2100 4238 :
2130 4194 2191 4240 ut
2218 4184 2417 4240 Paulus
2459 4184 2590 4240 dicit
2623 4204 2637 4241 :
2669 4186 2824 4254 Quod
2875 4186 3148 4241 infirmum
3192 4197 3275 4243 est
3325 4188 3463 4259 Dei,

1875 4277 2073 4333 fortius
2098 4288 2181 4333 est
2212 4275 2525 4334 hominibus
2560 4277 2766 4350 (lCor.
2803 4294 2839 4335 tt
2864 4276 2903 4348 ).

1943 4371 2104 4426 Miser
2126 4373 2293 4443 factus
2321 4388 2436 4426 sum
2474 4379 2520 4426 et
2546 4381 2787 4427 curvatus
2823 4388 2938 4426 sum
2968 4389 3128 4442 usque
3172 4374 3223 4428 in
3277 4376 3460 4445 ﬁnem.

1870 4466 2053 4537 Usque
2088 4466 2215 4522 dum
2244 4466 2556 4523 confitendo
2599 4482 2868 4538 purgarer
2897 4484 2909 4520 :
2956 4468 3081 4539 quia
3112 4468 3232 4525 sine
3269 4473 3462 4527 confu-

1868 4561 2025 4616 sione
2054 4572 2109 4616 et
2131 4559 2395 4616 nimstitia
2426 4575 2534 4615 non
2564 4559 2917 4617 dimittuntur
2946 4574 3195 4632 peccata.
3228 4561 3358 4619 Tota
3379 4564 3466 4620 die

180 4666 244 4722 lis
275 4670 538 4738 perducit.
587 4670 663 4726 Ad
706 4686 832 4727 eum
862 4672 1050 4727 venire
1092 4680 1409 4727 meruerunt
1447 4687 1461 4726 ε
1502 4672 1761 4742 quoniam
1790 4654 1844 4717 D
1869 4654 2201 4709 contristatus
2233 4652 2579 4727 ingrediebar.
2612 4652 2894 4724 Indignum
2926 4669 3011 4709 me
3036 4670 3160 4711 esse
3185 4655 3462 4726 judicans,

176 4772 527 4829 speraverunt
563 4762 616 4817 in
666 4778 812 4818 eum.
850 4763 908 4819 in
941 4763 1194 4819 omnibus
1228 4765 1374 4819 enim
1416 4763 1675 4834 angustiis
1706 4764 1759 4820 in

176 4870 295 4911 eum
328 4873 473 4929 spem
506 4859 857 4924 locaverunt,
886 4860 975 4930 qui
1008 4859 1145 4915 dixit
1175 4877 1188 4913 :
1224 4860 1335 4931 Ego
1356 4875 1476 4915 sum
1510 4857 1673 4926 Deus,
1707 4871 1763 4916 et

175 4948 371 5019 absque
398 4968 483 5007 me
516 4968 624 5007 non
653 4959 738 5008 est
765 4952 926 5007 alius.
961 4951 1074 5024 Ego
1103 4953 1369 5020 occidam,
1400 4962 1454 5009 et
1482 4953 1662 5009 vivere
1684 4952 1761 5008 fa-

173 5040 312 5096 ciam
340 5060 354 5097 :
383 5045 710 5115 percutiam,
743 5055 796 5100 et
826 5060 926 5115 ego
955 5046 1161 5100 sanabo
1190 5043 1373 5116 (Deut.
1414 5044 1609 5119 xxxii).
1657 5046 1759 5115 Qui

170 5143 324 5190 sanet
354 5152 543 5194 omnes
576 5138 924 5193 infirmitates
956 5138 1215 5193 mentium
1265 5147 1572 5194 nostrarum
1612 5154 1627 5193 :
1662 5155 1760 5194 no-

169 5222 354 5296 bisque
383 5240 609 5300 praestet
639 5240 754 5286 toto
783 5230 952 5285 corde
981 5232 1195 5301 erigere
1225 5246 1377 5302 spem
1411 5240 1671 5301 nostram,
1705 5241 1759 5289 et

170 5317 223 5373 in
254 5334 316 5375 se
341 5324 540 5381 tribuat
568 5324 831 5381 collocari
863 5342 875 5379 :
921 5333 1000 5394 ut,
1044 5342 1073 5380 a
1104 5326 1343 5397 peccatis
1370 5326 1602 5394 liberati,
1645 5342 1759 5384 meo

170 5425 401 5485 reamur,
451 5416 575 5488 ipso
605 5416 1005 5486 distribuente,
1050 5419 1213 5474 etiam
1258 5419 1577 5475 aeternitatis
1613 5434 1755 5490 pra:-

169 5507 335 5564 mium
361 5510 608 5582 adipisci.

654 5582 973 5641 PSALMUS
999 5581 1268 5639 XXXVII.

171 5712 239 5771 In
280 5718 446 5789 ﬁnem.
480 5721 727 5779 Psalmus
756 5722 925 5778 David
951 5723 1004 5778 in
1034 5724 1459 5781 rememoratione
1489 5724 1593 5780 diei
1623 5723 1760 5782 Sab-

248 5790 368 5847 bati.
419 5796 735 5860 Sabbatum,
782 5798 981 5867 requies
1020 5796 1411 5865 interpretatur
1451 5814 1463 5851 :
1508 5799 1612 5852 hoc
1652 5806 1757 5863 est,

249 5866 457 5933 quando
507 5866 859 5939 requiescunt
902 5869 1073 5925 sancti
1112 5883 1125 5923 :
1167 5869 1221 5924 id
1259 5880 1367 5939 est,
1406 5872 1621 5941 quando
1670 5886 1759 5928 re-

406 5964 677 6027 Ptrson.
710 5963 961 6051 XXVI.

1865 4748 1955 4819 qui
1987 4747 2070 4802 vel
2100 4745 2291 4801 oculos
2320 4746 2387 4800 ad
2416 4747 2614 4802 caelum
2656 4746 2842 4803 levare
2872 4746 3131 4803 auderem
3165 4764 3179 4804 :
3212 4749 3306 4805 sed
3342 4766 3465 4819 per-

1864 4840 2076 4897 cutiens
2126 4848 2315 4910 pectus
2361 4854 2578 4906 meum,
2627 4838 2837 4896 aiebam
2886 4856 2900 4896 :

1865 4940 1984 4987 esto
2024 4928 2157 4985 mihi
2190 4934 2488 4999 peccatori.

1940 5024 2201 5092 Quoniam
2230 5022 2391 5078 lumbi
2420 5024 2518 5078 mei
2557 5024 2757 5092 impleti
2790 5035 2911 5081 sunt
2946 5026 3294 5083 illusionibus.
3341 5029 3458 5086 Illis

1867 5114 2216 5171 illusionibus
2271 5130 2331 5171 se
2386 5116 2674 5185 profitetur
2721 5131 2845 5173 esse
2895 5118 3228 5174 inﬁrmatum
3292 5129 3459 5191 atque

1867 5210 2136 5280 repletum
2158 5251 2172 5275 ,
2205 5209 2402 5281 quibus
2421 5209 2671 5267 diabolus
2701 5212 2994 5268 humanum
3027 5228 3204 5283 genus
3244 5216 3455 5284 allicit,

1868 5310 1927 5357 ut
1951 5302 2247 5373 delinquat.
2273 5300 2437 5372 Deus,
2466 5311 2523 5356 tu
2554 5302 2841 5377 cognovisti
2879 5304 3231 5372 insipientiam
3258 5324 3419 5362 meam
3438 5324 3458 5363 :

1864 5397 1989 5468 quia
2008 5396 2170 5452 lumbi
2192 5397 2291 5451 mei
2316 5397 2516 5467 impleti
2539 5406 2659 5451 sunt
2690 5395 3047 5451 illusionibus.
3075 5397 3145 5453 Se
3163 5400 3462 5469 unusquis-

1865 5506 1971 5562 que
2017 5490 2366 5560 consideret,
2414 5500 2471 5547 et
2527 5490 2841 5547 titillantem
2893 5491 3144 5562 corporis
3190 5492 3460 5565 intelligat

1864 5585 2231 5656 voluptatem,
2265 5594 2320 5641 et
2362 5594 2492 5641 tunc
2530 5584 2713 5641 dicere
2741 5591 2920 5655 potest
2962 5599 3084 5640 cum
3116 5584 3288 5642 Paulo
3327 5602 3464 5658 apo-

1862 5679 2009 5736 stolo
2040 5697 2051 5731 :
2079 5678 2241 5735 Miser
2288 5694 2389 5751 ego
2420 5678 2620 5743 homo,
2665 5678 2785 5750 quis
2828 5692 2915 5734 me
2942 5677 3201 5735 liberabit
3243 5679 3311 5737 de
3340 5694 3460 5737 cor-

1862 5788 1999 5844 pore
2026 5773 2219 5828 mortis
2251 5771 2411 5842 hujus
2438 5772 2618 5843 (Rom.
2646 5770 2787 5843 vu)?
2808 5770 2875 5826 Et
2900 5770 3032 5827 illud
3058 5787 3073 5831 :
3095 5770 3284 5844 Neque
3314 5772 3458 5830 enim

1864 5868 2007 5940 Quod
2038 5868 2194 5939 volo,
2230 5867 2332 5925 lioc
2359 5866 2498 5926 facio
2533 5883 2546 5923 :
2579 5866 2674 5925 sed
2702 5866 2845 5939 quod
2876 5868 3028 5926 nolo.
3252 5864 3285 5868 "
3332 5864 3337 5867 '
3396 5866 3399 5867 ν
3436 5858 3455 5869 ’

2952 4842 3094 4899 Deus
3115 4883 3131 4911 ,
3194 4844 3460 4915 prepitius
