3944 6334
491 309 598 396 oss

1277 302 1627 363 APPENDIX
1664 300 1756 359 an
1795 300 2044 359 ronuu
2082 295 2434 357 SEPTIMUM
2473 295 2534 353 s.
2578 291 2988 354 utsnonvut.
3038 266 3050 279 ’

3677 291 3761 349 9M)

565 431 874 486 Incurvatus
906 444 1021 484 sum
1055 436 1103 482 et
1132 426 1442 483 humiliatus
1476 441 1594 481 sum
1624 423 1796 480 nimis.
1845 421 1924 477 Ad
1967 435 2084 492 pm-
2113 421 2170 483 Α
2191 425 2366 473 autem
2389 426 2655 487 tamquam
2679 425 2851 470 mutus
2869 429 2974 469 non
2999 410 3238 483 aperiens
3266 425 3324 465 os
3346 423 3526 464 suum.
3551 407 3619 464 Et
3646 413 3763 481 apud

495 523 809 581 nitentiam.
859 518 1153 594 Rugiebam
1197 534 1229 573 a
1273 519 1467 593 gemitu
1517 514 1691 572 cordis
1732 516 1853 570 mei.
1889 513 2088 570 Petens

494 632 619 675 cum
646 619 794 671 luctu
820 612 1235 670 remissionem.
1266 609 1427 668 Aliud
1450 616 1538 665 est
1560 606 1795 681 gemitus
1813 605 2085 677 corporis,

497 721 554 768 et
597 707 743 765 aliud
804 708 1040 779 gemitus
1103 704 1312 761 cordis.
1366 702 1614 761 Gemitus
1668 701 1951 773 corporis,
2008 706 2094 756 est

497 811 725 876 propter
776 816 867 857 res
908 809 1157 857 terrenas
1193 797 1284 855 vel
1317 804 1537 870 propter
1575 805 1806 852 mortem
1840 807 2084 864 gemere.

493 896 743 953 Gemitus
772 894 993 961 cordis,
1023 900 1250 963 propter
1292 904 1390 947 sua
1420 896 1682 962 peccata,
1712 888 1796 944 vel
1827 887 2086 943 aliorum.

495 988 605 1047 Sed
625 985 884 1045 Christus
930 1000 1040 1042 non
1072 982 1264 1040 habuit
1291 981 1439 1054 quod
1478 991 1766 1054 gemeret,
1807 978 1933 1050 quia
1981 992 2088 1033 non

492 1081 622 1139 fecit
652 1086 959 1153 peccatum.
986 1075 1055 1133 Et
1091 1076 1307 1149 gemitus
1336 1090 1482 1130 meus
1511 1089 1618 1129 non
1647 1081 1723 1129 est
1755 1069 2088 1129 absconditus

496 1192 530 1231 a
560 1184 626 1232 te.
660 1175 716 1230 id
734 1184 819 1229 est
841 1215 855 1241 ,
884 1170 1148 1244 quidquid
1180 1170 1345 1225 habet
1369 1169 1567 1237 homo,
1602 1167 1746 1223 Deus
1769 1166 1891 1221 scit.
1915 1162 2086 1234 Quid-

495 1269 625 1342 quid
653 1267 889 1339 deliqui,
929 1263 1195 1341 quidquid
1226 1262 1352 1318 mali
1394 1261 1576 1334 gessi,
1607 1258 1790 1315 omnia
1830 1257 1947 1320 tibi
1965 1271 2088 1313 cum

495 1361 704 1434 gemitu
743 1358 987 1418 reseravi
1020 1372 1062 1428 :_
1087 1355 1272 1414 sciens
1311 1354 1437 1427 quia
1475 1351 1572 1409 tibi
1614 1366 1720 1408 non
1752 1350 2091 1408 occultantur

493 1454 731 1512 occulta.

570 1548 671 1605 Cor
706 1561 874 1602 meum
919 1544 1289 1600 conturbatum
1334 1551 1409 1596 est
1451 1540 1504 1594 in
1551 1555 1659 1604 me,
1702 1536 1987 1607 dereliquit
2012 1550 2094 1590 nte

497 1642 660 1697 virtus
682 1653 818 1694 mea.
845 1635 983 1705 Quia
1011 1637 1148 1691 iram
1173 1648 1334 1705 quam
1362 1633 1617 1704 superius
1644 1630 1939 1686 memoravi
1957 1671 1972 1697 ,
2006 1632 2092 1685 in-

497 1747 727 1791 currere
753 1743 1083 1799 capavesco.
1112 1725 1181 1781 Et
1212 1726 1381 1780 lumen
1411 1723 1685 1779 oculorum
1721 1738 1950 1779 meorum
1991 1737 2093 1777 non

498 1834 575 1881 est
606 1839 826 1878 mecum.
854 1821 1021 1890 Quia,
1053 1820 1362 1890 postposito
1387 1815 1637 1873 veritatis
1664 1815 1898 1883 lumine,
1928 1814 1982 1871 in
2016 1824 2094 1870 te-

503 1918 702 1974 nebras
727 1914 1039 1971 decideram
1072 1922 1442 1984 peccatorum.
1473 1909 1565 1967 Sic
1590 1907 1736 1966 enim
1774 1908 2093 1979 prophetam

497 2024 719 2066 omnem
745 2004 994 2062 ordinem
1019 2004 1181 2075 hujus
1211 2000 1413 2075 psalmi
1437 2016 1500 2059 ex
1533 2000 1837 2073 peccatoris
1860 2015 2094 2071 persona

502 2111 856 2176 prosecutum
900 2101 1105 2165 fuisse,
1174 2097 1485 2154 anteriores
1532 2095 1704 2152 nostri
1765 2095 2090 2151 docuerunt.

509 2194 766 2267 Sentiant
786 2192 865 2250 illi
892 2193 1035 2265 quod
1068 2192 1218 2248 libet.
1246 2192 1363 2262 Ego
1389 2205 1525 2247 vero
1558 2189 1628 2244 ab
1666 2189 1761 2246 illo
1799 2189 1924 2245 loco
1946 2228 1962 2255 ,
2000 2187 2095 2244 ubi

412 2273 424 2283 ’
502 2290 625 2346 ait:
666 2287 835 2343 Amici
881 2287 983 2342 mei
1028 2294 1078 2341 et
1123 2284 1352 2352 proximi
1397 2283 1537 2352 mei,
1590 2297 1761 2354 usque
1803 2281 1871 2337 ad
1930 2281 2092 2338 linem

501 2382 696 2454 psalmi
731 2397 746 2436 :
787 2379 946 2437 video
986 2379 1275 2436 Dominum
1309 2392 1489 2435 meum
1533 2376 1720 2433 Jesum
1747 2375 2023 2432 Christum
2062 2390 2093 2431 a

495 2476 699 2534 Judmis
728 2473 1058 2532 circumdari
1083 2513 1100 2541 ,
1134 2474 1187 2528 in
1221 2487 1389 2530 cruce
1418 2470 1717 2543 suspendi,
1747 2479 1804 2527 et
1830 2485 1899 2526 ex
1926 2468 2093 2526 infer-

499 2586 571 2625 no
602 2582 915 2640 resurgere.
963 2567 1056 2622 Ait
1094 2579 1227 2636 ergo
1254 2566 1371 2634 ipse
1417 2560 1684 2619 Dominus
1720 2560 1790 2618 de
1835 2561 2093 2633 passione

496 2678 593 2720 sua
629 2682 641 2717 ε

568 2754 735 2809 Amici
765 2753 864 2807 mei
885 2760 933 2806 et
960 2749 1190 2823 proximi
1213 2749 1317 2804 mei
1335 2748 1580 2804 adventu
1593 2763 1674 2802 me
1693 2748 2088 2820 appropinqua-

494 2859 675 2906 verunt
702 2855 747 2903 et
778 2854 1051 2902 steterunt.
1096 2844 1575 2911 Amici,dicuntur
1616 2841 1822 2909 Judaei,
1871 2850 2091 2913 propter

493 2942 796 3001 Abraham.
828 2939 1105 3005 Proximi,
1138 2953 1206 2994 eo
1229 2938 1375 3010 quod
1403 2937 1471 2993 ab
1514 2952 1705 2994 eorum
1734 2936 2089 3009 generatione

491 3034 860 3106 assumpserit
907 3048 1162 3098 carnem,
1227 3032 1321 3097 qui
1366 3031 1836 3102 appropiaverunt
1882 3030 1969 3096 ei,
2027 3037 2088 3085 ut

490 3125 1075 3202 comprehenderetur.
1101 3123 1276 3181 Amici
1300 3123 1408 3179 mei
1427 3133 1484 3178 et
1517 3121 1628 3178 noti
1653 3121 1763 3178 mei
1788 3129 1978 3178 contra
2000 3136 2087 3177 me

2192 510 2424 569 Pilatum
2443 509 2707 566 Dominus
2730 524 2836 566 non
2859 517 2943 564 est
2966 507 3203 563 locutus.
3228 506 3294 581 Et
3310 503 3482 561 Isaias
3500 503 3572 559 de
3597 503 3763 560 eodem

2197 603 2440 678 loquitur
2469 620 2484 658 :
2517 603 2820 675 Tamquam
2852 616 3028 674 agnus
3047 601 3117 657 ad
3136 600 3413 656 victimam
3435 598 3658 669 ductus,
3678 616 3765 657 non

2195 700 2450 770 aperiens
2477 712 2542 756 os
2570 714 2730 755 suum
2759 696 2919 773 (lsai.
2954 697 3077 770 LII).

2270 791 2334 846 Et
2382 792 2551 863 factus
2579 808 2696 848 sum
2734 794 2870 870 sicut
2904 791 3059 847 homo
3087 806 3193 847 non
3216 790 3434 847 audiens
3467 798 3516 846 et
3551 807 3661 846 non
3692 793 3768 848 Iut-

2195 883 2317 940 bens
2352 886 2409 941 in
2429 901 2519 941 ore
2535 901 2631 942 suo
2655 885 3072 959 redargutiones.
3094 883 3232 941 Nam
3254 899 3377 941 cum
3402 899 3494 941 me
3520 885 3698 956 sputis
3720 885 3771 942 li-

2197 980 2415 1049 uirent,
2456 978 2727 1037 arundine
2758 980 3154 1050 verberarem,
3200 977 3625 1049 iiiuderentque.
3650 993 3770 1050 genu

2196 1070 2373 1138 ﬂexo,
2418 1071 2555 1129 nihil
2602 1073 2682 1129 eis
2713 1083 2891 1129 mutus
2935 1071 3218 1143 respondi.
3243 1070 3315 1126 Et
3365 1088 3468 1127 non
3502 1071 3697 1128 habent
3729 1074 3771 1128 in

2197 1182 2286 1222 ore
2315 1183 2410 1222 suo
2437 1167 2856 1240 redargutiones.
2892 1166 2984 1223 Sic
3010 1167 3153 1223 tacui
3176 1175 3488 1234 accusatus,
3510 1168 3671 1237 quasi
3687 1184 3773 1224 non

2195 1257 2404 1317 habens
2431 1260 2563 1333 quid
2594 1277 2692 1332 pro
2720 1276 2808 1317 me
2840 1260 3180 1333 respondere
3223 1260 3507 1318 deberem.
3537 1261 3773 1319 Christus

2197 1353 2253 1409 in
2282 1355 2540 1411 omnibus
2581 1355 2899 1427 exemplum
2946 1354 3137 1425 dedit,
3167 1364 3227 1413 ut
3256 1356 3422 1415 homo
3471 1356 3689 1431 ﬂagella
3730 1368 3776 1415 et

2198 1449 2601 1507 correctionem
2627 1449 2902 1522 patienter
2925 1459 3149 1522 portare
3178 1450 3399 1509 debeat.

2271 1542 2532 1610 Quoniam
2561 1545 2617 1599 in
2646 1554 2724 1610 te,
2750 1543 3008 1612 Domine,
3038 1545 3281 1616 sperari,
3307 1554 3366 1600 tu
3397 1545 3649 1601 exaudies
3679 1563 3775 1615 me,

2200 1632 2420 1692 Domine
2455 1634 2597 1692 Deus
2626 1653 2772 1691 meus
2795 1654 2813 1691 :
2846 1637 2917 1693 lit
2946 1652 3035 1693 me
3061 1637 3380 1694 resuscites.
3412 1637 3513 1694 Vel
3542 1648 3603 1693 tu
3621 1655 3772 1695 esas-

2197 1726 2306 1783 dies
2334 1740 2417 1784 me
2442 1746 2462 1785 :
2492 1730 2595 1786 hoc
2624 1740 2728 1801 est,
2760 1729 3137 1794 videiilarum
3173 1731 3487 1803 superbiam
3526 1742 3584 1789 et
3614 1747 3775 1789 meam

2122 1826 2172 1887 Β
2199 1818 2588 1878 humilitatem.

2274 1913 2411 1982 Quia
2431 1913 2544 1969 dixi
2566 1915 2839 1986 nequando
2863 1916 3283 1989 supergaudeant
3300 1916 3432 1971 mihi
3452 1917 3657 1972 inimici
3676 1917 3775 1985 mei,

2199 2016 2245 2059 et
2272 2006 2397 2060 dum
2428 2016 2811 2063 commoventur
2832 2007 2987 2081 pedes
3014 2009 3134 2065 mei.
3155 2008 3334 2066 Pedes
3353 2008 3558 2065 Christi
3590 2010 3648 2065 in
3670 2023 3777 2081 pas—

2196 2098 2404 2175 sione:
2440 2100 2520 2154 vel
2562 2101 2737 2156 sancti
2778 2100 3042 2171 apostoli,
3081 2101 3177 2172 qui
3226 2100 3393 2172 pedes
3432 2101 3635 2158 Christi
3674 2117 3776 2158 esse

2197 2191 2500 2249 debuerant
2528 2209 2545 2247 :
2575 2195 2837 2250 commoti
2864 2203 2991 2251 sunt
3028 2195 3096 2251 de
3140 2194 3248 2251 Ide
3277 2194 3345 2250 ad
3388 2194 3773 2251 inﬁdelitatem.

2196 2280 2546 2341 Commoveri
2581 2295 2814 2356 possunt
2840 2284 3007 2356 pedes
3040 2286 3146 2341 mei
3175 2300 3208 2340 a
3234 2284 3535 2342 stabilitate
3568 2301 3668 2340 sua
3692 2327 3707 2352 ,
3730 2295 3776 2341 et

2197 2375 2407 2433 inimici
2435 2376 2488 2431 in
2520 2391 2608 2433 me
2637 2376 2905 2433 insultare
2935 2394 2949 2432 :
2984 2376 3029 2431 si
3060 2376 3114 2432 in
3140 2376 3244 2434 bac
3280 2376 3461 2433 crucis
3485 2385 3664 2433 morte
3687 2377 3776 2430 hu-

2196 2467 2440 2527 miliatus
2464 2512 2480 2539 ,
2513 2487 2621 2526 non
2652 2487 3035 2528 resnrrexero.
3057 2470 3128 2527 In
3150 2488 3234 2527 ure
3253 2489 3444 2545 magna
3475 2471 3637 2527 locuti
3654 2482 3775 2527 sunt.

2198 2562 2452 2620 Dicentes
2506 2584 2519 2619 :
2566 2564 2626 2622 Si
2678 2565 2849 2622 Filius
2888 2565 2988 2623 Dei
3035 2580 3131 2635 es,
3182 2565 3462 2623 descende
3508 2565 3583 2623 de
3630 2580 3779 2622 cruce

2193 2656 2416 2731 (Matth.
2440 2645 2636 2731 xiv").

2273 2750 2386 2824 Ego
2414 2764 2589 2809 autem
2614 2754 2668 2809 in
2687 2752 2901 2828 ﬂagella
2922 2761 3140 2825 paratus
3157 2768 3296 2808 sum.
3326 2750 3586 2823 Praeparo
3611 2767 3695 2808 me
3717 2752 3775 2809 ad

2193 2845 2574 2903 sustinendam
2595 2861 2841 2917 crucem,
2885 2846 3154 2914 lanceam,
3190 2845 3286 2913 fel,
3318 2856 3562 2914 acetum,
3592 2858 3778 2918 utper-

2194 2934 2339 2994 hanc
2369 2947 2601 2996 mortem
2626 2953 2749 2995 meo
2779 2939 3046 3011 sanguine
3077 2938 3341 2997 redimam
3375 2940 3637 3011 populum
3666 2957 3777 3010 per-

2191 3040 2409 3088 euntcm
2428 3075 2443 3100 ,
2475 3032 2604 3103 quia
2634 3032 2888 3089 Christus
2916 3032 2981 3090 ad
3013 3032 3118 3090 hoc
3146 3032 3296 3089 venit
3317 3072 3332 3099 ,
3376 3041 3437 3089 ut
3475 3034 3773 3104 passionem

2158 3165 2161 3168 ν
2191 3125 2515 3182 sustineret.
2551 3123 2617 3179 Et
2658 3123 2811 3180 dolor
2838 3141 2981 3180 meus
3022 3125 3077 3179 in
3119 3133 3395 3196 conspectu
3423 3140 3536 3180 meo
3565 3140 3771 3196 seraper.

490 3226 784 3277 steterunt.
815 3217 1008 3274 Potest
1030 3224 1089 3273 et
1111 3215 1181 3272 de
1210 3214 1498 3285 discipulis
1521 3214 1718 3284 accipi,
1750 3214 1867 3284 qui,
1894 3214 1947 3269 in
1972 3228 2089 3283 pas-
2113 3226 2159 3288 ρ
2195 3217 2379 3275 Donec
2407 3216 2622 3290 ejiciam
2656 3218 2941 3274 victoriam
2974 3220 3029 3273 in
3062 3216 3353 3288 judicium.

493 3317 650 3372 sione
672 3320 818 3368 metu
846 3309 1053 3380 territi,
1081 3325 1112 3364 a
1134 3310 1366 3366 Domino
1390 3317 1738 3364 recesserunt
1768 3324 1783 3364 :
1818 3308 2083 3363 intantum

491 3414 554 3463 ut
569 3407 736 3461 etiam
768 3418 894 3461 eum
930 3404 1123 3460 Petrus
1154 3402 1469 3474 denegaret.
1505 3400 1605 3456 Vel
1635 3409 1915 3469 steterunt,
1956 3416 2086 3457 cau-

494 3508 685 3556 sentes
713 3508 919 3555 (201111⁵³Δ
933 3512 1081 3553 eum.

562 3591 632 3647 Et
657 3593 749 3665 qui
767 3595 927 3667 juxta
949 3604 1031 3645 me
1062 3598 1236 3655 erant,
1268 3588 1333 3643 de
1357 3586 1512 3658 longe
1539 3595 1811 3643 steterunt.
1836 3585 2083 3659 Apostoli

440 3698 447 3702 ‘
487 3687 574 3744 vel
602 3684 808 3758 reliqui
835 3682 1114 3756 discipuli,
1139 3681 1208 3738 de
1228 3680 1425 3752 quibus
1451 3681 1528 3735 ait
1548 3678 1876 3751 evangelista
1902 3696 1918 3737 :
1946 3680 2079 3735 Cum

487 3790 670 3839 autem
712 3778 1206 3851 apprehendissent
1253 3790 1407 3840 eutn,
1454 3774 1674 3831 stabant
1718 3788 1911 3830 omnes
1966 3772 2081 3830 uoti

485 3877 605 3945 ejus
628 3890 658 3929 a
683 3874 845 3945 longe
876 3871 1030 3946 (Luc.
1064 3866 1245 3940 artu).
1273 3865 1342 3921 Et
1374 3869 1477 3935 vim
1496 3866 1756 3938 faciebant
1774 3866 1865 3937 qui
1883 3882 2083 3936 qurere-

486 3967 610 4023 bant
637 3966 867 4022 animam
887 3978 1075 4021 meum.
1106 3958 1407 4017 Faciebant
1446 3960 1591 4025 vim,
1641 3975 1748 4014 non
1788 3959 1935 4027 noti,
1980 3956 2077 4016 sed

480 4059 657 4117 Judaei
682 4074 699 4113 :
734 4057 818 4114 vel
850 4056 1047 4122 Petro,
1073 4068 1196 4110 cum
1226 4051 1483 4109 dicerent
1514 4070 1526 4106 :
1559 4050 1695 4107 Nam
1725 4063 1782 4108 et
1803 4064 1857 4107 tu
1883 4068 1948 4107 ex
1968 4050 2079 4116 illis

482 4168 543 4210 es
564 4153 721 4223 (Luc.
752 4149 913 4222 χιιι).
946 4149 1046 4206 Vel
1071 4147 1281 4205 Iacobo
1309 4164 1325 4208 ι
1356 4147 1601 4219 quicum
1633 4147 1962 4215 traheretur,
1989 4164 2078 4204 re-

478 4228 609 4304 licta
643 4246 910 4310 sindone,
940 4244 1119 4300 nudus
1144 4241 1353 4313 aufugit
1391 4242 1461 4299 ab
1492 4244 1574 4299 eis
1609 4241 1808 4314 (Marc.
1841 4243 1976 4312 xiv).
2010 4242 2077 4298 Et

483 4340 588 4395 vim
611 4338 871 4410 faciebant
902 4337 993 4407 qui
1012 4337 1315 4408 quercbant
1352 4335 1585 4390 animam
1620 4351 1784 4390 meam
1812 4350 1829 4389 :
1868 4335 2076 4392 scilicet

394 4446 397 4447 '
479 4435 681 4504 Judaei,
703 4435 858 4505 quasi
882 4432 1099 4497 illorum
1127 4431 1393 4488 fortitudo
1415 4439 1583 4497 esset.
1624 4439 1680 4487 et
1706 4446 1735 4486 a
1764 4430 1872 4487 Deo
1901 4431 2072 4503 ipsam

480 4537 813 4603 potestatem
843 4542 953 4584 non
985 4527 1350 4597 accepissent.

2263 3311 2521 3379 Quoniam
2545 3311 2872 3383 iniquitatem
2900 3318 3065 3366 meam
3091 3310 3439 3375 annuntiabo,
3470 3319 3522 3365 et
3549 3310 3773 3383 cogitabo

2185 3421 2281 3478 pro
2309 3416 2521 3478 peccato
2543 3423 2676 3461 meo.
2700 3404 2852 3463 Sicut
2876 3407 3021 3462 enim
3051 3405 3427 3462 maledictioni
3473 3405 3767 3477 subiacuit,

2187 3510 2246 3556 ut
2272 3515 2371 3556 nos
2415 3516 2446 3557 a
2472 3501 2766 3558 maledicto
2809 3502 2943 3572 legis
2970 3510 3218 3566 erueret,
3244 3501 3318 3556 ita
3348 3508 3408 3557 et
3437 3509 3768 3569 peccator-cm

2183 3610 2245 3651 se
2276 3595 2586 3666 proﬁtetur,
2610 3597 2700 3666 qui
2732 3606 2958 3667 peccata
2986 3605 3168 3651 nostra
3193 3596 3453 3666 portavit,
3487 3603 3546 3651 ut
3565 3595 3651 3665 pio
3677 3609 3769 3651 co-

2181 3686 2355 3759 gitatu
2405 3702 2470 3744 ac
2525 3687 2920 3745 misericordiae
2962 3687 3231 3752 consilio,
3295 3701 3399 3742 nos
3457 3687 3526 3742 ab
3571 3685 3766 3744 eisdem

2183 3792 2429 3839 erueret.
2466 3780 2534 3837 Et
2559 3780 2832 3838 sollicitus
2874 3796 2972 3838 ero
3001 3796 3101 3852 pro
3131 3789 3361 3851 peccato
3393 3794 3536 3837 meo.
3576 3777 3766 3835 Pecca-

2185 3885 2299 3931 tum
2323 3873 2566 3944 Christi,
2596 3874 2819 3930 humani
2849 3874 3049 3931 delicta
3079 3884 3209 3931 sunt
3242 3874 3464 3945 generis
3493 3891 3507 3928 :
3555 3880 3766 3945 propter

2182 3984 2308 4042 quae
2328 3981 2390 4027 et
2418 3967 2568 4025 Patri
2587 3968 2789 4024 dicitur
2819 3982 2965 4024 nunc
2988 3982 3114 4024 esse
3138 3965 3444 4037 subjectus.

2257 4062 2467 4120 Inimici
2510 4072 2688 4119 autem
2715 4063 2815 4119 mei
2857 4064 3052 4118 vivunt.
3094 4061 3231 4130 Quia
3270 4075 3383 4119 non
3418 4067 3543 4119 sunt
3580 4058 3763 4115 statim

2182 4158 2389 4215 ultione
2427 4156 2615 4214 divina
2661 4155 2858 4228 puniti.
2892 4154 2959 4210 Et
2996 4155 3292 4226 conﬁrmati
3321 4164 3445 4210 sunt
3479 4170 3625 4225 super
3659 4170 3758 4209 ate.

2184 4250 2509 4308 Conﬁrmati
2537 4259 2663 4306 sunt
2687 4251 2741 4306 in
2771 4248 2902 4320 legis
2930 4249 3118 4305 littera
3143 4265 3159 4304 :
3190 4249 3243 4305 in
3274 4264 3384 4320 qua
3414 4248 3759 4320 spiritualitcr

2181 4343 2489 4400 nuntiatum
2526 4357 2636 4399 non
2677 4342 3088 4399 intellexerunt.
3140 4339 3210 4397 Et
3242 4340 3571 4413 multiplicati
3604 4348 3756 4403 sunt,

2176 4436 2265 4506 qui
2296 4435 2516 4490 oderunt
2540 4451 2623 4490 me
2648 4435 2839 4505 inique.
2858 4431 3021 4490 Certe
3050 4433 3233 4505 inique
3256 4444 3312 4490 et
3341 4449 3449 4491 non
3472 4431 3754 4489 rationabi-

2176 4526 2311 4584 liter
2345 4545 2359 4582 :
2386 4526 2510 4599 quia
2540 4526 2592 4582 in
2633 4526 2736 4583 hac
2764 4526 2950 4583 littera
2974 4568 2990 4595 ,
3018 4540 3212 4583 semen
3237 4540 3400 4583 suum
3419 4567 3437 4595 ,
3482 4540 3577 4583 ceu
3604 4534 3755 4579 astra

548 4621 618 4676 Et
634 4622 724 4693 qui
752 4618 1049 4692 quarebant
1070 4618 1209 4674 mala
1235 4619 1360 4673 mihi
1379 4658 1395 4687 ,
1449 4617 1610 4673 locuti
1643 4626 1764 4672 sunt
1794 4619 2067 4687 vanitates,
2096 4620 2149 4683 Β
2174 4625 2296 4682 caeli
2330 4624 2682 4697 multiplicari
2728 4622 3049 4681 credebant.

478 4726 527 4773 et
550 4716 700 4772 dolos
721 4725 832 4770 tota
859 4714 945 4769 die
967 4712 1370 4770 meditabantur.
1414 4712 1611 4769 Multos
1652 4712 1872 4783 quidem
1916 4712 2072 4770 dolos

474 4806 725 4863 meditati
772 4816 899 4862 sunt
925 4820 942 4864 ε
967 4819 1096 4861 cum
1128 4803 1530 4875 interrogarent
1558 4804 1602 4858 si
1631 4803 1898 4860 deberent
1940 4804 2070 4862 dare

475 4913 699 4956 censum
721 4898 927 4956 Caesari
950 4940 964 4965 ,
996 4913 1069 4954 an
1096 4911 1204 4953 non
1228 4895 1446 4969 (Matth.
1475 4893 1651 4968 un):
1683 4904 1777 4952 aut
1805 4898 1849 4952 si
1878 4898 2071 4954 mulier

473 4992 816 5065 deprehensa
839 4990 1178 5060 iapidaretur
1205 4987 1389 5061 (Joan.
1415 4986 1557 5060 νιιι).
1583 4986 1692 5045 Sed
1724 4997 1852 5044 tunc
1880 4999 2070 5060 aperte

472 5086 661 5142 dolum
693 5086 983 5157 ingerunt,
1024 5096 1147 5137 cum
1194 5080 1363 5137 falsos
1396 5090 1566 5137 testes
1603 5081 1898 5138 adducunt.
1927 5082 2061 5153 Vel,

468 5178 560 5249 qui
598 5178 930 5249 inquirebant
973 5174 1114 5230 maia
1164 5171 1321 5241 mihi,
1382 5173 1541 5227 locuti
1579 5183 1699 5229 sunt
1747 5175 2056 5244 vanitatem,

466 5272 688 5345 quando
742 5270 1000 5327 dixerunt
1043 5286 1059 5325 ε
1117 5267 1176 5324 lo
1232 5266 1542 5325 Beelzebub
1587 5264 1735 5339 ejicit
1791 5268 2059 5325 daemonia

462 5366 622 5439 (Luc.
648 5365 746 5438 st).
1665 5424 1673 5431 .

533 5458 650 5535 Ego
679 5468 852 5514 autem
880 5467 1142 5529 tamquam
1169 5454 1360 5512 surdus
1394 5452 1498 5509 non
1523 5454 1820 5523 audiebam,
1848 5463 1896 5511 et
1924 5456 2057 5510 sicut

457 5565 631 5611 mutus
654 5571 759 5609 non
788 5553 1026 5626 aperiens
1061 5568 1118 5607 os
1142 5568 1317 5607 suum.
1348 5550 1582 5622 Semper
1607 5565 1732 5621 quae
1759 5550 2056 5622 exprobra-

455 5650 622 5716 bant,
653 5646 883 5715 sustuli,
919 5646 1201 5719 etjugiter
1232 5644 1381 5702 silui.
1415 5644 1527 5703 Hoc
1559 5652 1615 5700 et
1648 5642 1852 5700 Pilatus
1881 5644 2048 5701 mani-

2250 4718 2353 4785 Qui
2389 4717 2734 4772 retribuebant
2760 4716 2891 4771 mihi
2916 4717 3053 4772 maia
3090 4732 3184 4790 pro
3210 4716 3379 4772 bonis.
3413 4716 3750 4773 Dulcedinem

2172 4820 2396 4867 aeterna:
2427 4809 2554 4866 vita:
2588 4809 2909 4866 aii'erentem
2949 4819 3108 4867 aceto
3137 4820 3488 4881 potaverunt,
3515 4824 3575 4866 ac
3607 4807 3746 4863 lelie.

2177 4902 2529 4960 Detrahebant
2559 4900 2714 4958 mihi.
2743 4902 3000 4960 Dicentes
3025 4920 3038 4959 :
3081 4901 3237 4959 Alios
3265 4904 3450 4961 salvos
3481 4903 3629 4967 iecit;
3662 4914 3749 4955 se~

2172 4996 2467 5067 mctipsum
2507 5012 2613 5051 non
2668 5004 2852 5067 potest
2896 4995 3106 5052 salvum
3159 4995 3338 5053 facere
3379 4996 3531 5069 (Luc.
3574 4993 3744 5060 um).

2173 5089 2438 5156 Quoniam
2473 5089 2719 5161 sequebar
2747 5090 3045 5146 bonitatem.
3079 5089 3400 5163 Utimplens
3429 5090 3745 5147 voluntatem

2167 5181 2382 5252 Patris,
2414 5197 2515 5254 pro
2536 5183 2643 5237 vita
2672 5183 2854 5255 populi
2885 5184 3220 5254 susciperem
3252 5194 3510 5241 mortem.

2180 5334 2187 5339 ,
2240 5273 2364 5330 Νοη
2394 5274 2718 5348 derelinquas
2744 5293 2845 5343 me,
2868 5276 3090 5332 Domine
3111 5276 3251 5334 Deus
3277 5295 3456 5335 meus:
3481 5294 3540 5334 ne
3565 5276 3745 5331 disces-

2164 5369 2295 5424 seris
2319 5384 2351 5421 a
2372 5385 2473 5425 me.
2507 5366 2640 5425 Cum
2667 5367 2935 5439 profunda
2967 5369 3162 5425 inferni
3191 5377 3572 5440 penetravere.

2236 5460 2460 5523 Intende
2499 5461 2552 5515 in
2579 5461 2901 5529 adjutorium
2933 5448 3122 5529 meum,
3152 5460 3380 5518 Domine
3406 5460 3543 5518 Deus
3566 5457 3739 5515 salutis

2164 5568 2311 5608 mete.
2342 5550 2695 5609 Manifestum
2715 5560 2819 5622 est,
2840 5553 3071 5611 Domine
3094 5555 3248 5621 Jesu,
3282 5555 3413 5627 quia
3438 5551 3649 5610 intendit
3671 5550 3728 5603 in

2162 5653 2213 5702 te
2241 5645 2407 5702 Pater
2432 5646 2713 5702 suscitans
2745 5656 2797 5704 te
2822 5663 2853 5704 a
2882 5649 3115 5707 mortuis
3143 5650 3309 5705 tertia
3340 5649 3459 5717 die,
3497 5656 3551 5705 et
3573 5643 3732 5702 collo-

457 5744 660 5811 festat,
697 5754 819 5799 cum
860 5741 1032 5798 dicit:
1065 5738 1194 5796 Mihi
1223 5755 1332 5795 non
1363 5735 1709 5810 respondes?
1755 5740 1836 5793 An
1870 5737 2050 5794 itescis
2157 5755 2290 5796 cans
2313 5734 2381 5798 ad
2421 5739 2702 5798 dexteram
2738 5737 2895 5799 suam
2921 5742 2974 5798 in
3002 5741 3321 5800 cmlestibus
3347 5757 3509 5815 super
3527 5748 3724 5797 omnem

452 5836 578 5908 quia
612 5843 940 5907 potestatem
971 5833 1152 5891 habeo
1172 5833 1451 5891 dimittere
1478 5842 1530 5888 te
1550 5829 1735 5903 (Joan.
1761 5829 1909 5905 an)?
1931 5830 2046 5906 Ego
2157 5835 2517 5909 principatum
2562 5843 2621 5895 et
2659 5842 2985 5908 potestatem
3017 5851 3034 5894 :
3078 5836 3217 5895 dans
3243 5837 3344 5896 tibi
3370 5848 3564 5895 nomen
3588 5827 3721 5904 quod
