3944 6334
202 306 289 364 9M
1081 309 1510 407 BREVI’ARIUM
1550 309 1616 370 IN
1653 310 1775 370 PSA

1892 308 1992 367 DS.
2035 308 2284 369 PSALM.
2328 309 2617 371 XXXVIII.

3390 316 3493 376 9&2

200 429 276 475 est
301 433 474 488 supra
505 432 670 476 omne
711 435 932 477 nomen.
964 423 1108 496 Ergo
1138 425 1264 497 quia
1294 440 1491 498 graves
1521 435 1649 483 sunt
1689 441 1784 497 pu-
1820 438 1873 497 Α
1899 426 2075 495 nobis,
2108 443 2230 482 cum
2249 428 2558 500 loqueretur
2585 435 2635 485 iu
2661 431 2768 501 via,
2793 442 2846 488 et
2885 432 3128 503 aperiret
3151 432 3311 490 uobis
3340 433 3490 492 Serio

198 529 311 585 gnte
363 514 580 580 carnis,
621 521 707 581 tu,
757 515 1017 582 Domine,
1066 517 1292 576 intende
1343 521 1397 576 in
1456 520 1786 593 adiutorium

198 614 476 673 nostrum,
525 612 587 662 et
610 614 731 663 esto
770 607 932 665 nobis
974 609 1123 666 salus
1171 611 1226 666 in
1280 621 1524 683 tempore
1564 615 1781 670 tribula-

198 699 379 757 nonis.

623 802 626 804 ⁷
665 798 985 859 PSALMUS
1021 799 1315 856 XXXVIII.

196 887 254 944 In
283 892 449 968 finem
483 907 576 960 pro
599 891 816 968 Iditltan
841 893 1112 950 Canticum
1143 895 1332 953 David.
1361 896 1577 954 Idithun
1601 941 1614 968 ,
1645 912 1791 958 tran-

191 966 194 970 ’
256 964 450 1042 sitiens
466 983 579 1032 eos,
608 967 1026 1042 in'erpretatur.
1062 968 1168 1025 Iste
1195 970 1436 1040 psalmus
1466 964 1786 1042 patientiam

255 1035 458 1112 docet,
485 1050 544 1112 ut
574 1035 858 1094 refrenans
891 1039 1056 1095 homo
1087 1057 1146 1096 os
1178 1035 1333 1098 suum
1353 1085 1368 1112 ,
1417 1035 1673 1102 observet
1723 1063 1789 1102 ne

255 1123 358 1185 per
411 1105 714 1185 fatuitatem
767 1111 1060 1185 verborum
1108 1113 1311 1168 incidat
1353 1105 1404 1170 in
1456 1130 1734 1185 peccatum
1773 1138 1784 1172 :

254 1181 390 1250 quia
415 1181 521 1236 scit
550 1184 810 1250 propheta
839 1181 1001 1238 etiam
1017 1182 1084 1238 de
1099 1187 1281 1240 verbis
1301 1181 1495 1242 otiosis
1520 1192 1786 1246 rationem

255 1266 390 1307 esse
418 1252 774 1308 reddendam.
802 1255 968 1310 Docet
987 1257 1153 1310 etiam
1187 1266 1244 1311 ut
1263 1273 1326 1314 ea
1353 1259 1790 1317 thesaurizeutus

252 1323 312 1378 in
371 1324 610 1393 satculo,
665 1341 786 1395 quae
833 1327 900 1381 ad
957 1327 1258 1398 proiectum
1315 1335 1620 1402 pertineant
1665 1334 1786 1388 aui-

252 1408 499 1452 marum.

251 1530 428 1601 Dixi,
476 1534 766 1591 custodiam
803 1536 910 1591 uias
955 1553 1090 1593 meas
1121 1554 1140 1593 :
1171 1548 1226 1594 ut
1262 1556 1364 1594 non
1408 1540 1708 1614 delinquant
1734 1543 1786 1598 in

189 1627 370 1699 lingua
399 1643 532 1682 mea.
555 1626 674 1683 Non
696 1628 856 1685 aliter
879 1630 993 1685 scio
1020 1629 1144 1686 vitae
1171 1647 1304 1688 meae
1327 1633 1608 1690 custodire
1628 1635 1745 1690 vias
1770 1654 1783 1689 :

188 1720 284 1775 nisi
319 1730 380 1774 ut
412 1736 522 1775 nou
567 1721 759 1792 loquar
786 1721 971 1791 fatua,
1020 1739 1087 1779 ac
1129 1724 1378 1792 diversa,
1428 1727 1547 1782 sive
1588 1729 1781 1783 otiosa.

1894 527 2077 588 pturas
2109 518 2262 589 (Luc.
2293 523 2477 593 xxiv)?

1939 609 2196 667 'Locutus
2237 631 2351 669 sum
2389 615 2441 670 in
2485 617 2666 689 lingua
2710 633 2844 672 mea.
2893 617 3006 673 IIoc
3033 629 3156 685 est,
3201 621 3495 691 prtcdicavi

1893 705 2145 761 omnibus
2178 706 2523 776 hominibus,
2557 709 2779 765 utvillud
2808 728 2820 762 :
2863 711 2918 768 Si
2951 727 3060 768 non
3085 713 3494 770 aununtiaveris

1893 795 2080 868 iniquo
2114 799 2447 870 iniquitatem
2485 817 2639 858 suam
2665 844 2680 868 ,
2717 805 3197 878 sattguinemejus
3232 807 3302 864 de
3330 825 3490 863 ntanu

1896 897 1986 944 tua
2011 893 2282 961 requiram
2318 893 2534 966 (Ezech.
2563 897 2667 967 ut).
2700 896 2902 951 Notum
2932 901 3016 969 [ac
3046 900 3175 954 mihi
3196 941 3211 966 ,
3244 899 3489 971 Domine,

1893 982 2048 1048 ﬁnem
2086 1001 2274 1038 meum.
2307 983 2376 1039 Et
2415 1003 2689 1042 numerum
2727 989 2930 1044 dierum
2967 1007 3196 1046 meorum
3222 994 3336 1062 quis
3371 1004 3443 1049 est
3470 996 3496 1049 ?

1891 1069 2010 1128 Non
2060 1075 2218 1130 istius
2249 1076 2373 1132 vitae
2400 1077 2564 1156 tinem
2592 1082 2792 1150 quaerit
2835 1083 2936 1136 sibi
2971 1093 3156 1139 notum
3197 1085 3313 1141 ﬁeri
3368 1103 3493 1156 pro-

1894 1163 2094 1234 pheta:
2126 1168 2221 1222 sed
2271 1168 2422 1226 illum
2444 1155 2513 1225 'iu
2556 1189 2686 1242 quo.
2714 1176 2996 1232 evacuatis
3038 1155 3398 1246 potestatibus
3429 1199 3492 1236 ac

1891 1259 2169 1316 destructa
2200 1263 2641 1327 morte.Cltristo
2661 1267 2922 1338 jungatur
2952 1271 3149 1340 quiest
3170 1271 3300 1328 ﬁnis
3333 1272 3491 1341 legis.

1892 1350 2078 1422 Neque
2111 1354 2336 1408 istorum
2362 1355 2573 1412 dierum
2604 1373 2888 1414 numerum
2914 1361 3028 1416 vult
3052 1363 3216 1430 scire,
3246 1363 3344 1419 sed
3371 1365 3494 1420 illo-

1892 1458 2011 1498 rum
2043 1443 2112 1500 de
2137 1447 2337 1516 quibus
2359 1445 2492 1502 dicit
2532 1448 2793 1505 Dominus
2819 1467 2832 1504 :
2866 1452 3024 1522 Apud
3055 1453 3267 1509 Patrem
3308 1471 3488 1509 meum

1890 1536 2206 1592 mansiones
2254 1539 2441 1594 multa:
2499 1549 2628 1596 sunt
2669 1539 2866 1613 (Joan.
2922 1543 3064 1616 xrv).
3105 1544 3174 1600 Et
3217 1564 3490 1603 numerum

1890 1627 2094 1684 dierum
2123 1645 2354 1686 meorum
2380 1634 2494 1702 quis
2524 1635 2637 1688 est?
2667 1635 2780 1691 lloc
2811 1645 2916 1704 est,
2950 1653 3211 1694 numerus
3241 1641 3363 1697 sine
3387 1658 3490 1696 nu-

1892 1736 2068 1788 mero,
2097 1720 2214 1779 dies
2235 1727 2357 1780 sine
2383 1725 2494 1792 die,
2521 1735 2769 1796 tempora
2793 1728 2914 1783 sine
2943 1738 3208 1800 tempore.
3231 1732 3358 1798 Quis
3379 1736 3492 1789 est?

188 1815 263 1872 Ex
293 1817 521 1884 verbis,
567 1815 744 1887 inquit
786 1817 1081 1884 Dominus,
1134 1820 1241 1875 tuis
1263 1819 1683 1890 justiticaberis,
1731 1830 1786 1878 et
1819 1837 1860 1896 Β
1891 1818 1980 1886 qui
2005 1833 2223 1888 semper
2251 1827 2353 1874 est.
2384 1818 2452 1874 Ut
2477 1821 2638 1874 sciant
2665 1822 2791 1893 quid
2818 1824 2949 1878 desit
2976 1822 3124 1880 mihi.
3156 1825 3267 1880 Hoc
3294 1837 3402 1894 est,
3436 1837 3495 1882 ut

188 1928 247 1970 ex
280 1914 477 1969 verbis
508 1915 612 1968 tuis
639 1914 1120 1974 condemnaberis.
1154 1914 1279 1970 Dixi
1302 1955 1318 1982 ,
1353 1918 1647 1972 custodiam
1677 1919 1785 1972 eius

187 2023 325 2062 ineas
355 2022 378 2061 :
409 2005 466 2062 id
496 2019 610 2074 est,
639 2008 882 2078 disposui
909 2009 1196 2065 custodire
1237 2024 1404 2081 opera
1437 2027 1554 2066 mea
1591 2027 1606 2066 :
1638 2012 1787 2066 scili-

192 2110 272 2156 cet
314 2101 560 2172 quinque
599 2116 792 2156 sensus
838 2103 1110 2172 corporis.
1145 2101 1212 2158 Ut
1245 2119 1348 2159 non
1395 2104 1693 2174 delinquant
1729 2105 1786 2160 in

187 2195 366 2266 lingua
393 2211 529 2248 mea.
565 2194 690 2252 Non
719 2195 1054 2266 delinquant,
1093 2213 1200 2253 non
1239 2213 1502 2268 peccem:
1537 2201 1662 2268 quia
1695 2201 1784 2269 qui

186 2289 429 2346 custodit
488 2291 723 2362 linguam
787 2307 975 2358 suam,
1045 2292 1291 2348 custodit
1334 2295 1575 2348 animam
1629 2310 1782 2349 suam

189 2380 372 2452 (Prov.
406 2383 607 2453 xvut):
645 2384 769 2453 quia
802 2399 950 2440 mors
980 2392 1034 2439 et
1065 2384 1170 2440 vita
1203 2385 1256 2440 in
1289 2385 1541 2441 manibus
1585 2387 1784 2457 lingum

188 2473 344 2548 (Isai.
379 2475 575 2548 χχιιι).
611 2477 676 2532 Et
707 2481 836 2532 item
871 2495 883 2531 :
917 2477 1109 2534 Cultus
1134 2479 1358 2549 iustitiae
1382 2522 1397 2547 ,
1424 2479 1700 2534 silentium
1729 2486 1787 2535 et

186 2583 282 2640 pax
314 2568 513 2641 (Eccli.
538 2571 760 2642 sum).

255 2661 430 2718 Ροδυὶ
460 2664 536 2717 ori
580 2680 690 2718 meo
722 2666 1034 2718 custodiant.
1078 2663 1239 2718 Juxta
1289 2664 1417 2718 illud
1445 2682 1457 2717 :
1490 2663 1781 2720 Pecuniam

185 2765 238 2814 et
255 2772 454 2812 aurum
487 2767 637 2813 tuum
677 2759 835 2828 alliga
869 2758 1038 2827 bene,
1065 2767 1119 2813 et
1145 2757 1308 2812 facito
1338 2760 1416 2812 ori
1453 2767 1544 2813 tuo
1582 2759 1782 2813 ostium

185 2868 238 2915 et
251 2873 463 2915 seram.
488 2859 710 2914 Beatum
734 2860 880 2914 enim
906 2860 1179 2915 hominem
1202 2859 1314 2915 oris
1343 2858 1590 2916 custodia
1615 2858 1780 2913 facit:

183 2969 304 3010 cum
335 2970 442 3010 non
473 2953 689 3024 profert
728 2954 909 3010 inania
932 2999 946 3021 ,
979 2954 1073 3010 sed
1121 2969 1244 3025 qua:
1290 2955 1398 3009 Deo
1429 2962 1556 3008 sunt
1595 2953 1778 3023 digna.

182 3048 315 3104 Cum
366 3051 670 3105 consisteret
713 3060 949 3122 peccator
989 3051 1232 3104 adversus
1277 3065 1375 3103 me.
1408 3047 1466 3104 Id
1509 3058 1626 3115 est,
1660 3047 1781 3100 tlia-

181 3142 367 3209 bolus,
400 3142 492 3212 qui
519 3142 680 3213 justis
706 3142 985 3199 maledicit
1013 3157 1077 3198 ac
1107 3140 1379 3210 detrahit,
1407 3151 1459 3196 et
1493 3141 1782 3211 instigator

180 3247 371 3292 eorum
398 3245 516 3298 est,
546 3233 637 3305 qui
664 3236 870 3291 sanctis
891 3233 1234 3290 insidiantur.

251 3328 524 3384 Obmutui.
555 3327 635 3384 Ne
677 3327 1087 3398 obiurgantibus
1118 3343 1203 3382 me
1236 3326 1630 3396 obstreperem.
1673 3324 1779 3378 Ub-

176 3421 346 3475 mutui
369 3461 386 3486 ,
414 3430 465 3476 et
495 3433 606 3475 non
639 3419 824 3490 aperui
854 3435 918 3474 os
945 3435 1122 3475 meum
1145 3461 1160 3486 ,
1185 3419 1314 3491 quia
1337 3429 1392 3473 tu
1419 3417 1616 3474 iecisti.
1649 3416 1777 3473 Ideo

175 3513 454 3582 patienter
491 3514 620 3568 .l'ero
661 3531 673 3568 :
724 3513 846 3583 quia
895 3521 947 3568 te
993 3513 1109 3568 scio
1153 3512 1220 3566 ad
1262 3512 1638 3582 probationem
1689 3525 1776 3565 me

176 3606 571 3663 tentationibus
604 3606 910 3677 reliquisse.
958 3603 1026 3659 Et
1051 3604 1356 3660 humiliatus
1379 3621 1514 3658 sum.
1545 3602 1627 3658 Ad
1655 3617 1776 3658 sus-

172 3696 399 3753 tinenda
429 3713 620 3754 eorum
653 3691 1006 3768 improperia.
1034 3696 1097 3751 Et
1128 3697 1251 3751 silui
1273 3713 1303 3749 a
1325 3695 1491 3750 bonis.
1525 3695 1600 3750 De
1633 3695 1771 3749 bona

171 3791 511 3846 conscientia
544 3792 876 3861 procedebat
905 3790 1038 3846 mihi
1067 3789 1331 3846 securitas
1362 3806 1375 3845 :
1409 3789 1531 3845 ideo
1557 3803 1644 3845 me
1665 3802 1770 3843 non

164 3883 464 3956 iustiﬁcari
495 3899 678 3940 coram
711 3883 1023 3941 hominibus
1053 3901 1066 3938 :
1101 3899 1276 3954 neque
1303 3883 1444 3938 bona
1465 3897 1583 3952 qua:
1608 3881 1658 3935 in
1687 3895 1771 3935 me

168 3985 371 4044 erant,
397 3977 673 4049 divulgavi
705 3995 716 4032 :
748 3978 874 4048 quia
901 3979 1015 4032 scio
1039 3975 1185 4046 quod
1231 3974 1392 4031 Pater
1422 3975 1511 4044 qui
1541 3973 1685 4027 videt
1717 3973 1768 4026 in

168 4070 476 4138 absconso,
511 4069 705 4126 reddet
739 4069 892 4124 mihi.
923 4067 993 4124 Et
1019 4069 1168 4123 dolor
1195 4084 1340 4122 meus
1370 4075 1640 4121 renovatus
1671 4073 1765 4121 cst.

165 4162 425 4220 Nondum
466 4164 612 4220 enim
656 4178 908 4218 veneram
949 4162 1015 4216 ad
1051 4164 1347 4230 perlectum
1391 4160 1586 4214 virum.
1633 4156 1766 4212 Nam

162 4259 275 4314 etsi
307 4257 646 4314 sustinebam
675 4272 796 4312 cum
828 4256 1020 4311 dolore
1053 4255 1414 4325 intpropcria,
1447 4268 1555 4308 non
1589 4261 1766 4331 tamen

161 4355 414 4412 sciebam
437 4353 890 4410 maledicentibus
923 4351 1271 4408 benedicere.
1295 4349 1424 4415 Vel,
1448 4347 1600 4402 dolor
1627 4363 1769 4402 meus

159 4456 451 4501 renovatus
483 4457 576 4501 est.
604 4444 663 4501 In
705 4446 806 4500 ltoc
833 4444 1032 4500 dicitur
1055 4443 1214 4498 dolor
1242 4440 1449 4497 Christi
1479 4457 1491 4492 :
1537 4441 1661 4510 quia
1691 4438 1768 4494 illi

155 4553 280 4596 non
328 4537 547 4596 fuerunt
607 4539 755 4609 digni
798 4537 987 4594 audire
1032 4538 1195 4592 verba
1247 4535 1526 4607 mysterii,
1577 4543 1636 4588 ttt
1689 4532 1773 4588 ait-

1893 1925 1980 1966 me
2023 1909 2193 1966 iacias
2224 1912 2526 1983 intelligere
2551 1915 2738 1970 omnia
2774 1915 2948 1984 bona,
2980 1929 3036 1971 ut
3064 1935 3185 1972 cum
3219 1919 3336 1975 haec
3367 1933 3490 1976 uota

1895 2004 2140 2060 habuero
2160 2049 2174 2073 ,
2201 2006 2368 2060 sciam
2406 2007 2532 2077 quid
2569 2009 2746 2064 adhuc
2777 2009 2830 2064 in
2861 2011 3064 2065 sarculo
3089 2010 3320 2082 degente
3353 2012 3496 2069 desit

1890 2097 1955 2152 ad
2005 2099 2234 2167 palmam
2285 2099 2644 2157 beatitudinis
2696 2105 3160 2175 consequendam.
3209 2106 3490 2164 Perfectus

1889 2192 2032 2247 enim
2061 2204 2178 2247 erat
2208 2192 2408 2250 Paulus
2431 2194 2523 2264 qui
2545 2196 2762 2252 dicebat
2784 2216 2796 2250 :
2821 2198 3113 2256 Certamen
3141 2201 3342 2256 bonum
3370 2218 3492 2258 cer-

1891 2288 1995 2342 tavi
2020 2304 2035 2341 :
2064 2302 2284 2343 cursum
2324 2292 2724 2346 consummavi.
2759 2292 2914 2348 Nunc
2950 2303 3134 2350 autem
3164 2295 3319 2352 deest
3354 2297 3491 2353 mihi

1887 2397 2090 2438 corona
2110 2382 2357 2452 jttstititc,
2373 2401 2533 2456 quam
2551 2385 2814 2441 Dominus
2833 2390 3102 2446 retribuet
3117 2391 3244 2444 mihi
3267 2392 3333 2456 (II
3351 2390 3484 2446 Tim.

1887 2471 1985 2544 tv).
2017 2473 2173 2541 Quod
2199 2485 2380 2532 autem
2415 2491 2522 2530 non
2569 2477 2639 2532 de
2683 2480 2792 2533 suis
2825 2478 3016 2534 diebus
3065 2482 3181 2536 hinc
3211 2484 3482 2553 loquatur,

1885 2568 2168 2636 sequentia
2196 2568 2417 2624 docent.

1959 2656 2093 2714 Ecce
2140 2661 2515 2717 mensurabilcs
2563 2665 2780 2736 posuisti
2831 2665 2938 2718 dies
2979 2682 3136 2721 meos.
3165 2667 3477 2724 Secundum

1888 2762 2128 2808 veterem
2155 2752 2434 2809 hominem
2459 2769 2631 2826 usque
2653 2771 2794 2810 nunc
2826 2754 3076 2812 fuerunt:
3110 2775 3251 2814 nunc
3282 2775 3480 2815 IlOHllll

1884 2847 2140 2902 desidero
2165 2889 2181 2915 ,
2216 2848 2368 2904 illum
2403 2866 2562 2920 quem
2589 2849 2867 2905 Abraham
2904 2853 3038 2908 vidit
3077 2862 3135 2910 et
3164 2853 3381 2925 gavisus
3401 2867 3485 2911 est

1884 2938 2068 3010 (Joan.
2105 2944 2240 3008 vni).
2279 2942 2334 2997 In
2389 2957 2500 3014 quo
2527 2943 2654 2998 alibi
2703 2944 2992 3001 hortamur
3031 2947 3246 3013 laetari,
3281 2949 3333 3004 in
3369 2965 3478 3020 quo

1886 3035 2028 3090 Deus
2057 3035 2315 3090 Dominus
2347 3036 2719 3093 illuxitnobis.
2751 3038 2856 3106 Qui
2884 3055 2991 3094 non
3014 3057 3040 3092 a
3075 3040 3212 3102 sole.
3246 3058 3422 3111 neque
3450 3058 3481 3096 a

1884 3125 2010 3181 luna
2039 3126 2454 3192 illuminabitur,
2483 3127 2580 3184 sed
2603 3128 2672 3183 ab
2694 3130 2808 3198 ipsa
2829 3131 3056 3186 Domino
3083 3147 3338 3204 perpetua
3365 3133 3484 3190 luce

1804 3231 1850 3295 ρ
1881 3220 2135 3290 refulget.
2161 3218 2230 3275 Et
2251 3221 2538 3276 substantia
2563 3239 2674 3276 mea
2716 3235 2983 3294 tamquam
3015 3225 3237 3280 nihilum
3263 3238 3380 3281 ante
3410 3238 3479 3284 te.

1881 3313 2196 3383 Suscipieus
2221 3315 2400 3370 altiori
2428 3325 2610 3371 mente
2637 3315 2941 3372 claritatem
2973 3328 3148 3372 tuam:
3181 3334 3279 3390 pro
3307 3319 3480 3375 nihilo

1875 3406 2114 3477 judicavi
2145 3407 2502 3462 substantiam
2537 3426 2733 3464 meam.

1961 3502 2321 3557 Verumtamen
2360 3505 2598 3559 universa
2635 3506 2870 3573 vanitas,
2905 3508 3072 3562 omnis
3101 3507 3256 3563 homo
3285 3511 3474 3564 vivens.

1875 3593 1934 3650 Si
1967 3603 2222 3666 peccator
2252 3606 2365 3661 est,
2400 3608 2452 3651 et
2485 3597 2535 3650 in
2567 3597 2782 3653 deliciis
2808 3597 3064 3667 ﬂuxerit,
3097 3601 3319 3656 vanitati
3350 3603 3478 3657 sub-

1875 3685 2041 3742 sistit.
2068 3688 2124 3742 Si
2143 3687 2348 3758 justus,
2371 3703 2421 3744 et
2455 3687 2733 3745 desiderat
2759 3691 3006 3760 dISSUIVI,
3034 3703 3087 3748 et
3108 3709 3230 3749 cum
3263 3693 3476 3750 Christo

1875 3796 2020 3848 esse,
2045 3798 2179 3838 vana
2201 3795 2287 3838 est
2315 3785 2363 3839 ei
2397 3783 2754 3840 nihilominus
2775 3788 2884 3840 vita
2919 3802 3181 3856 praesens.

1953 3875 2320 3932 Verumtamen
2345 3879 2398 3932 in
2429 3879 2655 3952 imagine
2683 3889 2707 3915 η
2739 3879 2840 3934 Dei
2869 3882 3153 3951 pertransit
3176 3881 3352 3949 homo,
3385 3884 3474 3936 sed

1873 3971 2068 4039 frustra
2114 3969 2472 4024 conturbatur.
2506 3969 2696 4025 Omnis
2741 3970 2905 4026 homo
2945 3973 3012 4027 ad
3046 3974 3338 4044 imaginem
3375 3975 3469 4030 Dei

1873 4059 2047 4116 iactus
2089 4071 2191 4116 est.
2241 4061 2295 4117 Si
2327 4077 2459 4134 ergo
2504 4063 2557 4118 in
2601 4081 2663 4118 ea
2705 4065 2986 4119 ambulare
3025 4064 3297 4132 videatur,
3331 4077 3385 4123 et
3419 4069 3471 4124 in

1872 4157 2074 4227 rapinis
2104 4168 2355 4213 versetur
2379 4169 2547 4229 atque
2578 4159 3043 4230 concupiscentiis
3067 4202 3080 4226 ,
3112 4163 3472 4219 conturbatur

1871 4256 1924 4306 in
1955 4252 2192 4306 actione.

1945 4331 2318 4412 Tltesaurisat,
2359 4354 2405 4399 et
2454 4345 2660 4417 ignorat
2709 4347 2790 4400 cui
2829 4347 3160 4422 congregabit
3201 4365 3280 4404 ea.
3311 4348 3466 4420 Saepe

1869 4438 2016 4494 enim
2069 4438 2312 4510 plerique
2366 4437 2736 4494 thesaurizaut
2789 4449 2842 4494 et
2888 4449 3224 4512 congregant
3275 4443 3464 4508 multa,

1869 4543 1990 4600 quae
2016 4537 2111 4584 aut
2136 4529 2338 4586 desidia
2383 4529 2618 4586 ﬁliorum
2645 4531 2867 4597 evertit,
2899 4542 2994 4586 aut
3018 4533 3180 4589 ﬁscus
3211 4547 3462 4604 occupat,

158 4632 444 4704 propheta
472 4649 489 4689 ε
521 4631 612 4688 Vze
639 4631 770 4688 mihi
795 4675 809 4701 ,
838 4630 962 4701 quia
993 4630 1132 4685 tacui
1167 4627 1325 4700 (Isai.
1357 4625 1570 4700 vt).Vcl
1601 4624 1761 4682 illud;
1795 4627 1846 4690 ι)
1870 4631 1966 4690 aut
1999 4623 2265 4694 diripiunt
2302 4625 2486 4681 alieni.
2521 4623 2720 4681 Beatus
2748 4636 2933 4683 autem
2980 4627 3076 4685 ille
3104 4641 3227 4696 est,
3269 4633 3360 4702 qui
3395 4633 3462 4687 ibi

155 4725 470 4782 Adhaerere
517 4725 712 4781 faciam
760 4725 996 4795 linguam
1049 4734 1190 4778 tuam
1239 4721 1420 4791 palato
1461 4732 1585 4786 tuo,
1638 4719 1764 4789 quia

155 4820 436 4876 Dominus
459 4833 800 4890 exasperans
822 4827 906 4874 est
928 4816 1141 4887 (Ezech.
1168 4815 1277 4888 ut).

231 4914 575 4971 Conculcauit
615 4930 705 4969 cor
734 4929 899 4967 meum
937 4912 1081 4994 intra
1109 4927 1210 4966 me.
1246 4911 1387 4965 Dicit
1418 4907 1685 4964 Ecclesia.
1719 4907 1766 4962 A

149 5007 549 5064 reCordatione
589 5004 911 5062 delictorum
943 5003 1207 5076 priorum.
1241 5000 1306 5056 Et
1350 5002 1402 5056 in
1431 5001 1768 5056 meditatione

149 5118 284 5157 mea
317 5103 608 5156 exardescet
639 5099 794 5171 ignis.
829 5097 988 5165 Quid,
1023 5097 1220 5168 inquis,
1254 5092 1653 5152 meditabaris?
1699 5092 1766 5149 Il-

142 5194 256 5254 iud
305 5210 534 5266 nempe,
573 5193 804 5260 qualiter
834 5193 1016 5264 ignem
1067 5191 1218 5246 illum
1248 5190 1490 5260 reperire
1527 5189 1759 5261 possim,

144 5276 254 5360 qui
297 5298 517 5357 peccata
558 5289 906 5342 consumeret
933 5327 946 5348 ,
991 5291 1224 5340 mentem
1275 5283 1638 5350 illuminaret,
1672 5283 1766 5355 qui

138 5387 249 5439 est
279 5379 516 5452 Spiritus
543 5388 786 5445 sanctus,
813 5377 882 5434 de
907 5391 1016 5448 quo
1045 5375 1319 5447 Cieopbas
1338 5385 1395 5432 et
1421 5375 1513 5446 qui
1544 5389 1667 5432 cum
1699 5390 1765 5430 eo

137 5483 349 5543 erant,
375 5475 667 5534 dicebant:
702 5474 895 5530 Nonne
933 5487 1030 5528 cor
1058 5480 1300 5528 nostrum
1332 5471 1533 5528 ardens
1559 5479 1676 5528 erat
1709 5470 1761 5524 iu

234 5693 266 5718 ο
305 5675 413 5738 Vox
466 5683 558 5740 Dei
595 5700 696 5741 nec
724 5685 777 5740 in
809 5683 1038 5741 Hebraeo
1078 5693 1160 5740 est
1189 5693 1338 5740 textu
1361 5723 1377 5746 ,
1409 5696 1513 5738 nec
1538 5681 1758 5744 Graeco.

138 5769 272 5813 nec
295 5754 508 5835 domum
539 5759 592 5812 iu
614 5758 738 5835 Lat.
759 5759 900 5829 apud
923 5757 984 5814 S.
1008 5761 1230 5835 August.
1247 5755 1455 5835 legitur
1470 5770 1500 5835 ε.
1515 5769 1579 5811 ac
1607 5753 1759 5835 vide:

140 5838 252 5884 tur
287 5827 502 5896 quidem
539 5844 604 5888 ex
652 5831 732 5885 his
787 5827 1192 5886 commentariis
1247 5828 1429 5898 ipsave
1475 5827 1760 5897 Augusuni

1872 4720 2241 4785 thesaurizat,
2283 4717 2375 4774 ubi
2409 4719 2557 4775 fures
2589 4737 2693 4775 uon
2720 4719 3026 4791 effodiunt,
3070 4738 3173 4780 nec
3218 4722 3463 4780 iurantur

1871 4813 2098 4885 (Matth.
2140 4812 2272 4886 vt),
2324 4814 2412 4870 ubi
2465 4815 2657 4872 audire
2710 4826 3032 4873 mereatur:
3079 4817 3347 4888 Quamdiu
3387 4819 3463 4875 fe-

1869 4907 2021 4963 cistis
2061 4908 2151 4962 tmi
2199 4923 2265 4963 ex
2309 4907 2544 4963 tniuimis
2587 4908 2746 4977 istis,
2796 4909 2926 4965 mihi
2978 4909 3184 4968 fecistis
3229 4913 3246 4986 (
3270 4911 3460 4968 Matth.

1869 5005 2022 5073 xxvi

1947 5093 2016 5148 Et
2048 5111 2184 5148 nunc
2204 5111 2318 5160 qua:
2345 5106 2418 5150 est
2447 5097 2758 5168 exspectatio
2791 5115 2901 5152 mea
2922 5142 2935 5165 ,
2970 5116 3138 5154 nonne
3167 5099 3465 5155 Dominus?

1873 5198 1920 5242 et
1950 5189 2241 5244 substantia
2271 5207 2382 5244 mea
2413 5193 2552 5263 apud
2593 5201 2641 5246 te
2676 5203 2772 5247 est.
2805 5189 3032 5248 Relictis
3057 5196 3306 5250 omnibus
3325 5239 3338 5264 ,
3376 5207 3427 5252 te
3449 5238 3462 5260 ,

1867 5275 2122 5350 Domine,
2179 5285 2561 5353 praestolabor,
2611 5285 2733 5355 quia
2781 5286 3083 5342 substantia
3136 5288 3263 5345 vita:
3307 5289 3462 5346 istius

1871 5391 1979 5434 non
2019 5379 2364 5448 comparatur
2407 5377 2474 5433 ad
2513 5379 2660 5434 illam
2717 5379 3108 5435 beatitudinem
3165 5382 3456 5452 sempitero

1873 5487 2015 5527 nam.

1868 5678 2319 5808 gitelrpietatioue
2346 5679 2630 5748 irrepsisse
2663 5681 2713 5735 itt
2747 5679 3046 5734 Romanum
3073 5719 3088 5747 ,
3136 5691 3193 5737 ut
3236 5695 3450 5754 vocant,

1913 5769 1970 5808 Si!
1999 5765 2213 5807 tertum.

1913 5765 2213 5808 saltertum.
