3944 6334
509 329 615 388 843

1303 319 1653 384 APPENDIX
1694 320 1785 380 AD
1829 319 2072 379 TOMUM
2113 317 2462 377 SEPTIMUM
2503 316 2562 374 S.
2604 311 3011 373 lllERONYMl.

3668 310 3753 370 9η

581 447 658 500 Ab
695 448 931 502 omnibus
960 444 1315 517 iniquitatibus
1347 445 1475 499 meis
1505 459 1626 498 erue
1654 456 1752 497 me.
1783 437 2104 507 Prmteritis,
2136 440 2192 500 Α
2215 436 2560 507 splendorem
2611 432 3025 504 Evangeliorum
3053 470 3069 497 ,
3122 426 3175 483 in
3223 425 3413 499 quibus
3459 439 3541 482 me
3583 426 3752 484 illumi-

507 537 872 608 prmscntihns
900 547 952 592 et
983 538 1198 592 futuris.
1236 535 1584 608 Opprobrium
1617 534 1899 605 insipienti.
1920 531 2104 585 dedisti

512 650 612 689 me.
640 633 775 687 Dum
806 641 1062 703 peccator
1109 632 1179 685 fui
1200 673 1214 698 ,
1245 630 1593 702 Opprobrinm
1623 629 1795 683 factus
1823 642 1941 681 sum
1972 624 2107 680 insi-

519 727 692 797 pienti
716 726 964 794 diabolo,
993 726 1082 798 qui
1113 734 1198 783 est
1236 725 1476 781 omnium
1505 724 1818 790 criminum,
1845 729 1900 776 ct
1923 721 2102 776 incen-

511 829 620 884 tor,
647 829 699 875 et
729 829 1034 876 accusator.
1068 819 1198 876 Ideo
1228 821 1444 890 purgari
1473 818 1634 888 cupio
1664 817 1718 872 in
1752 817 1854 871 hoc
1883 813 2105 885 saeculo,

512 929 582 969 ne
608 912 694 968 ille
725 927 811 968 me
840 920 1064 968 accuset
1089 915 1144 967 in
1167 911 1372 982 judicio
1403 920 1515 965 tuo.

586 1005 834 1060 Obmutui
871 1013 920 1059 et
958 1022 1060 1059 non
1105 1004 1286 1077 aperui
1328 1021 1385 1058 os
1426 1019 1631 1068 meum,
1664 1001 1910 1072 quoniam
1951 1007 2004 1052 tu
2037 1001 2111 1070 fe-

519 1100 657 1156 cisti.
697 1099 834 1155 Cum
865 1115 950 1156 me
981 1098 1260 1167 conviciis,
1291 1097 1620 1163 iracundiis,
1651 1111 1716 1152 ac
1743 1093 1974 1151 diversis
2007 1093 2110 1147 im-

515 1194 792 1265 properiis
818 1193 1117 1249 lacesseret
1155 1211 1168 1246 :
1198 1191 1442 1262 cogitans
1463 1205 1552 1246 me
1590 1205 1618 1244 a
1648 1197 1701 1244 te
1730 1187 1952 1254 factum,
1979 1185 2114 1240 nihil

515 1287 581 1343 ad
613 1303 675 1343 ca
708 1303 829 1360 qua:
861 1285 1266 1354 inferebantur,
1294 1283 1548 1356 respondi
1577 1301 1592 1339 :
1624 1283 1813 1338 Amaue
1838 1296 1868 1334 a
1896 1295 1976 1333 me
2002 1277 2116 1349 pta-

511 1397 609 1453 gas
637 1391 768 1434 tuas.
803 1379 939 1448 Quia
963 1395 1049 1435 me
1072 1379 1248 1434 sentio
1273 1379 1644 1434 emendatum.

589 1473 629 1526 Α
679 1470 990 1544 fortitudine
1029 1487 1210 1525 manus
1263 1478 1366 1525 tua:
1412 1486 1505 1540 ego
1545 1467 1731 1538 defeci.
1766 1463 2116 1521 lncumhenle

527 1578 691 1618 manu
731 1562 1003 1630 vindictae,
1034 1562 1211 1616 virtus
1259 1560 1450 1617 delicti
1481 1559 1674 1615 defecit
1702 1601 1716 1626 ,
1751 1559 1891 1614 sicut
1919 1556 2120 1612 Paulus

520 1656 799 1728 apostolus
838 1656 915 1710 ait
959 1672 974 1709 :
1013 1655 1146 1711 Cum
1189 1663 1369 1709 autem
1419 1652 1695 1719 infirmor,
1751 1661 1878 1706 tunc
1923 1655 2118 1719 potens

517 1767 636 1806 sum
670 1747 735 1822 (Il
765 1747 886 1804 Cor.
915 1746 1036 1819 xu).
1069 1750 1143 1802 Ab
1171 1747 1611 1818 increpationibus
1642 1753 1848 1816 prapter
1877 1741 2121 1812 iniquita-

2209 529 2377 585 navit.

2281 620 2349 675 Et
2395 620 2664 676 exaudivit
2715 635 2888 688 preces
2939 633 3098 673 meas.
3140 613 3276 684 Quia
3305 613 3576 686 prophetis
3606 621 3762 682 etpa-

2212 715 2466 771 triarchis
2509 731 2570 772 se
2617 713 2865 780 abdidit,
2919 713 3061 767 sicut
3114 711 3231 782 ipse
3264 707 3595 781 postmodum
3622 705 3760 762 dixit:

2211 809 2345 878 Quia
2380 808 2531 864 multi
2575 805 2856 878 propheta:
2893 815 2948 861 et
2973 802 3106 874 justi
3149 802 3438 874 cupierunt
3473 800 3644 856 videre
3669 814 3766 869 qua:

2211 901 2438 967 videtis,
2479 910 2535 956 et
2562 913 2668 955 non
2697 898 2949 954 viderunt
2978 895 3134 968 (Luc.
3165 897 3245 966 ι).
3278 893 3396 964 Ipse
3425 891 3548 947 tnihi
3577 892 3624 946 in
3651 905 3766 945 noro

2214 999 2567 1056 Testamento
2607 995 2858 1067 refulget.
2897 992 2962 1046 Et
3005 990 3184 1046 eduxit
3225 1003 3305 1043 me
3333 986 3397 1041 de
3426 986 3539 1040 lacu
3564 985 3767 1051 miseria,

2214 1102 2260 1147 et
2275 1091 2339 1146 de
2360 1094 2468 1146 tuto
2489 1091 2649 1162 fwcis.
2679 1089 2736 1144 In
2759 1086 2960 1160 quibus
2988 1087 3280 1140 immersus
3303 1095 3473 1148 eram,
3495 1094 3610 1134 cum
3631 1078 3770 1133 simu-

2215 1186 2364 1243 lacra
2388 1193 2534 1241 muta
2561 1183 2869 1240 adorarcm.
2900 1180 3019 1248 Vel,
3051 1180 3115 1234 de
3144 1179 3254 1234 tuto
3283 1176 3458 1248 facis:
3488 1175 3600 1246 quia
3620 1173 3772 1230 adluc-

2217 1296 2397 1338 seram
2430 1279 2666 1336 terrenis
2694 1275 3004 1334 desideriis.

2291 1379 2487 1436 Statuit
2517 1394 2678 1447 supra
2718 1386 2918 1446 petram
2955 1374 3110 1447 pedes
3150 1388 3312 1429 meos.
3358 1370 3535 1441 Supra
3571 1379 3773 1440 petram:

2222 1474 2326 1528 hoc
2354 1481 2460 1542 est,
2496 1486 2660 1543 super
2687 1468 2987 1526 Christum.
3015 1467 3180 1524 Pedes
3209 1485 3374 1536 meos,
3409 1481 3596 1521 sensus
3622 1481 3772 1521 meos:

2219 1575 2280 1621 ut
2300 1563 2431 1619 illud
2455 1581 2466 1616 :
2493 1563 2650 1618 Petra
2679 1574 2858 1619 autem
2887 1570 3010 1618 erat
3033 1559 3283 1616 Christus
3313 1558 3358 1631 (ι
3385 1557 3506 1614 Cor.
3533 1559 3606 1629 χ).
3633 1557 3680 1613 In
3709 1573 3774 1624 se,

2219 1657 2310 1727 qui
2334 1665 2414 1712 est
2430 1656 2640 1711 stabilis
2660 1664 2831 1727 petra,
2856 1653 3196 1711 conﬁrmavit
3217 1667 3332 1709 me:
3361 1667 3428 1706 ne
3450 1651 3516 1707 ab
3535 1651 3676 1720 hujus
3696 1667 3776 1706 sm-

2221 1751 2327 1806 culi
2372 1759 2620 1806 nutarem
2674 1749 3016 1820 impulsibus.
3067 1749 3135 1802 Et
3181 1746 3376 1802 direxit
3423 1761 3622 1817 gressus
3645 1760 3774 1798 meos.

519 1855 618 1900 tem
671 1843 971 1914 corripuisti
1016 1842 1296 1897 hominem.
1359 1840 1670 1910 lncrcpatur
1724 1835 1904 1892 omnis
1955 1834 2119 1888 homo
2149 1845 2198 1905 B
2225 1843 2303 1898 Nc
2349 1842 2416 1898 ad
2471 1858 2594 1899 eum
2640 1842 2898 1910 veniens,
2932 1849 3052 1912 ροει
3099 1848 3309 1911 εει-ειμι,
3366 1837 3698 1909 "spica-em,
3726 1833 3778 1889 ιζι

518 1946 746 2010 propter
788 1934 1131 2006 iniquitatem
1160 1977 1175 2002 ,
1229 1949 1389 2005 quem
1422 1932 1668 2001 'perdere
1716 1944 1822 1984 non
1867 1926 1982 1982 vult
2029 1925 2114 1980 di-

518 2031 645 2085 vina
674 2028 952 2098 majeslas.
988 2027 1257 2100 Flagellat
1298 2037 1478 2082 autem
1509 2038 1727 2082 omnem
1759 2021 1926 2078 ﬁlium
1958 2033 2116 2091 quem

516 2127 729 2198 recipit.

594 2221 873 2278 Tabescere
901 2219 1069 2292 fecisti
1098 2219 1229 2273 sicut
1259 2230 1506 2270 araneam
1535 2214 1758 2268 animam
1783 2211 1918 2282 ejus.
1945 2205 2119 2263 Tabe-

522 2316 625 2374 scit
652 2315 832 2372 anima
861 2357 876 2383 ,
919 2329 1042 2369 cum
1072 2327 1201 2369 caro
1227 2328 1258 2367 a
1287 2310 1521 2366 luxuriis
1561 2317 1616 2363 et
1659 2299 2120 2374 concupiscentiis

521 2409 846 2469 refrenatur.
880 2409 993 2464 l-loc
1013 2417 1097 2463 est
1119 2406 1430 2471 tabescere,
1455 2403 1846 2472 obsmpescere
1875 2397 1944 2452 de
1967 2405 2122 2451 ante-

519 2506 760 2562 rioribus
783 2499 1148 2557 delictis.-llle
1171 2514 1303 2554 vero
1331 2498 1421 2567 qui
1452 2512 1515 2552 ea
1547 2495 1656 2566 agit
1683 2509 1802 2563 qua:
1829 2489 2123 2546 mundana:

520 2598 746 2654 vanitati
779 2604 908 2651 sunt
945 2603 1103 2665 apta,
1137 2591 1272 2648 telas
1305 2591 1442 2646 texit
1469 2603 1709 2655 araneae,
1740 2586 1894 2658 juxta
1926 2584 2118 2639 Isaiam

521 2692 840 2765 pr0phctam
867 2687 1024 2762 (Isai.
1043 2685 1177 2758 us):
1208 2687 1312 2741 hoc
1337 2694 1441 2749 est,
1465 2683 1553 2738 die
1581 2691 1856 2751 noctuque
1877 2679 1932 2734 in
1955 2691 2123 2747 opere

522 2801 671 2842 vano
702 2793 888 2851 vacat,
921 2790 975 2838 et
1002 2796 1111 2836 non
1144 2779 1329 2844 utilia,
1360 2777 1457 2834 sed
1488 2772 1826 2832 dissolubilia
1855 2782 1910 2827 et
1940 2771 2120 2824 incoro

522 2880 833 2953 ruptihilia,
863 2887 1144 2947 operatur.
1177 2873 1284 2930 Sed
1307 2873 1433 2944 quia
1462 2869 1726 2942 propheta
1757 2868 1991 2922 animam
2021 2879 2125 2919 ceu

523 2988 781 3031 araneam
821 2972 1106 3026 tabescere
1134 2969 1270 3024 dicit
1299 2984 1311 3020 :
1343 2967 1447 3021 hoc
1490 2961 1900 3034 intelligendum
1929 2969 2032 3024 est,
2064 2966 2126 3012 ut

524 3072 591 3127 ad
623 3078 828 3126 tantam
853 3065 1208 3122 subtilitatem
1233 3078 1326 3132 per
1349 3057 1737 3114 abstinentiam
1764 3055 2121 3124 decoquatur,

526 3173 586 3218 ut
615 3151 697 3217 ad
730 3161 904 3214 instar
944 3158 1158 3212 lilorum
1197 3154 1414 3209 illorum
1456 3150 1791 3207 deducatur:
1826 3145 2038 3202 scilicet
2069 3152 2127 3197 ut

2223 1939 2410 1994 direxit
2450 1955 2658 2012 gressus
2707 1953 2845 1992 meos
2874 1952 2890 1989 :
2924 1936 2977 1992 id
3007 1945 3090 1991 est
3115 1979 3130 2004 ,
3163 1947 3358 1990 sensus
3388 1932 3645 1987 bonorum
3671 1941 3778 2000 ope-

2223 2049 2378 2090 rum:
2411 2032 2672 2088 Ecclesia:
2701 2030 2925 2103 dirigit:
2959 2030 3084 2102 quia
3107 2027 3484 2100 unusquisque
3506 2041 3598 2096 per
3621 2039 3673 2080 se
3693 2031 3782 2078 tor-

2224 2138 2412 2182 IUOSIIS
2454 2136 2561 2182 081.

2296 2218 2364 2274 Et
2403 2220 2616 2276 immisit
2656 2220 2710 2274 in
2753 2236 2811 2274 os
2848 2235 3016 2274 meum
3053 2217 3314 2273 canticum
3344 2230 3551 2271 nouum.
3582 2212 3781 2270 Laudem

2226 2314 2410 2386 utique
2432 2329 2583 2370 snam
2608 2331 2620 2368 :
2650 2315 2772 2385 quia
2805 2329 2975 2370 novus
3001 2314 3165 2368 homo
3182 2313 3334 2367 venit
3351 2311 3408 2366 in
3429 2307 3692 2376 mundum,
3709 2321 3784 2362 uo-

2229 2404 2351 2463 vani
2384 2409 2554 2480 Icgem
2587 2407 2739 2464 dedit
2769 2407 2994 2464 mundo.
3027 2406 3248 2463 Carmen
3280 2403 3394 2460 Deo
3437 2412 3647 2458 nostra:
3672 2401 3784 2457 Lau-

2225 2503 2348 2559 dem
2391 2503 2506 2559 Deo
2538 2509 2760 2569 nostro,
2793 2511 2851 2557 ut
2875 2501 2988 2572 jam
3027 2516 3134 2557 non
3175 2515 3340 2556 sonos
3377 2507 3560 2569 turpes
3590 2507 3637 2552 et
3663 2496 3788 2552 thea-

2225 2598 2393 2654 trales
2433 2597 2720 2653 concinam
2751 2639 2766 2660 ,
2812 2597 2908 2652 sed
2950 2595 3004 2651 in
3053 2595 3148 2651 Dei
3192 2595 3434 2651 viventis
3479 2591 3682 2667 hymnis
3715 2606 3790 2664 per

2225 2690 2573 2746 harmoniam
2606 2690 2732 2745 novi
2763 2689 3103 2745 Testamenti
3135 2687 3404 2744 delecter.

2304 2784 2562 2840 Vidrbunt
2609 2785 2781 2839 multi.
2837 2785 3228 2839 Annuntiatnm
3279 2783 3524 2838 venisse.
3565 2779 3630 2835 Et
3672 2780 3793 2833 time-

2227 2876 2371 2932 bunt.
2404 2877 2506 2945 Qui
2549 2891 2607 2932 se
2637 2876 2945 2947 intelligunt
2986 2885 3320 2946 peccatores.
3368 2873 3438 2928 Et
3470 2873 3722 2946 sperabunt
3749 2870 3792 2923 in

2226 2968 2472 3024 Domino.
2516 2969 2586 3025 Ut
2623 2970 2701 3024 eis
2742 2969 2970 3042 pristina
3020 2970 3370 3025 remittantur
3400 2967 3613 3023 delicta.

2299 3063 2488 3119 Beatus
2527 3064 2603 3117 vir
2628 3065 2781 3136 cujus
2809 3072 2882 3118 est
2923 3078 3108 3120 nomen
3151 3060 3366 3115 Domini
3411 3077 3524 3134 spes
3559 3058 3723 3131 ipsius.
3751 3053 3794 3109 lu

2228 3171 2334 3227 qua
2361 3156 2516 3212 bonis
2541 3157 2794 3212 omnibus
2819 3155 3129 3226 impleatur.
3171 3153 3322 3210 Felix
3357 3152 3455 3209 illa
3484 3153 3672 3217 anima,
3696 3162 3796 3220 qua:

529 3255 663 3310 nihil
691 3266 964 3315 crassum,
993 3249 1301 3318 durumque
1332 3245 1544 3317 peccati
1575 3244 1872 3299 contineat.
1909 3239 2128 3295 Verum-
2153 3238 2198 3302 C
2233 3249 2394 3305 habet
2436 3249 2592 3305 [idem
2636 3250 2849 3304 ﬁrmam
2889 3257 2945 3304 ει
2991 3263 3145 3318 spem
3193 3247 3464 3303 directam
3505 3246 3557 3301 in
3592 3241 3794 3300 οιηίειο,

531 3360 700 3404 tamen
729 3363 858 3401 vane
886 3345 1223 3399 conturbatur
1251 3339 1418 3396 omnis
1447 3337 1619 3393 Iconio.
1647 3335 1847 3390 Vivens
1893 3333 1946 3388 in
1977 3331 2130 3386 vani-

530 3443 732 3500 tatibus
756 3440 915 3508 hujus
936 3437 1142 3494 smculi.
1169 3434 1275 3491 Sed
1299 3444 1351 3490 et
1375 3432 1465 3503 qui
1494 3432 1548 3487 in
1574 3431 1681 3485 Deo
1700 3428 1857 3494 vivit,
1881 3414 2017 3482 vana
2045 3432 2130 3482 est

531 3539 579 3594 ei
609 3533 816 3592 inutilis
846 3532 963 3586 hmo
993 3528 1264 3586 mundana
1291 3524 1667 3584 conturbatio.

605 3629 816 3686 Exaudi
843 3626 1133 3683 orationem
1159 3639 1347 3690 meam,
1376 3621 1620 3687 Domine,
1643 3625 1691 3673 et
1713 3615 2128 3687 deprecationem

534 3740 738 3780 meum:
767 3721 981 3778 auribus
1007 3718 1213 3792 percipe
1243 3715 1502 3788 lacrymas
1534 3728 1694 3767 meas.
1737 3710 1844 3766 Pro
1891 3725 1960 3765 eo
1985 3708 2128 3780 quod

533 3837 563 3875 a
594 3829 646 3875 te
675 3816 1010 3889 pcregrinor,
1035 3821 1091 3870 et
1117 3809 1447 3868 desiderium
1482 3808 1662 3865 habeo
1693 3803 1950 3870 dissolvi,
1977 3811 2031 3860 et
2062 3801 2127 3856 ad

539 3925 590 3969 te
633 3911 884 3968 transire.

606 4005 691 4062 Ne
718 4006 891 4071 sileas,
934 4002 1178 4074 quoniam
1222 4000 1422 4054 advena
1450 4012 1566 4053 sum
1609 3994 1750 4065 apud
1782 4002 1829 4048 te
1851 4035 1865 4060 ,
1911 3999 1959 4045 et
1989 4004 2132 4061 pere-

534 4103 712 4174 grinus
739 4099 872 4153 sicut
910 4112 1082 4152 omnes
1120 4102 1292 4166 patres
1323 4091 1444 4146 mei.
1488 4089 1725 4145 lncolam
1760 4093 1924 4155 atque
1977 4096 2132 4152 pcre-

533 4195 751 4265 grinum
803 4207 865 4248 se
913 4190 1083 4255 dicit,
1131 4187 1275 4243 sicut
1325 4197 1516 4239 omnes
1564 4178 1737 4236 sancti
1780 4174 1952 4247 :quia
1992 4175 2135 4229 sicut

537 4286 689 4341 etilli
717 4283 843 4340 dum
868 4291 1022 4338 erant
1049 4281 1103 4336 in
1137 4292 1390 4350 corpore,
1422 4274 1800 4347 peregrinatur
1829 4268 2129 4326 aDomino.

613 4381 832 4435 Remitte
863 4376 988 4433 mihi
1014 4386 1067 4431 ut
1098 4375 1373 4445 refrigerer
1403 4371 1702 4442 priusquam
1733 4365 1932 4430 abeam,
1958 4372 2005 4419 et
2026 4377 2133 4416 am-

540 4476 673 4548 plius
705 4489 807 4527 non
834 4487 939 4526 ero.
974 4469 1074 4524 Hic
1100 4467 1340 4530 remitte,
1375 4463 1626 4530 Domine,
1659 4461 1702 4515 si
1736 4457 1863 4531 quid
1895 4454 2132 4525 deliqui:

540 4568 666 4641 quia
697 4567 750 4622 in
783 4565 997 4622 inferno
1029 4562 1173 4618 nulla
1203 4570 1287 4616 est
1315 4557 1606 4615 remissio:
1637 4555 1760 4626 quia
1794 4565 1895 4608 nec
1921 4549 2133 4606 confes-

2234 3343 2302 3397 ΕΙ
2345 3360 2446 3399 non
2478 3345 2699 3416 respexit
2727 3343 2780 3398 in
2819 3343 3070 3398 vanitates
3093 3353 3140 3396 et
3167 3342 3407 3396 insanias
3440 3341 3616 3412 falsas.
3640 3336 3796 3394 Omnia

2232 3451 2352 3507 qua:
2383 3436 2436 3491 in
2481 3435 2687 3491 mundo
2714 3446 2874 3500 sunt,
2899 3436 3055 3506 juxta
3098 3435 3486 3504 Salomonem,
3517 3433 3713 3488 vanitas
3735 3437 3799 3484 est

2234 3526 2457 3601 (Eccles.
2493 3526 2555 3598 t).
2586 3528 2815 3585 Insaniae
2839 3538 3020 3584 autem
3045 3527 3197 3583 falsa:
3228 3536 3390 3598 sunt,
3429 3529 3545 3594 iraa,
3574 3527 3709 3590 rixa,
3735 3523 3802 3576 di-

2235 3621 2546 3693 reptiones,
2579 3630 2632 3677 ct
2677 3621 2926 3693 reliqua:
2960 3623 3012 3676 in
3045 3620 3241 3692 quibus
3279 3620 3538 3677 homines
3563 3615 3799 3675 insaniunt

2237 3725 2291 3769 ut
2318 3723 2546 3786 peccent
2579 3731 2592 3768 :
2630 3731 2749 3788 qua:
2789 3714 3089 3787 Apostolus
3129 3729 3295 3787 opera
3332 3713 3524 3770 carnis
3563 3727 3674 3770 esse
3696 3708 3800 3766 dicit

2238 3808 2438 3881 (Galat.
2469 3811 2534 3882 l).

2308 3902 2482 3957 Multa
2537 3904 2700 3975 fecisti
2745 3912 2836 3968 tu,
2895 3903 3114 3959 Domine
3153 3901 3299 3959 Deus
3363 3920 3530 3970 meus,
3582 3896 3803 3955 mirabilia

2235 4009 2328 4050 tua
2347 4038 2361 4063 ,
2390 4005 2439 4052 et
2467 3997 2871 4069 cogitationibus
2907 3998 3008 4052 tuis
3037 4014 3139 4053 non
3181 4005 3256 4052 est
3281 3997 3374 4069 qui
3403 3995 3593 4052 similis
3619 3995 3678 4050 sit
3711 3991 3800 4046 tibi.

2235 4090 2563 4147 Ostendistis
2585 4091 2832 4162 patribus
2850 4094 3050 4148 nostris
3077 4091 3348 4150 mirabilia
3387 4101 3477 4150 tua
3503 4091 3682 4157 multa,
3707 4101 3804 4158 qua:

2235 4201 2343 4242 non
2375 4184 2749 4242 crediderunt.
2777 4185 3050 4242 llevelasti
3090 4188 3170 4242 eis
3210 4195 3262 4243 te
3287 4195 3583 4242 venturum
3615 4185 3664 4239 in
3692 4182 3802 4251 lege,

2236 4287 2292 4336 et
2339 4293 2444 4335 non
2498 4279 2923 4335 intellexerunt:
2969 4295 3068 4334 nos
3097 4293 3230 4336 vero
3269 4279 3626 4335 credidimus.
3653 4274 3806 4344 Usque

2238 4371 2343 4425 huc
2367 4370 2708 4427 credentium
2739 4370 3012 4442 populus:
3049 4369 3172 4426 hinc
3205 4370 3321 4441 ipse
3357 4369 3622 4426 Dominus
3645 4365 3704 4422 ad
3727 4365 3807 4420 Pa-

2239 4476 2375 4521 trem
2408 4465 2480 4520 ita
2509 4481 2740 4522 exorsus
2769 4475 2853 4522 est
2895 4484 2908 4520 :

2311 4559 2630 4614 Annuntiavi
2688 4568 2736 4613 et
2808 4560 3012 4615 locutus
3066 4576 3203 4616 sum.
3259 4559 3519 4616 Dicens:
3574 4556 3808 4614 Pmniten-

538 4664 622 4719 sio
645 4661 810 4716 valet.
839 4658 938 4726 Qui
970 4673 1069 4712 nos
1095 4656 1163 4710 ab
1193 4654 1353 4724 hujus
1380 4652 1562 4708 surculi
1586 4657 1804 4720 ereptos
1824 4644 2134 4717 peregrina-
2161 4642 2214 4704 D
2241 4651 2368 4706 tiam
2408 4653 2552 4722 agite
2583 4693 2598 4719 ,
2643 4653 3100 4724 appropinquavit
3127 4654 3274 4709 enim
3319 4669 3554 4726 regnum
3583 4653 3806 4710 caelorum

536 4757 712 4820 tione,
739 4750 925 4807 facere
953 4747 1194 4821 digneris
1217 4745 1364 4802 cives
1386 4754 1697 4800 sanctorum
1726 4749 1781 4795 et
1804 4738 2134 4792 domesticos

537 4848 634 4905 Dei
660 4846 861 4915 Patris,
877 4854 936 4900 ut
957 4842 1208 4900 aediﬁcati
1237 4836 1798 4912 super‘firmissimum
1817 4833 2135 4889 fundamen-

536 4951 651 4998 tum
676 4941 728 4996 in
755 4939 1019 5010 templum
1047 4945 1318 5001 sanctum,
1337 4931 1477 4990 effici
1500 4944 1808 4988 mereamur
1823 4925 2136 4985 conformes

535 5038 750 5110 corpori
775 5035 962 5109 gloria:
995 5044 1121 5091 tuae.
1146 5033 1342 5089 Amen.

1023 5167 1344 5227 PSALMUS
1382 5165 1633 5224 XXXIX.

537 5313 602 5372 In
635 5314 810 5384 ﬁnem,
840 5308 1081 5384 Psalmus
1111 5307 1301 5384 David.
1330 5306 1426 5362 Hic
1448 5305 1692 5384 psalmus
1716 5302 1772 5384 in_
1793 5301 2131 5384 exordiovo-

612 5374 734 5441 cem
777 5374 943 5439 liabet
999 5382 1315 5452 populifer;
1355 5374 1609 5452 gentibus
1639 5378 1711 5452 _in
1759 5374 2128 5430 haereditatem

604 5457 810 5524 vocati,
844 5455 972 5510 inde
1002 5447 1176 5524 ipsius
1202 5447 1515 5507 Mediatoris
1545 5447 1609 5503 ad
1639 5448 1876 5503 Patrem.

609 5595 928 5667 Exspectans
959 5589 1246 5664 exspectavi
1271 5585 1548 5641 Dominum
1571 5603 1586 5640 :
1607 5585 1662 5640 ln
1677 5563 2129 5656 promissionihus

526 5689 938 5764 prophetarum,
979 5683 1033 5739 in
1055 5681 1254 5753 quibus
1284 5694 1370 5735 me
1395 5677 1717 5734 illuminavit
1743 5693 1754 5728 :
1778 5675 1905 5746 quia
1931 5671 2126 5743 praevi-

529 5784 696 5840 debat
762 5777 1024 5852 propheta
1077 5773 1353 5831 Christum
1409 5787 1507 5842 per
1561 5769 1824 5841 Spiritum
1882 5776 2127 5824 sanctum

530 5883 817 5932 Venturum
877 5885 1000 5929 esse
1063 5867 1117 5924 in
1167 5881 1350 5923 carne.
1405 5864 1473 5922 Et
1539 5863 1763 5921 intendit
1820 5861 1969 5920 mihi.
2022 5861 2128 5920 Per

2240 4744 2457 4818 (Matth.
2481 4744 2587 4818 Ill).
2618 4744 2963 4816 Multiplicati
3005 4757 3126 4801 sunt
3162 4763 3320 4819 super
3345 4764 3640 4803 numerum.
3665 4739 3806 4800 Judai

2242 4847 2296 4902 in
2342 4846 2551 4902 malitia
2597 4861 2714 4902 sua.
2763 4845 2858 4903 Vel
2900 4887 2915 4914 ,
2969 4862 3128 4919 super
3168 4865 3450 4903 numerum
3481 4866 3500 4903 :
3567 4847 3663 4902 hoc
3709 4851 3806 4905 est,

2242 4957 2557 5022 peccatores
2613 4965 2776 5021 super
2839 4931 3172 5015 numerum,
3246 4957 3302 5005 et
3362 4949 3504 5006 foris
3560 4955 3808 5004 numerum

2242 5057 2415 5104 sunt:
2473 5047 2598 5120 quia
2647 5063 2756 5106 non
2803 5057 2931 5105 sunt
2980 5047 3128 5120 digni
3182 5050 3465 5106 numerari
3515 5049 3570 5104 in
3620 5055 3811 5102 numero

2241 5150 2540 5222 justorum.

2315 5255 2646 5325 Sacri/icium
2671 5265 2720 5312 et
2749 5255 3032 5311 oblationes
3065 5255 3312 5311 noluisti:
3338 5271 3502 5310 aures
3538 5263 3699 5309 autem
3718 5263 3812 5322 per-

2239 5360 2406 5431 fecisti
2438 5358 2584 5414 mihi.
2613 5357 2944 5424 Holocausta
2971 5368 3018 5414 et
3050 5375 3143 5429 pro
3171 5368 3381 5430 peccato
3404 5375 3513 5414 non
3549 5351 3809 5427 postulasti.

2238 5464 2443 5532 Aperte
2495 5461 2613 5518 haec
2653 5462 2946 5533 Apostolus
2992 5461 3235 5518 declarat
3266 5481 3278 5516 :
3307 5462 3480 5534 quod,
3523 5459 3812 5518 adveniente

2236 5555 2500 5626 Domino,
2531 5556 2873 5613 cessaverint
2913 5555 3179 5613 sacrificia
3209 5556 3550 5614 Iudaeorum.
3580 5548 3810 5626 lmpossio

2235 5658 2350 5716 bile
2387 5667 2494 5725 est,
2536 5657 2730 5731 inquit,
2776 5659 3043 5731 sanguine
3073 5658 3376 5729 hircorum,
3409 5669 3509 5715 aut
3535 5667 3805 5718 taurorum,

2235 5760 2438 5818 auferri
2471 5769 2692 5831 peccata
2725 5761 2915 5835 (Hebr.
2948 5761 3026 5834 κ).
3052 5760 3179 5819 Ideo
3206 5761 3530 5834 ingrediens
3555 5756 3808 5817 mundum.

2234 5861 2398 5922 dicit:
2443 5859 2683 5919 Hostiam
2713 5871 2769 5919 et
2797 5862 3132 5921 oblationem
3163 5861 3404 5932 noluisti,
3437 5875 3636 5934 corpus
3658 5867 3806 5915 autem
