3944 6334
179 304 285 362 9ιό

1157 310 1586 370 ΒΜΝΙΑΠΙΗΜ
1625 311 1691 370 IN
1730 311 2068 373 PSALMOS.
2110 313 2361 373 PSALM.
2397 315 2509 372 XL.

3387 321 3496 380 946

181 421 382 491 aptasti
440 422 599 479 mihi.
636 423 1026 482 llolocaustum
1065 436 1120 482 et
1155 441 1252 498 pro
1292 437 1515 498 peccato
1543 444 1651 486 non
1683 428 1777 486 tibi
1805 433 1854 494 Α
1885 429 2101 487 Veritas
2123 431 2300 488 reddit
2322 431 2617 504 unicuique
2637 431 2781 504 quod
2805 430 2950 489 fecit.
2973 433 3485 507 Comprcltendérmtt

183 513 427 587 placuit,
467 516 572 573 nisi
603 519 867 589 meipsum
908 534 1007 591 pro
1041 520 1209 575 totius
1239 521 1424 577 mundi
1455 521 1655 579 delicto
1695 521 1790 578 tibi

180 609 524 665 sacriﬁcium
556 611 866 668 exhiberes.

250 701 410 758 Tunc
441 703 554 760 dixi
577 720 597 760 .'
627 703 762 759 Ecce
789 706 959 761 venio.
995 704 1062 762 In
1089 708 1256 778 capite
1285 706 1406 762 libri
1435 707 1686 776 scriptunt
1715 719 1788 764 est

182 795 241 850 de
271 813 381 852 me.
410 796 551 864 Quia
579 798 840 854 sacrilicia
871 810 925 855 et
954 801 1312 857 cmremonias
1355 800 1667 857 Iudaeorum
1689 845 1704 870 ,
1734 812 1788 858 et

181 889 452 957 sabbata,
481 899 540 946 et
569 891 986 962 superstitiones
1027 891 1187 964 Legis
1216 894 1418 948 veteris
1437 934 1452 958 ,
1492 892 1791 963 spiritualis

185 983 471 1054 Evangelii
495 983 759 1055 religione
777 985 1032 1041 mutasti:
1059 996 1350 1058 propterea
1373 987 1528 1041 Iustus
1554 987 1606 1041 in
1634 1002 1790 1040 mun-

183 1077 310 1133 dum
352 1077 552 1144 venio,
598 1086 654 1134 et
677 1079 746 1135 de
797 1095 887 1136 me
924 1080 1210 1138 scribitur:
1257 1079 1314 1136 In
1363 1080 1627 1152 principio
1673 1090 1790 1136 erat

183 1171 465 1243 Verbum,
496 1183 552 1228 et
584 1171 819 1229 Verbum
850 1183 968 1230 erat
993 1174 1136 1246 apud
1170 1175 1336 1230 Deum
1356 1217 1370 1241 ,
1417 1183 1474 1230 et
1504 1176 1646 1230 Deus
1675 1185 1793 1231 erat

183 1267 435 1324 Verbum
465 1266 645 1340 (Joan.
671 1267 732 1340 ι).
757 1267 902 1324 Tunc
923 1269 1056 1338 dixi,
1080 1269 1212 1324 Ecce
1241 1272 1409 1331 venio,
1433 1282 1490 1325 ut
1515 1285 1788 1326 assuntam

182 1375 415 1418 carnem
454 1361 508 1417 in
537 1377 638 1433 qua
673 1363 868 1433 patiar.
900 1363 968 1418 In
999 1365 1168 1436 capite
1198 1365 1319 1418 libri
1344 1365 1595 1436 scriptum
1623 1374 1698 1420 est
1729 1364 1792 1418 de

186 1469 288 1508 me.
313 1452 501 1524 Caput
532 1454 656 1511 libri
684 1454 1024 1512 Testamenti
1053 1459 1256 1512 veteris
1287 1456 1395 1512 tale
1425 1456 1588 1512 sumit
1630 1471 1793 1512 exor—

182 1547 384 1604 dium:
440 1548 497 1604 ln
547 1549 822 1621 principio
876 1549 1004 1605 fecit
1052 1550 1194 1606 Deus
1237 1551 1437 1607 caelum
1481 1559 1537 1606 et
1588 1561 1788 1606 terram

183 1639 348 1713 (Cen.
384 1641 458 1715 t):
490 1641 545 1698 id
574 1652 681 1709 est,
717 1643 768 1698 in
800 1643 1018 1699 Christo
1047 1644 1300 1700 Domino.
1329 1645 1444 1700 lloc
1473 1645 1790 1716 mysterium

182 1743 236 1789 et
276 1732 537 1789 Joannes
577 1748 806 1790 cernens
833 1778 847 1801 ,
895 1735 974 1791 sic
1001 1735 1355 1806 Evangelium
1386 1735 1696 1792 inchoavit:
1729 1737 1786 1792 lu

1893 539 1972 579 me
2003 525 2304 596 iniquitates
2329 541 2482 592 meat,
2511 534 2558 579 et
2597 541 2700 580 non
2744 528 2888 596 potui
2921 535 2974 581 ut
3007 528 3256 582 viderent.
3290 526 3346 583 ld
3376 537 3484 594 est,

1891 633 2066 688 genus
2099 619 2392 674 humanum
2424 618 2795 675 circumdatur
2826 620 3186 691 originalibus
3223 621 3488 691 peccatis,

1893 720 1947 764 ct
1981 725 2091 766 non
2137 712 2285 782 potui
2320 721 2376 767 ut
2404 711 2645 768 viderem
2682 731 2695 769 :
2729 713 2854 784 quia
2885 714 3161 770 abstracta
3189 713 3367 770 fuerat
3396 714 3491 769 illa

1893 803 1987 859 lux
2013 804 2282 860 veritatis.
2311 805 2466 862 Unde
2488 805 2694 861 dictum
2725 815 2812 862 est
2844 826 2855 860 :
2890 807 2967 862 De
2993 815 3139 863 terra
3165 807 3487 866 excaecahe-

1892 897 1990 961 ris,
2019 897 2170 952 etde
2199 907 2347 953 terra
2383 898 2809 954 illuminaberis.

1967 985 2337 1061 blultiplicata:
2363 997 2482 1043 sunt
2505 1005 2664 1059 super
2691 990 2914 1060 capillos
2935 990 3124 1059 capitis
3153 989 3274 1044 mei.
3299 988 3355 1044 Id
3380 998 3489 1057 est,

1895 1081 2030 1152 ipsa:
2074 1083 2391 1154 iniquitates
2421 1098 2592 1154 super
2626 1100 2799 1156 genus
2829 1085 3147 1142 humanum.
3175 1084 3292 1157 gCor
3318 1101 3491 1140 meum

1894 1175 2167 1247 dereliquit
2197 1193 2297 1231 me.
2332 1177 2562 1244 Quando
2591 1179 2756 1234 homo
2795 1190 3016 1248 peccat,
3059 1195 3158 1236 cor
3185 1195 3342 1236 suum
3377 1195 3488 1235 non

1896 1267 2081 1324 habet.
2124 1267 2278 1324 Unde
2311 1270 2494 1337 David
2530 1269 2712 1326 dixit:
2743 1270 2953 1329 Invenit
2992 1287 3186 1329 servus
3229 1282 3355 1328 tuus
3395 1288 3490 1328 eor

1894 1377 2049 1418 suum
2080 1361 2147 1433 (ll
2172 1361 2300 1434 Reg.
2332 1364 2452 1435 vn).
2488 1363 2630 1434 Ergo
2647 1375 2805 1420 antea
2827 1365 3046 1437 quando
3076 1367 3358 1438 peccavit,
3378 1380 3490 1422 non

1895 1454 2082 1512 habuit
2115 1455 2268 1511 illttd.

1967 1546 2300 1620 Complaceat
2330 1550 2443 1621 tibi,
2475 1550 2735 1630 Domine,
2778 1553 2938 1608 libera
2966 1571 3064 1618 me,
3103 1553 3348 1624 Domine,
3385 1555 3488 1610 Ec-

1894 1640 2058 1695 clesia
2091 1649 2248 1712 rogat
2275 1642 2342 1697 ad
2371 1641 2654 1699 Christum
2687 1663 2700 1698 :
2743 1645 2856 1701 lloc
2887 1646 2985 1703 tibi
3022 1649 3397 1718 complaceat,
3431 1661 3492 1706 ut.

1898 1748 1986 1788 me
2028 1733 2248 1789 liberes.
2288 1734 2346 1789 In
2387 1737 2651 1792 auxilium
2696 1752 2876 1793 meum
2917 1740 3156 1810 respice.
3189 1739 3490 1795 Infirtnitas

183 1824 490 1896 principio,
517 1826 1124 1898 inquit,eratVerbum,
1151 1827 1461 1883 etVerbum
1483 1837 1601 1884 erat
1625 1825 2242 1891 Deus.Bvoluntatem
2308 1827 2472 1884 habet
2538 1830 2901 1901 impetrandi,
2977 1845 3087 1888 non
3163 1842 3490 1903 potestatem

184 1919 321 1976 Nam
361 1930 417 1977 et
460 1921 576 1992 ipse
614 1921 1076 1992 interrogantibus
1099 1921 1304 1978 ludatis
1331 1922 1453 1993 quis
1489 1931 1656 1990 esset,
1705 1939 1791 1980 re-

182 2016 412 2086 spondit
447 2036 458 2069 :
491 2015 822 2088 Principium
855 2016 1044 2090 (Joan.
1073 2016 1209 2089 VIII).
1254 2015 1428 2089 Caput
1467 2033 1598 2090 ergo
1638 2018 1788 2088 libri,

181 2109 439 2182 intellige
471 2111 818 2182 principium,
848 2115 992 2182 quod
1025 2121 1108 2168 est
1132 2109 1385 2167 Christus
1408 2110 1585 2180 Jesus,
1617 2112 1710 2184 qui
1735 2113 1787 2170 itt

181 2201 283 2260 hoc
307 2202 445 2259 libri
474 2206 651 2276 capite
673 2205 956 2261 nuntiatus
978 2216 1082 2262 est.

250 2293 327 2350 Ut
359 2296 555 2366 faciam
580 2297 894 2353 voluntatem
916 2308 1087 2366 tuam,
1113 2298 1257 2355 Deus
1292 2317 1455 2368 meus,
1489 2301 1649 2357 volui.
1686 2301 1792 2359 De-

180 2387 378 2444 scendi
418 2389 569 2444 enim
617 2387 684 2444 de
717 2390 862 2446 caelo
897 2409 911 2446 :
954 2405 1062 2446 non
1108 2400 1167 2448 ut
1200 2392 1396 2448 faciam
1446 2393 1788 2454 voluntatem

178 2497 388 2550 meam,
413 2483 512 2540 sed
539 2491 708 2552 tuam,
736 2485 915 2541 Pater.
947 2484 1064 2541 Non
1088 2485 1341 2542 voluntas
1362 2496 1446 2545 est
1466 2489 1670 2554 carnis,
1693 2489 1788 2545 sed

179 2577 369 2634 Patris
399 2594 415 2633 :
452 2587 509 2634 ut
537 2593 636 2648 pro
663 2579 769 2635 vita
797 2578 1080 2637 hominum
1112 2581 1338 2638 moriar.
1371 2582 1441 2636 Et
1460 2582 1620 2656 legem
1645 2594 1790 2640 tuam

177 2672 228 2726 in
259 2672 448 2727 medio
488 2673 661 2727 cordis
701 2673 823 2728 mei.
870 2673 1042 2743 Quam
1083 2690 1192 2731 non
1233 2676 1360 2732 veni
1408 2677 1660 2746 solvere,
1691 2679 1787 2734 sed

175 2765 516 2836 adimplere.

243 2860 584 2916 Annuntiavi
602 2861 868 2932 justitiam
889 2868 1032 2916 tuam
1061 2863 1115 2917 in
1143 2861 1381 2918 Ecclesia
1408 2881 1616 2936 magna.
1648 2865 1790 2922 Gra-

175 2954 277 3010 tias
320 2954 425 3009 tibi
470 2968 594 3026 ago,
624 2955 876 3012 Salvator
905 2957 1094 3013 mundi
1112 2998 1127 3024 ,
1151 2959 1295 3028 quod
1323 2975 1572 3031 magnam
1603 2961 1786 3018 fecisti

176 3048 490 3105 Eeclesiam
526 3058 696 3117 tuam,
727 3066 756 3105 a
786 3059 1021 3121 quatuor
1053 3052 1239 3108 mundi
1273 3053 1518 3124 partibus
1551 3070 1787 3126 evange-

175 3143 278 3200 lica
316 3145 716 3216 prccdicatione
742 3155 1014 3212 vocatam,
1046 3155 1138 3203 tua
1184 3151 1446 3219 passione
1468 3149 1781 3217 collectam,

1897 1921 2080 1978 habet.

1967 2015 2386 2090 Confundantur.
2419 2018 2476 2074 in
2506 2020 2927 2091 cogitationibus
2957 2020 3170 2092 pravis,
3196 2029 3254 2075 ut
3284 2034 3346 2076 ea
3370 2035 3490 2093 quae

1895 2123 2020 2170 sunt
2063 2123 2233 2180 recta,
2276 2114 2584 2186 percipiant
2616 2134 2628 2169 :
2673 2115 2780 2170 Aut
2818 2115 2906 2170 hic
2944 2114 3262 2181 emendent,
3299 2123 3394 2170 aut
3434 2117 3491 2172 in

1895 2203 2095 2272 futuro,
2129 2214 2176 2260 et
2214 2217 2568 2262 revereantur.
2607 2207 2720 2263 lloc
2746 2217 2853 2278 est,
2893 2218 2954 2263 ut
2997 2208 3361 2280 reverentiam
3395 2209 3489 2263 ha-

1894 2297 2077 2354 beant.

1965 2394 2281 2450 Avertantur
2307 2405 2612 2453 retrorsum.
2645 2397 2748 2466 Qui
2784 2397 2986 2454 malum
3016 2411 3241 2454 cursum
3281 2397 3488 2454 habue-

1895 2498 2040 2544 ῐιιιιι.

1965 2580 2162 2638 Ferant
2201 2585 2476 2658 confestim
2517 2588 2872 2658 confusionem
2916 2603 3063 2642 suam
3113 2604 3132 2642 :
3177 2588 3264 2657 qui
3309 2586 3492 2640 dicunt

1890 2675 2043 2742 mihi,
2070 2675 2236 2748 Euge,
2261 2695 2406 2750 euge.
2429 2679 2855 2737 Misericorditer
2875 2695 2972 2737 eos
3006 2682 3328 2750 deprecatur
3356 2695 3493 2735 cou-

1891 2767 2065 2835 fundi,
2115 2779 2174 2825 ut
2212 2773 2506 2830 confestim
2549 2784 2892 2846 cognoscant
2929 2774 3220 2846 justitiam.
3265 2774 3495 2830 Portent

1890 2861 2267 2920 confusionem
2306 2881 2487 2934 suam,
2538 2868 2630 2940 qui
2666 2882 2728 2924 se
2756 2884 2864 2922 non
2902 2867 3339 2924 emendaverint.
3388 2866 3493 2935 Qui

1891 2953 2071 3010 dicunt
2096 2957 2245 3023 mihi,
2273 2957 2438 3031 Euge,
2466 2977 2614 3035 euge.
2637 2963 2780 3018 Duos
2809 2961 2995 3018 hostes
3019 2961 3183 3018 habet
3211 2960 3451 3018 Ecclesia
3473 3002 3488 3026 ,

1899 3047 2240 3108 adulationes
2261 3061 2318 3109 et
2339 3053 2865 3126 blasphemationes.

1961 3139 2241 3200 Exsultent
2281 3157 2328 3202 et
2368 3147 2609 3204 (tutentur
2652 3152 2743 3222 qui
2783 3149 2961 3206 uolunt
2989 3149 3260 3222 justitiam
3299 3165 3488 3203 meam.

176 3247 264 3293 tua
297 3239 722 3296 msurremione
750 3238 1092 3295 mundatam.
1129 3237 1196 3295 In
1221 3238 1464 3298 Ecclesia
1493 3261 1700 3316 magna,
1728 3246 1780 3300 in
1809 3233 1856 3297 C
1887 3231 2001 3289 "00
2029 3247 2137 3303 est,
2164 3237 2324 3294 ﬁdem
2357 3249 2413 3296 et
2433 3256 2620 3312 opera.
2655 3241 2721 3296 Et
2747 3243 2923 3298 dicant
2947 3240 3493 3314 semper,Magniﬁce-

177 3342 296 3389 toto
329 3333 546 3388 mundo
573 3333 792 3391 dill'usa.

245 3426 396 3482 Ecce
411 3427 553 3482 labia
571 3444 685 3484 mea
708 3445 810 3483 non
827 3428 1132 3502 prohibebo,
1153 3429 1394 3497 Domine,
1414 3440 1470 3485 tu
1487 3433 1650 3498 scisti,
1673 3441 1782 3489 etc.

173 3519 294 3576 Non
320 3521 477 3585 silui,
509 3521 647 3576 nihil
675 3523 813 3577 clam
844 3522 1062 3580 locutus
1090 3537 1232 3590 sum,
1261 3523 1358 3580 sed
1381 3538 1599 3580 omnem
1621 3528 1788 3581 virtu-

177 3621 288 3669 tem
324 3624 501 3680 tuam,
527 3613 676 3685 quod
701 3614 906 3688 justus,
947 3615 1092 3687 quod
1136 3631 1338 3681 verax,
1380 3617 1524 3688 quod
1560 3617 1784 3674 miseri-

176 3721 334 3773 cors,
357 3705 509 3777 quod
541 3705 696 3762 salus
734 3706 977 3762 omnium
1004 3723 1065 3763 es
1098 3727 1110 3761 :
1146 3723 1254 3763 non
1283 3708 1461 3763 solum
1505 3710 1560 3763 in
1593 3709 1781 3766 Eccle-

177 3798 274 3853 siis
303 3798 638 3870 populorum
663 3844 679 3865 ,
713 3799 812 3855 sed
839 3799 1006 3855 etiam
1049 3800 1102 3855 in
1131 3801 1425 3872 synagogis
1464 3801 1781 3858 Judacorum

175 3890 591 3948 incessabiliter
623 3891 941 3963 praedicavi.
973 3892 1114 3948 Ecce
1148 3893 1286 3948 labia
1329 3910 1442 3949 mea
1470 3910 1575 3948 non
1605 3893 1784 3966 prohi-

177 3983 329 4038 bebo.
363 3983 533 4038 Labia
563 3983 791 4049 Christi,
835 3986 1012 4040 sancti
1045 3996 1193 4041 sunt.
1222 3985 1338 4041 Non
1377 3985 1630 4055 prohibet
1661 3987 1785 4044 illos

175 4076 510 4145 praedicare,
537 4074 679 4131 sicut
706 4085 928 4132 sanctus
956 4076 1333 4146 Paulusdicit
1366 4095 1378 4132 :
1413 4077 1650 4133 Verhunt
1687 4079 1782 4134 Dei

177 4184 288 4225 non
321 4180 408 4225 est
434 4170 714 4241 alligatum
748 4170 816 4242 (ll
837 4169 973 4226 Tim.
999 4172 1084 4244 tt).
1112 4171 1193 4227 Tu
1222 4173 1564 4244 cognovisti:
1592 4188 1645 4228 tu
1675 4173 1784 4230 scis

173 4265 327 4336 quod
359 4281 469 4320 non
499 4265 629 4335 feci,
661 4265 714 4320 id
756 4274 860 4331 est,
892 4280 997 4320 non
1032 4265 1612 4336 prohibuirlustitiam
1637 4277 1784 4321 tnant

176 4374 286 4411 non
319 4357 572 4412 abscondi
605 4359 660 4412 in
705 4359 859 4412 corde
897 4373 1034 4425 meo,
1079 4357 1181 4413 hoc
1221 4369 1328 4429 est,
1375 4359 1629 4415 mandata
1671 4368 1782 4415 tua.

185 4450 479 4506 Veritatem
502 4461 644 4506 tuam
675 4460 725 4506 et
773 4453 1010 4507 salutare
1037 4461 1182 4507 tuum
1210 4453 1345 4508 dixi.
1383 4453 1596 4508 Veritas
1617 4461 1676 4509 et
1701 4469 1788 4507 sa-

176 4546 383 4612 lutare,
418 4546 675 4602 Christus
699 4555 821 4603 est:
858 4546 960 4603 hoc
986 4548 1280 4619 praadicant
1316 4550 1513 4605 sancti.
1542 4547 1659 4605 Non
1691 4564 1784 4605 ce-

1890 3335 1978 3381 tur
2001 3327 2276 3385 Dominus.
2302 3331 2682 3403 Magniﬁcetur
2710 3335 2943 3405 p0pulus
2964 3334 3305 3390 sanctorum.
3333 3332 3492 3389 Unde

1888 3421 2027 3480 dixit
2060 3443 2073 3480 :
2110 3425 2343 3482 Videant
2368 3438 2551 3484 vestra
2581 3429 2724 3484 bona
2754 3445 2944 3499 opera.
2977 3437 3033 3484 et
3057 3428 3364 3499 gloriﬁcent
3389 3427 3490 3481 Pa-

1888 3524 2025 3574 trem
2059 3528 2300 3575 vestrum
2332 3523 2421 3592 qui
2450 3522 2504 3576 in
2543 3523 2702 3578 caelis
2729 3531 2815 3578 est
2842 3524 2861 3597 (
2888 3521 3046 3578 Matt.
3074 3537 3106 3575 v
3128 3520 3171 3594 ).
3224 3521 3326 3589 Qui
3357 3520 3488 3573 dili-

1888 3621 2016 3682 gunt
2046 3610 2278 3668 salutare
2301 3622 2467 3668 tuum.
2499 3614 2684 3683 Idest,
2709 3613 2993 3670 Christum
3021 3623 3196 3670 tuum.
3220 3614 3348 3669 "th
3373 3630 3492 3683 pro-

1889 3703 2051 3773 pheta
2075 3703 2207 3760 dicit
2229 3705 2297 3762 de
2319 3706 2425 3773 his,
2449 3709 2648 3778 quibus
2676 3708 2792 3777 ipse
2817 3708 3081 3764 Dominus
3109 3693 3209 3779 per
3238 3707 3486 3776 Evange-

1887 3797 2016 3852 lium
2048 3798 2126 3852 ait
2159 3817 2169 3852 :
2201 3799 2261 3856 Si
2305 3799 2613 3857 dilexeritis
2650 3816 2761 3867 me,
2791 3810 2846 3856 et
2877 3803 3040 3858 verba
3085 3817 3205 3856 mea
3233 3801 3287 3855 in
3320 3800 3475 3854 vobis

1889 3891 2210 3966 manserint,
2255 3894 2436 3948 omnia
2463 3908 2819 3965 quaecumque
2863 3893 3162 3964 petieritis,
3213 3893 3345 3949 ﬁent
3374 3905 3490 3947 vo-

1887 3981 1969 4037 bis
1998 3980 2176 4053 (Joan.
2215 3985 2337 4056 xv).

1965 4073 2077 4145 Ego
2110 4092 2226 4130 vero
2248 4093 2439 4149 egenus
2467 4087 2514 4133 et
2549 4095 2744 4148 pauper
2769 4097 2884 4134 sunt
2925 4096 2944 4134 :
2974 4079 3136 4145 Deus,
3167 4079 3357 4149 adjuua
3383 4095 3484 4133 me.

1887 4165 2107 4237 Egenus
2139 4177 2194 4223 et
2227 4185 2433 4240 pauper
2461 4169 2710 4226 Christus
2745 4187 2758 4224 :
2790 4186 2916 4226 cum
2947 4171 3105 4227 dives
3145 4179 3318 4238 esset,
3352 4185 3480 4241 ege-

1887 4276 1990 4317 nus
2034 4262 2209 4318 factus
2249 4272 2353 4318 est.
2401 4263 2617 4332 Egenus
2659 4263 2858 4320 dicitur
2891 4265 2983 4336 qui
3039 4265 3247 4336 aliquid
3295 4264 3482 4330 habet,

1887 4366 1944 4413 et
1965 4357 2150 4428 aliquo
2173 4357 2394 4429 indiget.
2427 4358 2492 4413 Et
2516 4373 2725 4428 pauper
2747 4357 2974 4425 dicitur,
2999 4359 3093 4430 qui
3122 4357 3259 4414 nihil
3291 4357 3482 4414 habet.

1887 4448 2069 4520 Inops.
2106 4450 2161 4505 id
2191 4463 2300 4518 est,
2327 4453 2447 4507 sine
2475 4467 2597 4522 ope.

1961 4543 2186 4617 Adjutor
2209 4553 2258 4599 et
2282 4545 2525 4599 liberator
2553 4560 2696 4599 meus
2717 4554 2846 4610 esto,
2869 4545 3126 4612 Domine;
3150 4543 3291 4600 Deus
3318 4559 3488 4599 meus.

173 4639 294 4696 lavi
334 4639 781 4696 misericordiam
809 4650 988 4707 tuam,
1024 4651 1081 4696 et
1111 4642 1393 4697 veritatem
1429 4653 1577 4696 tuam
1619 4657 1785 4714 syua-
1812 4637 1866 4699 D
1891 4649 1952 4688 ne
1983 4633 2290 4689 lardaveris.
2321 4635 2393 4691 Et
2433 4636 2549 4690 haec
2578 4637 2645 4690 ad
2679 4637 3096 4707 trepidationem
3137 4636 3481 4708 corporalem

173 4748 340 4803 goga:
372 4735 581 4800 multae,
617 4733 668 4788 id
701 4743 812 4801 est,
841 4736 894 4788 in
928 4743 1038 4790 tota
1071 4735 1230 4806 plebe
1255 4737 1600 4793 annuntiavi.

251 4822 340 4878 Tu
357 4835 550 4892 autent,
573 4823 816 4894 Domine,
842 4842 905 4880 ne
926 4826 1077 4897 longe
1100 4827 1263 4897 facias
1285 4827 1646 4882 miserationes
1669 4837 1783 4882 luas

177 4937 210 4974 α
239 4935 329 4974 me
365 4935 384 4974 :
409 4921 768 4975 misericordia
795 4929 886 4974 tua
914 4931 961 4975 et
987 4921 1176 4974 veritas
1206 4927 1298 4974 tua
1326 4937 1528 4994 semper
1548 4937 1785 4994 suscepeo

175 5020 314 5066 runt
355 5028 450 5068 me.
488 5012 753 5080 Quoniam
782 5013 1239 5069 circumdederunt
1277 5029 1356 5067 me
1393 5013 1536 5068 mala
1564 5031 1786 5085 quarunt

178 5124 296 5161 non
325 5118 400 5162 est
441 5124 712 5163 numerus.
745 5106 902 5175 Quod
930 5107 1364 5163 misericordiam
1395 5107 1574 5162 Patris
1601 5117 1790 5177 postu-

177 5201 301 5268 lat,
334 5202 474 5272 quod
513 5218 542 5256 a
572 5200 781 5258 ludatis
831 5214 892 5256 se
929 5199 1328 5256 circumdatum
1373 5209 1430 5256 et
1470 5200 1789 5272 iniquitates

175 5309 357 5366 super
380 5307 439 5350 se
481 5294 877 5364 multiplicatas
904 5293 1037 5349 dicit
1072 5311 1085 5348 :
1119 5293 1264 5364 quod
1306 5308 1336 5349 a
1359 5293 1526 5349 corde
1553 5294 1788 5350 derelic-

181 5397 305 5451 tus,
346 5403 563 5443 rursum
598 5386 778 5442 Patris
823 5385 1132 5457 praesidium
1165 5394 1421 5456 precatur
1452 5403 1466 5439 :
1510 5384 1690 5442 omnia
1719 5385 1788 5441 ad

177 5479 576 5536 inﬁrmitatem
609 5479 794 5536 carnis
833 5487 964 5534 sunt
1003 5479 1319 5546 referenda,
1364 5479 1593 5534 utsicut
1629 5493 1791 5534 verus

181 5574 366 5639 Deus,
388 5575 462 5629 ita
493 5589 658 5630 verus
701 5573 864 5628 homo
896 5572 1171 5628 credatur.
1208 5571 1290 5626 Tu
1319 5582 1515 5638 autem,
1542 5570 1786 5640 Domine,

179 5685 252 5723 ne
286 5665 440 5739 longe
478 5669 642 5741 facias
672 5666 1058 5723 misericordias
1093 5675 1213 5720 tuas
1253 5683 1285 5720 a
1316 5682 1418 5720 me.
1451 5665 1568 5721 Non
1594 5665 1786 5738 longe,

178 5761 294 5819 sed
331 5776 506 5834 prope.
542 5759 908 5818 Misericordia
936 5769 1026 5814 tua
1054 5769 1102 5815 et
1125 5761 1316 5815 veritas
1341 5767 1433 5814 tua
1455 5775 1655 5833 semper
1676 5776 1793 5815 sus-

183 5865 443 5925 ceperunt
477 5872 574 5913 me.
630 5853 1004 5915 Misericordia
1055 5852 1182 5910 facit
1225 5862 1447 5922 peccata
1488 5852 1789 5912 dimittere.

1888 4738 2014 4782 sunt
2042 4727 2349 4785 referenda.
2383 4728 2519 4785 Nam
2547 4729 2808 4786 divinitas
2837 4747 2959 4801 quite
2990 4733 3090 4787 fuit
3119 4732 3171 4787 in
3198 4737 3487 4800 assumpto

1889 4821 2134 4889 homine,
2160 4824 2295 4878 nulli
2324 4836 2408 4880 est
2431 4824 2664 4879 obnoxia
2695 4826 2958 4896 passioni,
2985 4824 3080 4883 sed
3105 4826 3156 4882 in
3179 4825 3368 4882 eadem
3394 4838 3485 4894 po-

1889 4915 2058 4970 tentia
2081 4930 2186 4985 qua
2209 4916 2332 4983 fuit,
2361 4925 2417 4974 et
2437 4928 2745 4986 permanet,
2770 4928 2822 4973 et
2848 4916 3211 4989 permanebit,
3238 4925 3293 4973 et
3316 4929 3480 4982 nunc,

1890 5014 1946 5063 et
1975 5015 2101 5063 tunc
2127 5008 2181 5063 in
2211 5009 2410 5064 saecula
2440 5010 2794 5066 saeculorum.
2826 5011 3024 5066 Amen.

2453 5128 2772 5186 PSALMUS
2801 5128 2915 5184 XL.

1893 5216 1961 5271 In
1992 5218 2170 5290 ﬁnem,
2201 5219 2445 5275 Psalmus
2468 5220 2659 5275 David.
2697 5221 2862 5276 Istum
2911 5221 3177 5291 psalmum
3217 5216 3484 5288 propheta

1967 5305 2062 5363 per
2082 5291 2347 5360 Spiritum
2377 5301 2624 5348 sanctum
2650 5294 2703 5348 in
2733 5308 2962 5363 persona
2986 5291 3188 5363 Christi
3213 5291 3480 5345 cantavit.

1964 5361 2214 5418 Psalmus
2241 5379 2428 5420 vocem
2449 5364 2691 5420 continet
2720 5361 2996 5434 prephette
3021 5363 3090 5418 de
3108 5361 3485 5434 Christopro-

1966 5435 2270 5490 nuntiantis
2311 5436 2364 5490 itt
2401 5437 2561 5491 initio
2595 5453 2608 5490 :
2639 5433 2838 5491 deinde
2867 5436 3036 5505 ipsius
3066 5433 3384 5505 Mediatoris
3411 5433 3492 5486 lo-

1965 5507 2275 5580 quentisad
2305 5507 2522 5564 Patrem
2552 5525 2566 5563 :
2596 5523 2718 5580 quae
2747 5503 2986 5562 maxime
3011 5506 3214 5563 suntin
3238 5503 3486 5574 Evange-

1966 5576 2054 5632 ltis
2082 5578 2324 5648 impleta.

1963 5667 2158 5726 Beatus
2197 5674 2288 5742 qui
2328 5673 2571 5746 intelligit
2615 5689 2769 5746 super
2814 5689 3030 5749 egenum
3081 5683 3128 5728 et
3179 5685 3484 5745 pauperem.

1894 5761 1997 5831 Qui
2025 5765 2316 5835 cognoscit
2343 5765 2617 5822 Christum
2648 5759 2701 5823 in
2728 5776 3008 5837 assumpta
3034 5778 3205 5822 carne
3243 5761 3486 5828 venisse,

1921 5873 1954 5913 n
1986 5872 2094 5930 qua
2127 5874 2227 5930 pro
2258 5860 2416 5917 nobis
2461 5876 2666 5934 pauper
2698 5861 2870 5918 factus
2903 5869 2989 5920 est
3031 5867 3088 5917 et
3130 5870 3360 5930 egenus,
3404 5855 3502 5912 hic
