3944 6334
473 343 574 399 9’s?

1264 330 1611 393 APPENDIX
1656 329 1746 385 AD
1783 326 2032 387 TOMUII
2068 327 2439 386 SEPTIMUM.
2458 328 2516 384 S.
2564 325 2972 383 lllERONYMl.
3655 321 3750 378 948

477 463 874 521 beatitudinum
905 458 1211 515 cmlestium
1244 470 1377 526 Opes
1411 455 1581 526 capit.
1613 452 1733 524 Ipse
1757 458 1938 505 autem
1970 449 2076 503 llo—
2101 453 2153 513 Α
2179 448 2402 514 buntur,
2429 455 2491 501 ut
2516 448 2924 516 exstinguerent
2958 441 3283 510 Ecclesium,
3307 448 3363 497 et
3391 438 3746 509 explorarent,

482 559 662 611 minus
696 555 871 610 iactus
900 560 986 608 est
1020 564 1226 623 pauper
1258 566 1271 602 :
1304 563 1427 603 cum
1458 562 1568 603 non
1598 546 1823 601 haberet
1858 542 1949 599 ubi
1986 556 2075 597 ca-

483 658 580 717 put
610 649 905 705 reclinaret
935 643 1090 719 (Luc.
1126 643 1230 715 ιι).
1266 642 1504 712 Egerius,
1535 655 1660 696 cum
1690 653 1750 692 se
1777 636 1830 692 in
1863 634 2101 712 egenti-_

477 744 579 799 bus
609 742 760 797 reiici
788 739 1206 795 demonstravit.
1236 735 1429 790 Beatus
1452 735 1539 805 qui
1570 730 1833 802 intelligit.
1854 727 2071 796 Beatus,

479 848 533 893 et
561 836 717 905 felix,
742 836 829 906 qui
849 833 1091 904 intelligit
1118 848 1270 904 super
1296 846 1508 903 egenum
1530 835 1577 882 et
1599 839 1891 898 pauperem.
1918 819 2075 877 Chri-

479 941 598 986 stus
624 945 829 1001 egenus
862 938 919 984 et
955 942 1163 998 pauper
1192 926 1364 979 iactus
1392 932 1477 978 est
1509 938 1605 991 pro
1630 919 1809 986 nobis,
1838 928 1897 973 ut
1928 916 2074 972 illius

480 1025 661 1096 inopia
688 1039 789 1079 nos
811 1024 1012 1078 divites
1038 1022 1243 1078 faceret
1275 1040 1290 1076 :
1322 1021 1424 1086 Qui
1447 1017 1710 1089 intelligit,
1745 1016 1796 1072 id
1827 1024 1932 1082 est,
1981 1014 2073 1085 qui

478 1118 730 1186 intelligit
751 1116 902 1171 illum
926 1130 1111 1171 verum
1138 1116 1306 1169 Deum
1328 1121 1384 1167 et
1401 1127 1587 1167 verum
1616 1109 1892 1166 hominem
1926 1121 2068 1162 esse.

476 1212 544 1265 In
574 1213 657 1266 die
687 1212 827 1265 mala
854 1210 1086 1265 liberavit
1115 1225 1229 1263 eunt
1260 1205 1541 1261 Dominus.
1571 1204 1628 1260 in
1659 1205 1749 1260 die
1772 1200 1985 1273 judicii,
2018 1200 2073 1256 in

474 1322 582 1375 qua
622 1305 841 1362 Judtcos
881 1322 979 1359 nos
1021 1302 1145 1378 [ΑΙ.
1198 1301 1346 1376 ηοιι]
1390 1301 1756 1372 intelligentes
1793 1297 2075 1354 damnabit

472 1394 739 1453 Christus.
782 1396 973 1453 Aderit
1015 1395 1110 1452 tibi
1149 1394 1266 1451 dies
1308 1394 1449 1448 maia
1480 1411 1492 1447 :
1528 1392 1572 1448 si
1596 1408 1701 1447 non
1733 1389 2072 1447 intellexeris

476 1506 637 1559 super
668 1504 897 1560 egenum
929 1500 981 1545 et
1005 1502 1321 1559 pauperem.
1974 1556 1981 1563 ί

551 1583 805 1638 Dominus
827 1592 1090 1638 conservet
1118 1596 1259 1636 eum.
1285 1579 1365 1636 Ne
1391 1579 1461 1634 ab
1484 1578 1588 1634 hoc
1615 1577 1893 1633 intellectu
1918 1590 2073 1633 rece-

473 1664 565 1731 dat
607 1678 660 1732 in
700 1676 976 1749 praesenti.
1013 1673 1080 1730 Et
1117 1674 1331 1745 viviﬁret
1367 1690 1503 1727 eum.
1549 1671 1605 1728 ltt
1659 1674 1761 1727 hac
1802 1672 2071 1743 sapientia

476 1781 960 1840 perseverantem,
1016 1767 1308 1823 transferat
1357 1781 1384 1818 a
1438 1775 1611 1819 morte
1664 1764 1716 1819 in
1767 1763 1954 1819 vitam.
2002 1762 2071 1817 Et

2176 542 2317 597 sicut
2350 540 2547 595 Paulus
2587 538 2719 595 dicit
2754 556 2768 595 :
2804 536 2946 592 Fulsi
2976 535 3174 593 fratres
3209 533 3303 605 qui
3334 533 3753 595 stthintroierunt

2176 635 2466 705 explorare
2508 632 2818 687 libertatem
2858 639 3101 685 nostram
3135 626 3339 702 (Galat.
3370 627 3457 701 ιι).
3502 627 3644 682 Vana
3680 628 3751 683 lo-

2174 735 2361 782 cutum
2391 734 2475 780 est
2504 740 2601 780 cor
2631 740 2855 789 eorum,
2902 723 3088 792 lingua
3121 720 3248 777 ﬁcta
3279 721 3333 776 in
3360 719 3670 787 dilectione,
3699 729 3754 777 ut

2178 818 2308 874 illud
2339 835 2355 874 :
2384 817 2665 889 Magister,
2692 816 2898 873 scimus
2928 813 3056 886 quia
3084 828 3254 870 verax
3281 827 3365 883 es,
3393 822 3451 869 et
3487 813 3630 868 viam
3670 813 3752 870 Dei

2178 914 2233 968 in
2264 912 2495 968 veritate
2525 911 2690 967 doces
2723 908 2907 982 (Matt.
2940 907 3100 980 nn).
3133 907 3249 963 Hoc
3276 922 3477 965 vanum
3498 915 3603 963 est.
3632 904 3755 962 Con-

2175 1015 2513 1079 gregaveruttt
2535 1004 2855 1076 iniquitatem
2871 1002 2986 1059 sibi.
3005 1002 3321 1060 Clamantes
3342 1018 3356 1055 :
3378 999 3519 1069 Quid
3544 999 3610 1054 ad
3632 999 3755 1056 nos?

2176 1099 2256 1155 Tu
2286 1099 2512 1155 videris.
2560 1098 2792 1167 Sanguis
2831 1095 2952 1168 ejus
2980 1109 3149 1167 super
3189 1108 3293 1150 nos
3331 1103 3390 1149 et
3433 1107 3599 1165 super
3631 1091 3755 1149 tilias

2176 1204 2415 1249 liOSll‘OS.

2252 1287 2663 1362 Egrediebantur
2692 1290 2855 1358 foras.
2886 1283 3080 1350 Foras,
3108 1297 3232 1339 cum
3262 1281 3457 1339 Pilato.
3485 1279 3552 1336 Et
3588 1279 3755 1352 loqua-

2176 1383 2364 1438 bantur
2411 1383 2465 1437 in
2492 1381 2741 1453 idipsum.
2783 1378 3069 1437 Adversum
3107 1391 3191 1431 me
3230 1375 3569 1433 susurrabant
3596 1389 3758 1429 omnes

2174 1480 2374 1535 inimici
2413 1478 2509 1533 mei
2558 1492 2576 1533 .'
2623 1476 2900 1532 adversum
2947 1490 3028 1529 me
3076 1471 3367 1546 cogitabant
3423 1469 3567 1525 mala
3619 1469 3752 1524 milii.

2175 1570 2514 1627 Adhibentes
2544 1579 2714 1625 testes
2743 1566 2960 1639 iniquos
2987 1606 3004 1635 ,
3047 1575 3104 1622 et
3140 1572 3451 1637 quaerentes
3480 1578 3570 1619 me
3600 1564 3757 1618 inter-

2178 1665 2358 1719 iicere.
2383 1663 2772 1731 Adamantius
2806 1656 3151 1716 susurrabant
3184 1677 3197 1712 :
3229 1658 3281 1714 id
3321 1666 3429 1725 est,
3462 1669 3757 1715 murmurs-

2177 1755 2328 1812 bant.
2364 1754 2552 1809 Omnes
2592 1753 2791 1808 inimici
2823 1752 2920 1807 tnei
2959 1751 3255 1824 cogitabant
3286 1751 3428 1805 mala
3460 1751 3592 1805 milii
3619 1766 3637 1804 :
3673 1765 3757 1803 su-

475 1866 682 1918 beatunt
708 1863 868 1933 faciat
898 1878 1032 1916 eum.
1068 1862 1200 1916 Cum
1230 1859 1438 1914 sanctis
1469 1858 1581 1913 suis
1613 1857 1666 1912 in
1699 1872 1870 1928 regno
1901 1856 2074 1913 eteio-
2107 1846 2147 1907 Β
2178 1847 2411 1920 pradieti
2455 1845 2650 1913 iudici,
2695 1844 2779 1901 vel
2837 1846 3000 1900 modo
3046 1853 3249 1917 contra
3295 1844 3602 1900 Eeclesiam
3654 1843 3754 1898 Iste-

476 1973 620 2011 rum.
662 1955 725 2009 In
755 1964 914 2009 terra.
950 1952 1007 2008 In
1041 1964 1228 2008 saneta
1260 1950 1504 2008 Ecclesia
1537 1950 1621 2006 vel
1655 1950 1707 2005 in
1743 1949 1831 2004 die
1857 1950 2073 2006 a-terni-

480 2050 627 2103 tatis.
667 2046 729 2100 Et
759 2063 862 2101 non
903 2046 1075 2099 tradat
1108 2061 1226 2099 eunt
1264 2045 1317 2099 in
1353 2060 1536 2098 manus
1569 2043 1903 2098 inimicorum
1937 2044 2071 2115 ejus.

480 2140 537 2196 ld
568 2148 672 2203 ραι,
708 2141 762 2194 in
811 2146 1083 2209 potestate
1121 2138 1345 2204 diaboli,
1390 2137 1483 2209 qui
1524 2136 1829 2193 credulitati
1873 2145 2074 2192 nostra

477 2249 694 2306 semper
725 2234 973 2287 inimicm
1002 2232 1239 2287 exsistit.

555 2328 808 2382 Dominus
835 2341 984 2396 opem
1018 2324 1157 2395 {erat
1184 2324 1266 2379 illi
1295 2341 1448 2397 super
1489 2324 1678 2379 lectum
1705 2324 1903 2379 doloris
1933 2325 2073 2388 eius.

481 2423 644 2491 Upen
673 2423 807 2490 [erat
830 2420 910 2473 illi
944 2435 961 2473 :
994 2420 1099 2474 hoc
1125 2428 1239 2484 est,
1275 2416 1608 2488 adjutorium
1640 2423 1865 2486 praestet
1890 2415 1989 2470 illi.
2016 2413 2073 2469 in

476 2520 618 2573 teetu
650 2515 879 2581 doloris,
908 2515 959 2569 in
992 2512 1310 2567 inﬁrmitate
1343 2513 1546 2564 carnis.
1577 2507 1677 2563 Vel
1705 2507 1774 2564 de
1798 2507 1892 2563 illo
1919 2521 2076 2577 para-

479 2611 646 2683 iytieo
679 2617 855 2675 potest
888 2606 1146 2675 intelligi,
1179 2604 1399 2675 quando
1430 2603 1696 2657 Dominus
1723 2601 1865 2657 dixit
1896 2619 1909 2655 :
1942 2601 2076 2657 Sur-

478 2720 565 2770 ge,
601 2703 730 2758 tolle
763 2703 963 2756 lectum
995 2710 1144 2754 tuutu
1176 2697 1355 2771 (Matt.
1390 2695 1468 2767 ιι)
1498 2714 1509 2750 :
1542 2696 1668 2767 quia
1700 2710 1901 2764 corpus
1926 2693 2070 2765 quod

477 2798 871 2866 corrumpitur,
913 2803 1170 2865 aggravet
1200 2792 1436 2846 animam
1462 2832 1476 2856 ,
1512 2800 1569 2845 et
1599 2788 1927 2845 inhabitatio
1959 2796 2072 2843 ter-

475 2904 607 2946 rena
655 2886 910 2958 deprimit
949 2900 1166 2940 sensum
1212 2883 1380 2939 multa
1419 2882 1753 2954 cogitantem
1781 2882 1940 2952 (Sap.
1968 2881 2070 2954 ιι).

475 2983 535 3038 In
585 2983 743 3052 hujus
770 2979 1016 3048 corporis
1066 2980 1424 3048 aegrotatione
1472 2977 1668 3046 inquo
1710 2974 1889 3030 anima
1931 2986 2065 3029 tam-

472 3091 637 3146 quam
680 3076 733 3128 in
778 3072 978 3129 lectulo
1024 3073 1343 3142 requiescit,
1385 3085 1492 3139 Ope
1532 3068 1800 3125 Dominici
1833 3069 2072 3139 praesidii

475 3166 812 3223 consoletur.
844 3165 1151 3221 Universum
1178 3173 1397 3218 stratum
1431 3166 1544 3238 ejus
1581 3163 1796 3217 uersain
1816 3163 1885 3216 ain
1919 3161 2070 3231 inﬁr-

2180 1939 2358 1997 retici.

2258 2035 2481 2091 Verbum
2506 2034 2741 2105 iniquum
2778 2033 3159 2088 constituerunt
3190 2029 3450 2085 adrersus’
3479 2045 3579 2084 me.
3609 2029 3759 2085 Aien-
3853 2058 3860 2064 -

2179 2141 2296 2187 tes:
2322 2131 2490 2187 Nobis
2517 2145 2625 2184 non
2650 2129 2781 2185 licet
2808 2128 3059 2183 occidere
3088 2140 3441 2197 quemquam,
3472 2123 3569 2180 sed
3599 2134 3655 2179 tu
3674 2138 3756 2179 ac-

2175 2229 2319 2296 cipe,
2363 2236 2419 2283 et
2464 2223 2721 2296 erueiiige
2764 2240 2883 2278 eum
2925 2220 3125 2295 (lacn.
3155 2220 3347 2291 xvttt).
3396 2218 3495 2274 Vel
3548 2216 3760 2288 quando

2177 2321 2433 2377 dixerunt
2464 2338 2478 2375 :
2506 2320 2563 2376 lu
2597 2318 2905 2375 Beelzebub
2931 2316 3082 2388 ejicit
3110 2316 3381 2372 daemonia
3408 2313 3561 2387 (an.
3591 2314 3688 2385 ιι),
3708 2320 3758 2368 et

2179 2433 2284 2472 non
2316 2416 2494 2470 solum
2522 2429 2688 2486 super
2716 2413 2929 2479 vivum,
2964 2412 3059 2466 sed
3093 2408 3258 2467 etiam
3290 2424 3455 2480 super
3492 2419 3755 2464 mortuum

2178 2511 2345 2567 falsos
2376 2518 2541 2564 testes
2572 2508 2863 2563 miserunt.

2254 2603 2525 2676 Numquid
2553 2604 2639 2673 qui
2662 2601 2888 2668 dormit,
2923 2615 3026 2653 non
3052 2597 3264 2672 adjiciet
3291 2604 3347 2651 ut
3375 2596 3654 2666 resurgat!
3675 2593 3758 2650 Sic

2179 2716 2266 2754 me
2311 2695 2618 2753 interﬁcere
2664 2694 3024 2758 festinabant,
3064 2690 3216 2763 quasi
3260 2697 3384 2761 post
3419 2697 3651 2744 mortem
3677 2702 3759 2742 re-

2177 2805 2400 2861 surgere
2434 2804 2540 2844 ttou
2574 2787 2858 2843 haberem.
2904 2785 3018 2842 Hoc
3049 2795 3128 2840 est
3172 2783 3358 2839 dicere
3391 2800 3404 2837 :
3437 2781 3531 2851 qui
3561 2782 3630 2835 ab
3660 2777 3756 2835 ini-

2176 2884 2298 2955 quis
2313 2876 2526 2951 injuste
2547 2895 2743 2937 somno
2762 2880 2955 2934 mortis
2971 2876 3328 2947 opprimitur,
3354 2889 3460 2931 non
3484 2872 3756 2944 resurget?

2176 2977 2328 3034 Sicut
2355 2976 2494 3031 alius
2523 2974 2786 3044 propheta
2817 2974 2955 3028 dixit
2989 2989 3002 3026 :
3029 2969 3300 3040 Numquid
3329 2970 3423 3040 qui
3454 2968 3623 3036 cadit,
3655 2982 3754 3023 non

2176 3081 2417 3141 resurget
2464 3066 2694 3140 (Jerem.
2726 3064 2902 3139 vni)?
2939 3062 3153 3121 Cecidit
3180 3063 3331 3119 enim
3372 3076 3596 3133 granum
3646 3057 3752 3115 fru-

2179 3164 2368 3231 menti,
2399 3173 2455 3220 et
2484 3162 2682 3219 messis
2711 3164 2933 3231 copiosa
2962 3158 3225 3215 surrexit.

474 3261 656 3315 ntitate
676 3263 810 3329 ejus.
831 3259 1067 3328 Corpus,
1084 3267 1144 3311 ut
1163 3256 1582 3327 dixitnus,qttod
1605 3257 1706 3326 pro
1727 3256 1903 3310 strato
1923 3255 2073 3309 acei-
2097 3240 2143 3301 (ἒ
2250 3257 2455 3312 Etenim
2479 3254 2632 3310 hante
2661 3253 2805 3324 pacis
2830 3266 2957 3308 meat
2978 3252 3035 3307 in
3063 3264 3168 3321 quo
3196 3247 3432 3320 speravi,
3463 3247 3553 3318 qui
3587 3244 3757 3300 edebat

474 3354 646 3423 pitur,
682 3354 732 3405 in
764 3350 1004 3405 diversis
1030 3348 1476 3405 tribulationibus
1502 3347 1838 3419 iuqttietastl,
1865 3356 1921 3402 ut
1947 3362 2075 3418 pro-
2177 3366 2335 3420 panes
2375 3364 2535 3412 nteos,
2569 3346 2923 3421 magni/icavit
2966 3360 3122 3417 super
3160 3359 3241 3398 me
3265 3341 3750 3413 supplantationem.

474 3449 663 3503 hatum
698 3455 862 3517 atque
892 3445 961 3501 ab
1014 3442 1285 3500 illecebris
1313 3454 1700 3514 expurgatum,
1731 3454 2068 3498 assumeres.
2175 3440 2619 3499 Matuiiestissime
2648 3440 2737 3495 hic
2762 3439 2956 3495 ludam
2985 3440 3272 3501 denuntiat
3300 3435 3658 3508 proditorem,
3687 3432 3756 3488 si-

477 3541 579 3595 llic
610 3540 872 3610 propheta
914 3539 1169 3603 immutat
1207 3537 1493 3606 ordinem,
1533 3546 1591 3592 et
1631 3537 1837 3607 profert
1879 3551 2070 3593 vocem
2175 3545 2268 3590 cut
2293 3534 2416 3605 ipse
2444 3535 2704 3590 Dominus
2735 3533 2788 3588 in
2827 3531 3128 3603 Evangelio
3156 3531 3234 3586 sit
3266 3549 3277 3585 :
3307 3528 3408 3586 Cui
3445 3545 3546 3601 ego
3572 3542 3757 3599 panem

479 3633 753 3689 Dominici
784 3633 1023 3688 hominis
1051 3632 1316 3690 dicentis:
2178 3630 2464 3685 intinctam
2483 3627 2712 3693 dedero,
2744 3628 2859 3698 ipse
2887 3639 2972 3682 est
3000 3626 3186 3698 (Joan.
3212 3626 3367 3696 snt):
3396 3636 3451 3681 et
3471 3623 3634 3680 alibi:
3661 3621 3756 3678 Le-

551 3727 664 3799 Ego
711 3726 857 3791 dixi,
910 3724 1161 3789 Domine,
1201 3726 1445 3779 miserere
1478 3706 1577 3779 mei
1618 3739 1637 3779 :
1672 3741 1803 3780 sana
1836 3726 2071 3779 animant
2174 3723 2324 3779 vabit
2367 3722 2655 3777 adversum
2707 3739 2792 3778 me
2837 3723 3179 3777 calcaneum.
3222 3718 3380 3788 Quod
3424 3729 3601 3775 autem
3638 3717 3750 3772 ait:

475 3837 665 3882 meum,
688 3820 812 3891 quia
843 3819 1049 3888 peccavi
1077 3817 1188 3873 tibi.
1222 3818 1356 3885 Qure
1394 3824 1587 3873 intesta
1618 3832 1794 3889 usque
1824 3818 1890 3872 ad
1928 3834 2075 3887 more
2179 3819 2283 3887 Qui
2333 3818 2515 3873 edebat
2546 3833 2566 3872 :
2597 3818 2699 3873 hoc
2727 3824 2842 3886 est,
2874 3817 2965 3887 qui
3012 3817 3293 3872 caelestem
3334 3814 3549 3878 cibum,
3593 3814 3754 3867 vitam

476 3924 583 3967 tetu
616 3932 628 3966 :
664 3927 770 3967 non
800 3912 869 3965 ab
896 3910 1441 3982 originaligfztcinore,
1472 3910 1568 3966 sed
1602 3925 1698 3979 pro
1726 3911 1946 3968 delictis
1976 3926 2073 3981 βυ·
2175 3912 2303 3967 huic
2332 3911 2532 3967 tnundo
2558 3915 2803 3977 dantem,
2831 3910 3106 3979 sumebat,
3135 3918 3193 3965 et
3227 3909 3351 3963 aliis
3378 3905 3754 3972 distribuebat,

469 4005 586 4076 puli
616 4005 991 4060 contristatur.
1027 4003 1145 4064 Vel.
1181 4005 1422 4076 miserere
1450 4004 1573 4073 mei,
1611 4003 1853 4058 Ecclesia
1886 4004 2023 4059 dicit
2056 4021 2070 4058 :

472 4096 603 4170 quia
636 4096 791 4151 multi
825 4107 950 4151 sunt
987 4098 1079 4167 qui
1114 4105 1335 4163 peccata
1366 4095 1739 4159 committunt,
1773 4095 1870 4150 sed
1900 4096 2072 4151 verba

473 4191 846 4245 excusationis
875 4190 1239 4261 praetendunt.
1283 4189 1436 4246 Unde
1469 4189 1715 4244 Ecclesia
1742 4189 1882 4245 dicit
1909 4207 1924 4247 :
1958 4189 2073 4262 Ego

473 4296 565 4337 tne
592 4297 792 4337 accuso
822 4298 919 4352 pro
950 4283 1087 4337 meis
1113 4283 1371 4352 peccatis,
1398 4283 1523 4351 quia
1546 4295 1649 4353 ego
1677 4282 1926 4351 peccavi.

547 4372 762 4428 Inimici
789 4375 887 4429 mei
920 4374 1161 4430 dixerunt
1189 4374 1329 4428 mala
1367 4370 1496 4429 mihi
1528 4388 1544 4426 :
1572 4372 1796 4438 Quando
1823 4373 2075 4429 morietur

474 4476 526 4519 et
551 4467 739 4536 peribit
768 4484 955 4522 nomen
977 4467 1127 4539 ejus?
1145 4467 1374 4536 Quando
1390 4466 1646 4524 videbant
1670 4483 1847 4525 cmcos
1872 4469 2076 4525 illumi-

473 4559 626 4623 nari,
661 4561 907 4629 leprosos
937 4560 1210 4629 mundari,
1243 4561 1471 4617 sabbata
1500 4561 1760 4627 dissolvi,
1806 4563 2068 4620 Lazarum

471 4651 810 4718 resuscitari,
856 4652 1079 4723 quando
1124 4652 1426 4708 dicebant:
1470 4654 1611 4710 Ecce
1656 4655 1892 4710 mundus
1923 4665 2070 4712 totus

467 4753 596 4815 post
624 4758 748 4799 eum
771 4742 907 4798 abiit
938 4742 1119 4816 (Ioan.
1151 4745 1261 4818 xiv)
1297 4763 1311 4800 :
1346 4744 1476 4817 quid
1508 4744 1656 4800 aliud
1695 4755 1946 4816 poterant
1974 4760 2072 4801 co-

468 4841 667 4910 gitare,
696 4838 825 4905 nisi,
857 4845 918 4894 ut
938 4848 1112 4894 morte
1142 4838 1190 4893 ei
1217 4838 1333 4894 haec
1359 4841 1533 4895 virtus
1561 4839 1901 4909 eriperetur?
1932 4838 2068 4896 Nam

469 4943 525 4988 et
549 4947 688 4987 unus
715 4947 785 4988 ex
809 4931 945 4998 illis,
978 4931 1213 4999 Caiphas
1242 4914 1489 5000 nomine,
1512 4932 1641 4988 licet
1671 4932 1920 4989 nesciens
1948 4946 2070 5003 qua:

469 5023 711 5091 diceret,
743 5023 925 5080 aiebat
952 5041 966 5078 κ
1000 5022 1234 5095 Expedit
1267 5032 1322 5078 ut
1359 5037 1501 5079 unus
1540 5023 1811 5079 moriatur
1840 5039 1941 5094 pro
1971 5040 2073 5095 po-

465 5115 622 5187 pulo,
673 5128 729 5171 ut
758 5131 868 5172 non
910 5125 1021 5172 tota
1059 5130 1196 5187 gens
1245 5126 1450 5189 pereat.
1504 5115 1727 5185 Quando
1772 5117 2070 5173 morietur?

465 5206 585 5269 Ηοε
605 5217 689 5265 θει
710 5207 859 5281 quod
886 5207 941 5275 in
968 5205 1245 5279 Evansclii
1270 5207 1528 5280 parabola
1556 5208 1836 5280 scribitur,
1854 5208 2069 5271 coloniis

466 5298 778 5356 dicentibus
823 5315 838 5356 ι
894 5299 1006 5355 Iste
1054 5306 1143 5355 est
1187 5298 1390 5375 haeres,
1439 5303 1642 5368 venite,
1670 5300 2065 5358 ittterilciamus

464 5407 591 5449 eum
626 5411 640 5449 :
679 5403 734 5450 et
774 5402 964 5457 nostra
995 5393 1100 5451 erit
1143 5392 1467 5471 haereditas,
1499 5404 1554 5453 et
1583 5409 1689 5452 non
1720 5403 2063 5463 memoratur

463 5502 665 5547 nomen
687 5487 806 5563 ejus
832 5487 1068 5560 amplius
1096 5486 1294 5566 (Marc.
1325 5488 1448 5566 xu).

2175 4023 2298 4063 eum
2337 4016 2486 4063 esset
2525 4006 2837 4078 apostolus:
2871 4004 2990 4076 ipse
3022 4004 3165 4059 hanc
3205 4003 3375 4058 vitam
3422 4000 3600 4066 morti,
3635 4013 3756 4071 pro-

2177 4113 2296 4175 pter
2325 4102 2640 4174 cupiditatis
2661 4102 2919 4172 pretium,
2949 4097 3264 4155 destinavit.

2245 4195 2329 4251 Tu
2356 4205 2548 4262 autem,
2574 4193 2818 4263 Domine,
2842 4194 3083 4248 miserere
3117 4192 3240 4260 mei,
3270 4200 3345 4244 et
3384 4187 3629 4246 resuscita
3655 4203 3753 4252 me,

2175 4296 2227 4343 et
2252 4288 2534 4343 retribuam
2559 4288 2652 4343 eis.
2702 4286 3085 4343 Resuscitatus
3134 4295 3219 4339 est
3265 4281 3524 4340 Dominus
3573 4288 3759 4336 noster

2174 4379 2376 4434 virtute
2406 4387 2650 4449 paterna,
2678 4377 2746 4433 ad
2773 4377 2930 4448 cujus
2948 4377 3235 4431 dexteram
3264 4375 3439 4431 sedet.
3465 4376 3756 4443 Antequam

2174 4483 2505 4548 resurgeret,
2555 4475 2872 4545 auticipavit
2918 4474 3057 4530 ultio
3105 4472 3324 4541 ludam,
3380 4486 3502 4527 cum
3526 4481 3643 4522 cum
3675 4466 3759 4520 in-

2176 4573 2373 4630 teritus
2398 4570 2616 4627 debitus
2655 4568 2987 4641 suggillavit.
3016 4568 3171 4637 Quod
3218 4580 3400 4622 autem
3430 4566 3505 4621 ait
3535 4581 3547 4617 :
3583 4560 3759 4617 Retri-

2177 4670 2337 4725 buam
2362 4666 2467 4732 illi,
2499 4664 2742 4721 futurum
2773 4664 2821 4720 ei
2846 4663 3114 4734 judicium
3142 4661 3524 4718 comminatur.

2245 4758 2311 4814 In
2343 4760 2438 4814 Itoc
2457 4758 2671 4832 cognovi
2718 4758 2967 4829 quoniam
3014 4755 3224 4810 voluisti
3262 4770 3362 4808 me.
3414 4747 3758 4808 Resuscitans

2173 4866 2282 4908 me.
2316 4850 2578 4918 Quoniam
2602 4867 2703 4905 non
2727 4848 2971 4922 gaudebit
3008 4848 3254 4904 inimicus
3293 4861 3439 4901 meus
3483 4858 3627 4913 super
3652 4856 3750 4895 nte.

2176 4944 2432 4999 Diabolus
2462 4961 2475 4997 :
2507 4943 2666 5014 cujus
2699 4942 2959 4998 instinctu
2992 4940 3113 4997 huc
3148 4938 3322 4995 induti
3353 4944 3482 4995 sunt
3506 4932 3705 5007 operati
3737 4947 3753 4987 ε

2175 5050 2280 5092 non
2303 5044 2388 5091 est
2409 5036 2631 5106 gavisus
2652 5049 2776 5089 eum
2809 5033 3099 5089 retinendo
3120 5031 3175 5087 in
3208 5029 3427 5087 inieris.

2248 5126 2335 5182 Me
2357 5136 2529 5184 autem
2558 5135 2772 5200 propter
2790 5126 3142 5182 innocentiam
3174 5125 3469 5195 suscepisti,
3506 5131 3551 5177 et
3569 5118 3755 5186 conﬁr-

2175 5220 2331 5275 masti
2349 5236 2429 5274 me
2447 5221 2501 5274 in
2522 5229 2795 5293 conspectu
2816 5219 2980 5274 tuoin
2996 5228 3261 5274 teternunt.
3283 5216 3514 5273 Maxima
3537 5223 3612 5271 est
3636 5210 3755 5266 haec

2173 5314 2508 5381 innocentia,
2537 5328 2661 5368 eum
2687 5314 2868 5384 justus
2894 5326 2991 5383 pro
3010 5311 3193 5382 impiis
3223 5311 3455 5365 moritur
3484 5327 3495 5364 :
3527 5307 3612 5379 qui
3640 5319 3751 5359 non

2172 5420 2291 5477 sua,
2320 5405 2417 5463 sed
2442 5413 2628 5462 nostra
2664 5416 2887 5475 peccata
2935 5403 3190 5475 portavit.
3225 5403 3462 5475 Propter
3489 5414 3636 5481 quam
3666 5397 3754 5453 in-

2173 5499 2507 5567 nocentiam,
2534 5508 2588 5555 et
2617 5514 2646 5553 a
2679 5498 2840 5555 Patre
2867 5498 3091 5555 devicta
3115 5506 3315 5565 morte,
3338 5510 3461 5553 curn
3481 5497 3748 5561 assumpta

537 5581 610 5637 Et
642 5583 689 5638 si
726 5583 1147 5655 ingrediebantur
1187 5595 1245 5640 ut
1277 5585 1538 5653 viderent,
1582 5599 1718 5639 vana
1756 5584 2063 5658 loquebatur
2168 5606 2334 5651 carne
2360 5599 2647 5662 susceptus
2675 5600 2762 5647 est
2785 5591 2840 5647 in
2860 5589 3200 5648 calestibus.

462 5692 553 5730 ear
577 5692 780 5735 eorum.
828 5675 1175 5739 inuocantes
1215 5679 1555 5749 pmtorium,
1587 5676 1952 5749 loquebantur
1987 5679 2057 5735 de

2238 5682 2553 5739 Benedictus
2576 5682 2831 5739 Dominus
2853 5680 2997 5739 Deus
3028 5681 3196 5739 Israel
3223 5698 3258 5738 α
3278 5681 3494 5748 male,
3524 5688 3570 5736 st
3592 5691 3750 5747 usque

460 5768 630 5824 corde
676 5770 849 5837 malo,
882 5769 1175 5829 dicentes:
1212 5770 1402 5827 Omnis
1439 5772 1534 5844 qui
1564 5785 1625 5828 se
1664 5770 1796 5828 facit
1844 5787 2059 5844 regem,
2164 5775 2489 5834 insaniunt
2525 5777 2641 5848 ﬁat,
2666 5776 2780 5846 ﬁat.
2805 5777 2915 5834 Pro
2941 5776 3054 5848 ﬂat,
3094 5776 3209 5847 ﬂat,
3252 5775 3309 5832 in
3344 5775 3570 5832 Hebmo
3608 5770 3743 5830 scri-

457 5862 787 5919 euutradioit
809 5862 1017 5920 Cassii
1046 5862 1229 5935 (Jun.
1255 5864 1394 5934 xix).
1419 5864 1515 5923 Vel
1543 5865 1611 5923 ad
1641 5865 1747 5923 hoc
1779 5866 2058 5942 ingredie-

2188 5871 2317 5928 tltur
2333 5886 2509 5942 amen,
2531 5884 2705 5943 amen,
2733 5870 2882 5945 quod
2902 5868 3124 5944 Aquila,
3138 5872 3526 5945 amnem
3541 5865 3619 5925 :itl
3634 5871 3745 5931 est,
