3944 6334
208 250 309 323 su

1131 257 1566 316 BREVIARIUM
1605 256 1671 315 IN
1712 230 2046 316 rsALMos.
2088 256 2332 317 essen.
2373 254 2508 317 xu.

3372 265 3478 324 95x)

202 403 316 453 me,
343 382 453 439 sive
481 380 725 453 ﬁdeliter,
765 379 1063 436 transtulit.
1110 381 1177 436 Et
1213 379 1497 437 sciendum
1540 380 1771 452 primum
1799 382 1846 441 Α
1950 377 2082 434 Htec
2106 379 2405 435 recordatus
2428 395 2566 448 sunt,
2585 387 2635 433 et
2660 376 2824 446 effudi
2849 378 2902 433 in
2937 395 3015 434 me
3036 380 3265 434 animant
3284 395 3474 434 meum.

203 479 383 536 librum
418 471 670 530 Psalterii
708 473 795 529 hic
843 487 966 529 esse
995 472 1226 530 finitum.
1276 472 1588 529 Secundum
1639 487 1771 528 vero

203 585 358 630 esses
383 567 796 639 quadragesimo
837 567 1035 637 primo,
1084 582 1258 637 usque
1309 566 1376 621 ad
1429 566 1773 637 septuagesi-

207 679 335 721 mum
373 662 628 732 primum.
672 659 917 715 Tertium
968 675 996 712 a
1047 662 1451 730 septuagesimo
1506 656 1767 726 secundo,

208 770 360 826 usque
388 755 440 809 in
470 752 871 823 octogesimum
892 760 1167 808 octavum.
1196 752 1462 818 Quartum
1500 749 1569 805 ab
1617 760 1773 806 octo-

206 852 396 923 gesimo
419 862 586 910 nono.
620 860 788 918 usque
810 847 864 902 in
886 844 1247 902 centesimum
1284 845 1556 917 quintum.
1598 843 1775 914 Quin-

208 952 305 998 tum
324 953 450 995 vero
478 953 510 994 a
535 938 840 996 centesimo
868 946 1045 1003 sexto,
1078 950 1252 1007 usque
1277 935 1345 991 ad
1370 935 1551 993 finem.

722 1072 1043 1157 PSALMUS
1080 1072 1217 1131 xu.

207 1173 433 1253 [aﬂuent
457 1169 746 1253 intellectus
776 1170 912 1253 ﬁliis
947 1169 1099 1253 _Core,
1124 1167 1399 1253 Emimus.
1431 1169 1498 1253 In
1520 1169 1695 1253 finem,
1722 1168 1778 1253 in

266 1240 519 1301 Christo:
554 1240 885 1297 intellectus:
948 1242 1048 1296 hoc
1096 1250 1200 1307 est,
1249 1240 1562 1297 intellectus
1613 1240 1777 1308 Spiri-

268 1315 438 1372 tnalis.
474 1311 635 1368 Filiis
660 1311 825 1369 Core:
854 1313 905 1368 id
947 1320 1051 1377 est,
1105 1311 1231 1367 filiis
1278 1310 1503 1376 Christi,
1531 1314 1624 1382 qui
1654 1319 1781 1368 sunt

267 1386 562 1442 credentes.
634 1383 881 1439 Psalmus
928 1398 1119 1439 vocem
1170 1382 1410 1440 continet
1462 1384 1726 1440 Ecclesiza
1758 1426 1776 1453 ,

267 1460 371 1514 sive
414 1457 589 1513 fidelis
611 1456 717 1512 viri
738 1456 914 1512 Deum
941 1454 1326 1512 desiderantis.

270 1593 709 1661 Quemadmodum
730 1591 991 1648 desiderat
1013 1607 1190 1648 cereus
1212 1591 1281 1646 ad
1300 1595 1470 1664 fontes
1489 1608 1746 1663 aquarum
1759 1607 1780 1649 .'

213 1688 278 1742 ita
303 1686 557 1742 desiderat
582 1688 762 1740 auium
786 1701 899 1740 mea
941 1685 1011 1739 ad
1058 1693 1126 1753 te,
1156 1683 1316 1740 Deus.
1363 1683 1604 1740 Primum
1633 1685 1780 1740 enim

209 1778 600 1852 intelligendum
626 1788 734 1849 est,
757 1794 950 1850 quare,
986 1778 1071 1835 vel
1095 1779 1334 1850 qualiter
1358 1778 1638 1836 desiderat
1660 1793 1779 1835 cer-
1808 1774 1855 1836 B
1882 1785 2064 1832 mente
2113 1777 2445 1849 ingrediens,

211 1888 293 1931 vos
312 1872 373 1930 sd
400 1873 583 1929 fontes
613 1888 898 1945 aquarum.
930 1882 957 1912 α
987 1856 1107 1929 Mos
1132 1883 1216 1929 est
1243 1872 1391 1929 enim
1418 1873 1561 1945 ejus.
1596 1883 1653 1929 ιιι
1698 1874 1780 1929 ιιι-ἑ

209 1977 402 2024 ventum
450 1976 768 2040 serpentem
826 1966 1051 2024 naribus
1102 1966 1338 2036 hauriat,
1387 1976 1443 2022 et
1494 1975 1615 2038 post
1663 1966 1779 2023 hate

210 2060 570 2129 esardescens,
607 2060 917 2132 exstinguat
951 2060 1118 2115 sitim.
1151 2059 1297 2131 Ergo
1317 2059 1479 2115 homo
1497 2058 1778 2126 Ecclesiae,

208 2155 284 2223 qui
312 2152 398 2209 diu
422 2154 474 2208 iu
500 2164 634 2208 actu
663 2167 939 2209 venenoso
966 2152 1220 2223 degebat,
1272 2151 1365 2207 ubi
1405 2166 1463 2207 se
1516 2151 1782 2223 perspicit

209 2260 345 2302 emno
393 2244 817 2315 fornicationis,
872 2244 1199 2300 idololatriae
1244 2246 1419 2300 fetore
1470 2243 1777 2315 repletum:

210 2339 458 2397 desiderat
488 2341 685 2397 venire
710 2340 777 2395 ad
798 2338 1098 2407 Christum,
1125 2338 1177 2393 in
1208 2354 1317 2408 quo
1344 2346 1429 2393 est
1454 2340 1577 2393 fons
1618 2336 1781 2394 lumi-

213 2434 305 2502 nis,
331 2442 405 2502 ut,
433 2434 660 2489 ablutus
684 2433 981 2505 baptismo,
1005 2430 1242 2500 accipiat
1262 2431 1466 2486 donum
1499 2432 1781 2487 remissio-

212 2527 300 2581 nis.
328 2526 437 2583 Scit
458 2526 645 2595 enim,
662 2526 785 2596 quia
812 2526 915 2581 nisi
940 2524 1062 2596 quis
1093 2532 1319 2580 renatus
1347 2522 1517 2579 fuerit
1555 2539 1620 2579 ex
1644 2537 1782 2595 aqua

212 2628 259 2675 et
276 2619 467 2691 Spiritu
493 2628 714 2687 sancto,
742 2635 847 2674 non
876 2617 1097 2674 habebit
1122 2618 1286 2672 vitam
1304 2625 1563 2672 teternam
1591 2615 1779 2689 (Joan.

214 2716 302 2787 ιιι).
332 2713 432 2770 Sed
462 2720 518 2770 et
543 2714 598 2769 si
636 2712 761 2785 quis
791 2713 955 2769 hodie
984 2722 1256 2779 nostrum,
1288 2712 1575 2767 exstinctis
1611 2711 1780 2779 vitiis,

214 2805 432 2876 ignoscat
456 2805 509 2861 in
533 2804 871 2861 desiderium
926 2803 1223 2860 Dominicre
1278 2803 1781 2875 centemplationis,

216 2904 371 2967 potest
389 2907 442 2953 et
470 2897 597 2969 ipse
618 2897 806 2954 dicere
833 2915 846 2952 :
874 2897 999 2969 quia
1029 2896 1309 2953 desiderat
1340 2898 1518 2952 anima
1572 2913 1687 2952 mea
1716 2895 1787 2952 ad

216 2998 259 3046 te
285 2990 449 3046 Deus:
503 2992 616 3047 hoc
672 3001 779 3059 est,
817 2991 1006 3047 relicto
1054 2989 1282 3059 saeculo,
1325 2990 1392 3045 ad
1437 3000 1489 3047 te
1526 2989 1787 3047 desidero

214 3084 435 3139 transire.

1879 472 2013 527 Dum
2040 471 2143 528 hoc
2171 469 2565 542 improperium
2601 471 2847 543 quotidie
2878 472 3154 529 sustinens
3202 488 3475 529 memora-

1874 578 2012 635 rem,
2041 564 2331 636 liquefacta
2364 575 2449 620 est
2488 565 2543 620 iu
2587 580 2673 620 me
2724 567 2903 621 anima
2949 581 3089 634 mea,
3145 574 3203 622 et
3231 566 3385 623 tabni
3415 567 3473 623 in

1876 664 2107 712 tractatu
2139 675 2153 712 :
2182 674 2304 714 cum
2356 674 2533 731 neque
2584 661 2636 715 in
2677 662 2821 716 coelo
2870 673 3046 732 neque
3104 669 3250 716 terra
3301 660 3472 717 Deum

1875 763 2055 805 meum
2109 764 2333 807 cernere
2381 764 2596 822 possem
2665 751 2977 823 visibiliter,
3033 752 3130 809 sed
3180 752 3470 811 inveniens

1877 856 2002 897 eum
2030 841 2085 897 iu
2123 851 2304 899 mente
2332 858 2453 899 mea
2481 843 2879 915 gubernantem
2917 861 3005 901 me
3034 860 3099 901 se
3144 841 3477 918 dirigentem

1877 933 1932 990 in
1980 935 2073 991 illo
2129 934 2483 992 tabernaculo
2528 938 2907 1009 sempiterno,
2954 938 3025 995 de
3065 953 3174 1011 quo
3229 939 3468 1012 loquor:

1882 1027 2143 1096 Quoniam
2167 1029 2396 1084 transibo
2447 1030 2503 1085 in
2549 1028 2722 1086 locum
2778 1031 3103 1087 tabernaculi
3148 1032 3476 1089 admirabilis

1879 1139 2040 1195 usque
2086 1124 2156 1178 ad
2184 1124 2394 1179 domum
2423 1122 2539 1180 Dei.
2569 1125 2998 1182 Tabernaculum
3042 1127 3163 1196 Dei,
3225 1127 3472 1184 Ecclesia

1879 1225 1983 1286 est,
2016 1232 2138 1288 quae
2174 1216 2353 1272 adhuc
2380 1218 2765 1289 peregrinatur
2791 1234 2821 1274 a
2849 1219 3123 1277 Domino:
3164 1235 3263 1293 per
3306 1236 3474 1293 quam

1880 1308 1947 1364 ad
1973 1316 2177 1364 reterns
2206 1309 2582 1378 tabernacula,
2615 1310 2668 1365 id
2700 1320 2807 1377 est,
2828 1313 2894 1367 ad
2918 1312 3200 1369 crelestem
3253 1309 3480 1370 Jer'usa-

1883 1403 2159 1473 lem,qua:
2205 1410 2290 1458 est
2338 1413 2514 1459 mater
2555 1404 2800 1460 omnium
2835 1416 3104 1473 nostrum,
3155 1408 3396 1464 venitur.
3424 1408 3483 1465 ln

1882 1509 1990 1567 qua
2024 1506 2152 1552 sunt
2185 1495 2340 1553 multi
2366 1496 2713 1553 admirabiles
2743 1508 2797 1554 et
2834 1497 3128 1555 virtutibus
3156 1501 3330 1556 sacris
3364 1501 3481 1571 pol-

1885 1588 2060 1645 lentes
2090 1607 2103 1643 :
2131 1589 2256 1661 quia
2278 1589 2529 1647 aedificati
2561 1606 2726 1661 super
2748 1589 3162 1648 fundamentum
3191 1594 3475 1665 apostolo-

1885 1686 2026 1752 rum,
2057 1691 2331 1755 tamquam
2355 1699 2460 1740 una
2489 1684 2686 1740 domus
2742 1684 3033 1742 habentur.
3091 1686 3149 1742 In
3172 1702 3333 1759 quam
3377 1689 3481 1744 iste

2524 1779 2637 1849 qui,
2707 1778 2901 1835 relicta
2973 1779 3308 1851 idololatria,
3362 1784 3481 1854 jam

1879 1876 2210 1938 cognoverat
2247 1869 2502 1942 baptismi
2544 1882 2909 1938 sacramenta,
2945 1871 3224 1929 admirans
3254 1874 3479 1931 harmo-

1883 1965 2027 2017 niam
2055 1960 2266 2019 Cantici
2295 1963 2621 2034 spiritualis,
2644 1967 3088 2037 per‘suavitatem
3117 1977 3340 2024 aeterna:
3361 1967 3485 2024 dul-

1881 2055 2111 2123 cedinis,
2163 2058 2396 2114 accessit
2444 2057 2512 2114 ad
2549 2058 2773 2115 domum
2819 2059 2938 2128 Dei,
2985 2060 3134 2132 quod
3162 2070 3250 2118 est
3280 2060 3483 2119 Sancta

1881 2161 2217 2207 sanctorum.
2244 2152 2312 2208 Et
2340 2153 2494 2225 quasi
2524 2153 2800 2210 diceretur
2828 2156 2878 2211 ei
2910 2174 2924 2211 :
2957 2156 3092 2225 Quis
3135 2165 3189 2213 te
3239 2156 3345 2213 huc
3385 2157 3480 2214 ad-

1881 2243 2033 2301 duxit
2059 2263 2073 2300 :
2102 2244 2213 2311 vel,
2245 2245 2485 2317 qualiter
2514 2246 2619 2303 huc
2646 2247 2841 2303 venisti
2880 2267 2894 2304 :
2921 2249 3161 2321 vel,quo
3177 2250 3485 2307 delectatus

1884 2349 1965 2406 es,
1999 2344 2058 2391 ut
2088 2336 2192 2391 huc
2217 2330 2546 2393 accederes?
2573 2337 2916 2411 Respondit:

1957 2426 2022 2482 In
2041 2446 2160 2484 voce
2182 2428 2544 2485 exsultationis
2563 2440 2611 2486 et
2641 2433 3004 2505 confessionis,
3029 2451 3184 2490 sonus
3200 2434 3482 2508 epulantis.

1886 2522 2216 2593 Exsoltatio,
2256 2522 2531 2580 confessio
2574 2534 2631 2581 et
2667 2525 2916 2596 epulatio
2948 2526 3083 2596 haec,
3122 2543 3229 2583 non
3260 2528 3485 2583 musicis

1887 2616 2094 2672 artibus
2122 2617 2528 2689 .adimplentur,
2561 2634 2737 2689 neque
2786 2618 3131 2691 inchoantur,
3159 2629 3216 2676 et
3252 2632 3481 2691 praster-

1887 2720 2050 2776 ennt;
2102 2710 2196 2766 sed
2240 2710 2443 2784 jugiter
2481 2711 2747 2784 angelicis
2790 2712 3014 2768 vocibus
3062 2720 3118 2769 et
3162 2721 3480 2770 sanctorum

1887 2804 2247 2859 concentibus
2294 2802 2660 2861 celebrantur.
2715 2804 2870 2875 Quod
2918 2805 3045 2861 dum
3088 2805 3192 2862 iste
3222 2808 3398 2863 adhuc
3426 2809 3482 2864 in

1888 2896 2089 2952 steculo
2116 2896 2347 2967 positus,
2383 2907 2567 2953 mente
2596 2897 2900 2968 snspiceret
2928 2916 2941 2954 :
2995 2899 3358 2971 ingemiscens
3384 2915 3486 2959 cur

1888 2989 1957 3045 ab
1978 3004 2044 3044 eo
2068 2987 2185 3044 haec
2211 2987 2461 3045 differtur
2491 2989 2785 3061 habitatio,
2815 3000 3024 3048 mmstat
3048 2990 3245 3047 animae
3269 2990 3346 3048 ait
3377 3007 3392 3044 :

1966 3082 2143 3151 Quare
2162 3083 2324 3138 tristis
2342 3099 2414 3151 es,
2439 3083 2615 3138 anima
2642 3099 2774 3150 mea,
2804 3091 2851 3139 ct
2871 3100 3032 3155 quare
3061 3083 3337 3140 conturbas
3360 3100 3438 3139 me
3458 3085 3485 3140 2

274 3174 435 3231 Sitivit
473 3176 657 3232 anima
698 3192 811 3230 mea
829 3175 899 3229 ad
928 3174 1092 3231 Deum
1120 3176 1309 3247 fortem
1354 3174 1543 3231 vivum.
1570 3173 1688 3230 Non
1715 3175 1783 3232 ad
1812 3172 1856 3235 C
1889 3168 2047 3247 Quia,
2080 3176 2274 3249 inquit,
2317 3176 2641 3233 suavitatem
2677 3177 2817 3232 hanc
2861 3191 3103 3248 praesens
3128 3176 3366 3233 nondum
3395 3190 3490 3233 sec

216 3280 404 3327 mortua
433 3271 753 3337 simulacra,
780 3269 877 3325 sed
896 3269 963 3325 ad
988 3270 1139 3325 illum
1169 3268 1260 3341 qui
1288 3268 1428 3325 dixit
1456 3285 1472 3325 :
1508 3269 1639 3324 Vivo
1661 3285 1782 3341 ego,

214 3361 327 3418 dicit
374 3363 639 3421 Dominus
688 3381 703 3427 ς
755 3364 886 3435 quia
920 3363 1067 3444 .mihi
1124 3361 1377 3420 ﬂectetur
1423 3378 1584 3419 omne
1640 3378 1785 3434 genu

215 3456 381 3525 (Nam.
417 3456 547 3529 xlv).
582 3455 772 3524 Vivus,
805 3457 932 3526 quia
962 3456 1080 3527 ipse
1109 3455 1243 3511 dicit
1285 3474 1299 3512 :
1336 3454 1489 3513 Sicut
1523 3455 1674 3512 misit
1702 3470 1788 3515 me

216 3550 387 3606 vivens
411 3550 596 3616 Pater,
632 3560 689 3605 et
714 3565 816 3622 ego
858 3550 980 3604 vivo
1029 3557 1253 3621 propter
1296 3548 1538 3617 Patrem,
1593 3559 1647 3607 et
1694 3550 1786 3622 qui

213 3644 365 3700 credit
388 3645 439 3699 in
472 3660 584 3711 me,
616 3651 674 3699 et
720 3646 835 3715 ipse
882 3645 1024 3700 vivet
1062 3655 1287 3716 propter
1334 3660 1419 3701 me
1459 3644 1644 3717 (Joan.
1681 3646 1784 3717 vr).

217 3733 413 3801 Quando
441 3738 647 3791 veniam
690 3747 738 3791 et
775 3736 1034 3817 apparebo
1057 3748 1175 3792 ante
1205 3736 1395 3809 faciem
1428 3735 1528 3792 Dei
1550 3737 1649 3792 mei
1660 3738 1685 3793 1'
1709 3737 1789 3795 Ac

214 3827 251 3883 si
278 3829 508 3887 diceret:
547 3830 785 3901 Quando
832 3832 935 3886 erit
983 3840 1215 3901 tempus,
1245 3843 1301 3888 ut
1349 3832 1440 3888 illa
1474 3833 1642 3905 gloria
1683 3851 1787 3905 qua

212 3922 492 3982 efficiuntur
514 3927 693 3983 sancti
725 3925 1037 3982 conformes
1060 3927 1249 3999 gloria:
1274 3938 1400 3996 tum,
1439 3942 1543 3999 ego
1594 3928 1650 3982 in
1678 3929 1790 3984 cla-

214 4014 353 4073 ritate
394 4034 519 4074 cum
569 4018 678 4073 illis
723 4019 1051 4090 appaream?
1084 4017 1203 4088 Vel,
1234 4020 1446 4093 quando
1484 4020 1705 4089 veniam,
1734 4022 1789 4079 Id

213 4124 305 4184 est,
352 4115 576 4187 quando
604 4115 716 4179 erit
757 4115 889 4171 illud
943 4125 1178 4187 tempus,
1224 4131 1334 4188 quo
1389 4116 1628 4173 Ecclesia
1678 4116 1794 4174 vult

213 4206 412 4264 dissolvi
463 4225 495 4265 a
534 4224 767 4281 corpore
806 4217 862 4265 et
913 4225 1038 4266 esse
1076 4225 1196 4265 cum
1227 4208 1574 4267 ChristolEt
1600 4210 1792 4281 parebo

213 4310 312 4354 ante
339 4300 524 4371 {aciem
552 4299 658 4356 Dei
682 4303 779 4357 mei
803 4317 820 4355 :
848 4299 904 4356 id
930 4311 1038 4367 est,
1089 4315 1216 4358 ante
1263 4315 1620 4374 conspectum
1653 4302 1793 4360 divi-

215 4391 409 4464 nitatis,
437 4403 495 4451 et
516 4404 654 4450 tunc
678 4394 984 4451 videbimus
1014 4409 1138 4451 eum
1171 4395 1331 4452 sicuti
1361 4406 1467 4453 est.

277 4483 502 4541 Fuerunt
550 4484 680 4541 mihi
726 4486 970 4559 lacrynue
1003 4502 1134 4543 meae
1181 4503 1341 4558 panes
1389 4488 1474 4544 die
1514 4504 1575 4544 ac
1623 4498 1789 4545 nocte.

1888 3271 2031 3340 cepi,
2060 3280 2117 3327 et
2140 3270 2426 3327 insidiator
2469 3285 2624 3327 meos
2671 3271 2852 3326 adhuc
2903 3281 3093 3328 contra
3140 3286 3228 3328 me
3275 3270 3485 3342 vigilat,

1887 3363 2066 3420 adhuc
2112 3365 2245 3420 mihi
2293 3363 2519 3436 laqueos
2560 3363 2817 3421 intendit.
2851 3364 2916 3420 Et
2942 3364 3036 3421 ille
3065 3363 3275 3434 inquit:
3312 3363 3486 3435 Spera

1887 3458 1944 3513 in
1993 3457 2238 3513 Domino.
2267 3456 2377 3514 Per
2406 3458 2721 3529 patientiam
2775 3458 3007 3513 sustine.
3063 3456 3178 3525 Vel,
3231 3470 3381 3529 spera
3427 3455 3486 3511 in

1892 3550 2022 3607 Deo.
2051 3550 2246 3608 Anima
2268 3553 2620 3621 semetipsam
2651 3552 2897 3609 hortatur
2926 3568 2939 3606 :
2966 3551 3048 3607 vel
3075 3550 3306 3607 interior
3329 3550 3494 3633 homo

1892 3646 2145 3703 hortatur
2174 3647 2525 3703 exteriorem.
2561 3645 2818 3713 Quoniam
2850 3644 3025 3700 adhuc
3049 3644 3333 3714 confitebor
3384 3640 3491 3711 illi,

1889 3743 2120 3797 salutare
2144 3740 2314 3795 vultus
2341 3742 2463 3805 mei,
2489 3750 2537 3795 et
2568 3739 2705 3795 Deus
2726 3755 2888 3793 meus.
2918 3736 3217 3793 Confessus
3237 3751 3357 3792 sum
3375 3735 3489 3805 jam

1890 3833 2091 3888 delicta
2119 3853 2131 3887 :
2163 3832 2470 3889 confitebor
2521 3831 2718 3888 deinde
2766 3830 2981 3887 laudem
3022 3829 3165 3900 ejus,
3202 3843 3490 3900 perquam

1894 3942 1980 3982 me
2001 3926 2231 3981 saltavit
2252 3942 2280 3980 a
2315 3937 2489 3981 morte
2514 3925 2836 3997 perituram,
2869 3921 2953 3977 vel
2984 3921 3142 3977 illicit
3167 3920 3234 3977 ad
3262 3929 3485 3978 acterna.

1965 4017 2045 4074 Ad
2070 4034 2149 4073 me
2171 4026 2347 4089 ipsum
2373 4018 2548 4072 anima
2579 4034 2690 4073 mea
2712 4013 3022 4071 conturbata
3056 4021 3150 4067 est.
3182 4011 3266 4069 Ob
3297 4026 3488 4067 recor-

1893 4114 2174 4170 dationem
2202 4110 2526 4168 delictorum
2554 4110 2819 4179 priorum.
2848 4105 3135 4179 PrOplerca
3164 4119 3360 4161 memor
3404 4119 3492 4160 ero

1894 4208 1969 4263 tui
1994 4207 2060 4262 de
2082 4214 2221 4261 terra
2246 4203 2520 4275 Iordanis,
2551 4212 2599 4259 et
2627 4201 2980 4270 Hermoniim,
3008 4218 3040 4256 a
3062 4206 3236 4255 monte
3262 4198 3492 4261 modico.

1894 4300 2151 4358 Iordanis
2170 4315 2268 4372 pro
2294 4299 2562 4369 baptismo
2588 4296 2858 4369 accipitur
2884 4294 3180 4363 :Hermon,
3197 4292 3492 4357 anathema

1895 4396 2304 4468 interpretatur.
2339 4392 2505 4464 Igitur
2536 4391 2640 4446 iste
2668 4387 2762 4461 qui
2791 4395 2909 4445 erat
2931 4396 3212 4459 peccator,
3240 4386 3498 4458 quisicut

1894 4505 2089 4545 cervus
2118 4486 2463 4544 desiderabat
2493 4484 2671 4541 fontes
2714 4497 3001 4555 aquarum,
3050 4495 3261 4539 memor
3290 4479 3394 4537 fuit
3438 4479 3496 4537 iu

214 4572 483 4644 Quomodo
518 4588 698 4651 potest
736 4579 802 4635 de
853 4580 1111 4655 lacrymis
1158 4579 1315 4651 panis
1364 4579 1525 4638 fieri?
1552 4581 1741 4637 Potest
1775 4599 1789 4637 :
1828 4565 1872 4625 Ι)
1900 4576 2582 4651 bumilitateptnnitenlite.
2615 4585 2671 4633 et
2712 4573 2971 4644 baptismi
3018 4573 3296 4635 ablutione
3324 4570 3499 4635 abluit

216 4670 324 4740 quia
351 4670 490 4728 sicut
516 4687 716 4745 corpus
744 4672 973 4728 satiatur
999 4671 1069 4730 de
1095 4688 1253 4743 pane,
1287 4674 1359 4731 ita
1392 4674 1570 4731 anima
1603 4675 1671 4732 de
1713 4675 1791 4732 la-

215 4762 420 4833 crymis,
446 4766 574 4837 quia
623 4763 822 4822 exinde
873 4776 1060 4835 sperat
1103 4767 1488 4823 remissionem
1540 4776 1793 4839 peccato-

218 4869 321 4912 rum
351 4856 575 4916 habere.
602 4857 790 4914 Fletus
819 4874 883 4915 ac
913 4860 1146 4931 gemitus
1198 4870 1357 4917 erant
1409 4862 1541 4916 mihi
1591 4877 1655 4917 ac
1705 4864 1788 4919 la-

220 4951 486 5020 mentatio,
511 4952 584 5007 ob
610 4950 942 5007 desiderium
970 4951 1071 5006 tui.
1104 4950 1241 5006 Dum
1261 4952 1455 5006 dicitur
1495 4953 1623 5008 mihi
1661 4970 1792 5024 quo.

219 5041 370 5103 tidie:
396 5042 495 5101 Ubi
520 5053 595 5100 est
620 5042 768 5099 Deus
796 5053 936 5100 tuus.
967 5042 1248 5116 Siquidem
1283 5047 1469 5117 pagani
1501 5046 1632 5102 deos
1667 5061 1797 5104 suos

221 5135 374 5209 digito
402 5139 725 5207 ostendunt,
754 5147 809 5195 et
847 5133 918 5194 ob
945 5138 1051 5195 hoc
1094 5139 1349 5211 ingerunt
1402 5140 1532 5194 mihi
1592 5140 1798 5212 impro-

221 5233 561 5301 peria.Unde
600 5234 803 5303 sciant,
853 5236 981 5307 quia
1030 5249 1131 5307 ego
1182 5245 1366 5293 mente
1413 5234 1582 5292 Deum
1614 5250 1797 5303 meum

219 5327 545 5383 reconditum
569 5336 753 5397 teneo,
784 5338 838 5384 et
867 5343 966 5400 per
993 5328 1312 5385 interiorem
1345 5328 1626 5385 hominem
1668 5344 1795 5386 cum

220 5417 324 5491 ipso
352 5421 555 5478 habito.

284 5589 310 5619 ι
345 5582 493 5651 Quod
546 5582 726 5640 cervis
777 5589 1150 5653 comparatum
1182 5590 1267 5638 est
1307 5595 1337 5636 a
1388 5589 1597 5653 natura,
1652 5578 1705 5635 id
1726 5580 1797 5636 ad

225 5650 468 5713 moralem
499 5669 719 5727 sensusn
735 5650 990 5727 torquent
1014 5654 1261 5727 plerique
1282 5661 1525 5727 veterum
1542 5650 1791 5727 Patrum,

225 5671 468 5713 moralem
499 5671 719 5711 sensum
735 5671 990 5727 torquent
1014 5671 1150 5724 pter:
1193 5671 1261 5709 ue
1282 5671 1791 5721 veterumratrum,

225 5736 271 5780 et
306 5724 992 5799 cumprimisEpiphanius
1044 5726 1096 5782 in
1147 5671 1630 5799 Birysiologotubi
1669 5738 1793 5799 cer-

225 5812 357 5869 vum,
378 5795 723 5872 serpentibus
750 5795 922 5865 halitu
948 5812 1047 5861 suo
1071 5795 1286 5866 excitis,
1303 5796 1477 5869 iisque
1499 5795 1793 5865 devoratis,

1900 4681 2080 4729 vetera
2110 4671 2305 4728 delicta
2333 4689 2345 4724 :
2371 4666 2851 4727 anathematizavit
2887 4674 3111 4737 peccata
3147 4680 3268 4731 sua,
3302 4672 3356 4719 et
3385 4678 3495 4723 non

1899 4781 1958 4823 se
1986 4765 2179 4822 extulit
2203 4779 2459 4837 magnum
2484 4762 2798 4836 gloriando,
2829 4760 2927 4819 sed
2966 4759 3152 4818 effecit
3209 4756 3499 4831 parvulum

1900 4858 2242 4933 pmnitendo.

1972 4953 2203 5025 Abysstts
2231 4951 2476 5023 abyssum
2510 4951 2735 5006 invocat.
2796 4948 2981 5005 Multat
3015 4954 3144 5003 sunt
3186 4943 3256 5001 de
3302 4943 3503 5015 abysso

1906 5048 2355 5119 opinionemque
2382 5044 2709 5116 opportunis
2729 5043 2865 5099 locis
2890 5041 3352 5110 explanabuntnr.
3368 5035 3505 5093 Nam

1905 5143 2016 5210 hic,
2042 5140 2260 5213 abyssus
2287 5138 2529 5210 abyssum
2558 5140 2800 5204 inuocat;
2830 5151 2953 5194 cum
2994 5134 3081 5195 Vel
3108 5143 3266 5191 vetus
3312 5131 3505 5189 Testa-

1902 5242 2143 5292 mentum
2177 5246 2376 5288 novum
2408 5231 2728 5296 annuntiat;
2753 5229 2840 5284 vel
2865 5244 3067 5283 novum
3089 5236 3244 5282 vetus
3271 5227 3324 5279 in
3354 5224 3507 5287 testi-

1902 5328 2143 5384 monium
2173 5332 2352 5382 vocat.
2383 5322 2557 5382 Vetus
2601 5321 2887 5381 annuntiat
2931 5336 3155 5388 novum,
3205 5334 3328 5375 cum
3369 5316 3509 5373 dicit

1901 5423 2112 5497 Moyses
2139 5438 2152 5476 :
2186 5418 2516 5491 Prophetam
2541 5416 2702 5473 vobis
2726 5414 3014 5472 suscitabit
3041 5413 3185 5470 Deus
3226 5411 3296 5469 de
3325 5411 3508 5466 fratri-

1903 5578 2203 5647 obiturum,
2260 5576 2359 5639 ait.
2405 5582 2658 5637 mortem,
2721 5569 2822 5626 nisi
2847 5584 3147 5647 venenum
3186 5564 3508 5647 autetrinm

1902 5651 2159 5706 horarum
2189 5640 2439 5718 ~spatium
2485 5650 2796 5718 praevertat.
2846 5640 3070 5718 Nosten
3093 5641 3187 5718 hic
3221 5644 3414 5695 aut-tor
3440 5651 3509 5692 ex

1902 5723 1999 5779 illo
2021 5711 2311 5793 Epiphanii
2345 5711 2661 5776 testimonio
2694 5713 2994 5786 sumpsisse
3022 5711 3290 5771 videatur.
