3944 6334
473 281 568 338 θἨ

1262 282 1605 342 ΑΡΡΕΝΒΙΧ
1644 285 1736 341 AD
1775 281 2020 343 TOMUM
2060 285 2411 346 SEPTIMUM
2450 288 2510 346 S.
2551 287 2956 351 lllERONYMl.

3657 299 3749 358 σιεὲ

469 395 573 451 Ιιιιε
619 397 815 454 vestris
886 398 1069 470 (Deut.
1119 400 1295 470 xvut).
1368 397 1576 454 Novum
1625 415 1756 458 vero
1805 411 1961 458 vetus
2010 403 2064 458 in
2092 406 2140 466 Α
2169 420 2272 458 non
2303 412 2502 460 sancta.
2539 405 2744 476 Expeto
2771 408 3034 477 judicium
3079 419 3266 479 tuum,
3297 414 3421 486 quia
3448 415 3748 476 misericors

471 489 846 546 testimonium
877 502 1037 547 vocat
1067 508 1078 544 :
1105 505 1227 546 cum
1255 491 1387 546 dicit
1417 491 1618 548 Paulus
1647 512 1661 548 :
1704 493 1964 550 Bibcbant
1996 495 2065 551 de

474 585 726 653 sequenti
750 593 902 655 petra
931 605 942 638 :
973 594 1120 654 petra
1146 595 1324 642 autem
1354 596 1471 642 erat
1490 585 1738 643 Christus
1760 587 1813 660 (l
1835 588 1955 643 Cor.
1976 588 2062 660 ι).

470 673 706 744 PrOpter
732 675 1159 745 profunditatem
1189 678 1336 733 enim
1366 678 1760 750 intelligentiae,
1809 679 2062 736 dicuntur

469 766 722 838 abyssus.
758 765 828 829 In
850 780 1371 825 vocecataractarum
1411 780 1638 826 tuarum.
1670 772 1725 828 In
1769 787 1902 828 voce
1935 788 2064 843 pro-

468 857 782 927 phetarum,
815 876 937 931 qua:
964 861 1260 918 adventum
1298 865 1508 920 Domini
1541 866 1901 921 annuntiavit.
1939 866 2066 922 Ideo

469 952 615 1005 enim
651 961 939 1008 cataracta:
962 954 1240 1022 dicuntur,
1291 957 1416 1026 quia
1446 957 1716 1014 obscurus
1767 959 1820 1013 in
1875 973 2064 1015 eorum

469 1045 753 1115 prophetia
782 1046 1050 1104 adventus
1081 1049 1290 1105 Domini
1340 1051 1459 1117 fuit,
1509 1067 1610 1108 nec
1658 1068 1689 1108 a
1730 1052 1934 1108 Judaeis
1983 1062 2069 1109 est

467 1137 806 1195 intellectus.
831 1140 1136 1198 Annuntiat
1165 1145 1311 1199 enim
1342 1143 1459 1200 [nec
1490 1160 1593 1200 vox
1621 1146 1889 1216 judicium
1922 1147 2064 1202 futu-

467 1249 612 1301 rum,
670 1236 753 1291 vel
800 1236 868 1292 de
925 1238 1212 1294 beatorum
1262 1239 1498 1306 meritis,
1533 1242 1618 1296 vel
1661 1240 1729 1296 de
1783 1241 2067 1313 suppliciis

473 1326 793 1398 impiorum.

542 1420 732 1476 Omnia
754 1424 956 1479 excelsa
979 1435 1161 1495 tua,et
1182 1429 1375 1499 ﬂuctus
1407 1429 1480 1482 tui
1513 1444 1669 1498 super
1712 1446 1792 1484 me
1839 1432 2066 1486 transie-

465 1523 610 1568 runt.
639 1513 888 1570 Excelsa:
919 1527 1047 1571 sunt
1077 1527 1238 1588 atque
1291 1528 1542 1589 potentes
1589 1520 1672 1576 hze
1732 1521 1919 1589 minae,
1969 1538 2067 1594 per

472 1624 607 1679 quas
635 1613 828 1664 mortis
849 1611 1114 1680 judicium
1164 1612 1505 1668 minaliaris:
1549 1615 1674 1685 quia
1725 1631 1830 1671 non
1886 1619 2066 1671 statim

468 1703 730 1785 decidunt
747 1713 974 1775 propter
991 1705 1310 1761 immensam
1327 1708 1640 1776 patientiam
1660 1719 1822 1764 tuam.
1844 1709 2069 1767 Fluctus

2169 510 2248 550 es.
2279 496 2358 551 'fu
2387 507 2570 553 autem
2597 498 2851 555 discerne
2885 517 2970 557 me
2995 519 3025 556 a
3054 503 3224 573 paleis
3255 506 3396 562 inter
3425 523 3562 579 quas
3582 507 3636 564 in
3661 509 3748 568 hoc

2167 591 2371 648 szcculo
2397 593 2728 663 iugemisco,
2769 597 3124 666 supervestiri
3152 601 3382 672 cupiens
3415 620 3430 656 :
3461 613 3520 657 ut
3568 603 3748 660 absor-

2168 683 2362 740 beatur
2389 686 2534 757 quod
2577 689 2808 745 mortale
2839 699 2925 746 est
2954 707 2983 747 a
3014 692 3143 747 vita.
3175 691 3282 750 Scd
3310 704 3364 750 et
3395 695 3609 753 Domini
3659 713 3748 752 vox

2169 788 2287 846 est,
2333 779 2530 850 quibus
2568 781 2716 850 prius
2744 781 2989 850 dixerat,
3014 784 3198 841 Sancti
3241 797 3418 845 estote
3443 831 3457 856 ,
3499 791 3748 859 quoniam

2170 886 2270 942 ego
2318 882 2540 928 sanctus
2571 891 2687 930 sum
2722 874 2910 945 (Leuit.
2945 878 3082 948 xx):
3115 888 3172 934 et
3205 897 3310 934 non
3357 881 3751 953 impleverunt:

2171 964 2246 1018 Ab
2273 966 2480 1020 homine
2506 967 2686 1036 iniquo
2715 977 2763 1022 et
2784 969 2967 1024 doloso
2993 987 3114 1026 erue
3135 988 3233 1027 me.
3262 971 3433 1028 Nemo
3463 977 3638 1047 magis
3668 976 3756 1032 ini-

2171 1072 2307 1126 quus
2355 1067 2520 1126 atque
2550 1058 2810 1126 dolosus,
2843 1076 3004 1132 quam
3039 1063 3129 1118 ille
3177 1065 3267 1134 qui
3328 1066 3630 1137 iniquitatis
3686 1069 3754 1121 in-

2171 1160 2366 1205 ventor
2394 1159 2556 1220 atque
2592 1153 2880 1208 aemulator
2909 1164 2997 1210 est
3026 1157 3331 1212 sanctitatis
3365 1175 3378 1211 :
3413 1159 3464 1213 id
3499 1168 3583 1215 est
3606 1202 3619 1225 ,
3653 1159 3756 1215 dia-

2173 1240 2359 1308 bolus,
2405 1245 2492 1313 qui
2527 1245 2764 1300 introivit
2812 1246 2865 1302 in
2911 1263 3008 1303 cor
3036 1248 3192 1304 Juda:
3225 1259 3282 1304 ut
3315 1251 3556 1306 traderet
3602 1251 3754 1308 Clui-

2171 1346 2339 1396 stum.
2371 1339 2477 1396 Sed
2507 1349 2561 1396 et
2589 1340 2753 1397 homo
2783 1341 2882 1398 ille
2913 1343 3085 1400 ﬁdelis
3126 1359 3285 1416 quem
3317 1345 3472 1417 prius
3498 1345 3754 1417 diximus,

2176 1433 2440 1489 hmcaﬂ:

2248 1525 2384 1594 Quia
2407 1536 2459 1580 tu
2481 1544 2564 1594 es,
2589 1527 2728 1583 Deus
2745 1571 2759 1596 ,
2784 1530 3040 1600 fortitudo
3066 1548 3199 1587 mea.
3223 1533 3347 1588 Scio
3373 1548 3461 1589 me
3491 1533 3756 1590 inﬁrmum

2173 1629 2228 1677 et
2269 1621 2510 1692 fragilem
2544 1640 2554 1675 :
2593 1639 2692 1679 nec
2719 1625 2899 1680 sentio
2931 1641 3016 1681 me
3047 1627 3285 1697 aliquam
3319 1626 3522 1685 habere
3555 1628 3758 1686 fortitu-

2173 1713 2355 1770 dinem
2408 1717 2459 1771 in
2509 1732 2610 1788 qua
2643 1733 2826 1785 eruar,
2875 1719 2981 1774 nisi
3014 1729 3074 1778 tu,
3114 1721 3429 1776 salvaveris.
3477 1721 3653 1789 Quare
3693 1740 3758 1778 me

469 1805 652 1851 autem
682 1805 846 1851 sunt:
878 1797 1005 1853 dum
1030 1814 1093 1853 ea
1125 1799 1437 1868 adveniunt,
1479 1817 1601 1872 qua:
1655 1801 1870 1858 fuerunt
1918 1818 2064 1859 com-
2099 1810 2145 1870 B
2173 1809 2451 1879 repulisti?
2487 1811 2770 1868 Fortitudo
2812 1825 2997 1870 n05tra
3040 1813 3294 1870 Christus
3320 1827 3407 1872 est
3438 1835 3450 1871 :
3499 1818 3594 1886 qui
3645 1827 3758 1873 tunc

470 1890 692 1943 minata.
721 1889 848 1946 Ideo
876 1892 976 1946 iste
1005 1892 1137 1949 dicit
1163 1909 1225 1948 ea
1271 1909 1434 1964 super
1481 1910 1542 1950 se
1597 1895 1879 1966 ingressa:
1941 1913 2066 1953 cum

467 1981 521 2034 in
555 1981 841 2040 desideriis
867 1987 1186 2042 mortalibus
1219 1987 1442 2059 degens,
1499 1989 1822 2045 verberatus
1873 1991 2065 2062 plagis,

470 2075 717 2132 eruditus
741 2085 842 2141 est,
873 2088 930 2132 ut
959 2078 1234 2136 desideret
1264 2080 1524 2137 Dominus
1550 2082 1755 2137 vivum.

544 2168 612 2223 In
663 2170 746 2223 die
796 2175 1056 2228 mandatit
1119 2172 1376 2232 Dominus
1426 2178 1842 2232 misericordiam
1891 2195 2058 2234 suam.

471 2270 610 2335 Quia
639 2282 734 2338 per
771 2268 947 2324 lucem
979 2284 1098 2324 eam
1125 2268 1531 2339 Scripturarum
1583 2277 1895 2325 sanctarum
1949 2285 2066 2342 pro~

471 2363 640 2418 misit.
670 2361 740 2417 Et
767 2373 918 2419 nocte
943 2363 1198 2419 canticum
1220 2369 1352 2438 ejus.
1401 2364 1458 2420 lu
1481 2362 1923 2422 tribulationibus
1975 2380 2070 2436 po-

466 2462 575 2518 sito
604 2475 724 2517 eam
757 2462 1016 2518 ostendit.

543 2556 700 2627 Apud
740 2574 819 2611 me
843 2558 1010 2612 oratio
1042 2574 1176 2614 mea.
1206 2557 1272 2614 Et
1301 2574 1408 2614 non
1442 2566 1601 2614 extra
1648 2573 1758 2614 me.
1813 2557 1924 2613 Deo
1953 2560 2069 2614 vita:

465 2667 618 2706 metu.
645 2650 717 2707 Ut
745 2650 797 2706 ei
829 2667 1042 2707 merear
1066 2651 1205 2708 liber
1233 2651 1302 2707 ab
1340 2651 1444 2708 hoc
1491 2651 1693 2708 szeculo
1741 2651 2068 2722 quandoque

471 2744 758 2816 conjungi.
787 2745 972 2800 Dicam
996 2744 1129 2814 Deo,
1154 2756 1421 2816 susceptor
1443 2762 1587 2802 meus
1609 2762 1683 2800 es.
1717 2745 1872 2802 Licet
1893 2745 1947 2800 in
1974 2746 2068 2801 tri-

470 2839 844 2895 balationibus
891 2854 1202 2896 exercear:
1250 2854 1468 2912 semper
1523 2849 1700 2896 tamen
1750 2853 1779 2894 a
1833 2848 1885 2896 te
1943 2849 2068 2909 peto

471 2933 685 3004 protegi
717 2948 780 2988 ac
804 2933 1045 2989 defendi.

551 3029 726 3096 Quare
755 3029 948 3084 oblitus
969 3045 1021 3084 es
1041 3029 1179 3083 mei?
1220 3029 1286 3084 Et
1313 3043 1481 3100 quare
1509 3042 1594 3082 me
1625 3025 1909 3096 repulisti?
1956 3023 2066 3081 Cur

467 3132 579 3180 tam
607 3124 698 3179 diu
729 3122 936 3189 differs,
969 3134 1025 3178 ut
1055 3140 1160 3177 non
1208 3123 1436 3178 inducas
1485 3137 1572 3177 rue
1614 3121 1666 3176 in
1698 3119 1848 3175 illum
1882 3121 2063 3175 locum

2175 1917 2275 1958 nos
2331 1905 2576 1974 repellit,
2621 1920 2745 1961 cum
2788 1909 3222 1978 peccaverimus.
3263 1908 3437 1977 Quare
3485 1911 3645 1964 tristis
3690 1911 3758 1963 in-

2172 2000 2294 2053 cedo
2315 2039 2330 2066 ,
2378 2000 2499 2053 dum
2543 2001 2720 2074 afﬂigit
2749 2018 2827 2056 me
2872 2003 3150 2057 inimicus?
3175 2003 3371 2059 Tristis
3402 2019 3520 2059 sum
3552 2013 3758 2078 propter

2175 2100 2395 2161 peccata
2429 2107 2546 2147 mea
2570 2134 2585 2159 ,
2616 2102 2674 2148 ct
2698 2093 2823 2149 ideo
2853 2093 3066 2167 afﬂigar
3097 2095 3149 2150 in
3183 2096 3580 2152 teutalionibus
3606 2098 3757 2152 variis

2171 2185 2240 2241 ab
2270 2187 2390 2257 ipso
2435 2187 2658 2242 inimico
2681 2231 2694 2256 ,
2742 2189 2836 2259 qui
2867 2190 3119 2260 superius
3149 2189 3310 2246 homo
3341 2189 3564 2261 iniquus
3593 2190 3756 2244 dictu;

2171 2287 2273 2336 est.
2305 2277 2461 2335 Unde
2485 2280 2615 2351 quia
2642 2295 2728 2336 me
2760 2282 3088 2336 conturbant
3123 2282 3366 2338 tenebrae
3392 2291 3752 2353 peccatorum,

2171 2370 2239 2427 ad
2273 2382 2352 2438 te,
2377 2373 2467 2442 qui
2494 2373 2584 2428 lux
2613 2387 2672 2429 es
2698 2373 2917 2441 mundi,
2950 2374 3205 2446 confugio
3231 2375 3483 2446 supplex.

2245 2465 2438 2523 Emitte
2473 2468 2639 2523 lucem
2686 2479 2831 2524 tuam
2869 2479 2916 2526 et
2948 2471 3209 2525 ceritatem
3253 2479 3414 2524 tuam.
3444 2470 3526 2527 Tu
3557 2486 3618 2528 es
3647 2471 3752 2539 lux,

2170 2560 2261 2630 qui
2287 2560 2510 2616 dixisti:
2545 2563 2659 2632 Ego
2688 2579 2807 2619 sum
2844 2565 2935 2619 lux
2978 2564 3165 2619 mundi
3195 2562 3376 2637 (Joan.
3419 2566 3562 2637 vin).
3600 2565 3676 2621 Tu
3704 2580 3756 2622 es

2171 2654 2369 2709 veritas
2394 2655 2484 2724 qui
2523 2655 2708 2711 dixisti
2737 2673 2751 2712 :
2785 2656 2900 2727 Ego
2925 2673 3044 2712 sum
3077 2657 3182 2724 via,
3206 2659 3406 2713 veritas
3437 2668 3492 2714 et
3522 2658 3650 2725 vita,
3673 2659 3753 2728 qui

2173 2759 2274 2800 nos
2298 2745 2610 2802 illuminare
2637 2747 2875 2819 digneris
2901 2767 2912 2802 :
2942 2757 3001 2802 ut
3025 2748 3401 2819 relinquentes
3425 2750 3752 2804 mendacium

2171 2837 2414 2904 diaboli,
2443 2853 2738 2911 sequamur
2769 2840 3048 2898 veritatem
3102 2851 3272 2896 tuam.
3316 2839 3445 2910 Ipsa
3475 2859 3554 2896 me
3605 2842 3754 2896 dedu—

2170 2941 2377 2987 a‘crunt.
2411 2933 2495 2990 Ab
2524 2947 2717 2990 errore
2746 2933 2974 3003 peccati.
3008 2932 3076 2988 Et
3101 2934 3431 2990 adduxerunt
3461 2937 3514 2989 in
3543 2945 3751 2991 montem

2169 3034 2402 3080 sanctum
2428 3036 2591 3080 tuum.
2621 3026 2676 3082 In
2708 3027 3011 3082 Ecclesiam
3048 3036 3221 3081 tuam.
3263 3024 3330 3081 In
3373 3027 3750 3082 tabernaculum

2172 3126 2340 3175 tuum.
2389 3118 2446 3174 In
2497 3120 2646 3175 illam
2675 3120 2954 3176 caelestem
2995 3120 3301 3176 Jerusalem
3325 3163 3339 3186 ,
3371 3121 3438 3177 de
3466 3138 3568 3192 qua
3620 3123 3748 3178 alius

470 3217 806 3275 tabernaculi
838 3216 1213 3273 admirabilis?
1261 3217 1436 3282 Quare
1478 3217 1812 3291 contristatae
1857 3205 2058 3281 incedo,
2093 3199 2139 3264 C
2173 3209 2410 3282 psalmus
2440 3211 2516 3266 ait
2548 3211 2663 3284 (Ps.
2697 3211 2926 3284 Lxxxut)
2956 3213 3164 3282 :Quam
3196 3213 3392 3270 dilecta
3432 3223 3558 3271 sunt
3584 3215 3748 3272 taber-

472 3311 596 3365 dum
626 3310 816 3382 afﬂigit
843 3326 922 3363 me
949 3309 1191 3363 inimicus
1215 3311 1236 3363 ?
1260 3308 1540 3376 Diabolus,
1567 3307 1660 3377 qui
1706 3307 1905 3362 multas
1932 3305 2063 3361 mihi

473 3401 708 3458 tetendit
737 3401 990 3468 insidias,
1021 3400 1107 3457 vel
1130 3409 1509 3472 persecutores
1541 3399 1828 3456 Ecclesim.

542 3497 685 3552 Dum
708 3498 1109 3568 confringuutur
1156 3511 1274 3550 ossa
1321 3512 1453 3549 mea.
1507 3494 1642 3549 Dum
1677 3493 1934 3548 fortiores
1963 3492 2066 3547 Ec-

469 3590 654 3647 clesiae
696 3589 969 3644 scandatis
1025 3603 1087 3643 ac
1139 3586 1374 3643 diversis
1419 3587 1612 3658 jurgiis
1651 3585 1849 3641 cedere
1883 3584 2058 3644 video.

471 3684 570 3742 Vel
601 3699 750 3748 ossa,
774 3684 1006 3738 virtutes
1036 3681 1315 3746 Ecclesiae,
1339 3681 1494 3752 quasi
1526 3679 1944 3750 confriuguntur
1967 3695 2065 3750 per

470 3780 595 3836 illas
618 3778 1026 3846 tribulationes,
1053 3793 1188 3847 quas
1215 3775 1492 3832 sustinent
1531 3779 1731 3832 sancti.
1765 3774 2066 3848 Exprobre-

469 3882 650 3926 rerum
675 3888 754 3927 me
778 3871 972 3926 inimici
1004 3870 1121 3924 mei.
1157 3867 1254 3924 Vel
1282 3868 1336 3922 in
1364 3869 1720 3940 martyribus,
1755 3867 1837 3922 vel
1867 3869 1919 3923 in
1940 3868 2063 3924 aliis

469 3963 903 4020 confessoribus.
1891 3977 1916 3992 ο

537 4057 675 4113 Dum
702 4059 895 4112 dicitur
941 4057 1070 4111 mihi
1101 4073 1191 4129 per
1236 4055 1468 4130 singulos
1508 4057 1618 4112 dies
1649 4074 1665 4110 :
1692 4057 1791 4112 Ubi
1813 4067 1886 4113 est
1919 4057 2062 4112 Deus

469 4152 786 4208 tuus?Cum
810 4166 911 4222 ego
943 4161 996 4206 te
1044 4165 1140 4220 per
1176 4151 1554 4220 paenitentiam
1597 4161 1652 4206 et
1699 4151 2058 4208 afflictionem

463 4247 710 4316 corporis
754 4246 1062 4315 animmque
1110 4244 1328 4315 placare
1382 4242 1752 4300 desiderarem
1798 4264 1808 4299 :
1853 4245 2059 4302 inimici

459 4341 593 4405 mei,
619 4340 771 4410 quasi
803 4341 1080 4394 incassum
1115 4338 1229 4393 haec
1249 4338 1503 4404 facerem,
1535 4338 1830 4395 dicebant:
1863 4338 1962 4395 Ubi
1982 4350 2056 4394 est

461 4432 606 4488 Deus
633 4442 751 4486 tuus
774 4434 799 4485 ?
849 4429 1158 4486 nescientes
1190 4430 1280 4485 illa
1308 4431 1518 4486 occulta
1558 4446 1680 4502 qua:
1732 4434 2058 4502 praeparavit

461 4525 608 4582 Deus
637 4524 988 4596 diligentibus
1017 4541 1098 4580 sc.
1129 4525 1300 4592 Quare
1326 4525 1488 4579 tristis
1516 4542 1592 4591 es,
1625 4527 1803 4582 anima
1833 4543 1966 4593 mea,
1995 4537 2056 4602 let

2173 3305 2364 3362 nacula
2411 3314 2538 3371 tua,
2576 3305 2830 3362 Domine!

2248 3397 2478 3454 lntroibo
2512 3399 2581 3453 ad
2607 3400 2772 3454 altare
2807 3399 2924 3454 Dei.
2965 3399 3109 3465 Mei,
3150 3400 3241 3455 ubi
3276 3417 3384 3456 non
3423 3401 3528 3472 jam
3563 3401 3748 3457 vitulos

2168 3502 2221 3547 et
2253 3492 2485 3559 arietes,
2514 3492 2609 3548 sed
2659 3493 2924 3564 meipsum
2971 3493 3259 3548 exhibeam
3307 3493 3536 3550 hostiam
3583 3495 3746 3550 vivam

2173 3585 2478 3656 placentem
2535 3585 2634 3640 illi.
2691 3586 2771 3640 Ad
2822 3585 2986 3640 Deum
3027 3587 3115 3656 qui
3167 3587 3397 3656 thiﬁcat
3444 3590 3746 3659 jurentutent

2170 3696 2354 3736 meam.
2388 3679 2522 3735 Cum
2570 3689 2870 3752 expurgato
2897 3681 3168 3737 fermento
3209 3680 3379 3736 veteri
3410 3681 3463 3736 iu
3505 3695 3636 3737 novo
3665 3695 3747 3737 me

2170 3774 2390 3831 homine
2417 3783 2670 3847 tanquam
2694 3775 3047 3846 juvenculum
3072 3775 3406 3831 consolatur.

2241 3869 2536 3941 Confitebor
2584 3871 2674 3925 tibi
2720 3872 2773 3925 in
2821 3871 3056 3935 cithara,
3111 3870 3246 3925 Deus
3281 3869 3419 3924 Deus
3448 3886 3599 3924 meus.
3650 3867 3746 3923 Per

2168 3963 2640 4020 mortiﬁcationem
2683 3965 2863 4020 carnis
2913 3983 2927 4018 :
2968 3964 3092 4035 quia
3139 3964 3434 4020 cruciﬁxus
3485 3973 3565 4020 est
3616 3963 3742 4017 mihi

2167 4056 2429 4122 mundus,
2462 4068 2517 4112 et
2543 4073 2644 4128 ego
2677 4057 2901 4112 mundo.
2928 4056 3102 4123 Quare
3124 4058 3285 4111 tristis
3306 4073 3390 4121 es,
3416 4059 3584 4112 anima
3611 4074 3741 4122 utea,

2165 4161 2212 4204 et
2251 4167 2412 4222 quare
2435 4149 2714 4206 conturbas
2757 4152 2872 4204 me?
2900 4150 3041 4218 Quia
3070 4149 3320 4207 desidero
3349 4150 3533 4208 videre
3560 4151 3606 4206 iu
3637 4165 3743 4220 quo

2165 4258 2315 4314 spem
2350 4245 2525 4314 posui.

2238 4335 2407 4406 Spera
2432 4337 2484 4391 in
2527 4335 2669 4402 Deo,
2697 4337 2944 4405 quoniam
2987 4337 3155 4392 adhuc
3183 4337 3465 4406 conﬁtebor
3489 4336 3592 4402 illi,
3628 4343 3735 4390 etc.

2164 4428 2346 4498 Ipsum
2388 4428 2684 4485 conﬁtetur
2724 4447 2736 4483 :
2778 4430 2845 4485 ab
2885 4430 3003 4500 ipso
3034 4440 3250 4500 peccata
3278 4445 3376 4485 sua
3407 4429 3594 4486 dimitti
3618 4442 3736 4498 pos-

2163 4523 2317 4578 tulat.
2352 4522 2528 4592 Ipsum
2574 4523 2815 4580 salutare
2850 4524 3032 4579 vultus
3063 4525 3146 4578 sui
3178 4523 3311 4580 dicit
3342 4545 3355 4580 :
3386 4523 3561 4594 ipsum
3585 4521 3736 4577 invo-

456 4633 614 4689 quare
637 4618 914 4674 conturbas
947 4621 1067 4676 me?
1088 4618 1227 4690 Quia
1258 4635 1436 4676 meum
1479 4619 1808 4677 desiderium
1833 4621 2057 4692 prolon-
2081 4614 2136 4675 D
2160 4625 2248 4672 cat
2276 4625 2332 4672 ct
2361 4615 2570 4672 adorat.
2595 4615 2764 4684 Quem
2796 4626 2851 4672 et
2881 4631 2979 4672 nos
3007 4615 3332 4672 conﬁtentes
3362 4616 3729 4688 exposcimus:

451 4720 632 4783 gatur.

529 4806 697 4877 Spera
723 4809 775 4862 in
807 4806 938 4873 Deo,
961 4809 1208 4874 quoniam
1237 4810 1518 4880 conﬁtebor
1561 4812 1640 4867 illi
1665 4813 1898 4866 salutare
1942 4813 2054 4866 cul-

456 4910 540 4956 tus
565 4903 663 4956 mei
683 4912 730 4956 et
756 4900 896 4956 Deus
924 4918 1086 4956 meus.
1112 4903 1168 4958 lu
1201 4901 1318 4973 ipso
1346 4914 1526 4960 nostra
1567 4905 1636 4960 sit
1663 4920 1788 4975 spes
1831 4921 2050 4978 semper

451 5002 706 5050 attenta:
745 4996 863 5065 ipse
910 5010 1100 5051 omnes
1151 4997 1343 5052 fluctus
1385 4998 1635 5069 mitiget:
1671 4998 1788 5069 ipse
1835 5015 1936 5056 nos
1991 5001 2043 5055 iu

449 5089 840 5146 teutalionibus
863 5100 1148 5145 conservet
1173 5109 1186 5148 :
1217 5090 1332 5161 ipse
1359 5091 1502 5147 sitim
1532 5101 1773 5148 nostram
1795 5110 1890 5149 sua
1910 5109 2042 5150 con-

445 5181 805 5252 templatione
835 5184 1022 5245 saliet.
1063 5199 1268 5256 nosque
1293 5185 1471 5240 vultus
1499 5186 1582 5242 sui
1628 5187 1860 5243 salutari
1910 5187 2045 5243 vivi-

447 5272 594 5331 licet.

985 5371 1300 5430 PSALMUS
1346 5372 1504 5429 XLII.

440 5503 688 5580 Psalmis:
729 5504 926 5580 David.
974 5506 1085 5580 lste
1137 5507 1415 5580 psalmus,
1467 5506 1592 5564 licet
1646 5509 1699 5562 in
1761 5509 2029 5580 aliquibus

510 5577 795 5634 versiculis
849 5577 1156 5647 passionem
1210 5579 1544 5634 Dominicam
1592 5580 1796 5648 signet,
1850 5577 2028 5636 tamen

507 5648 884 5721 vocentAhahet
914 5651 1109 5704 anime
1167 5650 1362 5715 ﬁdelis,
1390 5651 1562 5706 lucem
1619 5652 1779 5721 hujus
1818 5653 2026 5719 mundi,

508 5719 560 5777 id
583 5728 671 5776 est
697 5717 996 5788 Christum,
1024 5721 1410 5779 desiderantis.

504 5857 696 5914 Judica
719 5877 818 5931 me,
853 5861 1010 5928 Deus,
1043 5872 1088 5916 et
1118 5864 1348 5918 discerne
1369 5881 1578 5920 causam
1599 5881 1765 5920 meam
1789 5865 1850 5921 de
1875 5875 2030 5939 gente

2165 4719 2223 4766 ut
2251 4725 2555 4766 mereamur
2581 4711 2699 4781 ejus
2729 4710 2848 4767 luce
2892 4710 3216 4776 illuminari,
3249 4709 3336 4764 via
3367 4709 3561 4780 dirigi,
3589 4706 3728 4762 veri-

2162 4812 2273 4860 tate
2311 4804 2548 4874 corrigi,
2582 4804 2689 4859 vita
2734 4803 3097 4875 locupletari:
3133 4802 3263 4870 Vel,
3294 4804 3521 4858 salutare
3565 4801 3726 4856 vultus

2158 4899 2258 4954 mei
2280 4898 2418 4953 Deus
2441 4915 2602 4952 meus.
2630 4899 2866 4954 Salvatio
2895 4898 3090 4952 animm
3115 4913 3249 4953 meae
3284 4897 3426 4956 Deus
3451 4909 3593 4952 meus
3619 4904 3724 4959 est,

2157 5002 2214 5049 et
2243 4993 2420 5048 vultus
2440 5038 2454 5063 ,
2477 4992 2580 5049 hoc
2609 5002 2730 5060 est,
2763 5003 3012 5064 aspectus
3032 4993 3226 5048 animae
3251 5008 3389 5050 mete
3416 4993 3553 5049 Deus
3577 5003 3719 5046 meus

2153 5097 2258 5145 es"
2677 5158 2999 5216 PSALMUS
3027 5157 3222 5215 xuii.

2150 5294 2216 5351 In
2248 5296 2434 5366 ﬁnem,
2462 5311 2556 5367 pro
2581 5296 2704 5366 ﬁliis
2729 5295 2880 5362 Core,
2915 5297 3226 5352 intellectus.
3265 5297 3444 5365 Coro,
3471 5296 3725 5367 interpre-

2222 5364 2365 5423 tatur
2409 5364 2472 5421 de
2499 5364 2770 5433 Caluario,
2804 5378 2860 5423 et
2891 5368 3148 5423 Dominus
3174 5369 3225 5423 in
3256 5364 3442 5424 monte
3470 5364 3720 5425 Calvariae

2218 5440 2314 5496 fuit
2365 5439 2682 5494 crucifixus.
2739 5438 2856 5493 Filii
2909 5437 3087 5500 Core.
3136 5438 3230 5495 ﬁlii
3254 5439 3457 5496 Christi
3507 5435 3712 5495 :snncti

2218 5511 2572 5581 ap0stoli,vel
2599 5520 2864 5583 martyres
2887 5522 3034 5570 sunt.
3051 5511 3201 5568 [inde
3223 5511 3431 5568 dictum
3461 5521 3537 5583 est
3565 5527 3574 5562 :
3598 5506 3712 5562 Non

2209 5593 2435 5652 possunt
2460 5583 2552 5636 ﬁlii
2603 5582 2787 5647 sponsi
2823 5583 3004 5652 lugere
3025 5625 3041 5646 ,
3068 5583 3325 5650 quamdiu
3353 5600 3469 5639 cum
3503 5582 3597 5638 illis
3623 5587 3716 5652 est

2207 5651 2440 5724 Sponsus
2467 5652 2687 5723 (Matth.
2722 5655 2822 5719 Ix).
2853 5651 3154 5708 Intellectus
3187 5671 3205 5709 :
3235 5657 3336 5710 hoc
3367 5666 3463 5718 est,
3483 5667 3534 5707 ut
3560 5651 3710 5706 intel-

2208 5726 2436 5798 ligamus
2466 5727 2614 5779 illttm
2633 5768 2646 5792 ,
2674 5725 2764 5796 qui
2790 5726 2998 5780 initium
3023 5727 3254 5796 sumpsit
3285 5727 3707 5798 secundum?!-

2206 5791 2430 5870 némex
2463 5791 2705 5866 tempore
2726 5838 2740 5862 ,
2764 5807 2818 5851 et
2844 5808 2974 5870 ante
2988 5791 3190 5870 saecula
3218 5810 3303 5870 est
3333 5801 3550 5870 genitus.
3575 5791 3694 5870 _Ve|.

2207 5869 2511 5927 intellectus
2555 5879 2640 5923 est
2683 5877 2784 5923 :ut
2830 5869 3194 5942 intelligamus
3241 5869 3312 5927 de
3337 5867 3700 5942 prosperitate
