3944 6334
193 358 280 416 955

1071 346 1501 406 BREVIARIUM
1543 345 1609 404 IN
1649 341 1987 405 PSALMOS.
2031 347 2276 406 PSALM.
2320 347 2503 406 XLIII.

3329 343 3433 401 ςγδι

250 465 474 541 praesenti
503 472 867 541 peccatorum,
900 473 954 519 et
977 463 1046 520 de
1078 463 1428 541 tribulatione
1469 461 1726 541 prmsenli
1755 465 1810 525 Α
1905 464 1972 522 In
2002 466 2113 522 Deo
2144 467 2474 522 laudabimur
2498 475 2605 521 tota
2641 466 2745 521 die.
2792 451 3071 536 Quia-ipse
3101 472 3183 520 est
3223 462 3340 518 laus
3379 471 3435 518 et

248 536 550 596 sanctorum.
605 536 850 592 Psalmns
899 552 1004 590 non
1035 538 1306 591 anteriora
1343 538 1479 592 iacta
1531 537 1726 598 docet,

246 613 327 669 sed
368 609 656 665 Ecclesiam
705 610 758 664 in
786 608 1006 664 Christo
1045 607 1255 664 renasci
1289 607 1631 678 pronuntiat,
1665 619 1730 660 ac

248 683 410 739 ﬁdeles
439 682 487 736 in
537 697 594 735 ea
627 690 884 751 provocat
913 681 978 733 ad
1009 695 1266 749 agonem,
1297 679 1590 734 OStendens
1632 692 1729 731 nc-

247 757 427 811 minem
473 767 628 819 posse
649 793 664 818 ,
696 753 796 806 nisi
844 752 936 821 qui
969 752 1207 822 legitime
1237 753 1547 808 certaverit.
1574 763 1732 805 coro-

246 828 347 881 nari
390 825 477 878 :in
525 837 634 893 quo
661 824 824 880 etiam
876 825 1192 896 plerumque
1226 838 1387 879 voces
1433 830 1730 894 martyrum

246 899 590 969 proteruntur.

242 1033 393 1101 Deus,
423 1032 644 1091 auribus,
669 1032 861 1087 nostris
906 1031 1217 1086 audivimus.
1253 1031 1358 1086 Per
1390 1029 1725 1102 spiritualem

185 1142 371 1184 sensum
401 1126 778 1197 cognovimus,
807 1124 956 1195 juxta
988 1124 1117 1180 illud
1148 1123 1360 1179 Domini
1392 1141 1404 1178 :
1438 1123 1539 1192 Qui
1569 1122 1732 1177 habet

183 1237 317 1277 aures
345 1217 621 1286 audiendi,
673 1217 861 1273 audiat
885 1217 1043 1290 (Luc.
1081 1217 1221 1290 vm).
1251 1217 1320 1272 Et
1346 1226 1518 1288 patres
1546 1217 1728 1271 nostri.

181 1315 394 1387 Apostoli
435 1325 488 1371 et
517 1315 828 1385 prophetae,
858 1327 1092 1386 quorum
1136 1311 1522 1383 praedicatione
1557 1308 1733 1366 renati

181 1425 336 1465 sumus
371 1409 434 1464 ad
483 1408 672 1464 vitam.
717 1409 1168 1464 Anuuntiavcruut
1222 1407 1369 1461 nobis
1416 1423 1544 1478 apus
1590 1406 1731 1477 quod

182 1513 382 1580 operatus
420 1519 469 1558 es
515 1504 568 1557 in
615 1502 799 1557 diebus
844 1518 1055 1567 eorum,
1087 1510 1132 1556 et
1175 1502 1229 1554 in
1263 1499 1440 1554 diebus
1483 1499 1727 1570 antiquis.

181 1598 610 1653 Annuntiaverunt
660 1594 937 1666 prophetae
965 1610 1086 1666 qua:
1133 1602 1259 1648 sunt
1312 1600 1466 1664 gesta
1514 1590 1730 1646 illorum

183 1699 410 1759 tempore.
441 1687 921 1743 Annuntiaverunt
944 1685 1215 1757 apostoli,
1247 1700 1367 1756 qua:
1400 1693 1451 1740 te
1477 1682 1734 1739 viderunt

181 1794 476 1854 aperantem.

1837 559 2004 632 gloria
2054 570 2260 616 nostra.
2294 560 2363 614 Et
2409 563 2462 616 in
2494 561 2700 616 nomine
2738 570 2824 615 tuo
2871 559 3234 631 conﬁtebimur
3261 558 3351 613 tibi
3378 559 3430 613 in

1833 655 2104 711 strculum.
2134 654 2291 722 Quod
2320 669 2349 710 a
2381 663 2431 710 te
2454 654 2701 722 Christo,
2732 653 3026 729 ChriStiani
3072 667 3356 708 vocamur.

1909 745 2065 806 Nunc
2094 757 2263 801 autem
2310 746 2548 819 repulisti
2576 755 2624 800 et
2669 745 2950 818 confudisti
2998 762 3108 800 nos.
3138 742 3272 799 Cum
3313 743 3422 812 ait,

1835 857 2002 908 nunc,
2038 856 2278 912 praesens
2321 850 2538 912 tempus
2587 842 2851 899 ostendit.
2885 841 3028 913 Ergo
3069 841 3124 897 in
3171 841 3428 912 praesenti

1837 942 2083 1004 tempore
2127 935 2194 990 ad
2227 935 2674 991 exercitationem
2706 935 3046 1007 repellimur,
3075 944 3133 990 ut
3172 936 3224 989 in
3265 941 3430 989 aeter-

1838 1044 1967 1083 num
2013 1028 2398 1100 gloriﬁcemur.
2446 1029 2602 1100 Saepe
2633 1030 2778 1086 enim
2822 1038 2877 1085 et
2902 1039 3168 1102 martyres
3210 1029 3262 1084 in
3293 1037 3430 1084 tem-

1839 1138 1969 1194 pore
1997 1122 2182 1177 dicunt
2214 1141 2225 1177 :
2274 1122 2340 1176 Et
2379 1139 2480 1177 non
2506 1122 2806 1194 egredieris,
2860 1121 3025 1186 Deus,
3072 1123 3125 1176 in
3156 1120 3428 1175 virtutibus

1837 1215 2049 1270 nostris.
2094 1213 2166 1270 Ut
2196 1228 2295 1270 nos
2338 1213 2394 1269 in
2425 1225 2701 1286 posterum
2733 1224 2990 1287 perpetua
3018 1213 3216 1269 virtute
3245 1227 3434 1270 corro-

1841 1311 2090 1366 borares.

1911 1403 2154 1458 Avertisti
2183 1419 2277 1458 nos
2301 1411 2584 1458 retrorsum
2613 1411 2725 1475 post
2747 1403 2984 1458 inimicos
3011 1412 3234 1459 nostros.
3264 1401 3355 1461 Sic
3380 1412 3440 1461 et

1838 1498 2060 1555 Petrum
2094 1498 2358 1554 Dominus
2388 1509 2693 1554 retrorsum
2721 1498 3023 1565 convertit,
3069 1507 3128 1553 ut
3158 1499 3208 1553 in
3239 1498 3431 1555 melius

1842 1601 2145 1664 repararet.
2178 1591 2322 1664 Ergo
2351 1602 2405 1649 et
2433 1607 2531 1648 nos
2557 1592 2815 1648 debemus
2845 1603 3145 1649 retrorsum
3167 1595 3434 1664 converti,

1839 1701 1907 1742 ne
1937 1685 1991 1741 in
2015 1685 2119 1742 viis
2144 1684 2330 1756 pravis
2358 1683 2618 1756 perduret
2646 1683 2753 1740 iter
2781 1695 3050 1741 nostrum.
3073 1685 3343 1743 Debemus
3381 1697 3439 1744 et

1839 1779 2093 1834 inimicos
2123 1787 2343 1833 nostros
2371 1785 2496 1831 ante
2524 1790 2624 1832 nos
2666 1775 2895 1846 habere,
2930 1785 2989 1832 ut
3026 1777 3264 1834 sciamus
3299 1778 3431 1849 quid

238 1875 408 1930 Manus
433 1884 522 1930 tua
561 1886 734 1948 gentes
757 1875 1097 1949 disperdidit,
1124 1883 1172 1929 et
1195 1874 1447 1946 plautasti
1472 1890 1578 1929 eos.
1607 1873 1730 1928 Dis-
1763 1877 1808 1939 Β
1838 1887 2037 1929 cavere
2057 1871 2370 1928 debeamus.
2401 1869 2556 1937 Quod
2584 1880 2638 1925 et
2667 1871 2865 1940 sijpost
2897 1869 3170 1938 Christum
3200 1886 3431 1927 conver-

181 1968 425 2040 perdidisti
453 1968 522 2024 ab
553 1969 799 2024 Ecclesia
853 1982 1020 2024 onera
1054 1968 1352 2033 vitiorum,
1384 1975 1438 2022 et
1483 1965 1734 2038 plantasti

181 2073 457 2118 ornamenta
492 2063 756 2118 virtutum
791 2078 806 2116 :
842 2063 892 2117 id
942 2075 1062 2126 cst,
1117 2061 1366 2118 homines
1408 2062 1614 2131 justas,
1643 2061 1735 2132 qui

180 2155 377 2212 fructum
419 2155 714 2212 exhibeant
756 2156 1083 2211 sanctitatis.
1117 2155 1356 2226 Aﬂlixisti
1407 2155 1657 2226 populos,
1687 2164 1734 2207 et

180 2247 387 2319 expulisti
429 2264 531 2304 eos.
565 2247 716 2316 Illos,
750 2248 867 2319 qui,
910 2255 964 2304 te
993 2245 1220 2316 relicto,
1250 2243 1315 2303 ad
1365 2246 1732 2303 idololatriam

181 2342 508 2400 declinabant.

235 2437 339 2492 Non
373 2440 504 2494 enim
528 2440 590 2494 in
612 2438 792 2509 gladio
817 2455 911 2494 suo
935 2438 1276 2510 possederunt
1307 2448 1518 2494 terram.
1545 2437 1652 2495 Sed
1680 2439 1734 2493 in

180 2531 552 2589 mansuetudine
603 2533 804 2588 mentis
855 2533 1030 2604 :quia
1078 2531 1224 2587 beati
1281 2533 1580 2597 mansueti,
1633 2532 1736 2604 ipsi

179 2624 538 2683 bareditabunt
591 2626 891 2683 viventium
926 2636 1128 2683 terram
1163 2627 1382 2699 (Matth.
1407 2626 1484 2700 v).
1518 2625 1588 2682 Et
1615 2627 1735 2682 bra-

176 2721 319 2775 citium
342 2738 511 2777 eorum
561 2739 670 2777 non
721 2722 940 2778 salvabit
989 2739 1074 2777 eos
1104 2739 1122 2778 .·
1162 2723 1250 2776 sed
1279 2721 1490 2776 dextera
1535 2731 1656 2791 tua,
1689 2732 1734 2777 et

177 2813 404 2870 brachium
449 2825 628 2885 tuum,
682 2827 730 2872 et
775 2817 1094 2872 illuminatio
1135 2818 1290 2887 {aciei
1336 2827 1457 2872 true.
1500 2817 1734 2874 Dextera

175 2905 350 2978 Patris,
387 2909 646 2966 Christus
674 2920 760 2967 est
797 2927 811 2966 :
843 2920 900 2966 ut
949 2910 1081 2966 illud
1111 2928 1125 2965 :
1163 2911 1397 2967 Dextera
1441 2912 1584 2966 enim
1637 2925 1733 2966 sua

175 3001 395 3060 exaltavit
421 3019 517 3060 nos
572 3021 588 3058 :
638 3003 690 3059 id
729 3013 848 3072 est,
885 3003 1168 3059 brachium
1204 3021 1217 3058 :
1252 3004 1395 3059 sicut
1425 3003 1553 3059 alibi
1603 3018 1617 3058 :
1667 3003 1737 3058 Et

174 3093 413 3152 brachium
440 3096 659 3153 Domini
703 3098 790 3152 cui
824 3097 1122 3153 revelatum
1151 3106 1231 3152 est
1264 3095 1419 3168 (Isai.
1455 3095 1595 3166 Lm)?
1618 3097 1737 3168 Ipse

175 3197 217 3242 et
254 3189 564 3246 illuminatio
616 3207 630 3246 :
666 3199 727 3246 ut
772 3191 843 3246 ibi
893 3190 996 3246 :Iu
1030 3190 1236 3245 lumine
1287 3199 1380 3244 tuo
1432 3189 1735 3246 videbimus

1838 1966 2002 2022 timur
2037 1975 2097 2020 ut
2123 1965 2340 2028 Petrus.
2375 1964 2639 2020 habentes
2667 1978 2790 2020 eum
2816 1972 2941 2020 ante
2971 1979 3095 2033 nos,
3128 1964 3260 2021 nihil
3284 1965 3428 2022 ultra

1840 2068 2168 2113 metuemus.
2200 2056 2264 2111 Et
2287 2057 2376 2128 qui
2401 2056 2620 2111 oderunt
2641 2073 2766 2122 nos,
2791 2057 3101 2128 diripiebant
3117 2056 3234 2112 sibi.
3262 2056 3432 2128 Prop-

1842 2161 1926 2208 ter
1961 2166 2160 2207 nomen
2189 2151 2333 2206 enim
2368 2160 2516 2206 tuum
2547 2149 2879 2221 diripiebant
2905 2165 3005 2206 nos
3033 2168 3045 2204 :
3079 2166 3203 2206 cum
3233 2150 3284 2205 in
3316 2164 3436 2206 car-

1841 2244 2056 2300 ceribus
2077 2286 2090 2310 ,
2121 2244 2172 2298 in
2205 2242 2373 2314 plagis
2395 2285 2410 2308 ,
2444 2242 2496 2297 in
2531 2242 2756 2314 reliquis
2781 2256 2881 2298 nos
2904 2252 3165 2299 vexarent
3193 2252 3433 2298 tormen-

1841 2337 1928 2392 tis.
1963 2334 2070 2393 Sed
2102 2350 2212 2391 non
2253 2349 2354 2392 nos
2380 2334 2655 2408 separavit
2681 2349 2710 2390 a
2735 2334 3000 2392 charitate
3026 2343 3115 2392 tua
3139 2335 3232 2392 illa
3267 2335 3437 2397 tribu:

1841 2431 1992 2486 latio.

1913 2524 2117 2580 Dedisti
2141 2543 2234 2582 nos
2263 2534 2528 2599 tamquam
2555 2541 2670 2581 oves
2692 2541 2945 2582 escarum.
2969 2525 3122 2583 Sicut
3148 2525 3294 2582 enim
3327 2525 3433 2581 Do-

1839 2619 2019 2674 minus
2068 2627 2340 2691 tamquam
2372 2619 2492 2674 ovis
2536 2618 2602 2675 ad
2634 2619 2965 2675 occisionem
3011 2619 3240 2687 ductus,
3271 2618 3432 2676 datus

1838 2724 1924 2770 est
1969 2730 2095 2770 esea
2129 2717 2374 2787 populis,
2405 2732 2529 2773 cum
2563 2716 2696 2772 dicit
2729 2734 2744 2772 :
2799 2717 2912 2773 Nisi
2966 2716 3428 2776 manducaveritis

1838 2823 2057 2864 carnem
2088 2807 2212 2864 Filii
2262 2809 2517 2874 hominis,
2551 2825 2661 2866 non
2692 2809 2964 2868 habebitis
2993 2810 3158 2866 vitam
3189 2809 3428 2866 in'vobis

1841 2902 2022 2976 (Joau.
2052 2903 2127 2977 vr)
2171 2921 2186 2958 :
2217 2905 2287 2960 ita
2319 2913 2375 2960 et
2421 2904 2633 2970 sancti,
2665 2904 2806 2960 sicut
2853 2903 3108 2974 superius
3150 2903 3389 2959 diximus
3413 2943 3428 2968 ,

1838 2998 1891 3053 in
1924 2997 2110 3053 multis
2160 2997 2602 3054 tribulationibus
2639 2997 2788 3065 dati,
2820 2996 2948 3053 facti
2996 3004 3124 3052 sunt
3171 2995 3429 3067 pabulum

1836 3093 2088 3164 gentibus
2115 3112 2126 3148 :
2153 3093 2240 3149 vel
2266 3109 2387 3148 cum
2411 3093 2665 3148 alimenta
2687 3101 2909 3147 mteruas
2932 3091 3057 3146 vitae
3083 3089 3431 3146 ministrant:

1839 3185 1924 3240 vel
1957 3183 2084 3240 dum
2130 3185 2486 3255 rapacitatem
2519 3198 2708 3240 eorum
2753 3183 2821 3238 de
2851 3183 2967 3238 suis
2993 3181 3249 3238 aerumnis
3273 3196 3433 3238 exsa-

174 3279 326 3340 lumen
357 3282 527 3356 (Psal.
573 3283 717 3356 Lm).
769 3284 869 3340 llic
919 3289 1005 3340 est
1050 3283 1217 3354 igitur
1262 3283 1459 3337 missus
1487 3299 1517 3337 a
1553 3283 1730 3351 Patre,
1764 3288 1810 3354 ο
1844 3281 1996 3335 tiant.
2026 3279 2094 3335 Et
2135 3281 2189 3334 in
2220 3281 2521 3335 nationibus
2548 3278 2835 3353 dispersisti
2863 3295 2975 3334 nos.
3011 3277 3082 3334 Ut
3119 3276 3187 3334 ad
3217 3286 3434 3350 tempus

173 3386 219 3432 ut
242 3378 478 3436 liberaret
521 3391 679 3437 suos.
732 3380 797 3436 Et
827 3395 925 3436 cur
975 3394 1072 3434 eos
1105 3378 1458 3441 liberaverit,
1491 3377 1728 3448 adjecit:

175 3468 398 3538 Quoniam
442 3473 815 3546 romplaruisti
862 3474 915 3526 iu
948 3474 1042 3527 eis.
1087 3472 1217 3528 Vult
1251 3473 1396 3527 enim
1440 3471 1582 3527 Deus
1624 3482 1733 3530 :ut

171 3565 287 3620 sicut
329 3567 374 3622 ei
421 3568 828 3638 beneplacitum
855 3577 941 3622 est
973 3568 1024 3620 in
1054 3565 1228 3634 Filio,
1258 3565 1330 3621 ita
1361 3573 1415 3620 et
1439 3578 1538 3620 nos
1566 3565 1733 3621 bene-

169 3656 410 3729 placentes
434 3662 613 3718 simus
643 3661 696 3716 in
733 3661 852 3733 ipso
873 3703 886 3728 ,
916 3661 960 3716 si
993 3660 1245 3714 volumus
1276 3659 1526 3716 liberari.

226 3749 294 3806 Tu
315 3770 362 3808 es
403 3757 517 3825 ipse
563 3771 662 3809 rea;
700 3770 865 3808 meus.
914 3753 1016 3821 Qui
1067 3752 1120 3807 in
1151 3754 1248 3807 ’me
1281 3768 1510 3823 regnas,
1542 3759 1597 3808 et
1623 3767 1730 3806 non

169 3855 439 3914 peccatum.
464 3846 533 3902 Et
560 3843 702 3901 Deus
743 3862 908 3900 meus.
934 3847 978 3901 A
1001 3859 1108 3916 quo
1133 3859 1250 3900 sum
1284 3844 1598 3914 acquisilus.
1633 3843 1734 3909 Qui

169 3937 356 3992 mandas
379 3938 579 3992 salutes
607 3934 788 3991 Iacob.
825 3936 938 3991 Iloc
983 3944 1096 4004 est,
1133 3935 1330 4005 populo
1377 3933 1682 3990 Christiano
1715 3951 1730 3991 :

168 4028 243 4098 qui
294 4031 642 4101 supplantan
699 4029 956 4098 seniore,
1009 4029 1321 4083 mandatum
1382 4028 1574 4083 salutis
1638 4043 1733 4098 per

166 4119 440 4179 doctrinam
481 4121 856 4196 prOphetieam
885 4133 1046 4193 atque
1086 4122 1436 4192 apostolicam
1465 4123 1728 4193 suscepit.

224 4213 286 4270 In
315 4226 361 4272 te
398 4219 536 4273 enim
569 4216 809 4272 inimicos
831 4226 1037 4270 nostros
1066 4215 1419 4270 t'entilabimus
1453 4231 1643 4282 cornu,
1687 4227 1734 4270 et

165 4308 208 4362 in
230 4313 424 4367 nomine
471 4324 563 4368 tuo
593 4328 894 4385 spernentus
925 4312 1246 4385 insurgentes
1274 4312 1328 4365 in
1361 4313 1526 4367 nobis.
1552 4311 1598 4366 Α
1619 4327 1738 4368 cor-

163 4403 299 4461 nibus
340 4407 546 4478 aliquid
597 4407 912 4473 ventilatur,
973 4415 1029 4461 ut
1057 4404 1391 4471 Sedechias,
1438 4407 1529 4476 qui
1581 4406 1735 4462 lactis

163 4495 349 4554 duobus
392 4499 592 4557 ferreis
622 4498 882 4555 cornibus
922 4497 1139 4555 dicebat
1174 4516 1187 4553 :
1218 4500 1308 4556 Sic
1335 4499 1626 4554 ventilabis
1655 4508 1737 4554 to-

166 4598 256 4644 tam
284 4591 493 4665 Syriam
543 4592 638 4667 (IlI
669 4592 801 4666 Reg.
849 4592 986 4665 ut).
1033 4591 1212 4647 Cornu
1266 4607 1399 4648 vero
1452 4601 1732 4659 nostrum,

1837 3372 2253 3430 dominarentur
2277 3372 2473 3429 nostri.

1919 3469 2150 3524 Vendisti
2173 3469 2422 3541 populum
2453 3478 2595 3523 tuum
2621 3467 2733 3522 sine
2754 3467 2935 3537 pretio.
2959 3465 3181 3538 llUsque
3201 3480 3343 3522 nunc
3369 3465 3439 3522 de

1837 3579 1896 3620 se
1927 3562 2093 3620 locuti
2115 3573 2243 3619 sunt
2273 3570 2540 3636 martyres
2569 3580 2582 3616 :
2609 3576 2752 3618 nunc
2773 3561 2841 3617 de
2868 3559 3180 3617 Iudaeorum
3227 3560 3431 3632 populo

1837 3657 2058 3726 dicitur,
2091 3656 2282 3727 quibus
2308 3655 2515 3711 dictum
2549 3664 2631 3710 est
2667 3674 2679 3710 :
2712 3655 2772 3710 In
2805 3653 3042 3725 peccatis
3078 3653 3273 3709 vestris
3303 3669 3434 3709 ven-

1837 3751 1934 3807 diti
1966 3750 2099 3806 estis
2125 3748 2278 3819 (Isai.
2311 3747 2389 3820 ι).
2416 3746 2486 3803 Et
2515 3748 2637 3804 ideo
2665 3747 2783 3802 sine
2812 3746 2989 3816 pretio
3016 3761 3029 3799 :
3060 3745 3184 3815 quia
3213 3759 3320 3799 non
3350 3752 3436 3800 est

1837 3841 2041 3898 eﬂ'usus
2070 3840 2210 3911 Agni
2241 3840 2462 3910 sanguis
2509 3854 2606 3910 pro
2637 3839 2739 3893 eis.
2768 3837 2838 3892 Et
2877 3854 2979 3892 non
3027 3838 3126 3908 fuit
3156 3835 3434 3890 multitudo

1837 3937 1892 3989 in
1942 3934 2430 3989 commutationibus
2482 3933 2692 3987 nostris.
2738 3931 2908 3986 Vilior
2936 3939 3054 3986 erat
3081 3945 3292 3985 merces
3313 3946 3434 4000 qua:

1839 4029 1939 4084 fuit
1985 4027 2200 4084 vendita
2233 4045 2248 4082 :
2283 4027 2404 4083 ideo
2436 4042 2543 4082 non
2572 4035 2655 4081 est
2680 4025 3037 4080 commutatio
3083 4025 3242 4079 facta.
3297 4023 3429 4078 Nam

1839 4124 2104 4179 Dominus
2139 4122 2391 4194 populum
2431 4135 2593 4190 quem
2639 4120 2788 4189 emit,
2823 4135 2929 4175 non
2968 4134 3103 4174 auro
3131 4133 3307 4188 neque
3348 4134 3436 4175 ar-

1839 4226 2002 4288 gento
2024 4258 2037 4281 ,
2070 4216 2163 4271 sed
2212 4215 2450 4284 pretioso
2483 4227 2546 4269 ac
2571 4213 2795 4284 proprio
2824 4228 2946 4268 eum
2978 4212 3249 4283 sanguine
3277 4226 3426 4268 com-

1841 4311 2053 4380 paravit
2098 4308 2276 4383 :_sicut
2305 4307 2379 4363 ait
2401 4307 2592 4362 Petrus
2619 4305 2900 4375 apostolus
2923 4304 2965 4378 (I
2999 4303 3143 4359 Petr.
3169 4305 3231 4375 l).

1915 4403 2145 4460 Posuisti
2187 4421 2278 4457 nos
2307 4402 2644 4474 opprobrium
2666 4401 2846 4455 uicinis
2876 4399 3066 4454 nostris
3097 4414 3117 4454 :
3148 4398 3436 4454 subsanna-

1843 4498 2036 4553 tionem
2075 4504 2123 4550 et
2149 4496 2375 4550 derisum
2405 4495 2485 4548 Itis
2514 4494 2602 4566 qui
2631 4494 2684 4547 in
2716 4492 2935 4547 circuitu
2967 4500 3146 4546 nostro
3176 4500 3318 4546 sunt.
3347 4489 3442 4546 Vi-

1841 4594 1946 4649 cini
1971 4592 2099 4648 dicti
2124 4597 2526 4662 persecutores,
2552 4597 2771 4659 propter
2797 4587 3259 4643 coliabitationem
3283 4600 3438 4640 mun-

164 4685 385 4743 Christus
411 4697 516 4744 est.
552 4688 700 4745 Idem
742 4697 798 4745 et
846 4702 1042 4743 nomen
1071 4685 1272 4753 Patris,
1319 4687 1371 4741 in
1408 4703 1514 4756 quo
1542 4687 1731 4744 advero
1759 4667 1812 4729 Ῑ)
1839 4687 2059 4751 danam,
2106 4685 2194 4756 qui
2226 4699 2372 4755 saepe
2417 4681 2776 4753 exprobrant}
2801 4680 3108 4749 irridendo,
3145 4679 3390 4736 dicentes
3423 4696 3436 4733 :

157 4779 272 4834 sarii
302 4782 507 4848 nostri,
539 4781 622 4836 vel
652 4780 1009 4847 ventilantur,
1049 4779 1134 4833 vel
1163 4791 1519 4848 spernuntur.

222 4870 334 4926 Non
359 4875 499 4928 enim
525 4874 579 4927 in
595 4888 722 4928 arcu
743 4889 856 4927 meo
885 4871 1104 4942 sperabo
1128 4913 1142 4938 ,
1166 4881 1214 4924 et
1236 4871 1445 4944 gladius
1468 4888 1607 4926 meus
1631 4888 1732 4926 non

159 4961 352 5019 saltabit
379 4982 480 5019 me.
513 4963 623 5021 Sed
647 4966 819 5022 virtus
857 4972 972 5020 tua.

219 5057 436 5114 Salvasti
467 5059 603 5114 enim
625 5075 718 5114 nos
743 5076 775 5112 a
793 5056 1162 5113 tribulantibus
1179 5074 1291 5112 nos.
1317 5057 1454 5126 Quia
1477 5055 1533 5112 in
1565 5057 1733 5114 armis

159 5151 276 5206 meis
325 5167 550 5225 sperare
594 5169 701 5208 non
751 5151 976 5208 debeam
1009 5170 1024 5213 :
1059 5151 1176 5208 hate
1222 5165 1386 5207 causa
1417 5161 1535 5216 est,
1583 5151 1729 5222 quod

155 5246 356 5302 salvain
410 5264 512 5303 nos
544 5261 761 5318 semper
806 5261 836 5301 a
885 5246 1374 5317 persequentibus,
1424 5255 1479 5301 et
1527 5246 1732 5312 absque

157 5351 321 5397 ucstra
348 5343 585 5409 virtute,
617 5351 916 5413 nostroque
948 5340 1130 5413 gladio
1155 5339 1466 5396 custodisti.
1504 5338 1734 5396 Salvasti

155 5437 272 5488 enim
316 5453 408 5491 nos
438 5438 504 5491 de
532 5435 870 5510 aﬂligeutibus
910 5451 1002 5490 uos
1039 5476 1053 5500 ,
1085 5445 1132 5489 et
1154 5434 1384 5489 odieutes
1427 5451 1520 5488 nos
1546 5435 1735 5506 confu-

156 5526 304 5581 disti:
341 5543 551 5584 aversae
593 5537 720 5584 sunt
749 5535 1086 5598 potestates,
1132 5527 1336 5598 quibus
1383 5525 1659 5594 confusis,
1700 5543 1729 5582 a

154 5617 352 5678 Christo
386 5622 617 5679 Domino
644 5622 860 5680 liberati
881 5636 1090 5678 sumus.

218 5747 241 5774 ⁸
279 5738 480 5795 Locum
522 5740 665 5797 hunc
693 5740 956 5798 Servatus
989 5738 1170 5809 Lupus
1197 5739 1251 5794 in
1294 5737 1620 5796 Collectaneo
1663 5744 1726 5798 de

156 5811 299 5866 tribus
321 5815 690 5884 quaestionibus
711 5855 726 5879 ,
755 5813 859 5867 sub
885 5814 1046 5884 tinem
1072 5811 1265 5867 recitat
1293 5813 1515 5869 totidem
1547 5814 1726 5871 verbis

153 5883 412 5954 tamquam
439 5900 505 5940 ex
547 5885 862 5957 Hieronymi
909 5883 1340 5951 Commentario,
1373 5885 1723 5956 quemadmod

1839 4779 2036 4836 Veniat
2064 4779 2208 4835 Deus
2235 4787 2449 4842 vester,
2499 4785 2554 4832 et
2583 4785 2739 4838 cruat
2791 4787 2892 4830 vos
2921 4774 2989 4830 de
3035 4772 3290 4829 manibus
3334 4786 3434 4827 no-

1835 4874 1966 4929 stris
1993 4872 2060 4942 (ll
2097 4871 2226 4926 Par.
2261 4868 2456 4952 xxxu).

1910 4964 2143 5021 Posuisti
2172 4981 2266 5019 nos
2288 4964 2342 5018 in
2371 4963 2769 5017 similitudinem
2792 4961 3046 5035 gentibus.
3076 4959 3134 5016 In
3160 4967 3304 5014 tuam
3328 4957 3436 5013 uti-

1835 5077 1941 5133 que
1972 5059 2386 5118 similitudinem
2419 5075 2432 5112 :
2465 5067 2524 5112 ut
2568 5057 2709 5113 sicut
2741 5066 2792 5112 te
2823 5054 3057 5112 mundus
3085 5053 3213 5108 odio
3245 5051 3437 5106 habuit

1838 5157 2018 5228 prius,
2049 5154 2122 5210 ita
2155 5162 2210 5209 et
2238 5166 2337 5208 nos
2364 5151 2622 5222 deinceps
2666 5150 2866 5206 odiret.
2899 5146 3302 5204 Commotionem
3350 5160 3440 5199 ca-

1837 5248 1958 5322 pitis
2011 5248 2068 5302 in
2115 5244 2340 5318 populis.
2390 5243 2541 5299 Sicut
2579 5243 2724 5298 enim
2764 5243 2816 5297 in
2851 5241 3100 5312 passione
3132 5248 3219 5293 tua
3253 5247 3432 5292 trans-

1835 5350 2029 5397 euntes
2070 5338 2361 5395 movebant
2390 5336 2564 5407 capita
2614 5350 2742 5402 sua,
2769 5335 2855 5389 ita
2895 5342 2950 5389 et
2995 5332 3050 5388 in
3100 5330 3438 5403 martyribus

1833 5434 1942 5490 tuis
1993 5433 2217 5490 faciunt.
2247 5431 2356 5488 Sed
2401 5440 2456 5487 et
2483 5431 2528 5487 si
2577 5430 2700 5500 quis
2739 5442 2886 5484 nunc
2916 5429 2967 5482 in
2997 5436 3051 5482 te
3096 5426 3184 5498 pie
3208 5424 3445 5480 voluerit

1837 5529 2069 5588 vivere:
2103 5529 2348 5602 protinus
2389 5525 2558 5598 iniqui
2586 5525 2971 5599 blasphemant
3013 5539 3135 5581 cum
3185 5521 3439 5578 irrisione

1833 5625 1920 5680 vel
1962 5625 2156 5697 capitis
2186 5626 2574 5681 commotione.

1827 5743 1958 5800 dmn
1989 5752 2042 5816 et
2071 5759 2230 5812 supra
2274 5745 2326 5799 in
2365 5743 2562 5816 psalm.
2599 5742 2834 5814 primum
2859 5741 3024 5798 alium
3053 5739 3278 5812 hujusce
3301 5737 3431 5794 Bre-

1827 5816 1982 5944 ‘vtarii
2023 5815 2199 5873 locum
2239 5815 2594 5885 describens,
2634 5816 2968 5888 Hieronymo
3017 5822 3299 5885 acceptum
3342 5825 3431 5867 re-

1850 5899 1958 5944 ert.

1850 5899 1958 5944 ert.
