3944 6334
1244 311 1591 369 APPENllIX
1628 311 1720 368 AD
1760 310 2005 370 TOMUM
2043 308 2398 373 SEPTIMUM
2438 315 2496 373 S.
2541 315 2945 374 HIERONYMI.

3629 320 3720 380 956

529 429 662 485 Tota
705 429 787 484 die
817 428 1124 486 verecundia
1144 445 1258 484 mea
1289 437 1468 484 contra
1494 445 1572 486 me
1591 439 1665 484 est
1686 471 1702 496 ,
1734 438 1781 485 et
1809 427 2045 496 confusio
2078 429 2124 494 Α
2222 428 2480 505 Exsurge,
2521 430 2763 500 Domine,
2811 433 3004 506 adjuva
3039 449 3153 498 nos,
3186 441 3234 488 et
3268 430 3464 486 redime
3491 447 3580 488 nos
3618 452 3721 502 pro-

463 523 616 592 faciei
642 539 763 578 mea:
787 524 1056 593 cooperuit
1099 538 1198 576 me.
1230 522 1489 578 Dominus
1521 522 1635 575 haec
1682 522 1734 576 in
1779 528 2054 589 assumpta
2154 531 2266 594 pter
2298 540 2480 578 nomen
2501 535 2665 580 tuum.
2702 525 2818 581 Jain
2844 538 2993 580 tuum
3027 526 3079 582 in
3114 526 3557 581 tribulationibus
3583 530 3714 584 auxi-

467 614 707 685 loquitnr
747 631 940 680 carne,
971 616 1060 686 qui
1085 631 1183 685 pro
1224 614 1381 669 nobis
1412 613 1799 670 verecundiam
1834 612 2056 683 patitur,

469 710 846 772 maledicitur,
900 719 1064 780 alque
1113 706 1482 778 confunditur,
1538 722 1708 779 usque
1755 705 1824 763 ad
1875 708 2051 777 ipsum

467 802 628 858 etiam
659 801 957 872 patibulum
983 800 1196 856 Crucis.

540 897 583 952 Α
619 913 736 952 voce
760 897 1125 968 exprobrantis
1153 905 1199 950 et
1229 895 1571 966 obloquentis.
1601 893 1737 950 Cum
1773 895 1820 950 ei
1851 894 2062 952 dicere-

468 1001 555 1048 tur
576 1010 588 1046 :
609 991 663 1047 Si
691 991 854 1047 Filius
878 991 970 1046 Dei
995 1006 1076 1055 es,
1101 989 1375 1045 descende
1395 989 1464 1044 de
1485 1004 1645 1044 cruce
1669 987 1848 1061 (Matt.
1865 988 2057 1059 xxvu).

470 1088 508 1140 A
534 1088 665 1157 facie
687 1086 913 1142 inimici:
935 1085 1106 1141 Judm.
1136 1083 1204 1139 Et
1235 1085 1600 1155 persequentis.
1620 1084 1808 1154 Populi
1828 1082 2060 1140 Judaici.

547 1178 672 1233 Hinc
699 1181 871 1232 omnia
898 1185 1141 1232 venerunt
1163 1193 1317 1243 super
1339 1193 1431 1231 nos
1454 1218 1467 1240 ,
1498 1193 1589 1230 nec
1611 1174 1757 1231 obliti
1785 1192 1961 1230 sumus
1990 1184 2060 1229 te.

471 1273 737 1346 Martyres
783 1274 882 1327 ista
929 1272 1111 1326 dicunt
1146 1290 1159 1325 :
1189 1271 1314 1342 quia
1347 1273 1529 1326 omnia
1559 1286 1678 1340 qum
1724 1277 1803 1334 tu,
1837 1269 2062 1324 Domine

471 1367 622 1434 Jesu,
675 1366 968 1436 pertulisti,
1017 1374 1074 1420 et
1118 1381 1217 1420 nos
1265 1364 1456 1420 eadem
1511 1363 1854 1434 pertulimus,
1885 1361 1979 1418 sed
2013 1369 2066 1417 te

473 1479 693 1533 semper
715 1461 948 1516 confessi
982 1477 1189 1516 smnus.
1227 1459 1294 1513 Et
1324 1461 1494 1528 inique
1526 1475 1628 1513 non
1657 1458 1853 1530 egimus
1883 1457 1936 1512 in
1967 1464 2069 1512 tes-

473 1567 698 1613 tamento
730 1567 836 1610 tuo.
867 1556 974 1612 Sed
1005 1555 1274 1610 veraciter
1301 1566 1351 1610 te
1393 1553 1828 1624 prmdicavimus.
1865 1550 1932 1605 Et
1965 1568 2070 1608 non

472 1653 678 1709 recessit
703 1662 841 1707 retro
884 1669 970 1707 cor
995 1660 1246 1706 nostrum.
1287 1648 1356 1706 Ut
1386 1664 1606 1704 errores
1634 1647 1897 1701 fanaticos
1925 1643 2070 1700 unde

474 1749 706 1820 digressi
744 1748 980 1814 fuimus,
1029 1761 1404 1816 sequeremur.
1438 1743 1504 1798 Et
1550 1741 1822 1797 declinasti
1863 1740 2070 1796 semitas

2157 614 2286 670 lium
2317 631 2641 683 mereamur,
2678 629 2736 674 ut
2767 619 3066 674 liberemur
3091 618 3158 676 ab
3186 617 3269 674 bis
3309 618 3573 687 pressaris
3597 637 3609 674 :
3631 635 3724 677 non

2159 717 2380 780 propter
2405 712 2657 766 meritum
2685 701 2954 776 nostrum,
2979 710 3078 766 sed
3103 718 3327 781 propter
3353 724 3548 766 nomen
3573 721 3723 768 tuum.

2689 844 3005 902 PSALMUS
3042 843 3230 900 XLIV.

2166 934 2229 990 In
2259 937 2434 1007 ﬁnem,
2478 955 2570 1010 pro
2603 939 2682 991 his
2711 938 2801 1008 qui
2830 937 3316 1010 commutabuntur,
3344 935 3470 1006 ﬁliis
3499 931 3730 1010 core,__ad

2235 1006 2570 1080 intellectum,
2596 1006 2866 1064 Canticum
2905 1025 2998 1079 pro
3026 1008 3234 1063 dilecto.
3272 1007 3375 1080 Pro
3412 1021 3523 1080 quo
3559 1008 3606 1060 in
3631 1006 3729 1080 Alle-

2236 1079 2384 1136 δι’ωο
2413 1081 2484 1136 ita
2511 1076 2690 1143 habet,
2717 1076 3055 1145 Lamartasse,
3080 1081 3134 1134 al
3165 1078 3429 1134 sosannim
3452 1077 3596 1132 labne
3619 1076 3731 1133 Core

2237 1152 2413 1206 mescil
2441 1153 2515 1206 sir
2545 1151 2795 1208 Jedidoth
2827 1169 2846 1208 :
2880 1152 3026 1223 quod
3069 1166 3169 1206 nos
3201 1149 3734 1223 inAl.atinum)’erti-

2241 1239 2402 1277 mus:
2442 1223 2635 1278 Victori
2676 1240 2768 1296 pro
2814 1219 2934 1289 ﬁliis
2980 1224 3210 1296 liliorum
3251 1219 3402 1286 Core,
3453 1219 3728 1296 eruditionis

2240 1298 2499 1350 canticum
2543 1292 2980 1350 amantissimum.
3006 1294 3160 1362 Quod
3203 1305 3381 1349 autem
3424 1293 3524 1355 ait,
3551 1307 3634 1359 pro
3665 1292 3736 1344 di-

2239 1367 2394 1434 lecto,
2428 1378 2572 1422 totus
2603 1368 2839 1438 psalmus
2863 1368 3097 1438 refertur
3123 1367 3190 1420 ad
3217 1364 3492 1438 Christum
3526 1381 3540 1418 :
3563 1363 3626 1417 de
3650 1376 3740 1432 quo

2245 1438 2408 1510 Pater
2440 1435 2678 1510 loquitur
2718 1439 2769 1493 iu
2808 1437 3104 1508 Evangelia
3134 1455 3147 1491 :
3181 1437 3276 1492 llic
3307 1435 3473 1510 Filius
3495 1444 3584 1510 est
3612 1448 3740 1510 meus

2241 1509 2470 1564 dilecms
2513 1504 2574 1564 'in
2619 1525 2725 1581 quo
2761 1509 2915 1581 "mihi
2963 1504 3262 1577 complacui
3311 1504 3546 1578 (Matth.
3590 1505 3738 1581 ηρ).

2243 1581 2337 1636 Vel
2371 1583 2612 1652 psalmus
2638 1577 3002 1650 spiritualium
3041 1582 3347 1647 nuptiarum
3390 1581 3628 1652 enminet
3656 1577 3740 1631 Sa-

2243 1647 2578 1709 cramentum
2613 1647 2704 1710 :id
2752 1664 2855 1715 est,
2889 1654 3338 1720 coniunctionem
3387 1647 3591 1705 Christi
3631 1662 3735 1704 cum

2247 1726 2508 1780 Ecclesia.
2541 1725 2786 1780 lnitiutur
2811 1739 2941 1796 ergo
2971 1739 3001 1779 a
3034 1739 3167 1780 voce
3213 1733 3460 1794 paterna.

477 1851 678 1898 nostras
705 1860 736 1896 a
760 1842 844 1896 via
871 1851 982 1896 tua.
1013 1839 1171 1896 Actio
1203 1847 1386 1894 nostra
1416 1851 1521 1893 non
1553 1844 1635 1892 est
1660 1852 1690 1890 a
1737 1835 1844 1889 tuis
1868 1831 2068 1903 justili-
2103 1830 2143 1890 Β
2241 1840 2507 1896 Erucium
2537 1857 2626 1895 cor
2647 1856 2816 1895 meum
2836 1839 3041 1895 νενιαηι
3063 1840 3270 1894 bonum,
3303 1837 3423 1894 Non
3445 1836 3514 1891 de
3545 1835 3746 1904 οοηίηιι.

476 1937 785 1992 cationibus
813 1941 1082 2003 separata.

549 2030 807 2098 Quoniam
834 2027 1120 2084 humiliasti
1153 2043 1242 2082 nos
1271 2025 1466 2095 inloco
1493 2021 1825 2092 afﬂictionis.
1861 2019 1920 2075 ln
1947 2033 2072 2074 cor-

478 2138 614 2194 pore
645 2123 784 2187 isto,
818 2121 870 2176 in
899 2136 1005 2192 quo
1035 2133 1316 2174 versamur
1343 2125 1398 2172 et
1427 2113 1717 2186 afﬂigimur
1746 2122 1969 2183 pr0pter
1994 2122 2066 2168 te.

477 2213 546 2270 Et
590 2215 791 2286 operuit
818 2230 911 2269 nos
959 2213 1139 2268 umbra
1167 2211 1362 2265 mortis.
1398 2207 1544 2262 Bene
1571 2205 1762 2261 umbra
1792 2203 1984 2259 mortis
2017 2203 2070 2256 in

479 2309 583 2363 hoc
613 2307 814 2363 saeculo
842 2306 1129 2377 opprimit,
1163 2313 1222 2359 et
1249 2316 1357 2358 non
1388 2301 1500 2372 ipsa
1545 2313 1694 2353 mors
1728 2315 1741 2351 :
1771 2297 1896 2368 quia
1931 2310 2074 2351 mar-

481 2409 660 2474 tyres,
693 2401 776 2455 vel
815 2398 1011 2469 reliqui
1035 2396 1233 2463 sancti,
1270 2405 1325 2450 et
1350 2396 1393 2448 si
1419 2392 1752 2462 afﬂiguntur,
1777 2398 1832 2444 et
1856 2388 1900 2443 si
1928 2403 2075 2443 mor-

483 2497 520 2551 ti
573 2495 949 2560 destinantur,
1007 2493 1191 2547 vivunt
1233 2500 1413 2547 tamen
1475 2489 1625 2554 Deo,
1679 2495 1733 2543 et
1777 2485 1894 2541 haec
1926 2497 2073 2539 mors

480 2587 669 2644 umbra
700 2589 783 2643 eis
813 2594 896 2641 est
919 2628 931 2652 ,
955 2595 1012 2642 et
1041 2601 1145 2640 non
1180 2585 1380 2639 veritas
1402 2580 1617 2638 mortis.
1777 2584 1785 2589 '

548 2680 610 2738 Si
638 2680 782 2735 obliti
808 2696 984 2734 sumus
1012 2694 1195 2732 nomen
1228 2675 1324 2730 Dei
1349 2675 1531 2729 nostri.
1559 2673 1615 2729 Id
1638 2681 1744 2738 est,
1767 2669 2075 2738 Christum,

479 2775 548 2831 Et
573 2777 616 2831 si
664 2773 1009 2846 expendimus
1047 2788 1231 2828 manus
1278 2781 1478 2828 nostras
1520 2770 1588 2822 ad
1618 2765 1783 2837 (deum
1818 2764 2072 2822 alienum.

478 2868 559 2924 Ad
594 2868 820 2924 idolum.

554 2961 743 3018 Nonne
774 2960 916 3016 Deus
944 2959 1162 3030 requiret
1189 2959 1338 3014 ista?
1384 2958 1494 3028 ipse
1517 2957 1656 3011 enim
1685 2953 1824 3012 novit
1862 2951 2081 3008 abscon-

480 3056 588 3110 ditu
614 3055 808 3112 cordis.
840 3053 993 3120 Quod
1023 3060 1318 3123 cognoscat
1342 3052 1482 3106 Deus
1509 3048 1873 3120 cogitationes
1897 3044 2076 3102 homi-

483 3166 636 3218 num,
666 3151 780 3220 ipse
806 3149 858 3204 in
885 3147 1183 3216 Evangelio
1217 3145 1394 3216 prodit
1422 3144 1490 3204 ad
1520 3141 1828 3202 Pharisaeos
1856 3141 2073 3196 dicens:

484 3245 626 3313 Quid
655 3245 910 3316 cogitatis
943 3257 1176 3312 nequam
1205 3242 1256 3296 in
1282 3239 1541 3297 cordibus
1577 3235 1772 3296 veitris
1803 3233 1955 3308 (Luc.
1987 3231 2078 3304 v)?
2107 3228 2152 3291 C

485 3338 575 3394 Sic
598 3348 652 3393 et
683 3348 951 3408 martyres
980 3337 1164 3390 dicunt
1199 3353 1212 3388 :
1241 3333 1295 3390 Si
1321 3332 1520 3388 alicubi
1551 3331 1892 3387 excessimus
1922 3343 1949 3380 a
1973 3324 2080 3384 viis

486 3432 614 3501 Dei,
647 3433 762 3502 ipse
791 3430 883 3500 qui
915 3445 1114 3486 arcana
1146 3428 1331 3486 cordis
1361 3427 1532 3493 novit,
1566 3423 1825 3494 inquit-at.

562 3527 823 3595 Quoniam
843 3535 1049 3596 propter
1081 3535 1127 3578 te
1155 3523 1528 3592 mortiﬁcamur
1549 3529 1656 3576 tota
1683 3518 1785 3574 die.
1815 3515 1871 3574 In
1895 3514 2076 3570 diver-

488 3621 564 3676 sis
587 3617 1026 3676 tribulationibus
1047 3615 1401 3688 tip;‘l‘illtl|lltlr
1425 3624 1645 3683 propter
1670 3621 1744 3676 te,
1769 3611 1864 3666 sed
1885 3615 2082 3678 Sponte

487 3713 793 3784 prtebemus
845 3712 982 3767 colla
1034 3708 1388 3766 candentibus.
1442 3705 1718 3762 .Estimati
1763 3719 1976 3769 sumus,
2025 3711 2082 3763 ut

486 3826 600 3865 oves
631 3808 902 3863 occisionis
929 3805 1154 3879 (Matth.
1183 3804 1271 3875 κ).
1300 3804 1523 3858 Dixeras
1562 3800 1732 3868 enim,
1765 3797 1912 3870 quod
1946 3797 2083 3853 mis-

490 3919 648 3959 surus
681 3917 781 3955 nos
819 3916 972 3956 esses
1018 3909 1290 3969 tamquam
1335 3911 1464 3954 oves
1511 3895 1564 3952 in
1595 3893 1774 3948 medio
1821 3892 2074 3962 luporum

494 3994 724 4068 (Matth.
761 3994 918 4065 VIII):
944 3992 1096 4048 Nunc
1121 4001 1302 4046 autem
1336 3989 1459 4060 quia
1489 3987 1557 4042 ab
1579 3987 1661 4043 ltis
1691 3983 2086 4040 tentatioulbus

492 4090 778 4157 elangatus
810 4102 893 4152 es,
927 4093 984 4140 et
1015 4097 1286 4155 taiuqnam
1318 4083 1360 4136 si
1392 4083 1446 4136 in
1479 4080 1596 4136 navi
1639 4077 1946 4144 dormiens,
1977 4090 2086 4134 non

445 4186 448 4188 ’
499 4195 599 4235 nos
638 4195 668 4234 a
709 4184 1035 4250 tempestate
1084 4173 1355 4240 defendis,
1385 4173 1691 4228 excitamus
1719 4179 1794 4236 te,
1831 4167 2085 4234 Domine,

495 4271 841 4327 confessione
877 4269 1110 4340 supplici
1135 4268 1515 4338 deprecantes.

566 4362 826 4432 Exsurge,
860 4378 1023 4431 quare
1068 4360 1353 4424 obdormis,
1404 4356 1661 4415 Domine?
1701 4371 1921 4427 exsurge
1949 4364 1997 4410 et
2026 4369 2090 4408 ne

495 4456 717 4524 repellas
745 4457 798 4510 in
841 4456 1018 4526 ﬁnem.
1053 4455 1122 4512 Ut
1168 4455 1259 4526 qui
1307 4463 1553 4510 mortuus
1584 4468 1645 4510 es
1682 4468 1781 4523 pro
1827 4451 2006 4520 nobis,
2037 4458 2094 4508 et

504 4549 858 4606 resurrexisti
902 4549 1206 4606 :exciteris
1248 4548 1303 4604 in
1344 4546 1600 4604 cordibus
1638 4560 1851 4614 eorum,
1900 4542 1989 4615 q’ui
2041 4554 2095 4598 te

2173 1935 2355 1990 ctione
2399 1947 2690 2002 corporea,
2721 1931 2816 1988 sed
2856 1932 2925 1987 de
2971 1930 3136 1987 corde
3165 1929 3386 2000 protulit
3421 1927 3628 1998 aequale
3652 1925 3742 1981 sibi

2174 2029 2406 2086 Verbum
2436 2044 2530 2098 per
2551 2027 2692 2098 quod
2717 2026 2853 2082 facta
2877 2037 3004 2082 sunt
3029 2026 3214 2082 omnia
3241 2042 3255 2080 :
3283 2024 3490 2080 Bonum
3517 2030 3604 2077 est
3621 2020 3746 2076 enim

2173 2126 2276 2180 ltoc
2307 2123 2540 2180 Verbum
2569 2141 2581 2176 :
2615 2128 2738 2193 quia
2783 2122 2926 2192 quod
2959 2120 3162 2176 factum
3194 2128 3280 2175 est
3314 2118 3370 2173 in
3415 2131 3504 2184 eo,
3544 2117 3646 2172 vita
3675 2122 3746 2169 est

2175 2215 2407 2288 (10am).
2434 2215 2562 2269 Dico
2587 2231 2681 2288 ego
2709 2231 2864 2287 Opera
2889 2231 3000 2268 mea
3025 2213 3174 2284 Regi.
3204 2210 3421 2282 Loquor
3440 2209 3542 2280 ipsi
3568 2205 3745 2270 Verbo,

2174 2311 2289 2382 regi
2319 2311 2448 2376 tilio,
2481 2317 2536 2366 et
2565 2319 2756 2362 cuncta
2790 2309 3168 2377 perﬁciuntur.

2244 2403 2450 2476 Lingua
2504 2419 2619 2458 mea
2665 2401 2899 2457 calamus
2952 2400 3136 2456 scriba:
3183 2397 3427 2453 velociter
3477 2394 3749 2450 scribentis.

2177 2498 2328 2556 Sicut
2353 2498 2497 2555 enim
2527 2512 2646 2567 qua:
2674 2497 2988 2552 scribuntur
3019 2508 3127 2552 non
3157 2501 3284 2546 sunt
3319 2490 3458 2545 levia
3486 2501 3660 2558 neque
3688 2485 3755 2540 la-

2145 2663 2150 2668 _
2176 2593 2323 2659 cilia,
2353 2591 2446 2648 sed
2477 2591 2626 2646 utilia
2668 2600 2830 2660 atque
2853 2589 3090 2643 salubria
3121 2604 3134 2639 :
3162 2586 3240 2640 sic
3267 2593 3321 2639 et
3353 2583 3448 2639 Dei
3479 2582 3749 2653 eloquium

2177 2693 2448 2756 tamquam
2473 2685 2760 2751 scribatur,
2783 2684 2855 2740 ita
2879 2681 3174 2752 perﬁcitur.
3201 2677 3280 2734 De
3301 2678 3591 2734 velocitate
3618 2691 3752 2740 vero,

2180 2777 2282 2836 hoc
2310 2789 2419 2846 est,
2451 2777 2592 2849 quod
2628 2793 2736 2832 non
2767 2774 3050 2830 tardautur
3080 2788 3200 2842 qua:
3243 2768 3468 2836 dixerit,
3500 2769 3592 2824 sed
3623 2767 3757 2822 velo-

2179 2874 2315 2928 citer
2342 2871 2727 2940 adimplentur,
2776 2869 2899 2924 ideo
2929 2867 3174 2922 calamus
3224 2864 3381 2920 dicit.
3435 2863 3499 2918 Et
3545 2861 3611 2917 ad
3639 2857 3754 2931 quid

2186 2967 2419 3037 pertinet
2442 2965 2722 3020 calamus?
2748 2963 2853 3018 Aut
2877 2961 3152 3034 quomodo
3173 2966 3520 3028 comparatur
3540 2955 3759 3011 calamus

2179 3059 2425 3122 Christo?
2454 3059 2587 3126 Quia
2618 3059 2759 3116 sicut
2787 3057 3022 3127 pertinet
3052 3065 3202 3122 petra
3239 3052 3307 3106 ad
3335 3049 3630 3110 Christum.
3661 3047 3754 3111 leo,

2181 3154 2390 3222 dextra,
2408 3169 2586 3220 mons,
2604 3154 2686 3208 vel
2712 3153 2816 3208 alia
2842 3153 2924 3206 liis
2946 3150 3144 3206 similia
3169 3149 3278 3204 :sic
3310 3147 3545 3218 pertinet
3561 3144 3754 3199 ett-ala-

2185 3264 2325 3318 mus,
2366 3249 2574 3303 scilicet
2601 3246 2725 3318 quia
2758 3252 3106 3300 mensurator
3131 3252 3185 3297 et
3210 3239 3449 3310 scriptor
3475 3246 3572 3294 est.
3607 3234 3752 3292 Unde

2183 3342 2321 3401 dixit
2349 3342 2403 3396 in
2433 3340 2700 3410 Propheta
2728 3357 2740 3393 :
2765 3338 2962 3408 Surge,
2987 3345 3042 3392 et
3062 3335 3249 3405 accipe
3271 3333 3560 3397 calamum,
3583 3340 3634 3385 et
3655 3342 3760 3383 me-

2187 3439 2288 3492 tire
2344 3436 2605 3506 templum
2651 3443 2705 3490 et
2755 3433 3033 3488 civitatem
3081 3428 3308 3502 (Ezech.
3358 3427 3480 3496 xc).
3534 3424 3758 3480 Calamus

2185 3532 2370 3587 scribis
2393 3548 2412 3587 :
2436 3531 2624 3586 Scriba
2649 3531 2766 3600 ipse
2788 3537 2870 3583 est
2893 3525 3168 3581 Christus.
3194 3522 3350 3580 Unde
3371 3521 3505 3576 dixit
3531 3520 3579 3574 in
3603 3519 3762 3572 Evan.

2185 3625 2326 3696 gelio
2361 3641 2373 3677 :
2406 3623 2594 3682 Omnis
2623 3620 2806 3676 scriba
2858 3619 3054 3674 doctus
3088 3618 3140 3672 in
3183 3629 3352 3684 regno
3391 3613 3666 3676 cmlorum,
3694 3606 3762 3662 si-

2187 3718 2333 3773 milis
2363 3725 2448 3773 est
2480 3713 2861 3786 patrifamilias
2889 3713 2904 3780 (
2931 3711 3124 3766 Matth.
3152 3707 3298 3781 xm).
3351 3707 3603 3762 Velociter
3637 3701 3758 3757 scri-

2188 3811 2373 3866 bentis.
2405 3809 2543 3876 Quia
2568 3809 2746 3863 nullus
2777 3815 2888 3861 tam
2917 3807 3028 3860 cito
3055 3803 3268 3867 scribit,
3293 3804 3434 3857 sicut
3466 3800 3576 3869 ipse
3600 3795 3760 3852 Domi-

2189 3919 2292 3960 nus
2321 3903 2374 3958 in
2405 3901 2663 3957 cordibus
2689 3908 3001 3954 sanctorum
3026 3896 3236 3952 scribit.
3269 3893 3408 3962 Quid
3438 3892 3635 3953 scribit,
3666 3886 3761 3944 nisi

2191 3996 2374 4061 fidem,
2405 4010 2556 4065 spem
2589 4004 2642 4048 et
2681 3992 3005 4048 cltaritatem
3039 4004 3216 4054 suam,
3258 3987 3482 4044 verbum
3527 3983 3763 4057 praedica-

2195 4088 2363 4145 tionis
2395 4087 2619 4143 tribuit?

2263 4182 2543 4256 Speciosus
2595 4183 2766 4251 [arma
2797 4193 2906 4248 pne
2946 4177 3073 4246 ﬁliis
3121 4174 3412 4230 hominum.
3459 4171 3527 4228 Ut
3566 4183 3662 4224 non
3698 4180 3759 4221 ex

2193 4293 2367 4347 aequo,
2391 4285 2451 4332 ut
2475 4277 2616 4332 alius
2645 4275 2830 4340 homo,
2865 4273 2961 4329 sed
2984 4287 3108 4328 cum
3135 4269 3362 4326 homine
3394 4267 3486 4322 Dei
3514 4263 3667 4322 Filius
3687 4261 3762 4315 in-

2196 4371 2494 4441 telligatur,
2528 4377 2584 4424 et
2623 4367 2748 4425 ideo
2780 4365 3062 4438 pulchrior
3091 4362 3294 4420 dicitur
3342 4373 3458 4432 prae
3503 4355 3615 4412 aliis
3652 4352 3761 4408 filiis

2196 4466 2498 4523 hominum.
2531 4463 2729 4518 Forma
2764 4471 2950 4517 autem
2983 4460 3049 4515 de
3078 4473 3184 4530 qua
3214 4456 3480 4527 loquitur,
3529 4466 3624 4506 non
3664 4461 3761 4501 ms—

2199 4559 2464 4630 gnitudini
2495 4555 2800 4628 deputanda
2839 4564 2943 4622 est,
2990 4553 3086 4610 sed
3117 4550 3326 4610 decori.
3375 4548 3475 4604 Vel
3521 4541 3760 4616 quomodo

502 4649 778 4702 mortuum
817 4643 1170 4712 conﬁtentur,
1203 4651 1258 4698 et
1297 4640 1672 4698 resurrexissc
1705 4656 1811 4696 non
1837 4637 2079 4706 credunt,

2203 4651 2505 4723 speclosus,
2539 4664 2661 4704 cum
2693 4649 2858 4704 Isaias
2900 4646 3030 4702 dicit
3059 4665 3072 4700 :
3102 4643 3346 4699 Vidimus
3388 4656 3513 4696 eum
3545 4653 3642 4694 non
3677 4635 3759 4688 bas

499 4746 561 4792 ut
609 4737 827 4794 tandem
877 4737 1191 4795 desinentes
1230 4753 1330 4794 nos
1377 4736 1648 4808 persequi,
1680 4751 1790 4798 non
1835 4748 2006 4805 usque
2036 4733 2090 4796 in

503 4832 665 4886 linem
697 4840 915 4885 aeterna:
947 4831 1140 4885 mortis
1170 4830 1463 4884 intereant.

575 4923 749 4992 Quare
780 4923 968 4994 faciem
989 4930 1133 4976 tuam
1161 4923 1388 4978 avertis?
1420 4920 1627 4977 Avertit
1655 4919 1803 4976 enim
1829 4918 1976 4975 Deus
2012 4916 2093 4972 l'a-

500 5019 639 5075 ciem
663 5018 730 5074 ad
761 5027 992 5086 tempus,
1025 5025 1083 5074 ut
1107 5015 1292 5086 probet
1321 5015 1529 5072 electos
1557 5028 1704 5070 suos.
1749 5011 2093 5070 Oblivisceris

502 5116 692 5185 inopiae
737 5122 926 5170 nostra:
971 5123 1018 5168 et
1061 5111 1409 5166 tribulationis
1454 5120 1668 5169 nostris.
1701 5109 1942 5168 Patimur
1971 5109 2098 5164 ino-

507 5211 672 5281 piam,
705 5225 804 5279 pro
833 5209 1009 5266 nibilo
1038 5209 1300 5264 habentes
1328 5207 1486 5278 hujus
1513 5205 1699 5262 mundi
1726 5205 1967 5271 divitias,
2009 5218 2102 5260 re.

503 5318 669 5373 gnum
699 5303 922 5360 caeleste
951 5303 1349 5360 desideramus.
1393 5300 1741 5358 Tribulamur
1765 5299 1937 5366 enim,
1969 5311 2094 5355 cum

508 5395 793 5466 elongator
815 5394 1144 5452 desiderium
1185 5402 1454 5451 nostrum.

584 5488 843 5556 Quoniam
870 5487 1148 5544 hurniliata
1173 5496 1247 5544 est
1288 5489 1341 5544 in
1369 5486 1575 5559 pulvere
1594 5486 1771 5542 anima
1798 5493 1999 5542 nostra.
2032 5481 2106 5542 υι

511 5583 581 5640 ab
621 5583 727 5637 illis
767 5582 1177 5650 inclinaremur,
1225 5597 1361 5651 quos
1411 5591 1606 5638 ventus
1649 5589 1708 5636 ut
1750 5579 2029 5648 pulverem
2074 5593 2104 5638 a

512 5674 650 5732 facie
683 5689 842 5732 terra:
872 5678 1107 5748 projicit.
1153 5674 1550 5749 Conglutinatus
1581 5685 1654 5730 est
1679 5675 1732 5730 in
1763 5684 1901 5728 terra
1929 5683 2105 5726 venter

515 5778 706 5824 noster.
736 5768 816 5824 Ac
842 5769 886 5824 si
913 5769 1156 5826 diceret:
1182 5768 1321 5826 Caro
1347 5770 1674 5838 infirmatur,
1705 5765 1798 5824 sed
1825 5781 2019 5826 sensus
2053 5765 2109 5828 in

516 5861 840 5920 cmlestibus
879 5871 963 5918 est
993 5869 1250 5920 attentus.

2202 4744 2417 4798 bentem
2459 4741 2722 4811 speciem,
2764 4752 2942 4810 neque
2971 4737 3224 4792 decorem
3253 4751 3266 4788 ε
3295 4731 3393 4788 sed
3422 4729 3573 4802 quasi
3601 4728 3766 4794 despe-

2205 4848 2372 4902 ctum,
2405 4846 2459 4892 et.
2490 4833 2851 4898 butniliatum,
2899 4841 2955 4886 et
2996 4842 3340 4900 percussum,
3381 4833 3440 4881 et
3469 4823 3758 4894 llagellatum

2205 4945 2233 4984 a
2264 4931 2373 4985 Deo
2402 4928 2550 5002 (lsa.
2579 4927 2705 4995 Li)?
2737 4924 3010 4993 Propheta
3041 4921 3207 4978 Isaias
3232 4934 3298 4974 es
3324 4931 3558 4987 persona
3581 4912 3762 5002 Julia-of

2211 5041 2329 5080 rnm
2359 5001 2490 5079 dicit
2522 5022 2649 5085 hoc,
2681 5021 2808 5090 quia
2849 5018 2924 5073 illi
2972 5015 3368 5072 humanitatem
3400 5011 3598 5071 carnis,
3637 5001 3762 5076 quasi

2207 5134 2398 5191 purum
2422 5114 2699 5171 hominem
2724 5127 2847 5168 esse
2875 5108 3246 5166 crediderunt.
3277 5105 3385 5160 Sed
3420 5103 3504 5158 hic
3534 5097 3762 5172 pt'0plteta

2205 5210 2499 5269 secundum
2525 5207 2869 5264 divinitatem
2896 5201 3160 5274 loquitur.
3189 5198 3323 5256 Item
3347 5196 3513 5252 ls:iias
3538 5191 3764 5264 propheta

2207 5303 2525 5378 praesciebat
2566 5316 2662 5372 per
2702 5297 2965 5370 Spiritum
3009 5302 3256 5348 sanctum
3302 5289 3451 5344 illaut
3486 5282 3766 5342 humanitate

2209 5410 2317 5457 tem
2348 5413 2376 5454 a
2419 5395 2552 5454 foris
2593 5408 2756 5464 quam
2801 5389 3055 5446 viderunt
3096 5382 3268 5442 Judaei
3302 5380 3436 5437 :sed
3481 5379 3772 5434 intrinsecus

2211 5491 2551 5549 divinitatem
2595 5500 2700 5542 non
2748 5489 3047 5556 potuerunt
3089 5476 3422 5546 intelligere.
3477 5469 3676 5540 Diﬁusa
3713 5472 3773 5520 est

2210 5585 2376 5659 gratia
2400 5584 2454 5638 in
2485 5580 2633 5635 labiis
2670 5578 2794 5632 tuis.
2838 5574 2972 5632 Cum
3003 5571 3226 5628 morbos
3253 5567 3426 5624 verbo
3457 5578 3630 5631 curas,
3670 5570 3776 5613 cum

2215 5650 2364 5734 mare
2394 5675 2677 5746 quiescere
2718 5667 2873 5738 facis,
2913 5681 3038 5722 cum
3073 5663 3351 5719 silentium
3376 5658 3551 5714 ventis
3582 5650 3772 5712 indicis,

2213 5785 2334 5828 cum
2383 5767 2592 5824 febrem
2639 5761 2922 5820 discedere
2948 5758 3131 5830 jubcs,
3161 5771 3284 5814 cum
3327 5753 3584 5811 Lazarum
3613 5754 3776 5806 vet-aii

2221 5872 2274 5921 et
2295 5861 2442 5920 venit
2466 5877 2478 5916 :
2504 5858 2723 5921 Patrem
2745 5851 3081 5927 interpellas,
3112 5859 3172 5909 et
3198 5848 3374 5918 audit,
3405 5855 3460 5906 et
3487 5857 3592 5903 non
3617 5835 3779 5899 solum
