3944 6334
191 320 288 376 95⁵1

1112 317 1546 376 BREVIARIUM
1587 316 1652 374 ΙΝ
1693 315 2029 374 PSALMOS.
2077 315 2329 374 PSALM.
2372 314 2558 370 XLIV.

3384 315 3492 372 958

193 435 360 501 audit,
395 433 492 490 sed
523 435 689 490 etiam
717 433 1014 504 respondet
1043 443 1138 490 :et
1161 433 1340 489 omnia
1369 449 1489 504 quae
1514 431 1774 504 loqueris,
1807 434 1854 494 Α
1883 433 2037 504 regis.
2083 431 2128 488 A
2168 433 2586 502 compunctione
2615 430 3036 502 praedicationis,
3067 429 3121 485 in
3160 427 3328 486 corda
3358 443 3485 485 cor-

189 528 354 601 gratia
385 528 653 582 iahiorum
689 537 905 582 tuorum
937 527 1310 597 periiciuntur.
1350 525 1574 582 Diffusio
1595 525 1782 597 gratia:

189 622 235 677 in
263 620 569 691 Scripturis
600 621 804 676 sanctis
833 619 1006 691 gratia
1053 619 1293 690 Spiritus
1331 620 1506 674 sancti
1539 626 1641 683 est,
1692 616 1781 672 vel

187 713 411 772 Christi.
439 713 640 770 Diﬂusa
664 725 747 770 est
773 714 946 786 gratia
969 713 1206 785 Spiritus
1229 714 1404 768 sancti
1431 713 1486 768 in
1511 712 1782 783 baptismo

188 811 235 864 in
267 807 454 878 specie
499 807 766 863 columbae
796 825 808 861 :
833 822 958 862 cum
993 806 1270 862 descendit
1302 807 1353 860 in
1402 808 1600 876 capite,
1635 806 1783 860 venit

185 901 234 958 in
263 901 493 956 barbam
524 918 537 956 :
569 900 766 956 deinde
807 901 858 956 in
893 915 1042 956 oram
1091 900 1400 956 vestimenti
1433 900 1571 970 ejus.
1604 899 1782 968 Caput

186 1006 457 1059 nostrum,
503 995 760 1050 Christus
790 1002 904 1058 est;
937 993 1124 1057 barba,
1171 993 1345 1048 sancti
1377 991 1656 1063 Apostoli;
1685 1005 1780 1046 ora

184 1091 492 1147 vestimenti
524 1088 663 1159 ejus,
699 1089 871 1144 sancti
916 1088 1300 1158 przedicatores
1327 1104 1338 1140 :
1365 1091 1509 1142 sicut
1541 1085 1615 1140 ait
1649 1099 1777 1154 pro—

185 1183 346 1256 pheta
377 1200 392 1239 :
419 1183 577 1238 Sicut
605 1191 940 1252 unguentum
979 1181 1030 1235 in
1063 1181 1262 1250 capite,
1311 1180 1451 1249 quod
1495 1177 1781 1235 descendit

186 1278 231 1334 in
262 1275 493 1332 barbam
527 1275 731 1341 Aaron,
766 1283 818 1328 et
847 1274 990 1345 quod
1021 1273 1311 1329 descendit
1349 1275 1401 1328 in
1433 1287 1582 1327 oram
1614 1271 1782 1327 vesti-

184 1369 351 1426 menti
383 1368 505 1439 ejus
533 1366 719 1441 (Psal.
749 1383 932 1423 cxxxtt
958 1368 998 1436 ).
1025 1365 1210 1421 Gratia
1230 1366 1288 1420 in
1315 1365 1465 1420 labiis
1489 1365 1591 1420 tuis
1615 1381 1633 1420 :
1655 1364 1778 1436 quia

184 1463 260 1519 lex
292 1476 394 1530 per
419 1461 644 1532 Moysen
673 1459 797 1514 data
828 1467 933 1524 est,
957 1459 1132 1530 gratia
1163 1466 1218 1513 et
1251 1459 1452 1513 veritas
1478 1473 1572 1528 per
1593 1456 1777 1512 Jesum

185 1556 458 1612 Christum
494 1553 634 1608 facta
663 1563 746 1608 est
775 1553 792 1624 (
817 1551 976 1608 Joan.
1011 1551 1402 1624 t).'Propterea
1434 1551 1693 1606 benedixit
1733 1560 1780 1604 te

186 1649 318 1704 Deus
343 1651 398 1704 in
431 1658 702 1704 a'let'num.
745 1648 825 1704 0b
854 1651 991 1704 hanc
1019 1649 1270 1719 gratiam.
1307 1647 1439 1702 Nam
1473 1663 1597 1703 cum
1628 1663 1776 1704 sem-

183 1756 272 1813 per
299 1740 564 1796 Cbristus
589 1740 854 1795 Dominus
881 1740 934 1796 in
965 1739 1124 1795 Patre
1157 1739 1315 1794 fuerit
1349 1739 1688 1806 benedictus,
1722 1740 1775 1795 in

1886 535 2048 581 ruunt
2078 533 2135 580 ut
2161 538 2268 580 non
2300 522 2643 598 superbiant,
2672 522 2767 578 sed
2793 522 3077 578 humiliter
3101 521 3346 577 credant.
3380 519 3484 588 Qui

1883 618 2097 674 luerunt
2138 635 2243 673 non
2286 615 2560 672 credendo
2603 615 2802 671 inimici
2826 614 2991 686 regis,
3042 613 3174 668 ﬁant
3213 611 3489 668 credendo

1884 713 2068 768 amici.
2115 712 2252 780 Quia
2281 711 2372 782 qui
2405 708 2609 766 Christi
2654 709 2855 765 inimici
2892 717 3068 776 erant,
3107 714 3293 776 postea
3327 703 3489 762 amici

1884 805 2063 863 elTecti
2093 813 2238 861 sunt.

1957 899 2118 955 Sedes
2145 907 2257 966 tua,
2298 897 2452 964 Deus,
2477 899 2528 952 in
2561 896 2810 952 steculum
2839 895 3036 952 seaculi.
3071 894 3187 951 Non
3214 904 3491 964 tempora-

1885 991 1973 1057 lis,
2009 991 2102 1047 sed
2131 999 2355 1047 :eterna.
2407 990 2500 1046 Vel
2529 989 2690 1046 sedes
2735 989 2856 1055 Dei,
2890 995 3077 1044 sancta
3115 987 3355 1042 Ecclesia
3381 995 3487 1055 est,

1884 1098 1976 1142 aut
2004 1087 2186 1141 anima
2221 1086 2383 1156 :qnia
2433 1086 2611 1140 anima
2654 1085 2786 1156 justi
2835 1092 2921 1140 est
2961 1082 3122 1140 sedes
3174 1080 3482 1166 sapientiae.

1895 1179 2054 1250 Virga
2075 1179 2395 1248 directionis,
2427 1181 2572 1253 virga
2601 1179 2748 1251 regni
2773 1179 2872 1232 tui.
2898 1178 3004 1232 Per
3034 1178 3268 1248 virgam,
3297 1189 3484 1231 corre-

1883 1273 1999 1345 ptio
2046 1272 2349 1344 disciplintc
2378 1290 2390 1326 :
2421 1273 2543 1342 quia
2590 1288 2684 1341 per
2726 1271 2898 1342 ipsam
2937 1272 3180 1342 regulam
3211 1269 3483 1335 veritatis,

1883 1365 2049 1421 corda
2081 1366 2300 1422 illorum
2333 1365 2644 1435 diriguntur
2666 1382 2786 1434 qnze
2811 1374 3054 1420 tortuosa
3087 1374 3266 1420 erant.

1962 1458 2200 1514 Dilexisti
2239 1459 2524 1533 justitiam,
2577 1469 2624 1514 et
2673 1459 2834 1515 odisti
2877 1459 3218 1530 iniquitatem.
3265 1456 3320 1512 Id
3360 1465 3480 1526 est,

1886 1553 2137 1608 mandata
2174 1553 2264 1607 Dei
2298 1552 2474 1608 Putris
2507 1552 2819 1624 implevisti.
2846 1550 2916 1606 Et
2942 1553 3094 1606 odisti
3128 1553 3482 1621 iniquitatem,

1883 1660 1991 1701 non
2019 1647 2161 1718 quod
2191 1647 2374 1701 odium
2407 1646 2562 1700 cadat
2596 1645 2648 1701 in
2675 1646 2841 1702 Deum
2871 1663 2884 1699 :
2909 1645 3005 1701 sed
3043 1645 3194 1700 odire
3225 1645 3365 1700 Deus
3395 1643 3482 1698 di-

1883 1737 2044 1804 citur,
2082 1739 2132 1792 id
2166 1747 2272 1802 est.
2303 1739 2608 1808 repudiare.
2661 1737 2917 1810 iniquitas
2953 1738 3066 1806 ipse
3107 1737 3360 1792 diabolus
3402 1737 3484 1790 in-

185 1843 460 1904 assnmpta
494 1832 836 1889 benedicitur
863 1847 1030 1888 carne
1065 1847 1224 1888 :cum
1256 1833 1624 1888 descendente
1646 1833 1771 1903 Spi-
1805 1829 1854 1892 B
1882 1831 2162 1903 teiligitur.
2210 1832 2303 1888 Vel
2347 1833 2518 1904 virga,
2552 1833 2841 1904 disciplina
2885 1832 3128 1888 cmiestis
3177 1833 3480 1903 accipitur:

185 1928 283 1983 ritu
317 1934 514 1982 sancto
544 1941 710 1996 super
739 1942 862 1982 eum
889 1929 941 1981 in
964 1927 1259 1997 baptismo,
1293 1927 1425 1980 dicit
1457 1927 1655 1981 Pater:
1683 1926 1781 1982 ilic

185 2030 264 2077 est
313 2019 490 2076 Filius
534 2035 687 2076 meus
731 2020 994 2087 dilectus,
1039 2021 1091 2074 in
1139 2035 1247 2090 quo
1300 2020 1430 2073 mihi
1476 2019 1780 2089 compiacui

189 2115 413 2186 (Matth.
441 2130 499 2171 ιιι
521 2115 566 2187 ).
602 2114 698 2171 Vel
717 2115 998 2171 benedixit
1022 2117 1181 2170 Pater
1203 2115 1349 2169 Dens
1376 2113 1575 2170 Filium
1601 2129 1780 2179 suum,

185 2221 233 2266 et
265 2210 523 2266 Christus
552 2225 706 2266 suam
737 2210 1063 2266 Ecclesium.

249 2303 540 2374 Accingere
566 2303 745 2377 gladio
768 2313 855 2358 tuo
880 2320 1038 2374 super
1060 2303 1226 2372 feritur
1249 2311 1393 2356 tuum
1412 2302 1779 2372 potentissime.

186 2397 435 2453 Gladium
467 2400 609 2454 circa
636 2399 823 2468 femur.
854 2397 958 2452 Per
986 2397 1222 2470 gladium
1243 2437 1258 2461 ,
1289 2397 1512 2452 verbum
1544 2414 1557 2450 :
1586 2412 1679 2465 per
1708 2397 1784 2452 ie-

187 2507 316 2557 mnr,
354 2492 676 2547 incarnatio.
704 2491 954 2562 Accingit
981 2491 1146 2546 homo
1172 2489 1410 2562 gladium
1439 2490 1504 2543 ad
1539 2495 1784 2559 pugnab-

187 2581 330 2638 dum.
355 2581 496 2650 Sed,
513 2583 780 2655 accingere
792 2583 1049 2654 gladium,
1070 2583 1442 2655 potentissime.
1467 2581 1546 2637 Ac
1569 2581 1614 2636 si
1639 2581 1787 2638 dicat

187 2674 454 2748 propheta
484 2693 498 2729 :
523 2675 624 2741 Tu,
645 2673 887 2741 Christe,
921 2675 1082 2732 indue
1104 2690 1325 2731 carnem
1353 2696 1365 2732 :
1393 2690 1568 2746 pugna
1591 2684 1781 2730 contra

187 2767 484 2832 diabolum,
516 2779 570 2836 et
594 2768 763 2826 libera
794 2782 971 2839 genus
1002 2767 1297 2824 humanum
1329 2767 1398 2823 de
1429 2768 1662 2822 inferno.
1687 2767 1785 2822 Ac-

189 2863 396 2936 cingere
429 2863 628 2934 gladio,
681 2862 849 2918 verbo
895 2861 1321 2934 prmdicationis,
1369 2862 1460 2932 qui
1499 2862 1685 2917 divisit
1716 2862 1780 2916 ii-

187 2955 309 3010 lium
337 2971 368 3008 a
400 2965 594 3026 patre:
624 2955 788 3011 tiliam
819 2972 847 3010 a
885 2967 1080 3022 matre,
1117 2971 1316 3010 nurum
1357 2971 1383 3008 a
1417 2970 1616 3010 socru:
1644 2956 1784 3010 circa

189 3048 352 3117 femur
377 3057 553 3116 tuum,
575 3063 741 3120 super
763 3063 984 3104 carnem
1009 3059 1367 3120 assumptam.
1394 3047 1780 3118 Potentissimis,

187 3155 290 3196 non
321 3141 590 3213 segniter,
627 3157 802 3212 neque
833 3142 1048 3207 leviter,
1081 3141 1174 3196 sed
1207 3141 1454 3196 viriliter.

1886 1940 1984 1996 per
2011 1941 2169 1993 quam
2195 1926 2434 1995 iniquam
2469 1927 2876 1982 tortuositatem
2911 1935 3150 1996 nostram
3180 1941 3340 1998 quam
3369 1926 3486 1982 odi-

1887 2019 1986 2083 vit,
2031 2019 2094 2072 ad
2129 2033 2282 2072 suam
2333 2019 2532 2075 direxit
2557 2020 2852 2090 justitiam.
2905 2019 3196 2090 Propterea
3244 2020 3391 2074 unxit
3435 2029 3483 2076 te

1886 2113 2029 2168 Deus
2069 2123 2210 2169 tuus.
2259 2113 2450 2181 Deum,
2494 2115 2672 2184 inquit
2715 2115 3035 2186 Apostolus,
3067 2123 3122 2170 et
3162 2115 3481 2173 Christum:

1885 2207 2027 2262 Deus
2055 2206 2206 2262 illum
2238 2208 2367 2262 fecit
2399 2209 2417 2280 (
2445 2207 2601 2266 Hebr.
2624 2210 2687 2282 t).
2719 2207 2848 2264 Oleo
2873 2210 3066 2264 laetitia
3089 2226 3200 2283 pra:
3223 2211 3484 2266 consorti-

1886 2304 1979 2358 bus
2009 2305 2134 2358 tuis.
2167 2302 2270 2358 Aiii
2299 2319 2456 2375 reges
2485 2305 2576 2376 qui
2620 2314 2807 2378 typum
2840 2305 2982 2362 illius
3026 2307 3400 2376 prmtulerunt,
3429 2317 3484 2365 et

1885 2394 2166 2464 regnaodo
2192 2403 2482 2451 consortes
2504 2397 2632 2453 dicti
2664 2406 2812 2463 sunt,
2843 2399 2966 2454 oleo
2991 2400 3331 2470 corruptibili
3354 2408 3484 2458 sunt

1885 2491 2089 2547 inuncti
2125 2511 2136 2545 :
2168 2491 2256 2547 hic
2300 2507 2427 2547 vero
2455 2492 2629 2548 Filius
2673 2493 2763 2548 Dei
2796 2509 2822 2548 a
2859 2494 2970 2549 Deo
3016 2495 3196 2561 Patre,
3231 2496 3358 2549 oleo
3384 2511 3482 2551 ex-

1885 2583 2195 2639 sultationis
2236 2603 2246 2638 :
2292 2587 2392 2640 hoc
2433 2596 2554 2649 est,
2604 2587 3058 2653 resurrectionis,
3106 2586 3474 2656 ascensionis,

1884 2679 2380 2751 dominationisque
2409 2691 2492 2736 est
2517 2679 2792 2737 delibutus
2818 2700 2831 2738 :
2853 2682 2976 2752 quia
3009 2678 3256 2737 Christus
3286 2692 3480 2739 natura

1886 2783 2103 2841 unctus,
2136 2789 2236 2830 nos
2263 2791 2362 2848 per
2400 2777 2628 2847 gratiam
2660 2797 2673 2832 :
2704 2777 2826 2848 quia
2875 2777 2926 2831 in
2973 2776 3065 2832 illo
3119 2775 3484 2847 pleniter-l’uit

1882 2867 2157 2934 divinitas,
2195 2885 2317 2924 nam
2350 2871 2402 2924 in
2431 2870 2632 2925 sanctis
2669 2885 2763 2940 per
2791 2879 2973 2940 partes
3013 2869 3188 2925 datur.

1959 2961 2177 3034 Myrrha
2202 2973 2248 3016 et
2287 2972 2432 3036 gutta
2453 2973 2500 3018 et
2542 2964 2683 3017 casia
2704 2980 2736 3016 a
2757 2963 3069 3017 vestimentis
3101 2963 3223 3016 tuis.
3257 2963 3476 3035 Myrrha

1887 3071 1984 3127 pro
1997 3056 2274 3128 sepultura
2294 3058 2512 3127 ponitur
2534 3077 2544 3110 :
2565 3066 2734 3128 gutta,
2753 3066 2946 3113 contra
2972 3073 3176 3113 venena
3199 3058 3481 3128 accipitur.

1886 3150 1942 3205 lu
1966 3153 2108 3206 casia
2140 3150 2324 3218 homo,
2349 3151 2440 3222 qui
2464 3165 2609 3221 stupe
2629 3152 2790 3206 arbor
2812 3151 3031 3216 dicitur,
3058 3150 3478 3207 demonstratur.

253 3235 444 3308 Specie
471 3245 557 3289 tua
583 3245 632 3291 et
677 3235 1066 3306 pulchritudine
1111 3245 1218 3290 tua.
1270 3235 1570 3293 Sanctitate
1619 3245 1778 3309 atque
1805 3219 1851 3284 Ο
1886 3245 2029 3316 Ergo
2054 3219 2401 3302 deﬂuxerunt
2430 3219 2600 3300 bases
2629 3244 2969 3302 vestimentis
2995 3245 3114 3316 ejus
3152 3263 3162 3297 ε
3199 3245 3250 3300 id
3281 3253 3389 3310 est,
3412 3245 3482 3301 ab

181 3328 385 3398 justitia
417 3346 431 3382 :
469 3328 551 3384 vel
594 3329 660 3384 ad
691 3328 1034 3386 divinitatem
1085 3331 1343 3398 pertinet.
1391 3328 1613 3384 Intende
1653 3347 1778 3399 pro-

186 3437 353 3490 spere,
379 3421 604 3491 procede
624 3430 671 3475 et
698 3438 877 3492 regna.
903 3422 959 3479 Si
996 3423 1090 3479 tibi
1130 3425 1386 3486 intendis,
1430 3440 1650 3494 semper
1684 3424 1778 3482 tibi

187 3529 448 3585 prospera
479 3524 662 3570 erunt.
714 3513 950 3570 Procede
979 3515 1071 3572 :id
1115 3526 1218 3580 est,
1250 3516 1320 3573 de
1355 3518 1498 3574 cteio
1531 3519 1673 3573 veni.
1712 3516 1782 3572 Et

185 3624 345 3680 regna
378 3625 398 3663 :
430 3609 554 3678 quia
586 3624 810 3678 regnum
843 3609 1047 3664 diaboli
1076 3619 1234 3664 antea
1274 3619 1411 3664 erat.
1449 3609 1600 3665 Unde
1645 3610 1781 3664 dici-

187 3718 301 3756 mus
336 3701 393 3757 in
425 3692 684 3758 Oratione
715 3701 996 3758 Dominica
1024 3720 1037 3757 :
1068 3701 1262 3758 Veniat
1291 3718 1514 3774 regnum
1544 3713 1692 3757 tuum
1726 3704 1778 3758 in

189 3796 372 3862 nobis,
397 3804 453 3850 et
472 3792 718 3850 discedat
744 3810 967 3865 regnum
992 3794 1193 3850 diaboli
1223 3792 1390 3860 (Luc.
1420 3812 1470 3849 xi
1490 3795 1534 3866 ).
1561 3793 1781 3852 Intende

185 3903 434 3961 prospere
461 3905 481 3944 :
512 3889 640 3944 vide
670 3888 922 3945 feliciter.
971 3887 1224 3958 Procede,
1257 3888 1325 3945 de
1371 3889 1610 3944 thalamo
1641 3891 1782 3947 uteri

185 3982 506 4056 virginalis:
537 3993 585 4037 et
616 3999 796 4055 regna,
829 3997 1093 4055 oppresso
1119 3982 1311 4037 mortis
1346 3981 1600 4053 imperio.

251 4078 480 4151 Propter
519 4080 804 4146 veritatem,
837 4089 884 4135 et
913 4079 1382 4149 mansuetudinem,
1417 4090 1463 4134 et
1484 4065 1782 4151 justitiam.

185 4171 423 4239 Veritas,
454 4173 574 4244 ipse
615 4172 906 4230 Christus:
934 4173 1060 4244 quia
1104 4173 1220 4244 ipse
1250 4181 1334 4229 est
1365 4175 1588 4229 veritas.
1626 4172 1780 4230 Unde

181 4263 247 4321 de
299 4266 395 4324 illa
447 4266 680 4324 muliere
723 4266 863 4323 dixit
906 4265 974 4323 ad
1009 4265 1234 4323 Judasos
1277 4287 1289 4322 :
1325 4266 1426 4334 Qui
1474 4269 1594 4322 sine
1651 4281 1776 4335 pec-

180 4368 302 4416 can
355 4369 435 4415 est
485 4371 760 4426 vestrum,
819 4361 969 4431 prior
1012 4361 1066 4417 in
1115 4363 1262 4417 illam
1315 4361 1551 4433 lapidem
1603 4363 1782 4419 mittat

180 4449 379 4523 (Joan.
404 4453 554 4524 vui).
583 4451 962 4521 Mansuetudo,
997 4454 1212 4525 quando
1239 4454 1377 4510 dixit
1411 4471 1424 4510 :
1456 4455 1563 4510 Nec
1591 4470 1693 4526 ego
1727 4463 1782 4512 te

179 4545 587 4602 condemnabo.
616 4545 854 4609 iustitia,
894 4546 1113 4618 quando
1139 4547 1285 4602 dixit
1311 4565 1326 4605 :
1351 4547 1522 4616 Vade,
1559 4548 1775 4618 mulier,

1885 3348 2160 3409 assumpta
2188 3354 2374 3405 carne,
2407 3354 2516 3414 qua
2543 3339 2691 3395 velut
2720 3341 3102 3394 vestimentum
3137 3353 3196 3393 se
3226 3337 3484 3396 divinitas

1884 3433 2265 3490 circumdedit.
2291 3434 2526 3491 Stillavit
2551 3433 2689 3490 odor
2709 3433 2970 3508 myrrhas,
2997 3448 3120 3487 cuin
3147 3442 3228 3489 est
3254 3433 3483 3488 traditus

1884 3530 2194 3600 sepulturzc.
2240 3528 2425 3584 Fluxit
2461 3537 2641 3600 gutta,
2674 3543 2824 3598 cum,
2855 3543 3172 3598 compresso
3207 3529 3480 3598 serpentis

1884 3638 2116 3691 veneno,
2152 3630 2384 3677 tartarea
2419 3622 2680 3677 restinxit
2715 3621 2985 3676 incendia.
3019 3621 3269 3676 Prodivit
3305 3630 3360 3674 et
3385 3635 3477 3676 ca-

1883 3715 1960 3770 sia
1990 3731 2145 3771 :cum
2180 3716 2233 3772 in
2257 3731 2322 3770 eo
2356 3715 2577 3770 homine
2611 3731 2702 3783 per
2735 3730 2895 3786 quem
2927 3714 3094 3770 evicit
3139 3713 3361 3779 inferos,
3396 3729 3485 3767 as.

1883 3808 2066 3863 cendit
2096 3807 2150 3861 in
2178 3806 2366 3863 ctelus.
2397 3807 2440 3861 Α
2475 3806 2712 3861 domibus
2738 3807 2996 3870 eburneis,
3028 3823 3090 3861 ex
3115 3805 3300 3877 quibus
3341 3805 3483 3860 dele-

1883 3907 2144 3954 ctaverunt
2174 3908 2220 3953 te
2246 3899 2374 3969 ﬁliae
2406 3915 2587 3970 regum
2616 3900 2670 3953 in
2699 3899 2896 3952 honore
2928 3909 3036 3952 tuo.
3085 3897 3286 3952 Domus
3317 3898 3482 3952 ebur-

1886 4005 2036 4056 neas,
2083 3999 2306 4062 propter
2338 3989 2765 4062 magnitudinem
2795 3989 3245 4061 elephantorum,
3280 3987 3478 4044 domus

1883 4085 2090 4158 amplas
2121 4083 2415 4155 accipimus
2455 4085 2675 4154 :ampia
2723 4093 2806 4139 cst
2848 4084 2993 4138 enim
3037 4083 3123 4138 via
3167 4095 3288 4151 quae
3331 4081 3484 4138 ducit

1882 4177 1948 4232 ad
1982 4175 2346 4246 perditionem
2381 4174 2609 4250 (Matth.
2640 4177 2772 4248 vit).
2796 4175 2902 4232 Sed
2922 4177 3081 4240 ebur,
3115 4175 3216 4230 nisi
3251 4173 3479 4230 radatur

1883 4269 2048 4336 limis,
2076 4269 2349 4325 dividatur
2374 4271 2563 4337 serris,
2594 4285 2656 4325 ac
2678 4270 2888 4325 subuiis
2925 4269 3254 4341 perforetur,
3285 4267 3485 4323 obscu-

1883 4379 2002 4421 rum
2031 4371 2087 4420 et
2103 4363 2365 4420 horribile
2388 4372 2479 4419 est
2503 4382 2514 4418 :
2541 4363 2619 4420 sic
2659 4370 2714 4418 et
2740 4363 2970 4435 apostoli
3001 4369 3157 4418 erant
3186 4370 3478 4432 antequam

1883 4467 2210 4516 vocarentur
2237 4467 2295 4515 et
2325 4458 2787 4515 inbabitarentur.
2833 4456 2939 4515 Sed
2973 4464 3262 4530 postquam
3302 4455 3481 4512 vocati

1885 4560 2034 4619 sunt,
2085 4552 2252 4609 serris
2281 4552 2445 4620 secti,
2490 4552 2706 4623 ungulis
2746 4553 2880 4620 rasi,
2923 4550 3212 4620 scalpeliis
3261 4549 3483 4618 scalpti,

177 4649 230 4694 et
259 4638 500 4710 amplius
529 4640 642 4694 noli
672 4655 920 4710 peccare.
954 4640 1182 4713 PrOpter
1211 4643 1481 4698 ueritatem
1509 4659 1526 4697 :
1553 4658 1656 4714 qua
1682 4644 1777 4699 illa
1805 4625 1860 4688 Ῑ)
1887 4645 2120 4702 iiammis
2146 4645 2298 4717 igniti
2330 4663 2342 4698 :
2382 4661 2446 4702 ac
2474 4644 2708 4702 diversis
2749 4643 3038 4714 suppliciis
3069 4642 3306 4709 elimati,
3355 4640 3487 4697 iacti

178 4746 299 4801 qua:
338 4747 430 4803 per
459 4732 753 4804 prophetas
783 4737 1136 4805 promiseras,
1163 4737 1499 4808 adimplesti.
1533 4737 1604 4792 Et
1629 4755 1780 4792 man-

177 4827 510 4884 suetudinem
537 4844 558 4885 :
586 4829 710 4900 quia
743 4832 886 4886 sicut
915 4831 1036 4887 ovis
1066 4846 1164 4904 pro
1193 4832 1296 4888 vita
1327 4833 1509 4904 populi
1535 4832 1784 4890 immola-

178 4921 282 4976 ris.
315 4918 386 4976 Et
406 4921 670 4994 justitiam
692 4940 712 4979 :
733 4939 856 4980 cum
887 4939 994 4980 non
1025 4934 1318 4996 potestate,
1341 4927 1436 4982 sed
1469 4927 1777 4983 humilitate

181 5014 433 5087 eripuisti
463 5014 766 5075 hominem.
801 5019 868 5074 Et
911 5020 1133 5076 deducet
1159 5029 1208 5074 te
1234 5023 1538 5077 mirabiliter
1571 5023 1783 5078 dextera

181 5118 294 5166 tua.
335 5109 600 5172 Potentia,
633 5111 744 5167 sive
788 5113 979 5170 virtus.
1015 5112 1114 5170 Vel
1155 5125 1400 5185 potestas
1442 5116 1676 5172 deducet
1707 5128 1778 5188 te,

181 5203 396 5260 scilicet
423 5213 500 5271 te,
541 5205 596 5260 in
625 5205 845 5262 caelum.

255 5295 481 5367 Sagitta
500 5307 602 5354 tute
629 5310 814 5355 acutis.
845 5300 1286 5370 Pratdioationes,
1317 5303 1478 5360 corda
1507 5303 1783 5363 hominum

185 5391 589 5463 transﬁgentes.
621 5395 824 5463 Acutae,
855 5397 978 5468 quia
1011 5412 1181 5469 usque
1201 5399 1269 5454 ad
1313 5399 1572 5455 interiora
1599 5402 1784 5460 cordis

183 5495 495 5556 penetrant.
528 5488 725 5562 Papuli
759 5491 854 5547 sub
880 5500 928 5548 te
947 5492 1132 5548 cadent
1172 5494 1226 5549 in
1253 5495 1413 5548 corda
1448 5495 1783 5552 inimicorum

259 5679 288 5754 εξ
320 5667 654 5772 piliamquam
687 5677 855 5726 totam
875 5670 987 5726 veri
1022 5671 1342 5772 iiierogymi
1364 5671 1428 5728 ad
1452 5673 1783 5772 Principiam

184 5741 482 5810 Epistulam
513 5741 564 5796 in
597 5753 795 5813 nostra
838 5742 1162 5798 recensione
1190 5741 1278 5810 63,
1312 5760 1433 5813 qua)
1459 5753 1565 5800 tota
1598 5741 1652 5800 in
1685 5746 1787 5802 hoc

184 5823 275 5868 est
322 5812 644 5887 exponendo
692 5816 898 5887 psalmo
942 5829 1082 5879 xuv,
1118 5828 1302 5885 operte
1331 5812 1569 5887 pretium
1631 5817 1787 5874 fuerit

184 5900 319 5942 cum
355 5888 448 5943 hac
477 5885 1035 5962 pseudo-literonymi
1059 5885 1405 5948 enarratione
1436 5891 1737 5951 contulisse
1774 5910 1786 5949 :

147 6027 186 6059 ά

1888 4750 2019 4796 sunt
2059 4737 2256 4794 domus
2303 4737 2516 4794 Dei:ln
2558 4751 2666 4809 qua
2715 4738 2828 4809 ipse
2865 4734 3116 4792 Christus
3164 4734 3491 4806 dignaretur

1889 4834 2214 4892 inhabitare.
2246 4834 2453 4890 Horum
2476 4832 2731 4904 exempla
2764 4840 3055 4902 sequentes
3091 4838 3380 4903 martyres,
3406 4828 3488 4884 ei-

1885 4929 2012 4985 i’eeti
2056 4937 2186 4984 sunt
2213 4943 2435 4984 suorum
2473 4942 2764 4998 corporum
2795 4941 2973 4998 reges.
3024 4925 3254 4980 Istorum
3288 4937 3478 4992 regum

1885 5032 2012 5080 sunt
2041 5023 2185 5090 illize,
2208 5023 2408 5078 anima:
2451 5032 2654 5079 sanctis
2681 5041 2694 5076 :
2723 5037 2844 5094 quae
2887 5019 3168 5077 Christum
3199 5018 3486 5074 delectata:

1888 5131 2037 5187 sunt,
2070 5119 2385 5177 honorando
2425 5133 2622 5174 nomen
2663 5117 2965 5189 majestatis
3009 5115 3149 5185 ejus,
3181 5123 3235 5169 et
3265 5127 3481 5184 praeco-

1890 5215 2072 5273 nando
2104 5213 2539 5270 misericordiam
2585 5213 2727 5283 ejus.
2763 5213 2805 5266 Α
2830 5208 3070 5264 domibus
3100 5207 3342 5263 eburneis
3374 5207 3484 5263 :de

1889 5311 2085 5382 quibus
2135 5308 2552 5365 lastiilcaverunt
2602 5314 2674 5360 te.
2719 5305 2870 5361 Multi
2920 5319 3017 5374 per
3074 5315 3322 5358 errorem
3386 5314 3486 5371 pro

1890 5415 1915 5444 ε
1939 5403 2198 5469 domibus,
2225 5417 2428 5475 graves,
2451 5401 2643 5457 dicunt
2665 5416 2677 5454 :
2697 5400 2823 5471 quia
2845 5397 2985 5468 apud
3009 5395 3232 5454 Graecos
3255 5395 3482 5452 verbum

1889 5499 2090 5577 βάρεων
2128 5503 2421 5567 utrumque
2461 5492 2750 5564 signiﬁcat.
3309 5485 3312 5488 ’

1895 5675 1982 5731 hic
2011 5684 2191 5731 tamen
2223 5681 2443 5746 praestat
2467 5674 2581 5746 ipsa
2609 5671 2922 5746 describere
2946 5669 3005 5726 S.
3043 5671 3222 5746 Patris
3248 5670 3312 5726 ad
3349 5669 3491 5746 hunc

1893 5747 2072 5803 locum
2101 5746 2291 5810 verba,
2316 5745 2428 5810 tibi,
2458 5742 2552 5820 pro
2571 5761 2652 5809 eo,
2686 5743 3050 5870 inquit,(quod
3076 5759 3168 5800 nos
3215 5742 3486 5798 transtuli-

1897 5838 2033 5870 mus.
2063 5819 2314 5870 domibus
2347 5815 2629 5870 eburneis.
2661 5821 2783 5870 auia
2811 5815 2863 5869 in
2944 5830 3076 5870 rusco
3102 5817 3348 5870 scrinium
3396 5823 3486 5870 est.

1897 5838 2034 5882 mus,
2063 5819 2314 5873 domibus
2347 5817 2629 5883 eburneis,
2661 5821 2783 5889 quia
2811 5817 2863 5869 in
2893 5817 3076 5889 Grieco
3102 5817 3348 5889 scriptum
3396 5823 3492 5889 est,

1899 5895 2000 5954 ἀπὸ
2033 5893 2234 5974 βάρεων
2259 5890 2604 5968 ἕλιφαντίνων,
2633 5885 2847 5963 quidam
2892 5885 3216 5950 Latinorum
3248 5887 3308 5946 ob
3353 5885 3494 5945 verbi
