  <div class='ocr_page' id='page_1' title='image "/cluster/home/n/w/nwhite01/storage/ocr_20150623/26/hvd.32044015471402/485.png"; bbox 0 0 3944 6334; ppageno 0'>
   <div class='ocr_carea' id='block_1_1' title="bbox 433 243 546 303">
    <p class='ocr_par' dir='ltr' id='par_1_1' title="bbox 433 243 546 303">
     <span class='ocr_line' id='line_1_1' title="bbox 433 243 546 303; baseline -0.018 0"><span class='ocrx_word' id='word_1_1' title='bbox 433 243 546 303; x_wconf 79' lang='grc'><strong>939</strong></span> 
     </span>
    </p>
   </div>
   <div class='ocr_carea' id='block_1_2' title="bbox 1203 243 2950 310">
    <p class='ocr_par' dir='ltr' id='par_1_2' title="bbox 1203 243 2950 310">
     <span class='ocr_line' id='line_1_2' title="bbox 1203 243 2950 310; baseline 0.003 -6"><span class='ocrx_word' id='word_1_2' title='bbox 1203 245 1580 306; x_wconf 78' lang='grc' dir='ltr'><strong>ἈΡΡΕΝΒΙΧ</strong></span> <span class='ocrx_word' id='word_1_3' title='bbox 1621 245 1713 304; x_wconf 79' lang='lat' dir='ltr'><strong>AD</strong></span> <span class='ocrx_word' id='word_1_4' title='bbox 1751 245 1997 306; x_wconf 76' lang='lat' dir='ltr'><strong>TOMUM</strong></span> <span class='ocrx_word' id='word_1_5' title='bbox 2039 243 2397 308; x_wconf 79' lang='lat' dir='ltr'><strong>SEPTIMUM</strong></span> <span class='ocrx_word' id='word_1_6' title='bbox 2435 247 2495 307; x_wconf 87' lang='lat' dir='ltr'><strong>S.</strong></span> <span class='ocrx_word' id='word_1_7' title='bbox 2541 248 2950 310; x_wconf 74' lang='lat' dir='ltr'><strong>[HERONYML</strong></span> 
     </span>
    </p>
   </div>
   <div class='ocr_carea' id='block_1_3' title="bbox 3616 253 3709 312">
    <p class='ocr_par' dir='ltr' id='par_1_3' title="bbox 3616 253 3709 312">
     <span class='ocr_line' id='line_1_3' title="bbox 3616 253 3709 312; baseline -0.043 1"><span class='ocrx_word' id='word_1_8' title='bbox 3616 253 3709 312; x_wconf 71' lang='lat'><strong>960</strong></span> 
     </span>
    </p>
   </div>
   <div class='ocr_carea' id='block_1_4' title="bbox 504 362 3712 439">
    <p class='ocr_par' dir='ltr' id='par_1_4' title="bbox 504 362 3712 439">
     <span class='ocr_line' id='line_1_4' title="bbox 504 362 3712 439; baseline 0.002 -19"><span class='ocrx_word' id='word_1_9' title='bbox 504 362 680 420; x_wconf 81' lang='lat' dir='ltr'><strong>Astitit</strong></span> <span class='ocrx_word' id='word_1_10' title='bbox 707 362 888 438; x_wconf 89' lang='lat' dir='ltr'><strong>regina</strong></span> <span class='ocrx_word' id='word_1_11' title='bbox 909 381 940 420; x_wconf 91' lang='lat' dir='ltr'><strong>a</strong></span> <span class='ocrx_word' id='word_1_12' title='bbox 961 362 1156 421; x_wconf 74' lang='lat' dir='ltr'><strong>dextris</strong></span> <span class='ocrx_word' id='word_1_13' title='bbox 1182 365 1308 420; x_wconf 89' lang='lat' dir='ltr'><strong>tuis.</strong></span> <span class='ocrx_word' id='word_1_14' title='bbox 1331 365 1468 434; x_wconf 98' lang='lat' dir='ltr'><strong>Quia</strong></span> <span class='ocrx_word' id='word_1_15' title='bbox 1493 364 1629 420; x_wconf 82' lang='lat' dir='ltr'><strong>nihil</strong></span> <span class='ocrx_word' id='word_1_16' title='bbox 1659 365 1712 420; x_wconf 92' lang='lat' dir='ltr'><strong>in</strong></span> <span class='ocrx_word' id='word_1_17' title='bbox 1744 379 1914 436; x_wconf 80' lang='lat' dir='ltr'><strong>regno</strong></span> <span class='ocrx_word' id='word_1_18' title='bbox 1937 374 2030 421; x_wconf 91' lang='lat' dir='ltr'><strong>tuo</strong></span> <span class='ocrx_word' id='word_1_19' title='bbox 2055 365 2112 428; x_wconf 74' lang='grc' dir='ltr'>Α</span> <span class='ocrx_word' id='word_1_20' title='bbox 2134 363 2299 421; x_wconf 91' lang='lat' dir='ltr'><strong>modo</strong></span> <span class='ocrx_word' id='word_1_21' title='bbox 2320 380 2495 436; x_wconf 84' lang='lat' dir='ltr'><strong>spem,</strong></span> <span class='ocrx_word' id='word_1_22' title='bbox 2527 366 2685 423; x_wconf 85' lang='lat' dir='ltr'><strong>ﬁdem</strong></span> <span class='ocrx_word' id='word_1_23' title='bbox 2715 375 2772 424; x_wconf 90' lang='lat' dir='ltr'><strong>et</strong></span> <span class='ocrx_word' id='word_1_24' title='bbox 2797 366 3120 424; x_wconf 89' lang='lat' dir='ltr'><strong>charitatem</strong></span> <span class='ocrx_word' id='word_1_25' title='bbox 3157 385 3168 422; x_wconf 94' lang='lat'>:</span> <span class='ocrx_word' id='word_1_26' title='bbox 3201 366 3303 439; x_wconf 85' lang='lat' dir='ltr'><strong>ipsi</strong></span> <span class='ocrx_word' id='word_1_27' title='bbox 3329 365 3630 426; x_wconf 87' lang='lat' dir='ltr'><strong>obtulerunt</strong></span> <span class='ocrx_word' id='word_1_28' title='bbox 3653 371 3712 426; x_wconf 88' lang='lat' dir='ltr'><strong>ad</strong></span> 
     </span>
    </p>
   </div>
   <div class='ocr_carea' id='block_1_5' title="bbox 436 456 2033 528">
    <p class='ocr_par' dir='ltr' id='par_1_5' title="bbox 436 456 2033 528">
     <span class='ocr_line' id='line_1_5' title="bbox 436 456 2033 528; baseline 0.001 -18"><span class='ocrx_word' id='word_1_29' title='bbox 436 457 745 514; x_wconf 89' lang='lat' dir='ltr'><strong>sinistrum.</strong></span> <span class='ocrx_word' id='word_1_30' title='bbox 779 457 846 513; x_wconf 86' lang='lat' dir='ltr'><strong>In</strong></span> <span class='ocrx_word' id='word_1_31' title='bbox 874 457 1059 512; x_wconf 78' lang='lat' dir='ltr'><strong>vestitu</strong></span> <span class='ocrx_word' id='word_1_32' title='bbox 1089 458 1364 512; x_wconf 85' lang='lat' dir='ltr'><strong>deaurato.</strong></span> <span class='ocrx_word' id='word_1_33' title='bbox 1397 457 1706 528; x_wconf 86' lang='lat' dir='ltr'><strong>Spiritualis</strong></span> <span class='ocrx_word' id='word_1_34' title='bbox 1732 456 2033 513; x_wconf 86' lang='lat' dir='ltr'><strong>credulita—</strong></span> 
     </span>
    </p>
   </div>
   <div class='ocr_carea' id='block_1_6' title="bbox 2143 457 3716 533">
    <p class='ocr_par' dir='ltr' id='par_1_6' title="bbox 2143 457 3716 533">
     <span class='ocr_line' id='line_1_6' title="bbox 2143 457 3716 533; baseline 0.004 -21"><span class='ocrx_word' id='word_1_35' title='bbox 2143 457 2293 514; x_wconf 90' lang='lat' dir='ltr'><strong>intus</strong></span> <span class='ocrx_word' id='word_1_36' title='bbox 2335 474 2349 513; x_wconf 89' lang='lat'>:</span> <span class='ocrx_word' id='word_1_37' title='bbox 2393 458 2497 514; x_wconf 92' lang='lat' dir='ltr'><strong>hoc</strong></span> <span class='ocrx_word' id='word_1_38' title='bbox 2522 468 2606 516; x_wconf 89' lang='lat' dir='ltr'><strong>est</strong></span> <span class='ocrx_word' id='word_1_39' title='bbox 2635 460 2688 516; x_wconf 90' lang='lat' dir='ltr'><strong>in</strong></span> <span class='ocrx_word' id='word_1_40' title='bbox 2718 461 3058 517; x_wconf 86' lang='lat' dir='ltr'><strong>conscientia</strong></span> <span class='ocrx_word' id='word_1_41' title='bbox 3088 461 3375 518; x_wconf 76' lang='lat' dir='ltr'><strong>Ecclesiae.</strong></span> <span class='ocrx_word' id='word_1_42' title='bbox 3408 460 3476 516; x_wconf 87' lang='lat' dir='ltr'><strong>In</strong></span> <span class='ocrx_word' id='word_1_43' title='bbox 3522 463 3716 533; x_wconf 82' lang='lat' dir='ltr'><strong>ﬁmbriis</strong></span> 
     </span>
    </p>
   </div>
   <div class='ocr_carea' id='block_1_7' title="bbox 439 547 3717 627">
    <p class='ocr_par' dir='ltr' id='par_1_7' title="bbox 439 547 3717 627">
     <span class='ocr_line' id='line_1_7' title="bbox 439 547 3717 627; baseline 0.003 -22"><span class='ocrx_word' id='word_1_44' title='bbox 439 549 511 606; x_wconf 87' lang='lat' dir='ltr'><strong>tis</strong></span> <span class='ocrx_word' id='word_1_45' title='bbox 537 559 882 606; x_wconf 89' lang='lat' dir='ltr'><strong>ornamento.</strong></span> <span class='ocrx_word' id='word_1_46' title='bbox 914 547 1247 605; x_wconf 85' lang='lat' dir='ltr'><strong>Circumdata</strong></span> <span class='ocrx_word' id='word_1_47' title='bbox 1273 550 1536 606; x_wconf 81' lang='lat' dir='ltr'><strong>varietate.</strong></span> <span class='ocrx_word' id='word_1_48' title='bbox 1564 547 1820 607; x_wconf 87' lang='lat' dir='ltr'><strong>Gentium</strong></span> <span class='ocrx_word' id='word_1_49' title='bbox 1847 564 1912 604; x_wconf 91' lang='lat' dir='ltr'><strong>ac</strong></span> <span class='ocrx_word' id='word_1_50' title='bbox 1938 564 2037 620; x_wconf 90' lang='lat' dir='ltr'><strong>po-</strong></span> <span class='ocrx_word' id='word_1_51' title='bbox 2138 554 2312 609; x_wconf 89' lang='lat' dir='ltr'><strong>aureis</strong></span> <span class='ocrx_word' id='word_1_52' title='bbox 2332 555 2722 610; x_wconf 87' lang='lat' dir='ltr'><strong>circumamicta</strong></span> <span class='ocrx_word' id='word_1_53' title='bbox 2751 557 3018 612; x_wconf 74' lang='lat' dir='ltr'><strong>varietate.</strong></span> <span class='ocrx_word' id='word_1_54' title='bbox 3048 555 3169 612; x_wconf 86' lang='lat' dir='ltr'><strong>Non</strong></span> <span class='ocrx_word' id='word_1_55' title='bbox 3200 557 3379 613; x_wconf 87' lang='lat' dir='ltr'><strong>solum</strong></span> <span class='ocrx_word' id='word_1_56' title='bbox 3408 558 3604 627; x_wconf 89' lang='lat' dir='ltr'><strong>littera,</strong></span> <span class='ocrx_word' id='word_1_57' title='bbox 3632 558 3717 616; x_wconf 87' lang='lat' dir='ltr'><strong>sed</strong></span> 
     </span>
    </p>
   </div>
   <div class='ocr_carea' id='block_1_8' title="bbox 439 644 3717 723">
    <p class='ocr_par' dir='ltr' id='par_1_8' title="bbox 439 644 3717 723">
     <span class='ocr_line' id='line_1_8' title="bbox 439 644 3717 723; baseline 0.003 -25"><span class='ocrx_word' id='word_1_58' title='bbox 439 646 713 715; x_wconf 88' lang='lat' dir='ltr'><strong>pulorum.</strong></span> <span class='ocrx_word' id='word_1_59' title='bbox 744 644 852 715; x_wconf 85' lang='lat' dir='ltr'><strong>Ipsi</strong></span> <span class='ocrx_word' id='word_1_60' title='bbox 875 660 1018 700; x_wconf 92' lang='lat' dir='ltr'><strong>nunc</strong></span> <span class='ocrx_word' id='word_1_61' title='bbox 1042 645 1308 702; x_wconf 72' lang='lat' dir='ltr'><strong>Ecclesia:</strong></span> <span class='ocrx_word' id='word_1_62' title='bbox 1349 647 1612 717; x_wconf 91' lang='lat' dir='ltr'><strong>propheta</strong></span> <span class='ocrx_word' id='word_1_63' title='bbox 1639 646 1897 716; x_wconf 91' lang='lat' dir='ltr'><strong>loquitur.</strong></span> <span class='ocrx_word' id='word_1_64' title='bbox 1932 646 2037 701; x_wconf 84' lang='lat' dir='ltr'><strong>Re-</strong></span> <span class='ocrx_word' id='word_1_65' title='bbox 2139 649 2309 706; x_wconf 89' lang='lat' dir='ltr'><strong>etiam</strong></span> <span class='ocrx_word' id='word_1_66' title='bbox 2339 664 2505 705; x_wconf 88' lang='lat' dir='ltr'><strong>sensu</strong></span> <span class='ocrx_word' id='word_1_67' title='bbox 2535 651 2835 721; x_wconf 82' lang='lat' dir='ltr'><strong>Spirituali,</strong></span> <span class='ocrx_word' id='word_1_68' title='bbox 2887 650 2966 707; x_wconf 89' lang='lat' dir='ltr'><strong>illi</strong></span> <span class='ocrx_word' id='word_1_69' title='bbox 3013 652 3104 720; x_wconf 89' lang='lat' dir='ltr'><strong>qui</strong></span> <span class='ocrx_word' id='word_1_70' title='bbox 3137 652 3366 719; x_wconf 85' lang='lat' dir='ltr'><strong>intrant,</strong></span> <span class='ocrx_word' id='word_1_71' title='bbox 3405 653 3717 723; x_wconf 88' lang='lat' dir='ltr'><strong>obtulerunt,</strong></span> 
     </span>
    </p>
   </div>
   <div class='ocr_carea' id='block_1_9' title="bbox 439 737 2037 810">
    <p class='ocr_par' dir='ltr' id='par_1_9' title="bbox 439 737 2037 810">
     <span class='ocr_line' id='line_1_9' title="bbox 439 737 2037 810; baseline 0.001 -17"><span class='ocrx_word' id='word_1_72' title='bbox 439 740 587 810; x_wconf 85' lang='lat' dir='ltr'><strong><em>gina,</em></strong></span> <span class='ocrx_word' id='word_1_73' title='bbox 607 739 855 794; x_wconf 86' lang='lat' dir='ltr'><strong>Ecclesia</strong></span> <span class='ocrx_word' id='word_1_74' title='bbox 875 747 980 795; x_wconf 87' lang='lat' dir='ltr'><strong>est.</strong></span> <span class='ocrx_word' id='word_1_75' title='bbox 1012 739 1167 796; x_wconf 89' lang='lat' dir='ltr'><strong>Unde</strong></span> <span class='ocrx_word' id='word_1_76' title='bbox 1191 739 1326 795; x_wconf 86' lang='lat' dir='ltr'><strong>dicit</strong></span> <span class='ocrx_word' id='word_1_77' title='bbox 1347 739 1398 794; x_wconf 91' lang='lat' dir='ltr'><strong>in</strong></span> <span class='ocrx_word' id='word_1_78' title='bbox 1420 737 1647 796; x_wconf 91' lang='lat' dir='ltr'><strong>Cantico</strong></span> <span class='ocrx_word' id='word_1_79' title='bbox 1675 739 2037 795; x_wconf 85' lang='lat' dir='ltr'><strong>canticorum:</strong></span> 
     </span>
    </p>
   </div>
   <div class='ocr_carea' id='block_1_10' title="bbox 441 830 2043 904">
    <p class='ocr_par' dir='ltr' id='par_1_10' title="bbox 441 830 2043 904">
     <span class='ocr_line' id='line_1_10' title="bbox 441 830 2043 904; baseline 0.001 -18"><span class='ocrx_word' id='word_1_80' title='bbox 441 830 577 898; x_wconf 71' lang='lat' dir='ltr'><strong>Qua:</strong></span> <span class='ocrx_word' id='word_1_81' title='bbox 619 841 704 887; x_wconf 91' lang='lat' dir='ltr'><strong>est</strong></span> <span class='ocrx_word' id='word_1_82' title='bbox 755 831 856 886; x_wconf 88' lang='lat' dir='ltr'><strong>ista</strong></span> <span class='ocrx_word' id='word_1_83' title='bbox 908 848 1028 903; x_wconf 71' lang='lat' dir='ltr'><strong>qua:</strong></span> <span class='ocrx_word' id='word_1_84' title='bbox 1077 832 1327 888; x_wconf 83' lang='lat' dir='ltr'><strong>ascendit</strong></span> <span class='ocrx_word' id='word_1_85' title='bbox 1356 832 1629 898; x_wconf 89' lang='lat' dir='ltr'><strong>dealbata,</strong></span> <span class='ocrx_word' id='word_1_86' title='bbox 1664 832 1850 888; x_wconf 80' lang='lat' dir='ltr'><strong>innixa</strong></span> <span class='ocrx_word' id='word_1_87' title='bbox 1879 847 2043 904; x_wconf 83' lang='lat' dir='ltr'><strong>super</strong></span> 
     </span>
    </p>
   </div>
   <div class='ocr_carea' id='block_1_11' title="bbox 438 923 2043 997">
    <p class='ocr_par' dir='ltr' id='par_1_11' title="bbox 438 923 2043 997">
     <span class='ocr_line' id='line_1_11' title="bbox 438 923 2043 997; baseline 0.001 -18"><span class='ocrx_word' id='word_1_88' title='bbox 438 923 758 980; x_wconf 77' lang='lat' dir='ltr'><strong>fratruelem</strong></span> <span class='ocrx_word' id='word_1_89' title='bbox 787 927 980 980; x_wconf 89' lang='lat' dir='ltr'><strong>suum?</strong></span> <span class='ocrx_word' id='word_1_90' title='bbox 1012 926 1215 996; x_wconf 83' lang='lat' dir='ltr'><strong>Regina</strong></span> <span class='ocrx_word' id='word_1_91' title='bbox 1247 925 1438 980; x_wconf 88' lang='lat' dir='ltr'><strong>dicitur</strong></span> <span class='ocrx_word' id='word_1_92' title='bbox 1467 941 1487 980; x_wconf 86' lang='lat'><strong><em>:</em></strong></span> <span class='ocrx_word' id='word_1_93' title='bbox 1513 925 1639 996; x_wconf 86' lang='lat' dir='ltr'><strong>quia</strong></span> <span class='ocrx_word' id='word_1_94' title='bbox 1673 926 1811 997; x_wconf 88' lang='lat' dir='ltr'><strong>regit</strong></span> <span class='ocrx_word' id='word_1_95' title='bbox 1833 940 1930 981; x_wconf 86' lang='lat' dir='ltr'><strong>sua</strong></span> <span class='ocrx_word' id='word_1_96' title='bbox 1960 926 2043 981; x_wconf 90' lang='lat' dir='ltr'><strong>vi-</strong></span> 
     </span>
    </p>
   </div>
   <div class='ocr_carea' id='block_1_12' title="bbox 441 1018 2044 1090">
    <p class='ocr_par' dir='ltr' id='par_1_12' title="bbox 441 1018 2044 1090">
     <span class='ocr_line' id='line_1_12' title="bbox 441 1018 2044 1090; baseline 0 -16"><span class='ocrx_word' id='word_1_97' title='bbox 441 1019 516 1074; x_wconf 89' lang='lat' dir='ltr'><strong>tia</strong></span> <span class='ocrx_word' id='word_1_98' title='bbox 538 1027 592 1076; x_wconf 91' lang='lat' dir='ltr'><strong>et</strong></span> <span class='ocrx_word' id='word_1_99' title='bbox 615 1028 855 1090; x_wconf 88' lang='lat' dir='ltr'><strong>peccata.</strong></span> <span class='ocrx_word' id='word_1_100' title='bbox 882 1018 926 1074; x_wconf 81' lang='grc' dir='ltr'><em>Α</em></span> <span class='ocrx_word' id='word_1_101' title='bbox 955 1019 1149 1075; x_wconf 72' lang='lat' dir='ltr'><strong>dextris</strong></span> <span class='ocrx_word' id='word_1_102' title='bbox 1177 1020 1301 1075; x_wconf 89' lang='lat' dir='ltr'><strong>tuis.</strong></span> <span class='ocrx_word' id='word_1_103' title='bbox 1332 1018 1404 1076; x_wconf 90' lang='lat' dir='ltr'><strong>Ut</strong></span> <span class='ocrx_word' id='word_1_104' title='bbox 1448 1019 1582 1074; x_wconf 88' lang='lat' dir='ltr'><strong>illud</strong></span> <span class='ocrx_word' id='word_1_105' title='bbox 1614 1037 1627 1073; x_wconf 90' lang='lat'><strong>:</strong></span> <span class='ocrx_word' id='word_1_106' title='bbox 1656 1019 1874 1075; x_wconf 86' lang='lat' dir='ltr'><strong>Statuet</strong></span> <span class='ocrx_word' id='word_1_107' title='bbox 1920 1019 2044 1090; x_wconf 88' lang='lat' dir='ltr'><strong>qui—</strong></span> 
     </span>
    </p>
   </div>
   <div class='ocr_carea' id='block_1_13' title="bbox 444 1111 2047 1186">
    <p class='ocr_par' dir='ltr' id='par_1_13' title="bbox 444 1111 2047 1186">
     <span class='ocr_line' id='line_1_13' title="bbox 444 1111 2047 1186; baseline -0.001 -16"><span class='ocrx_word' id='word_1_108' title='bbox 444 1113 572 1170; x_wconf 87' lang='lat' dir='ltr'><strong>dem</strong></span> <span class='ocrx_word' id='word_1_109' title='bbox 605 1129 737 1171; x_wconf 88' lang='lat' dir='ltr'><strong>oves</strong></span> <span class='ocrx_word' id='word_1_110' title='bbox 767 1127 796 1168; x_wconf 89' lang='lat' dir='ltr'><strong>a</strong></span> <span class='ocrx_word' id='word_1_111' title='bbox 821 1113 1028 1170; x_wconf 80' lang='lat' dir='ltr'><strong>dextris</strong></span> <span class='ocrx_word' id='word_1_112' title='bbox 1057 1114 1196 1181; x_wconf 86' lang='lat' dir='ltr'><strong>suis,</strong></span> <span class='ocrx_word' id='word_1_113' title='bbox 1223 1112 1444 1186; x_wconf 88' lang='lat' dir='ltr'><strong>quando</strong></span> <span class='ocrx_word' id='word_1_114' title='bbox 1482 1113 1727 1168; x_wconf 88' lang='lat' dir='ltr'><strong>dicturus</strong></span> <span class='ocrx_word' id='word_1_115' title='bbox 1756 1114 1864 1168; x_wconf 89' lang='lat' dir='ltr'><strong>erit</strong></span> <span class='ocrx_word' id='word_1_116' title='bbox 1891 1131 1903 1168; x_wconf 91' lang='lat'>:</span> <span class='ocrx_word' id='word_1_117' title='bbox 1937 1111 2047 1168; x_wconf 79' lang='lat' dir='ltr'><strong>Ve-</strong></span> 
     </span>
    </p>
   </div>
   <div class='ocr_carea' id='block_1_14' title="bbox 445 1206 2048 1280">
    <p class='ocr_par' dir='ltr' id='par_1_14' title="bbox 445 1206 2048 1280">
     <span class='ocr_line' id='line_1_14' title="bbox 445 1206 2048 1280; baseline -0.002 -14"><span class='ocrx_word' id='word_1_118' title='bbox 445 1211 584 1276; x_wconf 90' lang='lat' dir='ltr'><strong>nite,</strong></span> <span class='ocrx_word' id='word_1_119' title='bbox 614 1208 891 1266; x_wconf 77' lang='lat' dir='ltr'><strong>benediCIi</strong></span> <span class='ocrx_word' id='word_1_120' title='bbox 932 1208 1112 1265; x_wconf 86' lang='lat' dir='ltr'><strong>Patris</strong></span> <span class='ocrx_word' id='word_1_121' title='bbox 1161 1210 1292 1274; x_wconf 89' lang='lat' dir='ltr'><strong>mei,</strong></span> <span class='ocrx_word' id='word_1_122' title='bbox 1342 1207 1603 1280; x_wconf 90' lang='lat' dir='ltr'><strong>percipite</strong></span> <span class='ocrx_word' id='word_1_123' title='bbox 1634 1223 1858 1279; x_wconf 79' lang='lat' dir='ltr'><strong>regnum</strong></span> <span class='ocrx_word' id='word_1_124' title='bbox 1901 1206 2048 1278; x_wconf 89' lang='lat' dir='ltr'><strong>quod</strong></span> 
     </span>
    </p>
   </div>
   <div class='ocr_carea' id='block_1_15' title="bbox 445 1297 2048 1374">
    <p class='ocr_par' dir='ltr' id='par_1_15' title="bbox 445 1297 2048 1374">
     <span class='ocr_line' id='line_1_15' title="bbox 445 1297 2048 1374; baseline -0.001 -16"><span class='ocrx_word' id='word_1_125' title='bbox 445 1318 548 1374; x_wconf 89' lang='lat' dir='ltr'><strong>pro</strong></span> <span class='ocrx_word' id='word_1_126' title='bbox 571 1303 725 1358; x_wconf 91' lang='lat' dir='ltr'><strong>vobis</strong></span> <span class='ocrx_word' id='word_1_127' title='bbox 749 1311 993 1374; x_wconf 87' lang='lat' dir='ltr'><strong>paratum</strong></span> <span class='ocrx_word' id='word_1_128' title='bbox 1015 1311 1100 1358; x_wconf 88' lang='lat' dir='ltr'><strong>est</strong></span> <span class='ocrx_word' id='word_1_129' title='bbox 1120 1303 1188 1358; x_wconf 88' lang='lat' dir='ltr'><strong>ab</strong></span> <span class='ocrx_word' id='word_1_130' title='bbox 1209 1301 1423 1373; x_wconf 80' lang='lat' dir='ltr'><strong>origine</strong></span> <span class='ocrx_word' id='word_1_131' title='bbox 1446 1301 1629 1356; x_wconf 89' lang='lat' dir='ltr'><strong>mundi</strong></span> <span class='ocrx_word' id='word_1_132' title='bbox 1655 1299 1874 1371; x_wconf 83' lang='lat' dir='ltr'><strong>(Matth.</strong></span> <span class='ocrx_word' id='word_1_133' title='bbox 1898 1297 2048 1372; x_wconf 88' lang='lat' dir='ltr'><strong>xxv).</strong></span> 
     </span>
    </p>
   </div>
   <div class='ocr_carea' id='block_1_16' title="bbox 445 1393 2053 1466">
    <p class='ocr_par' dir='ltr' id='par_1_16' title="bbox 445 1393 2053 1466">
     <span class='ocr_line' id='line_1_16' title="bbox 445 1393 2053 1466; baseline 0 -17"><span class='ocrx_word' id='word_1_134' title='bbox 445 1393 513 1450; x_wconf 86' lang='lat' dir='ltr'><strong>In</strong></span> <span class='ocrx_word' id='word_1_135' title='bbox 537 1397 721 1451; x_wconf 87' lang='lat' dir='ltr'><strong>vestitu</strong></span> <span class='ocrx_word' id='word_1_136' title='bbox 752 1412 771 1451; x_wconf 88' lang='lat'><strong><em>:</em></strong></span> <span class='ocrx_word' id='word_1_137' title='bbox 801 1395 858 1450; x_wconf 91' lang='lat' dir='ltr'><strong>id</strong></span> <span class='ocrx_word' id='word_1_138' title='bbox 884 1406 990 1466; x_wconf 90' lang='lat' dir='ltr'><strong>cst,</strong></span> <span class='ocrx_word' id='word_1_139' title='bbox 1026 1410 1134 1452; x_wconf 94' lang='lat' dir='ltr'><strong>non</strong></span> <span class='ocrx_word' id='word_1_140' title='bbox 1159 1395 1322 1462; x_wconf 79' lang='lat' dir='ltr'><strong>nuda,</strong></span> <span class='ocrx_word' id='word_1_141' title='bbox 1357 1393 1453 1452; x_wconf 89' lang='lat' dir='ltr'><strong>sed</strong></span> <span class='ocrx_word' id='word_1_142' title='bbox 1479 1394 1680 1451; x_wconf 89' lang='lat' dir='ltr'><strong>vestita</strong></span> <span class='ocrx_word' id='word_1_143' title='bbox 1707 1408 1872 1450; x_wconf 91' lang='lat' dir='ltr'><strong>sensu</strong></span> <span class='ocrx_word' id='word_1_144' title='bbox 1893 1393 2053 1464; x_wconf 88' lang='lat' dir='ltr'><strong>spiri-</strong></span> 
     </span>
    </p>
   </div>
   <div class='ocr_carea' id='block_1_17' title="bbox 447 1486 2052 1560">
    <p class='ocr_par' dir='ltr' id='par_1_17' title="bbox 447 1486 2052 1560">
     <span class='ocr_line' id='line_1_17' title="bbox 447 1486 2052 1560; baseline 0.001 -18"><span class='ocrx_word' id='word_1_145' title='bbox 447 1488 602 1544; x_wconf 88' lang='lat' dir='ltr'><strong>tuali.</strong></span> <span class='ocrx_word' id='word_1_146' title='bbox 628 1486 1026 1544; x_wconf 88' lang='lat' dir='ltr'><strong>Circumamicta</strong></span> <span class='ocrx_word' id='word_1_147' title='bbox 1056 1489 1323 1543; x_wconf 83' lang='lat' dir='ltr'><strong>varietate.</strong></span> <span class='ocrx_word' id='word_1_148' title='bbox 1360 1488 1438 1545; x_wconf 89' lang='lat' dir='ltr'><strong>De</strong></span> <span class='ocrx_word' id='word_1_149' title='bbox 1468 1486 1808 1560; x_wconf 87' lang='lat' dir='ltr'><strong>septuaginta</strong></span> <span class='ocrx_word' id='word_1_150' title='bbox 1834 1498 1886 1544; x_wconf 88' lang='lat' dir='ltr'><strong>et</strong></span> <span class='ocrx_word' id='word_1_151' title='bbox 1916 1487 2052 1543; x_wconf 89' lang='lat' dir='ltr'><strong>dua-</strong></span> 
     </span>
    </p>
   </div>
   <div class='ocr_carea' id='block_1_18' title="bbox 452 1581 2055 1656">
    <p class='ocr_par' dir='ltr' id='par_1_18' title="bbox 452 1581 2055 1656">
     <span class='ocr_line' id='line_1_18' title="bbox 452 1581 2055 1656; baseline -0.002 -18"><span class='ocrx_word' id='word_1_152' title='bbox 452 1582 554 1638; x_wconf 85' lang='lat' dir='ltr'><strong>bus</strong></span> <span class='ocrx_word' id='word_1_153' title='bbox 576 1583 778 1656; x_wconf 78' lang='lat' dir='ltr'><strong>linguis</strong></span> <span class='ocrx_word' id='word_1_154' title='bbox 803 1601 816 1638; x_wconf 89' lang='lat'><strong>:</strong></span> <span class='ocrx_word' id='word_1_155' title='bbox 841 1583 894 1640; x_wconf 89' lang='lat' dir='ltr'><strong>id</strong></span> <span class='ocrx_word' id='word_1_156' title='bbox 917 1591 1021 1654; x_wconf 91' lang='lat' dir='ltr'><strong>est,</strong></span> <span class='ocrx_word' id='word_1_157' title='bbox 1053 1583 1123 1639; x_wconf 92' lang='lat' dir='ltr'><strong>de</strong></span> <span class='ocrx_word' id='word_1_158' title='bbox 1141 1582 1463 1640; x_wconf 82' lang='lat' dir='ltr'><strong>diversitate</strong></span> <span class='ocrx_word' id='word_1_159' title='bbox 1485 1582 1722 1655; x_wconf 85' lang='lat' dir='ltr'><strong>gentium</strong></span> <span class='ocrx_word' id='word_1_160' title='bbox 1745 1582 1832 1638; x_wconf 89' lang='lat' dir='ltr'><strong>vel</strong></span> <span class='ocrx_word' id='word_1_161' title='bbox 1854 1581 2055 1653; x_wconf 88' lang='lat' dir='ltr'><strong>gratia-</strong></span> 
     </span>
    </p>
   </div>
   <div class='ocr_carea' id='block_1_19' title="bbox 452 1677 844 1734">
    <p class='ocr_par' dir='ltr' id='par_1_19' title="bbox 452 1677 844 1734">
     <span class='ocr_line' id='line_1_19' title="bbox 452 1677 844 1734; baseline -0.005 -1"><span class='ocrx_word' id='word_1_162' title='bbox 452 1690 574 1734; x_wconf 90' lang='lat' dir='ltr'><strong>rum</strong></span> <span class='ocrx_word' id='word_1_163' title='bbox 605 1677 844 1733; x_wconf 88' lang='lat' dir='ltr'><strong>actione.</strong></span> 
     </span>
    </p>
   </div>
   <div class='ocr_carea' id='block_1_20' title="bbox 2141 741 3216 815">
    <p class='ocr_par' dir='ltr' id='par_1_20' title="bbox 2141 741 3216 815">
     <span class='ocr_line' id='line_1_20' title="bbox 2141 741 3216 815; baseline 0.004 -19"><span class='ocrx_word' id='word_1_164' title='bbox 2141 741 2228 797; x_wconf 90' lang='lat' dir='ltr'><strong>vel</strong></span> <span class='ocrx_word' id='word_1_165' title='bbox 2257 743 2526 798; x_wconf 79' lang='lat' dir='ltr'><strong>varietate</strong></span> <span class='ocrx_word' id='word_1_166' title='bbox 2555 744 2818 799; x_wconf 89' lang='lat' dir='ltr'><strong>virtutum</strong></span> <span class='ocrx_word' id='word_1_167' title='bbox 2847 745 3042 815; x_wconf 83' lang='lat' dir='ltr'><strong>repleti</strong></span> <span class='ocrx_word' id='word_1_168' title='bbox 3065 753 3216 800; x_wconf 90' lang='lat' dir='ltr'><strong>sunt.</strong></span> 
     </span>
    </p>
   </div>
   <div class='ocr_carea' id='block_1_21' title="bbox 2214 833 3722 910">
    <p class='ocr_par' dir='ltr' id='par_1_21' title="bbox 2214 833 3722 910">
     <span class='ocr_line' id='line_1_21' title="bbox 2214 833 3722 910; baseline 0.003 -23"><span class='ocrx_word' id='word_1_169' title='bbox 2214 833 2550 889; x_wconf 84' lang='lat' dir='ltr'><strong>Adducentur</strong></span> <span class='ocrx_word' id='word_1_170' title='bbox 2574 836 2684 905; x_wconf 88' lang='lat' dir='ltr'><strong>regi</strong></span> <span class='ocrx_word' id='word_1_171' title='bbox 2712 836 2940 908; x_wconf 83' lang='lat' dir='ltr'><strong>virgines</strong></span> <span class='ocrx_word' id='word_1_172' title='bbox 2993 845 3111 906; x_wconf 89' lang='lat' dir='ltr'><strong>post</strong></span> <span class='ocrx_word' id='word_1_173' title='bbox 3155 852 3292 906; x_wconf 88' lang='lat' dir='ltr'><strong>eam,</strong></span> <span class='ocrx_word' id='word_1_174' title='bbox 3333 837 3580 910; x_wconf 66' lang='lat' dir='ltr'><strong>proximat</strong></span> <span class='ocrx_word' id='word_1_175' title='bbox 3603 839 3722 910; x_wconf 83' lang='lat' dir='ltr'><strong>ejus.</strong></span> 
     </span>
    </p>
   </div>
   <div class='ocr_carea' id='block_1_22' title="bbox 2147 927 3727 1002">
    <p class='ocr_par' dir='ltr' id='par_1_22' title="bbox 2147 927 3727 1002">
     <span class='ocr_line' id='line_1_22' title="bbox 2147 927 3727 1002; baseline 0.004 -18"><span class='ocrx_word' id='word_1_176' title='bbox 2147 927 2250 984; x_wconf 81' lang='lat' dir='ltr'><strong>Per</strong></span> <span class='ocrx_word' id='word_1_177' title='bbox 2272 945 2431 984; x_wconf 88' lang='lat' dir='ltr'><strong>unam</strong></span> <span class='ocrx_word' id='word_1_178' title='bbox 2464 930 2796 997; x_wconf 89' lang='lat' dir='ltr'><strong>Ecclesiam,</strong></span> <span class='ocrx_word' id='word_1_179' title='bbox 2839 932 3133 1002; x_wconf 87' lang='lat' dir='ltr'><strong>apostolica</strong></span> <span class='ocrx_word' id='word_1_180' title='bbox 3176 933 3524 990; x_wconf 88' lang='lat' dir='ltr'><strong>institutione</strong></span> <span class='ocrx_word' id='word_1_181' title='bbox 3554 935 3727 991; x_wconf 75' lang='lat' dir='ltr'><strong>lunds-</strong></span> 
     </span>
    </p>
   </div>
   <div class='ocr_carea' id='block_1_23' title="bbox 2147 1021 3727 1095">
    <p class='ocr_par' dir='ltr' id='par_1_23' title="bbox 2147 1021 3727 1095">
     <span class='ocr_line' id='line_1_23' title="bbox 2147 1021 3727 1095; baseline 0.007 -21"><span class='ocrx_word' id='word_1_182' title='bbox 2147 1028 2280 1089; x_wconf 85' lang='lat' dir='ltr'><strong>tam,</strong></span> <span class='ocrx_word' id='word_1_183' title='bbox 2308 1021 2462 1076; x_wconf 89' lang='lat' dir='ltr'><strong>mnlti</strong></span> <span class='ocrx_word' id='word_1_184' title='bbox 2494 1032 2892 1079; x_wconf 88' lang='lat' dir='ltr'><strong>convertuntur</strong></span> <span class='ocrx_word' id='word_1_185' title='bbox 2917 1024 2983 1080; x_wconf 90' lang='lat' dir='ltr'><strong>ad</strong></span> <span class='ocrx_word' id='word_1_186' title='bbox 3006 1023 3311 1082; x_wconf 87' lang='lat' dir='ltr'><strong>Christum.</strong></span> <span class='ocrx_word' id='word_1_187' title='bbox 3335 1026 3624 1095; x_wconf 74' lang='lat' dir='ltr'><strong>A/ferentur</strong></span> <span class='ocrx_word' id='word_1_188' title='bbox 3649 1030 3727 1085; x_wconf 87' lang='lat' dir='ltr'><strong>tibi</strong></span> 
     </span>
    </p>
   </div>
   <div class='ocr_carea' id='block_1_24' title="bbox 2148 1114 3730 1188">
    <p class='ocr_par' dir='ltr' id='par_1_24' title="bbox 2148 1114 3730 1188">
     <span class='ocr_line' id='line_1_24' title="bbox 2148 1114 3730 1188; baseline 0.006 -20"><span class='ocrx_word' id='word_1_189' title='bbox 2148 1114 2204 1168; x_wconf 87' lang='lat' dir='ltr'><strong>in</strong></span> <span class='ocrx_word' id='word_1_190' title='bbox 2235 1114 2416 1170; x_wconf 71' lang='lat' dir='ltr'><strong>lwtitia</strong></span> <span class='ocrx_word' id='word_1_191' title='bbox 2444 1126 2492 1170; x_wconf 91' lang='lat' dir='ltr'><strong>et</strong></span> <span class='ocrx_word' id='word_1_192' title='bbox 2512 1117 2876 1174; x_wconf 76' lang='lat' dir='ltr'><strong>exsultatione.</strong></span> <span class='ocrx_word' id='word_1_193' title='bbox 2913 1117 3028 1173; x_wconf 81' lang='lat' dir='ltr'><strong>Non</strong></span> <span class='ocrx_word' id='word_1_194' title='bbox 3055 1119 3107 1173; x_wconf 91' lang='lat' dir='ltr'><strong>in</strong></span> <span class='ocrx_word' id='word_1_195' title='bbox 3135 1119 3364 1174; x_wconf 85' lang='lat' dir='ltr'><strong>tristitia</strong></span> <span class='ocrx_word' id='word_1_196' title='bbox 3397 1121 3620 1188; x_wconf 81' lang='lat' dir='ltr'><strong>peccati,</strong></span> <span class='ocrx_word' id='word_1_197' title='bbox 3648 1136 3730 1178; x_wconf 81' lang='lat' dir='ltr'><strong>ne-</strong></span> 
     </span>
    </p>
   </div>
   <div class='ocr_carea' id='block_1_25' title="bbox 2149 1206 3731 1281">
    <p class='ocr_par' dir='ltr' id='par_1_25' title="bbox 2149 1206 3731 1281">
     <span class='ocr_line' id='line_1_25' title="bbox 2149 1206 3731 1281; baseline 0.006 -21"><span class='ocrx_word' id='word_1_198' title='bbox 2149 1222 2255 1278; x_wconf 89' lang='lat' dir='ltr'><strong>que</strong></span> <span class='ocrx_word' id='word_1_199' title='bbox 2295 1206 2349 1263; x_wconf 90' lang='lat' dir='ltr'><strong>in</strong></span> <span class='ocrx_word' id='word_1_200' title='bbox 2379 1208 2636 1281; x_wconf 83' lang='lat' dir='ltr'><strong>lacrymis</strong></span> <span class='ocrx_word' id='word_1_201' title='bbox 2667 1210 3003 1279; x_wconf 73' lang='lat' dir='ltr'><strong>pmnitentiaa</strong></span> <span class='ocrx_word' id='word_1_202' title='bbox 3035 1230 3045 1266; x_wconf 95' lang='lat'>:</span> <span class='ocrx_word' id='word_1_203' title='bbox 3075 1211 3168 1267; x_wconf 89' lang='lat' dir='ltr'><strong>sed</strong></span> <span class='ocrx_word' id='word_1_204' title='bbox 3196 1210 3251 1266; x_wconf 88' lang='lat' dir='ltr'><strong>in</strong></span> <span class='ocrx_word' id='word_1_205' title='bbox 3282 1212 3473 1267; x_wconf 68' lang='lat' dir='ltr'><strong>laztitia</strong></span> <span class='ocrx_word' id='word_1_206' title='bbox 3499 1213 3731 1270; x_wconf 89' lang='lat' dir='ltr'><strong>virtutum</strong></span> 
     </span>
    </p>
   </div>
   <div class='ocr_carea' id='block_1_26' title="bbox 2151 1302 3731 1376">
    <p class='ocr_par' dir='ltr' id='par_1_26' title="bbox 2151 1302 3731 1376">
     <span class='ocr_line' id='line_1_26' title="bbox 2151 1302 3731 1376; baseline 0.003 -19"><span class='ocrx_word' id='word_1_207' title='bbox 2151 1310 2207 1357; x_wconf 89' lang='lat' dir='ltr'><strong>et.</strong></span> <span class='ocrx_word' id='word_1_208' title='bbox 2251 1302 2620 1359; x_wconf 84' lang='lat' dir='ltr'><strong>exsultatione</strong></span> <span class='ocrx_word' id='word_1_209' title='bbox 2662 1303 2982 1374; x_wconf 77' lang='lat' dir='ltr'><strong>gratiarum.</strong></span> <span class='ocrx_word' id='word_1_210' title='bbox 3035 1304 3373 1360; x_wconf 79' lang='lat' dir='ltr'><strong>Adtlucentur</strong></span> <span class='ocrx_word' id='word_1_211' title='bbox 3403 1306 3460 1360; x_wconf 88' lang='lat' dir='ltr'><strong>in</strong></span> <span class='ocrx_word' id='word_1_212' title='bbox 3505 1306 3731 1376; x_wconf 83' lang='lat' dir='ltr'><strong>templum</strong></span> 
     </span>
    </p>
   </div>
   <div class='ocr_carea' id='block_1_27' title="bbox 2151 1397 3734 1468">
    <p class='ocr_par' dir='ltr' id='par_1_27' title="bbox 2151 1397 3734 1468">
     <span class='ocr_line' id='line_1_27' title="bbox 2151 1397 3734 1468; baseline 0.004 -17"><span class='ocrx_word' id='word_1_213' title='bbox 2151 1397 2306 1468; x_wconf 87' lang='lat' dir='ltr'><strong>regis.</strong></span> <span class='ocrx_word' id='word_1_214' title='bbox 2337 1397 2488 1453; x_wconf 83' lang='lat' dir='ltr'><strong>Vidit</strong></span> <span class='ocrx_word' id='word_1_215' title='bbox 2522 1397 2672 1454; x_wconf 92' lang='lat' dir='ltr'><strong>enim</strong></span> <span class='ocrx_word' id='word_1_216' title='bbox 2708 1399 2949 1457; x_wconf 87' lang='lat' dir='ltr'><strong>Joannes</strong></span> <span class='ocrx_word' id='word_1_217' title='bbox 2977 1400 3288 1458; x_wconf 86' lang='lat' dir='ltr'><strong>Jerusalem</strong></span> <span class='ocrx_word' id='word_1_218' title='bbox 3317 1402 3600 1457; x_wconf 90' lang='lat' dir='ltr'><strong>civitatem</strong></span> <span class='ocrx_word' id='word_1_219' title='bbox 3628 1417 3734 1458; x_wconf 78' lang='lat' dir='ltr'><strong>san-</strong></span> 
     </span>
    </p>
   </div>
   <div class='ocr_carea' id='block_1_28' title="bbox 2153 1489 3735 1560">
    <p class='ocr_par' dir='ltr' id='par_1_28' title="bbox 2153 1489 3735 1560">
     <span class='ocr_line' id='line_1_28' title="bbox 2153 1489 3735 1560; baseline 0.003 -13"><span class='ocrx_word' id='word_1_220' title='bbox 2153 1500 2298 1547; x_wconf 91' lang='lat' dir='ltr'><strong>ctam</strong></span> <span class='ocrx_word' id='word_1_221' title='bbox 2355 1489 2783 1549; x_wconf 88' lang='lat' dir='ltr'><strong>descendentem</strong></span> <span class='ocrx_word' id='word_1_222' title='bbox 2833 1494 2901 1550; x_wconf 90' lang='lat' dir='ltr'><strong>de</strong></span> <span class='ocrx_word' id='word_1_223' title='bbox 2927 1495 3096 1560; x_wconf 71' lang='lat' dir='ltr'><strong>emlo,</strong></span> <span class='ocrx_word' id='word_1_224' title='bbox 3133 1493 3426 1550; x_wconf 85' lang='lat' dir='ltr'><strong>habentem</strong></span> <span class='ocrx_word' id='word_1_225' title='bbox 3457 1494 3735 1552; x_wconf 86' lang='lat' dir='ltr'><strong>claritatem</strong></span> 
     </span>
    </p>
   </div>
   <div class='ocr_carea' id='block_1_29' title="bbox 2155 1582 3736 1665">
    <p class='ocr_par' dir='ltr' id='par_1_29' title="bbox 2155 1582 3736 1665">
     <span class='ocr_line' id='line_1_29' title="bbox 2155 1582 3736 1665; baseline 0.004 -27"><span class='ocrx_word' id='word_1_226' title='bbox 2155 1582 2252 1638; x_wconf 89' lang='lat' dir='ltr'><strong>Dei</strong></span> <span class='ocrx_word' id='word_1_227' title='bbox 2288 1601 2301 1638; x_wconf 91' lang='lat'><strong>:</strong></span> <span class='ocrx_word' id='word_1_228' title='bbox 2334 1583 2431 1665; x_wconf 80' lang='lat' dir='ltr'><strong>sed</strong></span> <span class='ocrx_word' id='word_1_229' title='bbox 2463 1586 2721 1656; x_wconf 88' lang='lat' dir='ltr'><strong>templum</strong></span> <span class='ocrx_word' id='word_1_230' title='bbox 2747 1586 2800 1641; x_wconf 93' lang='lat' dir='ltr'><strong>in</strong></span> <span class='ocrx_word' id='word_1_231' title='bbox 2831 1601 2894 1641; x_wconf 88' lang='lat' dir='ltr'><strong>ea</strong></span> <span class='ocrx_word' id='word_1_232' title='bbox 2928 1602 3037 1642; x_wconf 90' lang='lat' dir='ltr'><strong>non</strong></span> <span class='ocrx_word' id='word_1_233' title='bbox 3071 1587 3209 1642; x_wconf 90' lang='lat' dir='ltr'><strong>vidit</strong></span> <span class='ocrx_word' id='word_1_234' title='bbox 3237 1588 3429 1661; x_wconf 79' lang='lat' dir='ltr'><strong>(Apoc.</strong></span> <span class='ocrx_word' id='word_1_235' title='bbox 3464 1587 3576 1660; x_wconf 73' lang='lat' dir='ltr'><strong>ut)</strong></span> <span class='ocrx_word' id='word_1_236' title='bbox 3608 1608 3617 1644; x_wconf 94' lang='lat'>:</span> <span class='ocrx_word' id='word_1_237' title='bbox 3648 1590 3736 1644; x_wconf 91' lang='lat' dir='ltr'><strong>Do-</strong></span> 
     </span>
    </p>
   </div>
   <div class='ocr_carea' id='block_1_30' title="bbox 2156 1675 3737 1754">
    <p class='ocr_par' dir='ltr' id='par_1_30' title="bbox 2156 1675 3737 1754">
     <span class='ocr_line' id='line_1_30' title="bbox 2156 1675 3737 1754; baseline 0.006 -25"><span class='ocrx_word' id='word_1_238' title='bbox 2156 1675 2358 1744; x_wconf 88' lang='lat' dir='ltr'><strong>minus,</strong></span> <span class='ocrx_word' id='word_1_239' title='bbox 2385 1676 2580 1748; x_wconf 89' lang='lat' dir='ltr'><strong>inquit,</strong></span> <span class='ocrx_word' id='word_1_240' title='bbox 2609 1687 2695 1734; x_wconf 90' lang='lat' dir='ltr'><strong>est</strong></span> <span class='ocrx_word' id='word_1_241' title='bbox 2727 1679 2991 1750; x_wconf 87' lang='lat' dir='ltr'><strong>templum</strong></span> <span class='ocrx_word' id='word_1_242' title='bbox 3017 1678 3158 1750; x_wconf 84' lang='lat' dir='ltr'><strong>ejus.</strong></span> <span class='ocrx_word' id='word_1_243' title='bbox 3190 1680 3522 1736; x_wconf 83' lang='lat' dir='ltr'><strong>lndu&#39;centur</strong></span> <span class='ocrx_word' id='word_1_244' title='bbox 3549 1697 3670 1754; x_wconf 87' lang='lat' dir='ltr'><strong>ergo</strong></span> <span class='ocrx_word' id='word_1_245' title='bbox 3692 1682 3737 1738; x_wconf 92' lang='lat' dir='ltr'><strong>in</strong></span> 
     </span>
    </p>
   </div>
   <div class='ocr_carea' id='block_1_31' title="bbox 521 1753 3739 1843">
    <p class='ocr_par' dir='ltr' id='par_1_31' title="bbox 521 1753 3739 1843">
     <span class='ocr_line' id='line_1_31' title="bbox 521 1753 3739 1843; baseline 0.002 -15"><span class='ocrx_word' id='word_1_246' title='bbox 521 1773 683 1842; x_wconf 83' lang='lat' dir='ltr'><strong>Audi,</strong></span> <span class='ocrx_word' id='word_1_247' title='bbox 716 1773 854 1842; x_wconf 80' lang='lat' dir='ltr'><strong>ﬁlia,</strong></span> <span class='ocrx_word' id='word_1_248' title='bbox 881 1781 929 1828; x_wconf 84' lang='lat' dir='ltr'><strong>et</strong></span> <span class='ocrx_word' id='word_1_249' title='bbox 951 1773 1086 1828; x_wconf 84' lang='lat' dir='ltr'><strong>vide.</strong></span> <span class='ocrx_word' id='word_1_250' title='bbox 1115 1772 1294 1830; x_wconf 88' lang='lat' dir='ltr'><strong>Crede</strong></span> <span class='ocrx_word' id='word_1_251' title='bbox 1319 1782 1376 1830; x_wconf 92' lang='lat' dir='ltr'><strong>ut</strong></span> <span class='ocrx_word' id='word_1_252' title='bbox 1396 1772 1702 1830; x_wconf 90' lang='lat' dir='ltr'><strong>munderis.</strong></span> <span class='ocrx_word' id='word_1_253' title='bbox 1736 1772 1895 1842; x_wconf 86' lang='lat' dir='ltr'><strong>Filia,</strong></span> <span class='ocrx_word' id='word_1_254' title='bbox 1929 1753 2052 1843; x_wconf 83' lang='lat' dir='ltr'><strong>quia</strong></span> <span class='ocrx_word' id='word_1_255' title='bbox 2083 1771 2128 1832; x_wconf 84' lang='grc' dir='ltr'><strong>Β</strong></span> <span class='ocrx_word' id='word_1_256' title='bbox 2157 1769 2264 1825; x_wconf 90' lang='lat' dir='ltr'><strong>hoc</strong></span> <span class='ocrx_word' id='word_1_257' title='bbox 2289 1771 2551 1842; x_wconf 89' lang='lat' dir='ltr'><strong>templum</strong></span> <span class='ocrx_word' id='word_1_258' title='bbox 2576 1771 2824 1842; x_wconf 77' lang='lat' dir='ltr'><strong>virgines</strong></span> <span class='ocrx_word' id='word_1_259' title='bbox 2855 1773 2972 1830; x_wconf 69' lang='lat' dir='ltr'><strong>ista:</strong></span> <span class='ocrx_word' id='word_1_260' title='bbox 2998 1792 3010 1827; x_wconf 91' lang='lat'><strong>:</strong></span> <span class='ocrx_word' id='word_1_261' title='bbox 3050 1774 3152 1830; x_wconf 89' lang='lat' dir='ltr'><strong>hoc</strong></span> <span class='ocrx_word' id='word_1_262' title='bbox 3183 1787 3290 1843; x_wconf 86' lang='lat' dir='ltr'><strong>est,</strong></span> <span class='ocrx_word' id='word_1_263' title='bbox 3319 1777 3520 1832; x_wconf 77' lang='lat' dir='ltr'><strong>anima:</strong></span> <span class='ocrx_word' id='word_1_264' title='bbox 3546 1787 3739 1834; x_wconf 86' lang='lat' dir='ltr'><strong>sancto-</strong></span> 
     </span>
    </p>
   </div>
   <div class='ocr_carea' id='block_1_32' title="bbox 458 1865 2058 1940">
    <p class='ocr_par' dir='ltr' id='par_1_32' title="bbox 458 1865 2058 1940">
     <span class='ocr_line' id='line_1_32' title="bbox 458 1865 2058 1940; baseline -0.002 -15"><span class='ocrx_word' id='word_1_265' title='bbox 458 1867 528 1925; x_wconf 88' lang='lat' dir='ltr'><strong>ab</strong></span> <span class='ocrx_word' id='word_1_266' title='bbox 550 1883 618 1924; x_wconf 93' lang='lat' dir='ltr'><strong>eo</strong></span> <span class='ocrx_word' id='word_1_267' title='bbox 645 1879 857 1924; x_wconf 88' lang='lat' dir='ltr'><strong>renata.</strong></span> <span class='ocrx_word' id='word_1_268' title='bbox 884 1868 1118 1940; x_wconf 89' lang='lat' dir='ltr'><strong>Sponsa,</strong></span> <span class='ocrx_word' id='word_1_269' title='bbox 1151 1869 1277 1938; x_wconf 85' lang='lat' dir='ltr'><strong>quia</strong></span> <span class='ocrx_word' id='word_1_270' title='bbox 1307 1867 1407 1938; x_wconf 91' lang='lat' dir='ltr'><strong>ipsi</strong></span> <span class='ocrx_word' id='word_1_271' title='bbox 1435 1881 1495 1922; x_wconf 90' lang='lat' dir='ltr'><strong>es</strong></span> <span class='ocrx_word' id='word_1_272' title='bbox 1521 1868 1744 1926; x_wconf 86' lang='lat' dir='ltr'><strong>sociata.</strong></span> <span class='ocrx_word' id='word_1_273' title='bbox 1772 1865 1870 1925; x_wconf 72' lang='lat' dir='ltr'><strong>Vel</strong></span> <span class='ocrx_word' id='word_1_274' title='bbox 1899 1865 2058 1922; x_wconf 85' lang='lat' dir='ltr'><strong>Chri-</strong></span> 
     </span>
    </p>
   </div>
   <div class='ocr_carea' id='block_1_33' title="bbox 456 1961 2058 2036">
    <p class='ocr_par' dir='ltr' id='par_1_33' title="bbox 456 1961 2058 2036">
     <span class='ocr_line' id='line_1_33' title="bbox 456 1961 2058 2036; baseline -0.001 -17"><span class='ocrx_word' id='word_1_275' title='bbox 456 1975 575 2021; x_wconf 89' lang='lat' dir='ltr'><strong>stus</strong></span> <span class='ocrx_word' id='word_1_276' title='bbox 622 1973 784 2022; x_wconf 87' lang='lat' dir='ltr'><strong>vocat</strong></span> <span class='ocrx_word' id='word_1_277' title='bbox 816 1965 1111 2023; x_wconf 89' lang='lat' dir='ltr'><strong>Ecclesiam</strong></span> <span class='ocrx_word' id='word_1_278' title='bbox 1140 1979 1292 2020; x_wconf 90' lang='lat' dir='ltr'><strong>suam</strong></span> <span class='ocrx_word' id='word_1_279' title='bbox 1325 1979 1424 2036; x_wconf 91' lang='lat' dir='ltr'><strong>per</strong></span> <span class='ocrx_word' id='word_1_280' title='bbox 1454 1962 1613 2020; x_wconf 85' lang='lat' dir='ltr'><strong>ﬁdem</strong></span> <span class='ocrx_word' id='word_1_281' title='bbox 1648 1964 1835 2019; x_wconf 81' lang='lat' dir='ltr'><strong>ﬁliam.</strong></span> <span class='ocrx_word' id='word_1_282' title='bbox 1868 1961 2058 2018; x_wconf 90' lang='lat' dir='ltr'><strong>Filiam</strong></span> 
     </span>
    </p>
   </div>
   <div class='ocr_carea' id='block_1_34' title="bbox 455 2055 2060 2128">
    <p class='ocr_par' dir='ltr' id='par_1_34' title="bbox 455 2055 2060 2128">
     <span class='ocr_line' id='line_1_34' title="bbox 455 2055 2060 2128; baseline -0.003 -14"><span class='ocrx_word' id='word_1_283' title='bbox 455 2058 590 2115; x_wconf 85' lang='lat' dir='ltr'><strong>dicit</strong></span> <span class='ocrx_word' id='word_1_284' title='bbox 623 2077 637 2115; x_wconf 91' lang='lat'><strong>:</strong></span> <span class='ocrx_word' id='word_1_285' title='bbox 666 2067 725 2113; x_wconf 87' lang='lat' dir='ltr'><strong>ut</strong></span> <span class='ocrx_word' id='word_1_286' title='bbox 752 2067 901 2114; x_wconf 89' lang='lat' dir='ltr'><strong>casta</strong></span> <span class='ocrx_word' id='word_1_287' title='bbox 947 2058 1020 2114; x_wconf 89' lang='lat' dir='ltr'><strong>sit</strong></span> <span class='ocrx_word' id='word_1_288' title='bbox 1049 2067 1230 2115; x_wconf 80' lang='lat' dir='ltr'><strong>mente</strong></span> <span class='ocrx_word' id='word_1_289' title='bbox 1261 2068 1316 2114; x_wconf 89' lang='lat' dir='ltr'><strong>et</strong></span> <span class='ocrx_word' id='word_1_290' title='bbox 1337 2071 1592 2128; x_wconf 87' lang='lat' dir='ltr'><strong>corpore.</strong></span> <span class='ocrx_word' id='word_1_291' title='bbox 1637 2055 1709 2112; x_wconf 89' lang='lat' dir='ltr'><strong>Et</strong></span> <span class='ocrx_word' id='word_1_292' title='bbox 1736 2056 1932 2112; x_wconf 87' lang='lat' dir='ltr'><strong>inclina</strong></span> <span class='ocrx_word' id='word_1_293' title='bbox 1960 2071 2060 2108; x_wconf 85' lang='lat' dir='ltr'><strong>au-</strong></span> 
     </span>
    </p>
   </div>
   <div class='ocr_carea' id='block_1_35' title="bbox 459 2149 2063 2224">
    <p class='ocr_par' dir='ltr' id='par_1_35' title="bbox 459 2149 2063 2224">
     <span class='ocr_line' id='line_1_35' title="bbox 459 2149 2063 2224; baseline -0.004 -14"><span class='ocrx_word' id='word_1_294' title='bbox 459 2171 567 2210; x_wconf 87' lang='lat' dir='ltr'><strong>rem</strong></span> <span class='ocrx_word' id='word_1_295' title='bbox 593 2162 756 2208; x_wconf 88' lang='lat' dir='ltr'><strong>tuam.</strong></span> <span class='ocrx_word' id='word_1_296' title='bbox 791 2153 1082 2209; x_wconf 85' lang='lat' dir='ltr'><strong>Humiliter</strong></span> <span class='ocrx_word' id='word_1_297' title='bbox 1114 2168 1178 2210; x_wconf 89' lang='lat' dir='ltr'><strong>ac</strong></span> <span class='ocrx_word' id='word_1_298' title='bbox 1205 2153 1483 2224; x_wconf 89' lang='lat' dir='ltr'><strong>sapienter</strong></span> <span class='ocrx_word' id='word_1_299' title='bbox 1518 2151 1759 2208; x_wconf 88' lang='lat' dir='ltr'><strong>ausculta</strong></span> <span class='ocrx_word' id='word_1_300' title='bbox 1789 2150 1873 2208; x_wconf 87' lang='lat' dir='ltr'><strong>vel</strong></span> <span class='ocrx_word' id='word_1_301' title='bbox 1900 2149 2063 2206; x_wconf 88' lang='lat' dir='ltr'><strong>desi-</strong></span> 
     </span>
    </p>
   </div>
   <div class='ocr_carea' id='block_1_36' title="bbox 456 2245 2101 2318">
    <p class='ocr_par' dir='ltr' id='par_1_36' title="bbox 456 2245 2101 2318">
     <span class='ocr_line' id='line_1_36' title="bbox 456 2245 2101 2318; baseline -0.004 -14"><span class='ocrx_word' id='word_1_302' title='bbox 456 2249 613 2304; x_wconf 87' lang='lat' dir='ltr'><strong>dera.</strong></span> <span class='ocrx_word' id='word_1_303' title='bbox 639 2247 706 2303; x_wconf 89' lang='lat' dir='ltr'><strong>Et</strong></span> <span class='ocrx_word' id='word_1_304' title='bbox 732 2248 880 2316; x_wconf 87' lang='lat' dir='ltr'><strong>audi,</strong></span> <span class='ocrx_word' id='word_1_305' title='bbox 910 2263 1044 2304; x_wconf 90' lang='lat' dir='ltr'><strong>aure</strong></span> <span class='ocrx_word' id='word_1_306' title='bbox 1073 2247 1284 2315; x_wconf 90' lang='lat' dir='ltr'><strong>cordis,</strong></span> <span class='ocrx_word' id='word_1_307' title='bbox 1318 2257 1380 2302; x_wconf 91' lang='lat' dir='ltr'><strong>ut</strong></span> <span class='ocrx_word' id='word_1_308' title='bbox 1404 2246 1559 2313; x_wconf 91' lang='lat' dir='ltr'><strong>illud,</strong></span> <span class='ocrx_word' id='word_1_309' title='bbox 1585 2245 1688 2316; x_wconf 93' lang='lat' dir='ltr'><strong>Qui</strong></span> <span class='ocrx_word' id='word_1_310' title='bbox 1713 2245 1876 2300; x_wconf 83' lang='lat' dir='ltr'><strong>habet</strong></span> <span class='ocrx_word' id='word_1_311' title='bbox 1902 2257 2062 2300; x_wconf 89' lang='lat' dir='ltr'><strong>aures</strong></span> <span class='ocrx_word' id='word_1_312' title='bbox 2095 2304 2101 2318; x_wconf 33' lang='grc' dir='ltr'>ι</span> 
     </span>
    </p>
   </div>
   <div class='ocr_carea' id='block_1_37' title="bbox 456 2337 2061 2413">
    <p class='ocr_par' dir='ltr' id='par_1_37' title="bbox 456 2337 2061 2413">
     <span class='ocr_line' id='line_1_37' title="bbox 456 2337 2061 2413; baseline -0.004 -15"><span class='ocrx_word' id='word_1_313' title='bbox 456 2340 733 2410; x_wconf 90' lang='lat' dir='ltr'><strong>audiendi,</strong></span> <span class='ocrx_word' id='word_1_314' title='bbox 761 2339 945 2396; x_wconf 88' lang='lat' dir='ltr'><strong>audiat</strong></span> <span class='ocrx_word' id='word_1_315' title='bbox 975 2340 1131 2413; x_wconf 86' lang='lat' dir='ltr'><strong>(Luc.</strong></span> <span class='ocrx_word' id='word_1_316' title='bbox 1168 2341 1310 2411; x_wconf 79' lang='lat' dir='ltr'><strong>vin).</strong></span> <span class='ocrx_word' id='word_1_317' title='bbox 1337 2339 1406 2396; x_wconf 87' lang='lat' dir='ltr'><strong>Et</strong></span> <span class='ocrx_word' id='word_1_318' title='bbox 1435 2340 1551 2396; x_wconf 84' lang='lat' dir='ltr'><strong>uide</strong></span> <span class='ocrx_word' id='word_1_319' title='bbox 1572 2357 1591 2396; x_wconf 89' lang='lat'><strong><em>:</em></strong></span> <span class='ocrx_word' id='word_1_320' title='bbox 1622 2340 1728 2396; x_wconf 94' lang='lat' dir='ltr'><strong>hoc</strong></span> <span class='ocrx_word' id='word_1_321' title='bbox 1753 2347 1856 2406; x_wconf 88' lang='lat' dir='ltr'><strong>est,</strong></span> <span class='ocrx_word' id='word_1_322' title='bbox 1887 2337 2061 2394; x_wconf 91' lang='lat' dir='ltr'><strong>oculis</strong></span> 
     </span>
    </p>
   </div>
   <div class='ocr_carea' id='block_1_38' title="bbox 456 2429 2063 2502">
    <p class='ocr_par' dir='ltr' id='par_1_38' title="bbox 456 2429 2063 2502">
     <span class='ocr_line' id='line_1_38' title="bbox 456 2429 2063 2502; baseline -0.003 -12"><span class='ocrx_word' id='word_1_323' title='bbox 456 2433 677 2502; x_wconf 88' lang='lat' dir='ltr'><strong>cordis,</strong></span> <span class='ocrx_word' id='word_1_324' title='bbox 741 2432 885 2489; x_wconf 88' lang='lat' dir='ltr'><strong>unde</strong></span> <span class='ocrx_word' id='word_1_325' title='bbox 942 2433 1088 2490; x_wconf 88' lang='lat' dir='ltr'><strong>Deus</strong></span> <span class='ocrx_word' id='word_1_326' title='bbox 1141 2433 1379 2499; x_wconf 89' lang='lat' dir='ltr'><strong>videtur,</strong></span> <span class='ocrx_word' id='word_1_327' title='bbox 1413 2442 1472 2488; x_wconf 92' lang='lat' dir='ltr'><strong>ut</strong></span> <span class='ocrx_word' id='word_1_328' title='bbox 1499 2433 1622 2489; x_wconf 89' lang='lat' dir='ltr'><strong>ait:</strong></span> <span class='ocrx_word' id='word_1_329' title='bbox 1677 2432 1826 2488; x_wconf 90' lang='lat' dir='ltr'><strong>Beati</strong></span> <span class='ocrx_word' id='word_1_330' title='bbox 1858 2429 2063 2487; x_wconf 90' lang='lat' dir='ltr'><strong>mundo</strong></span> 
     </span>
    </p>
   </div>
   <div class='ocr_carea' id='block_1_39' title="bbox 457 2525 2064 2600">
    <p class='ocr_par' dir='ltr' id='par_1_39' title="bbox 457 2525 2064 2600">
     <span class='ocr_line' id='line_1_39' title="bbox 457 2525 2064 2600; baseline -0.002 -16"><span class='ocrx_word' id='word_1_331' title='bbox 457 2527 650 2596; x_wconf 88' lang='lat' dir='ltr'><strong>corde,</strong></span> <span class='ocrx_word' id='word_1_332' title='bbox 681 2529 938 2598; x_wconf 91' lang='lat' dir='ltr'><strong>quoniam</strong></span> <span class='ocrx_word' id='word_1_333' title='bbox 972 2527 1076 2600; x_wconf 87' lang='lat' dir='ltr'><strong>ipsi</strong></span> <span class='ocrx_word' id='word_1_334' title='bbox 1129 2529 1299 2586; x_wconf 90' lang='lat' dir='ltr'><strong>Deum</strong></span> <span class='ocrx_word' id='word_1_335' title='bbox 1346 2527 1609 2585; x_wconf 89' lang='lat' dir='ltr'><strong>videbunt</strong></span> <span class='ocrx_word' id='word_1_336' title='bbox 1636 2527 1830 2600; x_wconf 84' lang='lat' dir='ltr'><strong>(Marc.</strong></span> <span class='ocrx_word' id='word_1_337' title='bbox 1861 2531 1941 2596; x_wconf 91' lang='lat' dir='ltr'><strong>v).</strong></span> <span class='ocrx_word' id='word_1_338' title='bbox 1994 2525 2064 2580; x_wconf 82' lang='lat' dir='ltr'><strong>Et</strong></span> 
     </span>
    </p>
   </div>
   <div class='ocr_carea' id='block_1_40' title="bbox 457 2620 2063 2694">
    <p class='ocr_par' dir='ltr' id='par_1_40' title="bbox 457 2620 2063 2694">
     <span class='ocr_line' id='line_1_40' title="bbox 457 2620 2063 2694; baseline 0.001 -18"><span class='ocrx_word' id='word_1_339' title='bbox 457 2620 757 2677; x_wconf 76' lang='lat' dir='ltr'><strong>obliviscere</strong></span> <span class='ocrx_word' id='word_1_340' title='bbox 784 2623 1036 2694; x_wconf 84' lang='lat' dir='ltr'><strong>populum</strong></span> <span class='ocrx_word' id='word_1_341' title='bbox 1072 2632 1242 2690; x_wconf 90' lang='lat' dir='ltr'><strong>tuum,</strong></span> <span class='ocrx_word' id='word_1_342' title='bbox 1275 2631 1384 2679; x_wconf 87' lang='lat' dir='ltr'><strong>etc.</strong></span> <span class='ocrx_word' id='word_1_343' title='bbox 1429 2622 1716 2678; x_wconf 89' lang='lat' dir='ltr'><strong>Consortia</strong></span> <span class='ocrx_word' id='word_1_344' title='bbox 1762 2621 2063 2677; x_wconf 66' lang='lat' dir='ltr'><strong>daemonio-</strong></span> 
     </span>
    </p>
   </div>
   <div class='ocr_carea' id='block_1_41' title="bbox 453 2713 2063 2786">
    <p class='ocr_par' dir='ltr' id='par_1_41' title="bbox 453 2713 2063 2786">
     <span class='ocr_line' id='line_1_41' title="bbox 453 2713 2063 2786; baseline -0.001 -15"><span class='ocrx_word' id='word_1_345' title='bbox 453 2727 601 2785; x_wconf 91' lang='lat' dir='ltr'><strong>rum,</strong></span> <span class='ocrx_word' id='word_1_346' title='bbox 633 2715 720 2772; x_wconf 90' lang='lat' dir='ltr'><strong>vel</strong></span> <span class='ocrx_word' id='word_1_347' title='bbox 752 2716 903 2782; x_wconf 89' lang='lat' dir='ltr'><strong>vitia,</strong></span> <span class='ocrx_word' id='word_1_348' title='bbox 939 2728 992 2772; x_wconf 89' lang='lat' dir='ltr'><strong>et</strong></span> <span class='ocrx_word' id='word_1_349' title='bbox 1024 2725 1266 2786; x_wconf 90' lang='lat' dir='ltr'><strong>peccata,</strong></span> <span class='ocrx_word' id='word_1_350' title='bbox 1293 2723 1348 2771; x_wconf 93' lang='lat' dir='ltr'><strong>et</strong></span> <span class='ocrx_word' id='word_1_351' title='bbox 1376 2715 1600 2770; x_wconf 91' lang='lat' dir='ltr'><strong>domum</strong></span> <span class='ocrx_word' id='word_1_352' title='bbox 1633 2715 1806 2784; x_wconf 88' lang='lat' dir='ltr'><strong>patris</strong></span> <span class='ocrx_word' id='word_1_353' title='bbox 1836 2714 1915 2770; x_wconf 90' lang='lat' dir='ltr'><strong>tui</strong></span> <span class='ocrx_word' id='word_1_354' title='bbox 1944 2713 2063 2769; x_wconf 86' lang='lat' dir='ltr'><strong>dia-</strong></span> 
     </span>
    </p>
   </div>
   <div class='ocr_carea' id='block_1_42' title="bbox 457 2806 2060 2881">
    <p class='ocr_par' dir='ltr' id='par_1_42' title="bbox 457 2806 2060 2881">
     <span class='ocr_line' id='line_1_42' title="bbox 457 2806 2060 2881; baseline -0.002 -17"><span class='ocrx_word' id='word_1_355' title='bbox 457 2806 594 2878; x_wconf 94' lang='lat' dir='ltr'><strong>boli,</strong></span> <span class='ocrx_word' id='word_1_356' title='bbox 635 2809 726 2881; x_wconf 91' lang='lat' dir='ltr'><strong>qui</strong></span> <span class='ocrx_word' id='word_1_357' title='bbox 758 2817 812 2865; x_wconf 88' lang='lat' dir='ltr'><strong>te</strong></span> <span class='ocrx_word' id='word_1_358' title='bbox 855 2810 1005 2880; x_wconf 90' lang='lat' dir='ltr'><strong>prius</strong></span> <span class='ocrx_word' id='word_1_359' title='bbox 1030 2817 1295 2880; x_wconf 81' lang='lat' dir='ltr'><strong>genuerat</strong></span> <span class='ocrx_word' id='word_1_360' title='bbox 1327 2825 1340 2863; x_wconf 88' lang='lat'><strong>:</strong></span> <span class='ocrx_word' id='word_1_361' title='bbox 1371 2807 1498 2880; x_wconf 91' lang='lat' dir='ltr'><strong>quia</strong></span> <span class='ocrx_word' id='word_1_362' title='bbox 1550 2815 1696 2864; x_wconf 89' lang='lat' dir='ltr'><strong>totus</strong></span> <span class='ocrx_word' id='word_1_363' title='bbox 1745 2807 1976 2863; x_wconf 92' lang='lat' dir='ltr'><strong>mundus</strong></span> <span class='ocrx_word' id='word_1_364' title='bbox 2010 2809 2060 2862; x_wconf 94' lang='lat' dir='ltr'><strong>in</strong></span> 
     </span>
    </p>
   </div>
   <div class='ocr_carea' id='block_1_43' title="bbox 459 2901 2064 2977">
    <p class='ocr_par' dir='ltr' id='par_1_43' title="bbox 459 2901 2064 2977">
     <span class='ocr_line' id='line_1_43' title="bbox 459 2901 2064 2977; baseline -0.004 -15"><span class='ocrx_word' id='word_1_365' title='bbox 459 2905 701 2977; x_wconf 85' lang='lat' dir='ltr'><strong>maligno</strong></span> <span class='ocrx_word' id='word_1_366' title='bbox 721 2904 936 2977; x_wconf 87' lang='lat' dir='ltr'><strong>positus</strong></span> <span class='ocrx_word' id='word_1_367' title='bbox 957 2914 1080 2962; x_wconf 85' lang='lat' dir='ltr'><strong>erat</strong></span> <span class='ocrx_word' id='word_1_368' title='bbox 1096 2904 1144 2976; x_wconf 88' lang='lat'><strong>(1</strong></span> <span class='ocrx_word' id='word_1_369' title='bbox 1173 2903 1333 2960; x_wconf 82' lang='lat' dir='ltr'><strong>Joan.</strong></span> <span class='ocrx_word' id='word_1_370' title='bbox 1363 2903 1424 2974; x_wconf 91' lang='lat' dir='ltr'><strong>v)</strong></span> <span class='ocrx_word' id='word_1_371' title='bbox 1451 2919 1464 2958; x_wconf 88' lang='lat'><strong>:</strong></span> <span class='ocrx_word' id='word_1_372' title='bbox 1493 2901 1639 2971; x_wconf 91' lang='lat' dir='ltr'><strong>ideo,</strong></span> <span class='ocrx_word' id='word_1_373' title='bbox 1662 2902 1860 2958; x_wconf 87' lang='lat' dir='ltr'><strong>inclina</strong></span> <span class='ocrx_word' id='word_1_374' title='bbox 1886 2915 2064 2958; x_wconf 90' lang='lat' dir='ltr'><strong>aurem</strong></span> 
     </span>
    </p>
   </div>
   <div class='ocr_carea' id='block_1_44' title="bbox 463 3007 628 3056">
    <p class='ocr_par' dir='ltr' id='par_1_44' title="bbox 463 3007 628 3056">
     <span class='ocr_line' id='line_1_44' title="bbox 463 3007 628 3056; baseline 0.012 -3"><span class='ocrx_word' id='word_1_375' title='bbox 463 3007 628 3056; x_wconf 83' lang='lat' dir='ltr'><strong>tuam.</strong></span> 
     </span>
    </p>
   </div>
   <div class='ocr_carea' id='block_1_45' title="bbox 538 3091 2066 3168">
    <p class='ocr_par' dir='ltr' id='par_1_45' title="bbox 538 3091 2066 3168">
     <span class='ocr_line' id='line_1_45' title="bbox 538 3091 2066 3168; baseline -0.001 -20"><span class='ocrx_word' id='word_1_376' title='bbox 538 3093 800 3163; x_wconf 83' lang='lat' dir='ltr'><strong>Quoniam</strong></span> <span class='ocrx_word' id='word_1_377' title='bbox 849 3094 1143 3168; x_wconf 83' lang='lat' dir='ltr'><strong>concupivit</strong></span> <span class='ocrx_word' id='word_1_378' title='bbox 1171 3110 1265 3152; x_wconf 75' lang='lat' dir='ltr'><strong>rea:</strong></span> <span class='ocrx_word' id='word_1_379' title='bbox 1312 3095 1549 3149; x_wconf 83' lang='lat' dir='ltr'><strong>decorem</strong></span> <span class='ocrx_word' id='word_1_380' title='bbox 1595 3101 1765 3148; x_wconf 89' lang='lat' dir='ltr'><strong>tuum.</strong></span> <span class='ocrx_word' id='word_1_381' title='bbox 1815 3091 2066 3148; x_wconf 87' lang='lat' dir='ltr'><strong>Christus</strong></span> 
     </span>
    </p>
   </div>
   <div class='ocr_carea' id='block_1_46' title="bbox 2163 1863 3709 1940">
    <p class='ocr_par' dir='ltr' id='par_1_46' title="bbox 2163 1863 3709 1940">
     <span class='ocr_line' id='line_1_46' title="bbox 2163 1863 3709 1940; baseline 0.005 -22"><span class='ocrx_word' id='word_1_382' title='bbox 2163 1877 2286 1918; x_wconf 88' lang='lat' dir='ltr'><strong>rum</strong></span> <span class='ocrx_word' id='word_1_383' title='bbox 2315 1881 2328 1917; x_wconf 88' lang='lat'><strong>:</strong></span> <span class='ocrx_word' id='word_1_384' title='bbox 2359 1871 2418 1918; x_wconf 90' lang='lat' dir='ltr'><strong>ut</strong></span> <span class='ocrx_word' id='word_1_385' title='bbox 2444 1863 2762 1921; x_wconf 80' lang='lat' dir='ltr'><strong>conformes</strong></span> <span class='ocrx_word' id='word_1_386' title='bbox 2782 1864 3092 1922; x_wconf 78' lang='lat' dir='ltr'><strong>efficiantur</strong></span> <span class='ocrx_word' id='word_1_387' title='bbox 3121 1869 3341 1939; x_wconf 83' lang='lat' dir='ltr'><strong>corpori</strong></span> <span class='ocrx_word' id='word_1_388' title='bbox 3369 1869 3564 1940; x_wconf 65' lang='lat' dir='ltr'><strong>gloria:</strong></span> <span class='ocrx_word' id='word_1_389' title='bbox 3585 1871 3709 1940; x_wconf 86' lang='lat' dir='ltr'><strong>ejus.</strong></span> 
     </span>
    </p>
   </div>
   <div class='ocr_carea' id='block_1_47' title="bbox 2235 1954 3740 2038">
    <p class='ocr_par' dir='ltr' id='par_1_47' title="bbox 2235 1954 3740 2038">
     <span class='ocr_line' id='line_1_47' title="bbox 2235 1954 3740 2038; baseline 0.007 -28"><span class='ocrx_word' id='word_1_390' title='bbox 2235 1954 2345 2011; x_wconf 87' lang='lat' dir='ltr'><strong>Pro</strong></span> <span class='ocrx_word' id='word_1_391' title='bbox 2400 1956 2636 2028; x_wconf 85' lang='lat' dir='ltr'><strong>patribus</strong></span> <span class='ocrx_word' id='word_1_392' title='bbox 2687 1960 2788 2013; x_wconf 89' lang='lat' dir='ltr'><strong>tuis</strong></span> <span class='ocrx_word' id='word_1_393' title='bbox 2815 1961 2927 2015; x_wconf 84' lang='lat' dir='ltr'><strong>nati</strong></span> <span class='ocrx_word' id='word_1_394' title='bbox 2955 1971 3075 2016; x_wconf 88' lang='lat' dir='ltr'><strong>sunt</strong></span> <span class='ocrx_word' id='word_1_395' title='bbox 3130 1961 3221 2038; x_wconf 84' lang='lat' dir='ltr'><strong>tibi</strong></span> <span class='ocrx_word' id='word_1_396' title='bbox 3250 1963 3372 2033; x_wconf 89' lang='lat' dir='ltr'><strong>ﬁlii.</strong></span> <span class='ocrx_word' id='word_1_397' title='bbox 3421 1963 3670 2030; x_wconf 86' lang='lat' dir='ltr'><strong>Fuerunt,</strong></span> <span class='ocrx_word' id='word_1_398' title='bbox 3712 1980 3740 2020; x_wconf 89' lang='lat' dir='ltr'><strong>o</strong></span> 
     </span>
    </p>
   </div>
   <div class='ocr_carea' id='block_1_48' title="bbox 2164 2049 3740 2131">
    <p class='ocr_par' dir='ltr' id='par_1_48' title="bbox 2164 2049 3740 2131">
     <span class='ocr_line' id='line_1_48' title="bbox 2164 2049 3740 2131; baseline 0.008 -25"><span class='ocrx_word' id='word_1_399' title='bbox 2164 2049 2438 2114; x_wconf 84' lang='lat' dir='ltr'><strong>Ecclesia,</strong></span> <span class='ocrx_word' id='word_1_400' title='bbox 2493 2051 2728 2122; x_wconf 84' lang='lat' dir='ltr'><strong>apostoli</strong></span> <span class='ocrx_word' id='word_1_401' title='bbox 2775 2062 2958 2124; x_wconf 88' lang='lat' dir='ltr'><strong>patres</strong></span> <span class='ocrx_word' id='word_1_402' title='bbox 3011 2056 3135 2112; x_wconf 91' lang='lat' dir='ltr'><strong>tui:</strong></span> <span class='ocrx_word' id='word_1_403' title='bbox 3183 2057 3313 2128; x_wconf 91' lang='lat' dir='ltr'><strong>quia</strong></span> <span class='ocrx_word' id='word_1_404' title='bbox 3341 2058 3446 2128; x_wconf 88' lang='lat' dir='ltr'><strong>ipsi</strong></span> <span class='ocrx_word' id='word_1_405' title='bbox 3479 2070 3531 2116; x_wconf 88' lang='lat' dir='ltr'><strong>te</strong></span> <span class='ocrx_word' id='word_1_406' title='bbox 3558 2075 3740 2131; x_wconf 86' lang='lat' dir='ltr'><strong>genuc-</strong></span> 
     </span>
    </p>
   </div>
   <div class='ocr_carea' id='block_1_49' title="bbox 2162 2140 3740 2224">
    <p class='ocr_par' dir='ltr' id='par_1_49' title="bbox 2162 2140 3740 2224">
     <span class='ocr_line' id='line_1_49' title="bbox 2162 2140 3740 2224; baseline 0.008 -24"><span class='ocrx_word' id='word_1_407' title='bbox 2162 2140 2497 2200; x_wconf 46' lang='lat' dir='ltr'><strong>runt.‘Nunc</strong></span> <span class='ocrx_word' id='word_1_408' title='bbox 2542 2157 2724 2202; x_wconf 89' lang='lat' dir='ltr'><strong>autem</strong></span> <span class='ocrx_word' id='word_1_409' title='bbox 2772 2149 2900 2219; x_wconf 88' lang='lat' dir='ltr'><strong>quia</strong></span> <span class='ocrx_word' id='word_1_410' title='bbox 2947 2149 3027 2205; x_wconf 92' lang='lat' dir='ltr'><strong>illi</strong></span> <span class='ocrx_word' id='word_1_411' title='bbox 3074 2163 3420 2210; x_wconf 88' lang='lat' dir='ltr'><strong>recesserunt</strong></span> <span class='ocrx_word' id='word_1_412' title='bbox 3463 2170 3494 2210; x_wconf 88' lang='lat' dir='ltr'><strong>a</strong></span> <span class='ocrx_word' id='word_1_413' title='bbox 3541 2157 3740 2224; x_wconf 89' lang='lat' dir='ltr'><strong>mundo,</strong></span> 
     </span>
    </p>
   </div>
   <div class='ocr_carea' id='block_1_50' title="bbox 2168 2237 3738 2315">
    <p class='ocr_par' dir='ltr' id='par_1_50' title="bbox 2168 2237 3738 2315">
     <span class='ocr_line' id='line_1_50' title="bbox 2168 2237 3738 2315; baseline 0.009 -25"><span class='ocrx_word' id='word_1_414' title='bbox 2168 2237 2339 2292; x_wconf 88' lang='lat' dir='ltr'><strong>habes</strong></span> <span class='ocrx_word' id='word_1_415' title='bbox 2367 2251 2466 2308; x_wconf 89' lang='lat' dir='ltr'><strong>pro</strong></span> <span class='ocrx_word' id='word_1_416' title='bbox 2507 2237 2594 2294; x_wconf 89' lang='lat' dir='ltr'><strong>his</strong></span> <span class='ocrx_word' id='word_1_417' title='bbox 2622 2239 2909 2310; x_wconf 89' lang='lat' dir='ltr'><strong>episcopos</strong></span> <span class='ocrx_word' id='word_1_418' title='bbox 2952 2241 3116 2310; x_wconf 84' lang='lat' dir='ltr'><strong>ﬁlios,</strong></span> <span class='ocrx_word' id='word_1_419' title='bbox 3150 2246 3297 2315; x_wconf 88' lang='lat' dir='ltr'><strong>quia</strong></span> <span class='ocrx_word' id='word_1_420' title='bbox 3327 2256 3381 2302; x_wconf 87' lang='lat' dir='ltr'><strong>te</strong></span> <span class='ocrx_word' id='word_1_421' title='bbox 3403 2248 3571 2304; x_wconf 85' lang='lat' dir='ltr'><strong>creati</strong></span> <span class='ocrx_word' id='word_1_422' title='bbox 3615 2259 3738 2305; x_wconf 90' lang='lat' dir='ltr'><strong>sunt.</strong></span> 
     </span>
    </p>
   </div>
   <div class='ocr_carea' id='block_1_51' title="bbox 2167 2330 3744 2412">
    <p class='ocr_par' dir='ltr' id='par_1_51' title="bbox 2167 2330 3744 2412">
     <span class='ocr_line' id='line_1_51' title="bbox 2167 2330 3744 2412; baseline 0.006 -24"><span class='ocrx_word' id='word_1_423' title='bbox 2167 2330 2310 2388; x_wconf 85' lang='lat' dir='ltr'><strong>Sunt</strong></span> <span class='ocrx_word' id='word_1_424' title='bbox 2339 2332 2486 2387; x_wconf 91' lang='lat' dir='ltr'><strong>enim</strong></span> <span class='ocrx_word' id='word_1_425' title='bbox 2512 2342 2568 2388; x_wconf 92' lang='lat' dir='ltr'><strong>et</strong></span> <span class='ocrx_word' id='word_1_426' title='bbox 2593 2331 2646 2386; x_wconf 90' lang='lat' dir='ltr'><strong>hi</strong></span> <span class='ocrx_word' id='word_1_427' title='bbox 2678 2345 2861 2403; x_wconf 87' lang='lat' dir='ltr'><strong>patres</strong></span> <span class='ocrx_word' id='word_1_428' title='bbox 2905 2335 2981 2390; x_wconf 91' lang='lat' dir='ltr'><strong>tui</strong></span> <span class='ocrx_word' id='word_1_429' title='bbox 3013 2355 3024 2390; x_wconf 95' lang='lat'>:</span> <span class='ocrx_word' id='word_1_430' title='bbox 3059 2336 3185 2407; x_wconf 87' lang='lat' dir='ltr'><strong>quia</strong></span> <span class='ocrx_word' id='word_1_431' title='bbox 3235 2337 3305 2393; x_wconf 89' lang='lat' dir='ltr'><strong>ab</strong></span> <span class='ocrx_word' id='word_1_432' title='bbox 3351 2339 3494 2410; x_wconf 89' lang='lat' dir='ltr'><strong>ipsis</strong></span> <span class='ocrx_word' id='word_1_433' title='bbox 3543 2343 3744 2412; x_wconf 79' lang='lat' dir='ltr'><strong>regeris.</strong></span> 
     </span>
    </p>
   </div>
   <div class='ocr_carea' id='block_1_52' title="bbox 2166 2425 3743 2501">
    <p class='ocr_par' dir='ltr' id='par_1_52' title="bbox 2166 2425 3743 2501">
     <span class='ocr_line' id='line_1_52' title="bbox 2166 2425 3743 2501; baseline 0.008 -20"><span class='ocrx_word' id='word_1_434' title='bbox 2166 2425 2459 2496; x_wconf 84' lang='lat' dir='ltr'><strong>Constitues</strong></span> <span class='ocrx_word' id='word_1_435' title='bbox 2489 2445 2573 2484; x_wconf 87' lang='lat' dir='ltr'><strong>eos</strong></span> <span class='ocrx_word' id='word_1_436' title='bbox 2593 2430 2852 2501; x_wconf 82' lang='lat' dir='ltr'><strong>principes</strong></span> <span class='ocrx_word' id='word_1_437' title='bbox 2879 2449 3036 2501; x_wconf 87' lang='lat' dir='ltr'><strong>super</strong></span> <span class='ocrx_word' id='word_1_438' title='bbox 3065 2449 3264 2489; x_wconf 85' lang='lat' dir='ltr'><strong>omnem</strong></span> <span class='ocrx_word' id='word_1_439' title='bbox 3296 2444 3512 2493; x_wconf 85' lang='lat' dir='ltr'><strong>terram.</strong></span> <span class='ocrx_word' id='word_1_440' title='bbox 3556 2437 3743 2494; x_wconf 88' lang='lat' dir='ltr'><strong>Consti-</strong></span> 
     </span>
    </p>
   </div>
   <div class='ocr_carea' id='block_1_53' title="bbox 2167 2519 3743 2600">
    <p class='ocr_par' dir='ltr' id='par_1_53' title="bbox 2167 2519 3743 2600">
     <span class='ocr_line' id='line_1_53' title="bbox 2167 2519 3743 2600; baseline 0.007 -25"><span class='ocrx_word' id='word_1_441' title='bbox 2167 2521 2270 2576; x_wconf 91' lang='lat' dir='ltr'><strong>tuit</strong></span> <span class='ocrx_word' id='word_1_442' title='bbox 2299 2519 2551 2577; x_wconf 90' lang='lat' dir='ltr'><strong>Christus</strong></span> <span class='ocrx_word' id='word_1_443' title='bbox 2580 2530 2800 2578; x_wconf 90' lang='lat' dir='ltr'><strong>sanctos</strong></span> <span class='ocrx_word' id='word_1_444' title='bbox 2831 2539 2962 2580; x_wconf 89' lang='lat' dir='ltr'><strong>suos</strong></span> <span class='ocrx_word' id='word_1_445' title='bbox 2990 2539 3158 2596; x_wconf 86' lang='lat' dir='ltr'><strong>super</strong></span> <span class='ocrx_word' id='word_1_446' title='bbox 3198 2519 3404 2583; x_wconf 82' lang='lat' dir='ltr'><strong>omnes</strong></span> <span class='ocrx_word' id='word_1_447' title='bbox 3431 2529 3672 2600; x_wconf 87' lang='lat' dir='ltr'><strong>populos.</strong></span> <span class='ocrx_word' id='word_1_448' title='bbox 3697 2529 3743 2585; x_wconf 85' lang='lat' dir='ltr'><strong>in</strong></span> 
     </span>
    </p>
   </div>
   <div class='ocr_carea' id='block_1_54' title="bbox 2166 2615 3746 2691">
    <p class='ocr_par' dir='ltr' id='par_1_54' title="bbox 2166 2615 3746 2691">
     <span class='ocr_line' id='line_1_54' title="bbox 2166 2615 3746 2691; baseline 0.006 -21"><span class='ocrx_word' id='word_1_449' title='bbox 2166 2615 2390 2671; x_wconf 88' lang='lat' dir='ltr'><strong>nomine</strong></span> <span class='ocrx_word' id='word_1_450' title='bbox 2420 2615 2565 2671; x_wconf 89' lang='lat' dir='ltr'><strong>enim</strong></span> <span class='ocrx_word' id='word_1_451' title='bbox 2595 2615 2690 2672; x_wconf 89' lang='lat' dir='ltr'><strong>Dei</strong></span> <span class='ocrx_word' id='word_1_452' title='bbox 2730 2615 3016 2674; x_wconf 82' lang='lat' dir='ltr'><strong>dilatatam</strong></span> <span class='ocrx_word' id='word_1_453' title='bbox 3044 2627 3129 2674; x_wconf 90' lang='lat' dir='ltr'><strong>est</strong></span> <span class='ocrx_word' id='word_1_454' title='bbox 3155 2619 3524 2691; x_wconf 89' lang='lat' dir='ltr'><strong>Evangelium</strong></span> <span class='ocrx_word' id='word_1_455' title='bbox 3565 2623 3613 2676; x_wconf 92' lang='lat' dir='ltr'><strong>in</strong></span> <span class='ocrx_word' id='word_1_456' title='bbox 3643 2637 3746 2678; x_wconf 84' lang='lat' dir='ltr'><strong>om-</strong></span> 
     </span>
    </p>
   </div>
   <div class='ocr_carea' id='block_1_55' title="bbox 2166 2707 3745 2794">
    <p class='ocr_par' dir='ltr' id='par_1_55' title="bbox 2166 2707 3745 2794">
     <span class='ocr_line' id='line_1_55' title="bbox 2166 2707 3745 2794; baseline 0.006 -32"><span class='ocrx_word' id='word_1_457' title='bbox 2166 2707 2331 2763; x_wconf 90' lang='lat' dir='ltr'><strong>nibus</strong></span> <span class='ocrx_word' id='word_1_458' title='bbox 2362 2708 2564 2764; x_wconf 89' lang='lat' dir='ltr'><strong>linibus</strong></span> <span class='ocrx_word' id='word_1_459' title='bbox 2593 2709 2779 2764; x_wconf 88' lang='lat' dir='ltr'><strong>mundi</strong></span> <span class='ocrx_word' id='word_1_460' title='bbox 2811 2727 2827 2765; x_wconf 84' lang='lat'><strong>:</strong></span> <span class='ocrx_word' id='word_1_461' title='bbox 2876 2711 2929 2766; x_wconf 93' lang='lat' dir='ltr'><strong>in</strong></span> <span class='ocrx_word' id='word_1_462' title='bbox 2963 2709 3158 2782; x_wconf 91' lang='lat' dir='ltr'><strong>quibus</strong></span> <span class='ocrx_word' id='word_1_463' title='bbox 3185 2712 3463 2794; x_wconf 78' lang='lat' dir='ltr'><strong>principes</strong></span> <span class='ocrx_word' id='word_1_464' title='bbox 3489 2714 3745 2782; x_wconf 68' lang='lat' dir='ltr'><strong>Ecclesiae,</strong></span> 
     </span>
    </p>
   </div>
   <div class='ocr_carea' id='block_1_56' title="bbox 2109 2798 3146 2872">
    <p class='ocr_par' dir='ltr' id='par_1_56' title="bbox 2109 2798 3146 2872">
     <span class='ocr_line' id='line_1_56' title="bbox 2109 2798 3146 2872; baseline 0.009 -21"><span class='ocrx_word' id='word_1_465' title='bbox 2109 2801 2120 2806; x_wconf 79' lang='grc'><strong>“</strong></span> <span class='ocrx_word' id='word_1_466' title='bbox 2166 2798 2219 2854; x_wconf 91' lang='lat' dir='ltr'><strong>id</strong></span> <span class='ocrx_word' id='word_1_467' title='bbox 2249 2809 2352 2865; x_wconf 90' lang='lat' dir='ltr'><strong>est,</strong></span> <span class='ocrx_word' id='word_1_468' title='bbox 2383 2801 2650 2872; x_wconf 85' lang='lat' dir='ltr'><strong>episcopi,</strong></span> <span class='ocrx_word' id='word_1_469' title='bbox 2683 2803 2964 2858; x_wconf 88' lang='lat' dir='ltr'><strong>constituti</strong></span> <span class='ocrx_word' id='word_1_470' title='bbox 2992 2813 3146 2861; x_wconf 91' lang='lat' dir='ltr'><strong>sunt.</strong></span> 
     </span>
    </p>
   </div>
   <div class='ocr_carea' id='block_1_57' title="bbox 2241 2891 3746 2972">
    <p class='ocr_par' dir='ltr' id='par_1_57' title="bbox 2241 2891 3746 2972">
     <span class='ocr_line' id='line_1_57' title="bbox 2241 2891 3746 2972; baseline 0.005 -26"><span class='ocrx_word' id='word_1_471' title='bbox 2241 2891 2498 2950; x_wconf 73' lang='lat' dir='ltr'><strong>Mensores</strong></span> <span class='ocrx_word' id='word_1_472' title='bbox 2527 2904 2677 2950; x_wconf 89' lang='lat' dir='ltr'><strong>erunt</strong></span> <span class='ocrx_word' id='word_1_473' title='bbox 2707 2897 2928 2952; x_wconf 89' lang='lat' dir='ltr'><strong>nominis</strong></span> <span class='ocrx_word' id='word_1_474' title='bbox 2955 2899 3031 2952; x_wconf 77' lang='lat' dir='ltr'><strong>tui</strong></span> <span class='ocrx_word' id='word_1_475' title='bbox 3049 2938 3064 2964; x_wconf 92' lang='lat'><strong>,</strong></span> <span class='ocrx_word' id='word_1_476' title='bbox 3107 2899 3160 2952; x_wconf 86' lang='lat' dir='ltr'><strong>in</strong></span> <span class='ocrx_word' id='word_1_477' title='bbox 3188 2899 3332 2953; x_wconf 86' lang='lat' dir='ltr'><strong>omni</strong></span> <span class='ocrx_word' id='word_1_478' title='bbox 3368 2900 3684 2972; x_wconf 83' lang='lat' dir='ltr'><strong>generatione</strong></span> <span class='ocrx_word' id='word_1_479' title='bbox 3707 2908 3746 2954; x_wconf 88' lang='lat' dir='ltr'><strong>et</strong></span> 
     </span>
    </p>
   </div>
   <div class='ocr_carea' id='block_1_58' title="bbox 2167 2987 3746 3063">
    <p class='ocr_par' dir='ltr' id='par_1_58' title="bbox 2167 2987 3746 3063">
     <span class='ocr_line' id='line_1_58' title="bbox 2167 2987 3746 3063; baseline 0.005 -24"><span class='ocrx_word' id='word_1_480' title='bbox 2167 2987 2518 3056; x_wconf 83' lang='lat' dir='ltr'><strong>generatione.</strong></span> <span class='ocrx_word' id='word_1_481' title='bbox 2568 2987 2693 3044; x_wconf 89' lang='lat' dir='ltr'><strong>ideo</strong></span> <span class='ocrx_word' id='word_1_482' title='bbox 2734 3004 3009 3046; x_wconf 90' lang='lat' dir='ltr'><strong>memores</strong></span> <span class='ocrx_word' id='word_1_483' title='bbox 3053 3000 3217 3047; x_wconf 91' lang='lat' dir='ltr'><strong>erunt</strong></span> <span class='ocrx_word' id='word_1_484' title='bbox 3255 3009 3269 3047; x_wconf 90' lang='lat'><strong>:</strong></span> <span class='ocrx_word' id='word_1_485' title='bbox 3307 2993 3439 3063; x_wconf 89' lang='lat' dir='ltr'><strong>quia</strong></span> <span class='ocrx_word' id='word_1_486' title='bbox 3485 3007 3746 3062; x_wconf 85' lang='lat' dir='ltr'><strong>numquam</strong></span> 
     </span>
    </p>
   </div>
   <div class='ocr_carea' id='block_1_59' title="bbox 2168 3079 3748 3156">
    <p class='ocr_par' dir='ltr' id='par_1_59' title="bbox 2168 3079 3748 3156">
     <span class='ocr_line' id='line_1_59' title="bbox 2168 3079 3748 3156; baseline 0.005 -21"><span class='ocrx_word' id='word_1_487' title='bbox 2168 3079 2588 3148; x_wconf 87' lang='lat' dir='ltr'><strong>obliviscuntur,</strong></span> <span class='ocrx_word' id='word_1_488' title='bbox 2615 3083 2710 3138; x_wconf 88' lang='lat' dir='ltr'><strong>sed</strong></span> <span class='ocrx_word' id='word_1_489' title='bbox 2739 3097 2966 3154; x_wconf 88' lang='lat' dir='ltr'><strong>semper</strong></span> <span class='ocrx_word' id='word_1_490' title='bbox 2996 3093 3048 3139; x_wconf 86' lang='lat' dir='ltr'><strong>te</strong></span> <span class='ocrx_word' id='word_1_491' title='bbox 3076 3083 3479 3156; x_wconf 55' lang='lat' dir='ltr'><strong>pradicabunt,</strong></span> <span class='ocrx_word' id='word_1_492' title='bbox 3503 3087 3614 3143; x_wconf 85' lang='lat' dir='ltr'><strong>sive</strong></span> <span class='ocrx_word' id='word_1_493' title='bbox 3634 3085 3748 3142; x_wconf 67' lang='lat' dir='ltr'><strong>adi-</strong></span> 
     </span>
    </p>
   </div>
   <div class='ocr_carea' id='block_1_60' title="bbox 462 3172 2059 3264">
    <p class='ocr_par' dir='ltr' id='par_1_60' title="bbox 462 3187 2059 3264">
     <span class='ocr_line' id='line_1_60' title="bbox 462 3187 2059 3264; baseline -0.004 -16"><span class='ocrx_word' id='word_1_494' title='bbox 462 3190 625 3250; x_wconf 84' lang='lat' dir='ltr'><strong>.lesus</strong></span> <span class='ocrx_word' id='word_1_495' title='bbox 653 3207 684 3247; x_wconf 89' lang='lat' dir='ltr'><strong>a</strong></span> <span class='ocrx_word' id='word_1_496' title='bbox 711 3205 817 3264; x_wconf 90' lang='lat' dir='ltr'><strong>quo</strong></span> <span class='ocrx_word' id='word_1_497' title='bbox 840 3190 1228 3263; x_wconf 82' lang='lat' dir='ltr'><strong>regeris,&#39;quia</strong></span> <span class='ocrx_word' id='word_1_498' title='bbox 1249 3189 1405 3262; x_wconf 88' lang='lat' dir='ltr'><strong>nigra</strong></span> <span class='ocrx_word' id='word_1_499' title='bbox 1431 3205 1557 3246; x_wconf 89' lang='lat' dir='ltr'><strong>eras</strong></span> <span class='ocrx_word' id='word_1_500' title='bbox 1586 3189 1640 3244; x_wconf 91' lang='lat' dir='ltr'><strong>in</strong></span> <span class='ocrx_word' id='word_1_501' title='bbox 1667 3188 1830 3245; x_wconf 93' lang='lat' dir='ltr'><strong>domo</strong></span> <span class='ocrx_word' id='word_1_502' title='bbox 1851 3187 2020 3258; x_wconf 90' lang='lat' dir='ltr'><strong>patris</strong></span> <span class='ocrx_word' id='word_1_503' title='bbox 2047 3203 2059 3241; x_wconf 92' lang='lat'>:</span> 
     </span>
    </p>
   </div>
   <div class='ocr_carea' id='block_1_61' title="bbox 2179 3172 3350 3264">
    <p class='ocr_par' dir='ltr' id='par_1_61' title="bbox 2179 3172 3350 3246">
     <span class='ocr_line' id='line_1_61' title="bbox 2179 3172 3350 3246; baseline 0.005 -18"><span class='ocrx_word' id='word_1_504' title='bbox 2179 3172 2413 3230; x_wconf 87' lang='lat' dir='ltr'><strong>licabunt</strong></span> <span class='ocrx_word' id='word_1_505' title='bbox 2442 3175 2495 3229; x_wconf 92' lang='lat' dir='ltr'><strong>in</strong></span> <span class='ocrx_word' id='word_1_506' title='bbox 2525 3177 2975 3246; x_wconf 76' lang='lat' dir='ltr'><strong>generationibus</strong></span> <span class='ocrx_word' id='word_1_507' title='bbox 3005 3189 3350 3234; x_wconf 81' lang='lat' dir='ltr'><strong>sanctorum.</strong></span> 
     </span>
    </p>
   </div>
   <div class='ocr_carea' id='block_1_62' title="bbox 463 3278 2064 3352">
    <p class='ocr_par' dir='ltr' id='par_1_62' title="bbox 463 3278 2064 3352">
     <span class='ocr_line' id='line_1_62' title="bbox 463 3278 2064 3352; baseline -0.005 -11"><span class='ocrx_word' id='word_1_508' title='bbox 463 3300 610 3341; x_wconf 89' lang='lat' dir='ltr'><strong>nunc</strong></span> <span class='ocrx_word' id='word_1_509' title='bbox 637 3294 819 3339; x_wconf 89' lang='lat' dir='ltr'><strong>autem</strong></span> <span class='ocrx_word' id='word_1_510' title='bbox 869 3282 1170 3339; x_wconf 90' lang='lat' dir='ltr'><strong>abscondis</strong></span> <span class='ocrx_word' id='word_1_511' title='bbox 1225 3293 1348 3352; x_wconf 87' lang='lat' dir='ltr'><strong>post</strong></span> <span class='ocrx_word' id='word_1_512' title='bbox 1396 3281 1745 3352; x_wconf 87' lang='lat' dir='ltr'><strong>baptismum,</strong></span> <span class='ocrx_word' id='word_1_513' title='bbox 1793 3278 1883 3334; x_wconf 91' lang='lat' dir='ltr'><strong>vel</strong></span> <span class='ocrx_word' id='word_1_514' title='bbox 1914 3278 2064 3333; x_wconf 88' lang='lat' dir='ltr'><strong>vitiis</strong></span> 
     </span>
    </p>
   </div>
   <div class='ocr_carea' id='block_1_63' title="bbox 463 3369 2066 3446">
    <p class='ocr_par' dir='ltr' id='par_1_63' title="bbox 463 3369 2066 3446">
     <span class='ocr_line' id='line_1_63' title="bbox 463 3369 2066 3446; baseline -0.006 -13"><span class='ocrx_word' id='word_1_515' title='bbox 463 3377 672 3445; x_wconf 84' lang='lat' dir='ltr'><strong>abluta,</strong></span> <span class='ocrx_word' id='word_1_516' title='bbox 710 3376 794 3432; x_wconf 86' lang='lat' dir='ltr'><strong>vel</strong></span> <span class='ocrx_word' id='word_1_517' title='bbox 833 3373 1004 3446; x_wconf 90' lang='lat' dir='ltr'><strong>gratia</strong></span> <span class='ocrx_word' id='word_1_518' title='bbox 1037 3374 1163 3430; x_wconf 86' lang='lat' dir='ltr'><strong>ﬁdei</strong></span> <span class='ocrx_word' id='word_1_519' title='bbox 1193 3372 1447 3428; x_wconf 90' lang='lat' dir='ltr'><strong>candida.</strong></span> <span class='ocrx_word' id='word_1_520' title='bbox 1483 3373 1620 3441; x_wconf 84' lang='lat' dir='ltr'><strong>Quia</strong></span> <span class='ocrx_word' id='word_1_521' title='bbox 1649 3374 1758 3441; x_wconf 87' lang='lat' dir='ltr'><strong>ipse</strong></span> <span class='ocrx_word' id='word_1_522' title='bbox 1785 3380 1859 3426; x_wconf 88' lang='lat' dir='ltr'><strong>est</strong></span> <span class='ocrx_word' id='word_1_523' title='bbox 1886 3369 2066 3426; x_wconf 75' lang='lat' dir='ltr'><strong>Domi-</strong></span> 
     </span>
    </p>
   </div>
   <div class='ocr_carea' id='block_1_64' title="bbox 467 3465 2064 3540">
    <p class='ocr_par' dir='ltr' id='par_1_64' title="bbox 467 3465 2064 3540">
     <span class='ocr_line' id='line_1_64' title="bbox 467 3465 2064 3540; baseline -0.005 -14"><span class='ocrx_word' id='word_1_524' title='bbox 467 3488 585 3526; x_wconf 85' lang='lat' dir='ltr'><strong>nus.</strong></span> <span class='ocrx_word' id='word_1_525' title='bbox 615 3469 656 3526; x_wconf 81' lang='grc' dir='ltr'><strong>Α</strong></span> <span class='ocrx_word' id='word_1_526' title='bbox 689 3483 798 3540; x_wconf 91' lang='lat' dir='ltr'><strong>quo</strong></span> <span class='ocrx_word' id='word_1_527' title='bbox 818 3468 1101 3540; x_wconf 88' lang='lat' dir='ltr'><strong>redempta</strong></span> <span class='ocrx_word' id='word_1_528' title='bbox 1127 3483 1206 3523; x_wconf 90' lang='lat' dir='ltr'><strong>es.</strong></span> <span class='ocrx_word' id='word_1_529' title='bbox 1237 3465 1378 3523; x_wconf 86' lang='lat' dir='ltr'><strong>Deus</strong></span> <span class='ocrx_word' id='word_1_530' title='bbox 1407 3475 1548 3522; x_wconf 90' lang='lat' dir='ltr'><strong>tuus.</strong></span> <span class='ocrx_word' id='word_1_531' title='bbox 1582 3466 1752 3535; x_wconf 85' lang='lat' dir='ltr'><strong>Quem</strong></span> <span class='ocrx_word' id='word_1_532' title='bbox 1784 3479 1948 3531; x_wconf 91' lang='lat' dir='ltr'><strong>nunc,</strong></span> <span class='ocrx_word' id='word_1_533' title='bbox 1976 3478 2064 3518; x_wconf 86' lang='lat' dir='ltr'><strong>re-</strong></span> 
     </span>
    </p>
   </div>
   <div class='ocr_carea' id='block_1_65' title="bbox 465 3555 2066 3627">
    <p class='ocr_par' dir='ltr' id='par_1_65' title="bbox 465 3555 2066 3627">
     <span class='ocr_line' id='line_1_65' title="bbox 465 3555 2066 3627; baseline -0.005 -8"><span class='ocrx_word' id='word_1_534' title='bbox 465 3562 607 3619; x_wconf 90' lang='lat' dir='ltr'><strong>lictis</strong></span> <span class='ocrx_word' id='word_1_535' title='bbox 644 3560 974 3626; x_wconf 90' lang='lat' dir='ltr'><strong>simulacris,</strong></span> <span class='ocrx_word' id='word_1_536' title='bbox 1017 3559 1228 3616; x_wconf 84' lang='lat' dir='ltr'><strong>excolis</strong></span> <span class='ocrx_word' id='word_1_537' title='bbox 1260 3569 1316 3615; x_wconf 89' lang='lat' dir='ltr'><strong>et</strong></span> <span class='ocrx_word' id='word_1_538' title='bbox 1353 3559 1568 3615; x_wconf 87' lang='lat' dir='ltr'><strong>adoras.</strong></span> <span class='ocrx_word' id='word_1_539' title='bbox 1601 3557 1885 3627; x_wconf 88' lang='lat' dir='ltr'><strong>Quomodo</strong></span> <span class='ocrx_word' id='word_1_540' title='bbox 1931 3555 2066 3612; x_wconf 86' lang='lat' dir='ltr'><strong>dicit</strong></span> 
     </span>
    </p>
   </div>
   <div class='ocr_carea' id='block_1_66' title="bbox 470 3649 2063 3727">
    <p class='ocr_par' dir='ltr' id='par_1_66' title="bbox 470 3649 2063 3727">
     <span class='ocr_line' id='line_1_66' title="bbox 470 3649 2063 3727; baseline -0.003 -17"><span class='ocrx_word' id='word_1_541' title='bbox 470 3655 712 3727; x_wconf 89' lang='lat' dir='ltr'><strong>speciem</strong></span> <span class='ocrx_word' id='word_1_542' title='bbox 741 3664 798 3710; x_wconf 90' lang='lat' dir='ltr'><strong>et</strong></span> <span class='ocrx_word' id='word_1_543' title='bbox 826 3653 1287 3725; x_wconf 87' lang='lat' dir='ltr'><strong>pulchritudinem</strong></span> <span class='ocrx_word' id='word_1_544' title='bbox 1320 3662 1463 3710; x_wconf 89' lang='lat' dir='ltr'><strong>tuam</strong></span> <span class='ocrx_word' id='word_1_545' title='bbox 1491 3670 1504 3707; x_wconf 89' lang='lat'><strong>:</strong></span> <span class='ocrx_word' id='word_1_546' title='bbox 1531 3667 1656 3709; x_wconf 94' lang='lat' dir='ltr'><strong>eum</strong></span> <span class='ocrx_word' id='word_1_547' title='bbox 1679 3667 1786 3707; x_wconf 91' lang='lat' dir='ltr'><strong>non</strong></span> <span class='ocrx_word' id='word_1_548' title='bbox 1815 3649 2063 3722; x_wconf 88' lang='lat' dir='ltr'><strong>pulchra,</strong></span> 
     </span>
    </p>
   </div>
   <div class='ocr_carea' id='block_1_67' title="bbox 467 3743 2065 3820">
    <p class='ocr_par' dir='ltr' id='par_1_67' title="bbox 467 3743 2065 3820">
     <span class='ocr_line' id='line_1_67' title="bbox 467 3743 2065 3820; baseline -0.003 -16"><span class='ocrx_word' id='word_1_549' title='bbox 467 3763 570 3805; x_wconf 91' lang='lat' dir='ltr'><strong>nec</strong></span> <span class='ocrx_word' id='word_1_550' title='bbox 595 3749 869 3820; x_wconf 84' lang='lat' dir='ltr'><strong>speciosa,</strong></span> <span class='ocrx_word' id='word_1_551' title='bbox 901 3761 1063 3819; x_wconf 89' lang='lat' dir='ltr'><strong>quam</strong></span> <span class='ocrx_word' id='word_1_552' title='bbox 1103 3755 1260 3802; x_wconf 88' lang='lat' dir='ltr'><strong>antea</strong></span> <span class='ocrx_word' id='word_1_553' title='bbox 1303 3746 1488 3814; x_wconf 78' lang='lat' dir='ltr'><strong>fetida,</strong></span> <span class='ocrx_word' id='word_1_554' title='bbox 1519 3745 1779 3801; x_wconf 78' lang='lat' dir='ltr'><strong>deformis</strong></span> <span class='ocrx_word' id='word_1_555' title='bbox 1807 3753 1924 3801; x_wconf 88' lang='lat' dir='ltr'><strong>erat</strong></span> <span class='ocrx_word' id='word_1_556' title='bbox 1963 3743 2065 3800; x_wconf 87' lang='lat' dir='ltr'><strong>Ec-</strong></span> 
     </span>
    </p>
   </div>
   <div class='ocr_carea' id='block_1_68' title="bbox 464 3839 2062 3913">
    <p class='ocr_par' dir='ltr' id='par_1_68' title="bbox 464 3839 2062 3913">
     <span class='ocr_line' id='line_1_68' title="bbox 464 3839 2062 3913; baseline -0.004 -15"><span class='ocrx_word' id='word_1_557' title='bbox 464 3841 668 3898; x_wconf 83' lang='lat' dir='ltr'><strong>clesia?</strong></span> <span class='ocrx_word' id='word_1_558' title='bbox 695 3840 803 3898; x_wconf 91' lang='lat' dir='ltr'><strong>Sed</strong></span> <span class='ocrx_word' id='word_1_559' title='bbox 835 3850 1021 3912; x_wconf 90' lang='lat' dir='ltr'><strong>postea</strong></span> <span class='ocrx_word' id='word_1_560' title='bbox 1046 3840 1277 3913; x_wconf 90' lang='lat' dir='ltr'><strong>pulchra</strong></span> <span class='ocrx_word' id='word_1_561' title='bbox 1307 3849 1361 3897; x_wconf 92' lang='lat' dir='ltr'><strong>et</strong></span> <span class='ocrx_word' id='word_1_562' title='bbox 1385 3839 1631 3911; x_wconf 88' lang='lat' dir='ltr'><strong>speciosa</strong></span> <span class='ocrx_word' id='word_1_563' title='bbox 1665 3853 1760 3910; x_wconf 90' lang='lat' dir='ltr'><strong>per</strong></span> <span class='ocrx_word' id='word_1_564' title='bbox 1790 3839 2062 3894; x_wconf 89' lang='lat' dir='ltr'><strong>lavacrum</strong></span> 
     </span>
    </p>
   </div>
   <div class='ocr_carea' id='block_1_69' title="bbox 461 3929 2062 4006">
    <p class='ocr_par' dir='ltr' id='par_1_69' title="bbox 461 3929 2062 4006">
     <span class='ocr_line' id='line_1_69' title="bbox 461 3929 2062 4006; baseline -0.004 -15"><span class='ocrx_word' id='word_1_565' title='bbox 461 3934 720 4006; x_wconf 89' lang='lat' dir='ltr'><strong>baptismi</strong></span> <span class='ocrx_word' id='word_1_566' title='bbox 747 3951 763 3991; x_wconf 89' lang='lat'><strong>:</strong></span> <span class='ocrx_word' id='word_1_567' title='bbox 789 3933 914 4006; x_wconf 89' lang='lat' dir='ltr'><strong>quia</strong></span> <span class='ocrx_word' id='word_1_568' title='bbox 937 3935 1116 4004; x_wconf 87' lang='lat' dir='ltr'><strong>justus</strong></span> <span class='ocrx_word' id='word_1_569' title='bbox 1144 3948 1241 4003; x_wconf 89' lang='lat' dir='ltr'><strong>pro</strong></span> <span class='ocrx_word' id='word_1_570' title='bbox 1269 3931 1450 4003; x_wconf 90' lang='lat' dir='ltr'><strong>impiis</strong></span> <span class='ocrx_word' id='word_1_571' title='bbox 1477 3939 1724 3987; x_wconf 89' lang='lat' dir='ltr'><strong>mortuus</strong></span> <span class='ocrx_word' id='word_1_572' title='bbox 1745 3939 1849 3997; x_wconf 90' lang='lat' dir='ltr'><strong>est,</strong></span> <span class='ocrx_word' id='word_1_573' title='bbox 1881 3929 1935 3985; x_wconf 90' lang='lat' dir='ltr'><strong>id</strong></span> <span class='ocrx_word' id='word_1_574' title='bbox 1957 3938 2062 3996; x_wconf 90' lang='lat' dir='ltr'><strong>est,</strong></span> 
     </span>
    </p>
   </div>
   <div class='ocr_carea' id='block_1_70' title="bbox 463 4023 2062 4099">
    <p class='ocr_par' dir='ltr' id='par_1_70' title="bbox 463 4023 2062 4099">
     <span class='ocr_line' id='line_1_70' title="bbox 463 4023 2062 4099; baseline -0.004 -15"><span class='ocrx_word' id='word_1_575' title='bbox 463 4027 719 4084; x_wconf 83' lang='lat' dir='ltr'><strong>Christus</strong></span> <span class='ocrx_word' id='word_1_576' title='bbox 744 4047 757 4083; x_wconf 89' lang='lat'><strong>:</strong></span> <span class='ocrx_word' id='word_1_577' title='bbox 791 4026 1062 4083; x_wconf 89' lang='lat' dir='ltr'><strong>mundans</strong></span> <span class='ocrx_word' id='word_1_578' title='bbox 1084 4041 1206 4082; x_wconf 88' lang='lat' dir='ltr'><strong>eam</strong></span> <span class='ocrx_word' id='word_1_579' title='bbox 1225 4041 1326 4099; x_wconf 88' lang='lat' dir='ltr'><strong>per</strong></span> <span class='ocrx_word' id='word_1_580' title='bbox 1352 4026 1625 4081; x_wconf 85' lang='lat' dir='ltr'><strong>lavacrum</strong></span> <span class='ocrx_word' id='word_1_581' title='bbox 1654 4023 1932 4096; x_wconf 78' lang='lat' dir='ltr'><strong>sanguinis</strong></span> <span class='ocrx_word' id='word_1_582' title='bbox 1955 4023 2062 4090; x_wconf 89' lang='lat' dir='ltr'><strong>sui,</strong></span> 
     </span>
    </p>
   </div>
   <div class='ocr_carea' id='block_1_71' title="bbox 463 4119 2068 4192">
    <p class='ocr_par' dir='ltr' id='par_1_71' title="bbox 463 4119 2068 4192">
     <span class='ocr_line' id='line_1_71' title="bbox 463 4119 2068 4192; baseline -0.003 -16"><span class='ocrx_word' id='word_1_583' title='bbox 463 4131 526 4177; x_wconf 89' lang='lat' dir='ltr'><strong>ut</strong></span> <span class='ocrx_word' id='word_1_584' title='bbox 554 4123 631 4177; x_wconf 88' lang='lat' dir='ltr'><strong>ait</strong></span> <span class='ocrx_word' id='word_1_585' title='bbox 657 4121 960 4192; x_wconf 80' lang='lat' dir='ltr'><strong>Apostolus</strong></span> <span class='ocrx_word' id='word_1_586' title='bbox 994 4140 1007 4175; x_wconf 91' lang='lat'><strong>:</strong></span> <span class='ocrx_word' id='word_1_587' title='bbox 1039 4119 1156 4176; x_wconf 85' lang='lat' dir='ltr'><strong>Non</strong></span> <span class='ocrx_word' id='word_1_588' title='bbox 1208 4119 1502 4174; x_wconf 86' lang='lat' dir='ltr'><strong>habentem</strong></span> <span class='ocrx_word' id='word_1_589' title='bbox 1555 4119 1825 4174; x_wconf 89' lang='lat' dir='ltr'><strong>maculam</strong></span> <span class='ocrx_word' id='word_1_590' title='bbox 1855 4126 1948 4173; x_wconf 89' lang='lat' dir='ltr'><strong>aut</strong></span> <span class='ocrx_word' id='word_1_591' title='bbox 1978 4132 2068 4172; x_wconf 87' lang='lat' dir='ltr'><strong>ru-</strong></span> 
     </span>
    </p>
   </div>
   <div class='ocr_carea' id='block_1_72' title="bbox 462 4211 2062 4288">
    <p class='ocr_par' dir='ltr' id='par_1_72' title="bbox 462 4211 2062 4288">
     <span class='ocr_line' id='line_1_72' title="bbox 462 4211 2062 4288; baseline -0.003 -17"><span class='ocrx_word' id='word_1_592' title='bbox 462 4214 838 4288; x_wconf 65' lang='lat' dir='ltr'><strong>gain:(Eplies.</strong></span> <span class='ocrx_word' id='word_1_593' title='bbox 871 4217 948 4286; x_wconf 91' lang='lat' dir='ltr'><strong>v).</strong></span> <span class='ocrx_word' id='word_1_594' title='bbox 978 4212 1046 4268; x_wconf 87' lang='lat' dir='ltr'><strong>Et</strong></span> <span class='ocrx_word' id='word_1_595' title='bbox 1070 4213 1363 4269; x_wconf 88' lang='lat' dir='ltr'><strong>adorabunt</strong></span> <span class='ocrx_word' id='word_1_596' title='bbox 1389 4230 1507 4268; x_wconf 90' lang='lat' dir='ltr'><strong>eum</strong></span> <span class='ocrx_word' id='word_1_597' title='bbox 1535 4214 1661 4284; x_wconf 74' lang='lat' dir='ltr'><strong>ﬁlia:</strong></span> <span class='ocrx_word' id='word_1_598' title='bbox 1688 4211 1833 4284; x_wconf 82' lang='lat' dir='ltr'><strong>Tyri.</strong></span> <span class='ocrx_word' id='word_1_599' title='bbox 1866 4212 2062 4285; x_wconf 86' lang='lat' dir='ltr'><strong>Tyrus,</strong></span> 
     </span>
    </p>
   </div>
   <div class='ocr_carea' id='block_1_73' title="bbox 459 4303 2064 4379">
    <p class='ocr_par' dir='ltr' id='par_1_73' title="bbox 459 4303 2064 4379">
     <span class='ocr_line' id='line_1_73' title="bbox 459 4303 2064 4379; baseline -0.002 -16"><span class='ocrx_word' id='word_1_600' title='bbox 459 4307 878 4379; x_wconf 87' lang='lat' dir='ltr'><strong>interpretatur,</strong></span> <span class='ocrx_word' id='word_1_601' title='bbox 931 4308 1203 4379; x_wconf 85' lang='lat' dir='ltr'><strong>angustia.</strong></span> <span class='ocrx_word' id='word_1_602' title='bbox 1236 4305 1395 4362; x_wconf 67' lang='lat' dir='ltr'><strong>Filiae</strong></span> <span class='ocrx_word' id='word_1_603' title='bbox 1425 4303 1577 4377; x_wconf 81' lang='lat' dir='ltr'><strong>Tyri,</strong></span> <span class='ocrx_word' id='word_1_604' title='bbox 1623 4304 1750 4360; x_wconf 72' lang='lat' dir='ltr'><strong>ﬁlite</strong></span> <span class='ocrx_word' id='word_1_605' title='bbox 1777 4305 2064 4376; x_wconf 67' lang='lat' dir='ltr'><strong>angustiae.</strong></span> 
     </span>
    </p>
   </div>
   <div class='ocr_carea' id='block_1_74' title="bbox 466 4395 2066 4472">
    <p class='ocr_par' dir='ltr' id='par_1_74' title="bbox 466 4395 2066 4472">
     <span class='ocr_line' id='line_1_74' title="bbox 466 4395 2066 4472; baseline -0.002 -17"><span class='ocrx_word' id='word_1_606' title='bbox 466 4400 574 4472; x_wconf 85' lang='lat' dir='ltr'><strong>Ipsi</strong></span> <span class='ocrx_word' id='word_1_607' title='bbox 614 4399 844 4456; x_wconf 87' lang='lat' dir='ltr'><strong>adorant</strong></span> <span class='ocrx_word' id='word_1_608' title='bbox 871 4397 1191 4465; x_wconf 87' lang='lat' dir='ltr'><strong>Christum,</strong></span> <span class='ocrx_word' id='word_1_609' title='bbox 1241 4397 1337 4469; x_wconf 90' lang='lat' dir='ltr'><strong>qui</strong></span> <span class='ocrx_word' id='word_1_610' title='bbox 1384 4405 1515 4452; x_wconf 89' lang='lat' dir='ltr'><strong>sunt</strong></span> <span class='ocrx_word' id='word_1_611' title='bbox 1558 4396 1616 4451; x_wconf 87' lang='lat' dir='ltr'><strong>in</strong></span> <span class='ocrx_word' id='word_1_612' title='bbox 1666 4397 1938 4467; x_wconf 89' lang='lat' dir='ltr'><strong>angustia.</strong></span> <span class='ocrx_word' id='word_1_613' title='bbox 1966 4395 2066 4452; x_wconf 81' lang='lat' dir='ltr'><strong>Vel</strong></span> 
     </span>
    </p>
   </div>
   <div class='ocr_carea' id='block_1_75' title="bbox 467 4488 2067 4563">
    <p class='ocr_par' dir='ltr' id='par_1_75' title="bbox 467 4488 2067 4563">
     <span class='ocr_line' id='line_1_75' title="bbox 467 4488 2067 4563; baseline -0.004 -15"><span class='ocrx_word' id='word_1_614' title='bbox 467 4493 665 4549; x_wconf 68' lang='lat' dir='ltr'><strong>anima:</strong></span> <span class='ocrx_word' id='word_1_615' title='bbox 704 4491 988 4548; x_wconf 88' lang='lat' dir='ltr'><strong>credentes</strong></span> <span class='ocrx_word' id='word_1_616' title='bbox 1032 4507 1098 4548; x_wconf 87' lang='lat' dir='ltr'><strong>ex</strong></span> <span class='ocrx_word' id='word_1_617' title='bbox 1136 4491 1412 4563; x_wconf 81' lang='lat' dir='ltr'><strong>gentibus.</strong></span> <span class='ocrx_word' id='word_1_618' title='bbox 1442 4488 1511 4544; x_wconf 87' lang='lat' dir='ltr'><strong>In</strong></span> <span class='ocrx_word' id='word_1_619' title='bbox 1537 4489 1836 4544; x_wconf 84' lang='lat' dir='ltr'><strong>muneribus</strong></span> <span class='ocrx_word' id='word_1_620' title='bbox 1870 4489 2067 4543; x_wconf 86' lang='lat' dir='ltr'><strong>vultum</strong></span> 
     </span>
    </p>
   </div>
   <div class='ocr_carea' id='block_1_76' title="bbox 2241 3265 3746 3342">
    <p class='ocr_par' dir='ltr' id='par_1_76' title="bbox 2241 3265 3746 3342">
     <span class='ocr_line' id='line_1_76' title="bbox 2241 3265 3746 3342; baseline 0.003 -21"><span class='ocrx_word' id='word_1_621' title='bbox 2241 3265 2530 3340; x_wconf 89' lang='lat' dir='ltr'><strong>Propterea</strong></span> <span class='ocrx_word' id='word_1_622' title='bbox 2555 3268 2738 3342; x_wconf 84' lang='lat' dir='ltr'><strong>pepuli</strong></span> <span class='ocrx_word' id='word_1_623' title='bbox 2767 3269 3148 3342; x_wconf 81' lang='lat' dir='ltr'><strong>conﬁtebuntur</strong></span> <span class='ocrx_word' id='word_1_624' title='bbox 3192 3272 3286 3326; x_wconf 88' lang='lat' dir='ltr'><strong>tibi</strong></span> <span class='ocrx_word' id='word_1_625' title='bbox 3328 3272 3382 3326; x_wconf 84' lang='lat' dir='ltr'><strong>in</strong></span> <span class='ocrx_word' id='word_1_626' title='bbox 3426 3282 3681 3338; x_wconf 70' lang='lat' dir='ltr'><strong>quernum,</strong></span> <span class='ocrx_word' id='word_1_627' title='bbox 3705 3279 3746 3327; x_wconf 87' lang='lat' dir='ltr'><strong>et</strong></span> 
     </span>
    </p>
   </div>
   <div class='ocr_carea' id='block_1_77' title="bbox 2165 3361 3746 3436">
    <p class='ocr_par' dir='ltr' id='par_1_77' title="bbox 2165 3361 3746 3436">
     <span class='ocr_line' id='line_1_77' title="bbox 2165 3361 3746 3436; baseline 0.003 -20"><span class='ocrx_word' id='word_1_628' title='bbox 2165 3361 2218 3416; x_wconf 88' lang='lat' dir='ltr'><strong>in</strong></span> <span class='ocrx_word' id='word_1_629' title='bbox 2249 3363 2501 3417; x_wconf 78' lang='lat' dir='ltr'><strong>swcutum</strong></span> <span class='ocrx_word' id='word_1_630' title='bbox 2531 3364 2729 3418; x_wconf 66' lang='lat' dir='ltr'><strong>seaculi.</strong></span> <span class='ocrx_word' id='word_1_631' title='bbox 2757 3363 2838 3420; x_wconf 92' lang='lat' dir='ltr'><strong>Ob</strong></span> <span class='ocrx_word' id='word_1_632' title='bbox 2864 3379 3052 3422; x_wconf 90' lang='lat' dir='ltr'><strong>eorum</strong></span> <span class='ocrx_word' id='word_1_633' title='bbox 3077 3365 3526 3435; x_wconf 74' lang='lat' dir='ltr'><strong>praedicationem</strong></span> <span class='ocrx_word' id='word_1_634' title='bbox 3558 3379 3746 3436; x_wconf 79' lang='lat' dir='ltr'><strong>semper</strong></span> 
     </span>
    </p>
   </div>
   <div class='ocr_carea' id='block_1_78' title="bbox 2167 3455 3747 3532">
    <p class='ocr_par' dir='ltr' id='par_1_78' title="bbox 2167 3455 3747 3532">
     <span class='ocr_line' id='line_1_78' title="bbox 2167 3455 3747 3532; baseline 0.001 -20"><span class='ocrx_word' id='word_1_635' title='bbox 2167 3456 2264 3512; x_wconf 91' lang='lat' dir='ltr'><strong>tibi</strong></span> <span class='ocrx_word' id='word_1_636' title='bbox 2294 3455 2494 3513; x_wconf 89' lang='lat' dir='ltr'><strong>delicta</strong></span> <span class='ocrx_word' id='word_1_637' title='bbox 2527 3458 2710 3528; x_wconf 90' lang='lat' dir='ltr'><strong>populi</strong></span> <span class='ocrx_word' id='word_1_638' title='bbox 2739 3461 3075 3516; x_wconf 87' lang='lat' dir='ltr'><strong>conlitentur</strong></span> <span class='ocrx_word' id='word_1_639' title='bbox 3109 3477 3123 3514; x_wconf 90' lang='lat'><strong>:</strong></span> <span class='ocrx_word' id='word_1_640' title='bbox 3159 3468 3305 3515; x_wconf 87' lang='lat' dir='ltr'><strong>tuam</strong></span> <span class='ocrx_word' id='word_1_641' title='bbox 3337 3459 3572 3532; x_wconf 87' lang='lat' dir='ltr'><strong>gloriam</strong></span> <span class='ocrx_word' id='word_1_642' title='bbox 3613 3474 3747 3515; x_wconf 82' lang='lat' dir='ltr'><strong>enar-</strong></span> 
     </span>
    </p>
   </div>
   <div class='ocr_carea' id='block_1_79' title="bbox 2167 3549 3269 3618">
    <p class='ocr_par' dir='ltr' id='par_1_79' title="bbox 2167 3549 3269 3618">
     <span class='ocr_line' id='line_1_79' title="bbox 2167 3549 3269 3618; baseline 0.005 -13"><span class='ocrx_word' id='word_1_643' title='bbox 2167 3549 2388 3618; x_wconf 89' lang='lat' dir='ltr'><strong>rabunt,</strong></span> <span class='ocrx_word' id='word_1_644' title='bbox 2418 3559 2566 3605; x_wconf 89' lang='lat' dir='ltr'><strong>tuam</strong></span> <span class='ocrx_word' id='word_1_645' title='bbox 2596 3551 2814 3608; x_wconf 89' lang='lat' dir='ltr'><strong>laudem</strong></span> <span class='ocrx_word' id='word_1_646' title='bbox 2843 3551 3269 3610; x_wconf 74' lang='lat' dir='ltr'><strong>anniuntiahunt.</strong></span> 
     </span>
    </p>
   </div>
   <div class='ocr_carea' id='block_1_80' title="bbox 2708 3644 3341 3722">
    <p class='ocr_par' dir='ltr' id='par_1_80' title="bbox 2708 3644 3341 3722">
     <span class='ocr_line' id='line_1_80' title="bbox 2708 3644 3341 3722; baseline 0.002 -3"><span class='ocrx_word' id='word_1_647' title='bbox 2708 3663 3028 3722; x_wconf 81' lang='lat' dir='ltr'><strong>PSALMUS</strong></span> <span class='ocrx_word' id='word_1_648' title='bbox 3069 3665 3232 3721; x_wconf 79' lang='lat' dir='ltr'><strong>XLV.</strong></span> <span class='ocrx_word' id='word_1_649' title='bbox 3333 3644 3341 3652; x_wconf 87' lang='grc'><em>’</em></span> 
     </span>
    </p>
   </div>
   <div class='ocr_carea' id='block_1_81' title="bbox 2169 3744 3745 3821">
    <p class='ocr_par' dir='ltr' id='par_1_81' title="bbox 2169 3744 3745 3821">
     <span class='ocr_line' id='line_1_81' title="bbox 2169 3744 3745 3821; baseline 0.001 -20"><span class='ocrx_word' id='word_1_650' title='bbox 2169 3744 2236 3802; x_wconf 82' lang='grc' dir='ltr'><strong>1η</strong></span> <span class='ocrx_word' id='word_1_651' title='bbox 2265 3747 2444 3817; x_wconf 87' lang='lat' dir='ltr'><strong>ﬁnem,</strong></span> <span class='ocrx_word' id='word_1_652' title='bbox 2493 3766 2586 3821; x_wconf 85' lang='lat' dir='ltr'><strong>pro</strong></span> <span class='ocrx_word' id='word_1_653' title='bbox 2633 3749 2757 3821; x_wconf 81' lang='lat' dir='ltr'><strong>ﬁliis</strong></span> <span class='ocrx_word' id='word_1_654' title='bbox 2785 3749 2918 3805; x_wconf 86' lang='lat' dir='ltr'><strong>Core</strong></span> <span class='ocrx_word' id='word_1_655' title='bbox 2946 3767 3040 3818; x_wconf 88' lang='lat' dir='ltr'><strong>pro</strong></span> <span class='ocrx_word' id='word_1_656' title='bbox 3068 3752 3298 3814; x_wconf 86' lang='lat' dir='ltr'><strong>arcanis,</strong></span> <span class='ocrx_word' id='word_1_657' title='bbox 3349 3750 3610 3807; x_wconf 84' lang='lat' dir='ltr'><strong>Psalmns.</strong></span> <span class='ocrx_word' id='word_1_658' title='bbox 3655 3748 3745 3803; x_wconf 87' lang='lat' dir='ltr'><strong>Pro</strong></span> 
     </span>
    </p>
   </div>
   <div class='ocr_carea' id='block_1_82' title="bbox 2239 3820 3745 3892">
    <p class='ocr_par' dir='ltr' id='par_1_82' title="bbox 2239 3820 3745 3892">
     <span class='ocr_line' id='line_1_82' title="bbox 2239 3820 3745 3892; baseline 0.002 -19"><span class='ocrx_word' id='word_1_659' title='bbox 2239 3820 2443 3892; x_wconf 85' lang='lat' dir='ltr'><strong>areanis</strong></span> <span class='ocrx_word' id='word_1_660' title='bbox 2471 3837 2489 3875; x_wconf 90' lang='lat'><em>:</em></span> <span class='ocrx_word' id='word_1_661' title='bbox 2516 3820 2570 3875; x_wconf 94' lang='lat' dir='ltr'><strong>id</strong></span> <span class='ocrx_word' id='word_1_662' title='bbox 2602 3820 2686 3892; x_wconf 85' lang='lat' dir='ltr'><strong>est</strong></span> <span class='ocrx_word' id='word_1_663' title='bbox 2716 3838 2815 3888; x_wconf 89' lang='lat' dir='ltr'><strong>pro</strong></span> <span class='ocrx_word' id='word_1_664' title='bbox 2846 3822 3080 3877; x_wconf 86' lang='lat' dir='ltr'><strong>occultis</strong></span> <span class='ocrx_word' id='word_1_665' title='bbox 3109 3822 3178 3878; x_wconf 89' lang='lat' dir='ltr'><strong>de</strong></span> <span class='ocrx_word' id='word_1_666' title='bbox 3216 3823 3505 3878; x_wconf 88' lang='lat' dir='ltr'><strong>vocatione</strong></span> <span class='ocrx_word' id='word_1_667' title='bbox 3532 3823 3745 3892; x_wconf 84' lang='lat' dir='ltr'><strong>gentium</strong></span> 
     </span>
    </p>
   </div>
   <div class='ocr_carea' id='block_1_83' title="bbox 2239 3891 3746 3962">
    <p class='ocr_par' dir='ltr' id='par_1_83' title="bbox 2239 3891 3746 3962">
     <span class='ocr_line' id='line_1_83' title="bbox 2239 3891 3746 3962; baseline 0 -17"><span class='ocrx_word' id='word_1_668' title='bbox 2239 3899 2293 3946; x_wconf 91' lang='lat' dir='ltr'><strong>et</strong></span> <span class='ocrx_word' id='word_1_669' title='bbox 2322 3891 2388 3946; x_wconf 92' lang='lat' dir='ltr'><strong>de</strong></span> <span class='ocrx_word' id='word_1_670' title='bbox 2416 3891 2806 3962; x_wconf 78' lang='lat' dir='ltr'><strong>reprobatione</strong></span> <span class='ocrx_word' id='word_1_671' title='bbox 2834 3893 3174 3948; x_wconf 83' lang='lat' dir='ltr'><strong>Judacorum.</strong></span> <span class='ocrx_word' id='word_1_672' title='bbox 3209 3893 3458 3949; x_wconf 87' lang='lat' dir='ltr'><strong>Psalmus</strong></span> <span class='ocrx_word' id='word_1_673' title='bbox 3489 3891 3637 3949; x_wconf 85' lang='lat' dir='ltr'><strong>decet</strong></span> <span class='ocrx_word' id='word_1_674' title='bbox 3663 3905 3746 3946; x_wconf 89' lang='lat' dir='ltr'><strong>nos</strong></span> 
     </span>
    </p>
   </div>
   <div class='ocr_carea' id='block_1_84' title="bbox 2240 3965 3744 4036">
    <p class='ocr_par' dir='ltr' id='par_1_84' title="bbox 2240 3965 3744 4036">
     <span class='ocr_line' id='line_1_84' title="bbox 2240 3965 3744 4036; baseline 0 -19"><span class='ocrx_word' id='word_1_675' title='bbox 2240 3976 2391 4030; x_wconf 88' lang='lat' dir='ltr'><strong>spem</strong></span> <span class='ocrx_word' id='word_1_676' title='bbox 2425 3975 2665 4018; x_wconf 80' lang='lat' dir='ltr'><strong>noSIram</strong></span> <span class='ocrx_word' id='word_1_677' title='bbox 2696 3965 2748 4018; x_wconf 92' lang='lat' dir='ltr'><strong>in</strong></span> <span class='ocrx_word' id='word_1_678' title='bbox 2782 3966 2932 4020; x_wconf 92' lang='lat' dir='ltr'><strong>illum</strong></span> <span class='ocrx_word' id='word_1_679' title='bbox 2979 3965 3182 4020; x_wconf 86' lang='lat' dir='ltr'><strong>debere</strong></span> <span class='ocrx_word' id='word_1_680' title='bbox 3212 3980 3442 4035; x_wconf 89' lang='lat' dir='ltr'><strong>ponere,</strong></span> <span class='ocrx_word' id='word_1_681' title='bbox 3485 3967 3574 4036; x_wconf 90' lang='lat' dir='ltr'><strong>qui</strong></span> <span class='ocrx_word' id='word_1_682' title='bbox 3619 3965 3744 4019; x_wconf 83' lang='lat' dir='ltr'><strong>solus</strong></span> 
     </span>
    </p>
   </div>
   <div class='ocr_carea' id='block_1_85' title="bbox 2240 4036 3193 4104">
    <p class='ocr_par' dir='ltr' id='par_1_85' title="bbox 2240 4036 3193 4104">
     <span class='ocr_line' id='line_1_85' title="bbox 2240 4036 3193 4104; baseline 0.003 -17"><span class='ocrx_word' id='word_1_683' title='bbox 2240 4044 2424 4104; x_wconf 90' lang='lat' dir='ltr'><strong>potest</strong></span> <span class='ocrx_word' id='word_1_684' title='bbox 2453 4036 2520 4090; x_wconf 92' lang='lat' dir='ltr'><strong>de</strong></span> <span class='ocrx_word' id='word_1_685' title='bbox 2552 4036 2906 4092; x_wconf 84' lang='lat' dir='ltr'><strong>tribulatione</strong></span> <span class='ocrx_word' id='word_1_686' title='bbox 2935 4036 3193 4092; x_wconf 90' lang='lat' dir='ltr'><strong>liberare.</strong></span> 
     </span>
    </p>
   </div>
   <div class='ocr_carea' id='block_1_86' title="bbox 2241 4127 3745 4204">
    <p class='ocr_par' dir='ltr' id='par_1_86' title="bbox 2241 4127 3745 4204">
     <span class='ocr_line' id='line_1_86' title="bbox 2241 4127 3745 4204; baseline -0.001 -21"><span class='ocrx_word' id='word_1_687' title='bbox 2241 4127 2384 4184; x_wconf 87' lang='lat' dir='ltr'><strong>Deus</strong></span> <span class='ocrx_word' id='word_1_688' title='bbox 2425 4139 2599 4184; x_wconf 81' lang='lat' dir='ltr'><strong>noster</strong></span> <span class='ocrx_word' id='word_1_689' title='bbox 2622 4130 2885 4204; x_wconf 81' lang='lat' dir='ltr'><strong>refugium</strong></span> <span class='ocrx_word' id='word_1_690' title='bbox 2911 4139 2960 4184; x_wconf 85' lang='lat' dir='ltr'><strong>et</strong></span> <span class='ocrx_word' id='word_1_691' title='bbox 2987 4131 3151 4186; x_wconf 80' lang='lat' dir='ltr'><strong>uirtus</strong></span> <span class='ocrx_word' id='word_1_692' title='bbox 3175 4147 3194 4185; x_wconf 84' lang='lat'><strong>.&#39;</strong></span> <span class='ocrx_word' id='word_1_693' title='bbox 3220 4129 3433 4204; x_wconf 80' lang='lat' dir='ltr'><strong>adjutor</strong></span> <span class='ocrx_word' id='word_1_694' title='bbox 3456 4130 3510 4184; x_wconf 86' lang='lat' dir='ltr'><strong>in</strong></span> <span class='ocrx_word' id='word_1_695' title='bbox 3553 4129 3745 4184; x_wconf 86' lang='lat' dir='ltr'><strong>tribula-</strong></span> 
     </span>
    </p>
   </div>
   <div class='ocr_carea' id='block_1_87' title="bbox 2169 4221 3743 4295">
    <p class='ocr_par' dir='ltr' id='par_1_87' title="bbox 2169 4221 3743 4295">
     <span class='ocr_line' id='line_1_87' title="bbox 2169 4221 3743 4295; baseline -0.002 -18"><span class='ocrx_word' id='word_1_696' title='bbox 2169 4223 2394 4278; x_wconf 87' lang='lat' dir='ltr'><strong>tionibus</strong></span> <span class='ocrx_word' id='word_1_697' title='bbox 2422 4239 2536 4295; x_wconf 72' lang='lat' dir='ltr'><strong>quae</strong></span> <span class='ocrx_word' id='word_1_698' title='bbox 2576 4226 2878 4279; x_wconf 84' lang='lat' dir='ltr'><strong>invenerunt</strong></span> <span class='ocrx_word' id='word_1_699' title='bbox 2923 4239 3017 4278; x_wconf 89' lang='lat' dir='ltr'><strong>nos</strong></span> <span class='ocrx_word' id='word_1_700' title='bbox 3053 4223 3226 4278; x_wconf 88' lang='lat' dir='ltr'><strong>nimis.</strong></span> <span class='ocrx_word' id='word_1_701' title='bbox 3274 4222 3479 4279; x_wconf 86' lang='lat' dir='ltr'><strong>Plenus</strong></span> <span class='ocrx_word' id='word_1_702' title='bbox 3521 4231 3599 4277; x_wconf 88' lang='lat' dir='ltr'><strong>est</strong></span> <span class='ocrx_word' id='word_1_703' title='bbox 3621 4221 3743 4277; x_wconf 89' lang='lat' dir='ltr'><strong>enim</strong></span> 
     </span>
    </p>
   </div>
   <div class='ocr_carea' id='block_1_88' title="bbox 2170 4313 3747 4386">
    <p class='ocr_par' dir='ltr' id='par_1_88' title="bbox 2170 4313 3747 4386">
     <span class='ocr_line' id='line_1_88' title="bbox 2170 4313 3747 4386; baseline -0.004 -16"><span class='ocrx_word' id='word_1_704' title='bbox 2170 4314 2407 4371; x_wconf 91' lang='lat' dir='ltr'><strong>mundus</strong></span> <span class='ocrx_word' id='word_1_705' title='bbox 2426 4314 2691 4370; x_wconf 71' lang='lat' dir='ltr'><strong>aerumnis</strong></span> <span class='ocrx_word' id='word_1_706' title='bbox 2715 4323 2878 4386; x_wconf 87' lang='lat' dir='ltr'><strong>atque</strong></span> <span class='ocrx_word' id='word_1_707' title='bbox 2904 4315 3180 4385; x_wconf 89' lang='lat' dir='ltr'><strong>pressuris</strong></span> <span class='ocrx_word' id='word_1_708' title='bbox 3204 4331 3220 4372; x_wconf 86' lang='lat'><strong>:</strong></span> <span class='ocrx_word' id='word_1_709' title='bbox 3245 4313 3480 4386; x_wconf 89' lang='lat' dir='ltr'><strong>ideoque</strong></span> <span class='ocrx_word' id='word_1_710' title='bbox 3499 4314 3620 4385; x_wconf 90' lang='lat' dir='ltr'><strong>quia</strong></span> <span class='ocrx_word' id='word_1_711' title='bbox 3642 4318 3747 4366; x_wconf 88' lang='lat' dir='ltr'><strong>sunt</strong></span> 
     </span>
    </p>
   </div>
   <div class='ocr_carea' id='block_1_89' title="bbox 2170 4402 3744 4478">
    <p class='ocr_par' dir='ltr' id='par_1_89' title="bbox 2170 4402 3744 4478">
     <span class='ocr_line' id='line_1_89' title="bbox 2170 4402 3744 4478; baseline -0.004 -17"><span class='ocrx_word' id='word_1_712' title='bbox 2170 4406 2276 4462; x_wconf 88' lang='lat' dir='ltr'><strong>alia</strong></span> <span class='ocrx_word' id='word_1_713' title='bbox 2305 4407 2576 4478; x_wconf 87' lang='lat' dir='ltr'><strong>adjutoria</strong></span> <span class='ocrx_word' id='word_1_714' title='bbox 2623 4421 2813 4478; x_wconf 90' lang='lat' dir='ltr'><strong>regum</strong></span> <span class='ocrx_word' id='word_1_715' title='bbox 2845 4447 2861 4472; x_wconf 92' lang='lat'><strong>,</strong></span> <span class='ocrx_word' id='word_1_716' title='bbox 2913 4406 3145 4462; x_wconf 89' lang='lat' dir='ltr'><strong>virtutes</strong></span> <span class='ocrx_word' id='word_1_717' title='bbox 3185 4405 3512 4475; x_wconf 89' lang='lat' dir='ltr'><strong>potentium,</strong></span> <span class='ocrx_word' id='word_1_718' title='bbox 3566 4402 3744 4473; x_wconf 80' lang='lat' dir='ltr'><strong>relugia</strong></span> 
     </span>
    </p>
   </div>
   <div class='ocr_carea' id='block_1_90' title="bbox 2169 4494 3745 4569">
    <p class='ocr_par' dir='ltr' id='par_1_90' title="bbox 2169 4494 3745 4569">
     <span class='ocr_line' id='line_1_90' title="bbox 2169 4494 3745 4569; baseline -0.004 -15"><span class='ocrx_word' id='word_1_719' title='bbox 2169 4499 2450 4556; x_wconf 88' lang='lat' dir='ltr'><strong>civitatum</strong></span> <span class='ocrx_word' id='word_1_720' title='bbox 2487 4519 2500 4555; x_wconf 88' lang='lat'><strong>:</strong></span> <span class='ocrx_word' id='word_1_721' title='bbox 2542 4509 2728 4555; x_wconf 90' lang='lat' dir='ltr'><strong>nostra</strong></span> <span class='ocrx_word' id='word_1_722' title='bbox 2760 4499 2992 4554; x_wconf 91' lang='lat' dir='ltr'><strong>munitio</strong></span> <span class='ocrx_word' id='word_1_723' title='bbox 3020 4497 3273 4554; x_wconf 86' lang='lat' dir='ltr'><strong>Christus</strong></span> <span class='ocrx_word' id='word_1_724' title='bbox 3304 4507 3410 4566; x_wconf 89' lang='lat' dir='ltr'><strong>est,</strong></span> <span class='ocrx_word' id='word_1_725' title='bbox 3456 4497 3547 4569; x_wconf 91' lang='lat' dir='ltr'><strong>qui</strong></span> <span class='ocrx_word' id='word_1_726' title='bbox 3575 4510 3667 4552; x_wconf 87' lang='lat' dir='ltr'><strong>nos</strong></span> <span class='ocrx_word' id='word_1_727' title='bbox 3688 4494 3745 4548; x_wconf 81' lang='lat' dir='ltr'><strong>ab</strong></span> 
     </span>
    </p>
   </div>
   <div class='ocr_carea' id='block_1_91' title="bbox 467 4579 3010 4664">
    <p class='ocr_par' dir='ltr' id='par_1_91' title="bbox 467 4579 3010 4664">
     <span class='ocr_line' id='line_1_91' title="bbox 467 4579 3010 4664; baseline -0.002 -18"><span class='ocrx_word' id='word_1_728' title='bbox 467 4601 612 4648; x_wconf 87' lang='lat' dir='ltr'><strong>tuum</strong></span> <span class='ocrx_word' id='word_1_729' title='bbox 651 4589 1065 4664; x_wconf 88' lang='lat' dir='ltr'><strong>deprecabuntur</strong></span> <span class='ocrx_word' id='word_1_730' title='bbox 1113 4589 1294 4644; x_wconf 82' lang='lat' dir='ltr'><strong>divites</strong></span> <span class='ocrx_word' id='word_1_731' title='bbox 1324 4586 1508 4662; x_wconf 88' lang='lat' dir='ltr'><strong>plebis.</strong></span> <span class='ocrx_word' id='word_1_732' title='bbox 1539 4586 1662 4642; x_wconf 71' lang='lat' dir='ltr'><strong>Ista:</strong></span> <span class='ocrx_word' id='word_1_733' title='bbox 1711 4584 2070 4642; x_wconf 84' lang='lat' dir='ltr'><strong>recondentes</strong></span> <span class='ocrx_word' id='word_1_734' title='bbox 2096 4579 2148 4640; x_wconf 93' lang='lat' dir='ltr'><strong>D</strong></span> <span class='ocrx_word' id='word_1_735' title='bbox 2174 4593 2262 4650; x_wconf 77' lang='lat' dir='ltr'><strong>his</strong></span> <span class='ocrx_word' id='word_1_736' title='bbox 2291 4603 2546 4664; x_wconf 66' lang='lat' dir='ltr'><strong>potenter</strong></span> <span class='ocrx_word' id='word_1_737' title='bbox 2564 4596 2782 4664; x_wconf 75' lang='lat' dir='ltr'><strong>eripere</strong></span> <span class='ocrx_word' id='word_1_738' title='bbox 2805 4600 3010 4663; x_wconf 76' lang='lat' dir='ltr'><strong>potest.</strong></span> 
     </span>
    </p>
   </div>
   <div class='ocr_carea' id='block_1_92' title="bbox 468 4679 2069 4751">
    <p class='ocr_par' dir='ltr' id='par_1_92' title="bbox 468 4679 2069 4751">
     <span class='ocr_line' id='line_1_92' title="bbox 468 4679 2069 4751; baseline -0.004 -10"><span class='ocrx_word' id='word_1_739' title='bbox 468 4685 760 4742; x_wconf 87' lang='lat' dir='ltr'><strong>thesauros</strong></span> <span class='ocrx_word' id='word_1_740' title='bbox 794 4698 946 4749; x_wconf 89' lang='lat' dir='ltr'><strong>suos,</strong></span> <span class='ocrx_word' id='word_1_741' title='bbox 973 4683 1042 4739; x_wconf 91' lang='lat' dir='ltr'><strong>de</strong></span> <span class='ocrx_word' id='word_1_742' title='bbox 1065 4683 1233 4739; x_wconf 88' lang='lat' dir='ltr'><strong>corde</strong></span> <span class='ocrx_word' id='word_1_743' title='bbox 1274 4693 1328 4739; x_wconf 91' lang='lat' dir='ltr'><strong>te</strong></span> <span class='ocrx_word' id='word_1_744' title='bbox 1359 4681 1564 4738; x_wconf 90' lang='lat' dir='ltr'><strong>mundo</strong></span> <span class='ocrx_word' id='word_1_745' title='bbox 1591 4680 1877 4751; x_wconf 90' lang='lat' dir='ltr'><strong>requirunt</strong></span> <span class='ocrx_word' id='word_1_746' title='bbox 1903 4698 1916 4734; x_wconf 91' lang='lat'><strong>:</strong></span> <span class='ocrx_word' id='word_1_747' title='bbox 1944 4679 2069 4750; x_wconf 89' lang='lat' dir='ltr'><strong>quia</strong></span> 
     </span>
    </p>
   </div>
   <div class='ocr_carea' id='block_1_93' title="bbox 469 4773 2067 4848">
    <p class='ocr_par' dir='ltr' id='par_1_93' title="bbox 469 4773 2067 4848">
     <span class='ocr_line' id='line_1_93' title="bbox 469 4773 2067 4848; baseline 0 -14"><span class='ocrx_word' id='word_1_748' title='bbox 469 4780 561 4837; x_wconf 89' lang='lat' dir='ltr'><strong>ubi</strong></span> <span class='ocrx_word' id='word_1_749' title='bbox 591 4787 721 4834; x_wconf 91' lang='lat' dir='ltr'><strong>sunt</strong></span> <span class='ocrx_word' id='word_1_750' title='bbox 742 4777 989 4832; x_wconf 87' lang='lat' dir='ltr'><strong>thesauri</strong></span> <span class='ocrx_word' id='word_1_751' title='bbox 1018 4792 1231 4848; x_wconf 87' lang='lat' dir='ltr'><strong>eorum,</strong></span> <span class='ocrx_word' id='word_1_752' title='bbox 1265 4778 1338 4833; x_wconf 90' lang='lat' dir='ltr'><strong>ibi</strong></span> <span class='ocrx_word' id='word_1_753' title='bbox 1363 4777 1470 4834; x_wconf 87' lang='lat' dir='ltr'><strong>erit</strong></span> <span class='ocrx_word' id='word_1_754' title='bbox 1488 4786 1541 4834; x_wconf 90' lang='lat' dir='ltr'><strong>et</strong></span> <span class='ocrx_word' id='word_1_755' title='bbox 1559 4793 1656 4834; x_wconf 89' lang='lat' dir='ltr'><strong>cor</strong></span> <span class='ocrx_word' id='word_1_756' title='bbox 1670 4791 1862 4833; x_wconf 78' lang='lat' dir='ltr'><strong>eorum</strong></span> <span class='ocrx_word' id='word_1_757' title='bbox 1883 4773 2067 4848; x_wconf 86' lang='lat' dir='ltr'><strong>(Matt.</strong></span> 
     </span>
    </p>
   </div>
   <div class='ocr_carea' id='block_1_94' title="bbox 465 4867 2075 4944">
    <p class='ocr_par' dir='ltr' id='par_1_94' title="bbox 465 4867 2075 4944">
     <span class='ocr_line' id='line_1_94' title="bbox 465 4867 2075 4944; baseline -0.004 -16"><span class='ocrx_word' id='word_1_758' title='bbox 465 4870 567 4944; x_wconf 82' lang='lat' dir='ltr'><strong>vt).</strong></span> <span class='ocrx_word' id='word_1_759' title='bbox 594 4869 868 4926; x_wconf 77' lang='lat' dir='ltr'><strong>Fecerunt</strong></span> <span class='ocrx_word' id='word_1_760' title='bbox 894 4868 997 4924; x_wconf 90' lang='lat' dir='ltr'><strong>hoc</strong></span> <span class='ocrx_word' id='word_1_761' title='bbox 1025 4867 1184 4940; x_wconf 80' lang='lat' dir='ltr'><strong>Magi,</strong></span> <span class='ocrx_word' id='word_1_762' title='bbox 1218 4869 1311 4941; x_wconf 90' lang='lat' dir='ltr'><strong>qui</strong></span> <span class='ocrx_word' id='word_1_763' title='bbox 1339 4883 1462 4926; x_wconf 91' lang='lat' dir='ltr'><strong>cum</strong></span> <span class='ocrx_word' id='word_1_764' title='bbox 1496 4870 1679 4938; x_wconf 87' lang='lat' dir='ltr'><strong>thure,</strong></span> <span class='ocrx_word' id='word_1_765' title='bbox 1730 4878 1785 4924; x_wconf 91' lang='lat' dir='ltr'><strong>et</strong></span> <span class='ocrx_word' id='word_1_766' title='bbox 1823 4869 2075 4941; x_wconf 86' lang='lat' dir='ltr'><strong>myrrha,</strong></span> 
     </span>
    </p>
   </div>
   <div class='ocr_carea' id='block_1_95' title="bbox 466 4961 2068 5034">
    <p class='ocr_par' dir='ltr' id='par_1_95' title="bbox 466 4961 2068 5034">
     <span class='ocr_line' id='line_1_95' title="bbox 466 4961 2068 5034; baseline -0.005 -11"><span class='ocrx_word' id='word_1_767' title='bbox 466 4976 522 5023; x_wconf 85' lang='lat' dir='ltr'><strong>et</strong></span> <span class='ocrx_word' id='word_1_768' title='bbox 553 4980 685 5021; x_wconf 88' lang='lat' dir='ltr'><strong>auro</strong></span> <span class='ocrx_word' id='word_1_769' title='bbox 710 4971 983 5020; x_wconf 88' lang='lat' dir='ltr'><strong>venerunt</strong></span> <span class='ocrx_word' id='word_1_770' title='bbox 1009 4981 1020 5019; x_wconf 87' lang='lat'><strong>:</strong></span> <span class='ocrx_word' id='word_1_771' title='bbox 1043 4963 1169 5034; x_wconf 90' lang='lat' dir='ltr'><strong>quia</strong></span> <span class='ocrx_word' id='word_1_772' title='bbox 1190 4979 1297 5018; x_wconf 92' lang='lat' dir='ltr'><strong>non</strong></span> <span class='ocrx_word' id='word_1_773' title='bbox 1328 4971 1536 5018; x_wconf 89' lang='lat' dir='ltr'><strong>tantum</strong></span> <span class='ocrx_word' id='word_1_774' title='bbox 1556 4961 1762 5032; x_wconf 89' lang='lat' dir='ltr'><strong>verbis,</strong></span> <span class='ocrx_word' id='word_1_775' title='bbox 1790 4961 1887 5018; x_wconf 85' lang='lat' dir='ltr'><strong>sed</strong></span> <span class='ocrx_word' id='word_1_776' title='bbox 1905 4963 2068 5018; x_wconf 85' lang='lat' dir='ltr'><strong>etiam</strong></span> 
     </span>
    </p>
   </div>
   <div class='ocr_carea' id='block_1_96' title="bbox 469 5057 1522 5116">
    <p class='ocr_par' dir='ltr' id='par_1_96' title="bbox 469 5057 1522 5116">
     <span class='ocr_line' id='line_1_96' title="bbox 469 5057 1522 5116; baseline -0.005 0"><span class='ocrx_word' id='word_1_777' title='bbox 469 5059 786 5116; x_wconf 71' lang='lat' dir='ltr'><strong>minueribus</strong></span> <span class='ocrx_word' id='word_1_778' title='bbox 816 5057 1189 5114; x_wconf 84' lang='lat' dir='ltr'><strong>adoraverunt</strong></span> <span class='ocrx_word' id='word_1_779' title='bbox 1219 5057 1522 5112; x_wconf 88' lang='lat' dir='ltr'><strong>Christum.</strong></span> 
     </span>
    </p>
   </div>
   <div class='ocr_carea' id='block_1_97' title="bbox 544 5152 2063 5229">
    <p class='ocr_par' dir='ltr' id='par_1_97' title="bbox 544 5152 2063 5229">
     <span class='ocr_line' id='line_1_97' title="bbox 544 5152 2063 5229; baseline -0.003 -18"><span class='ocrx_word' id='word_1_780' title='bbox 544 5156 723 5211; x_wconf 85' lang='lat' dir='ltr'><strong>Omnis</strong></span> <span class='ocrx_word' id='word_1_781' title='bbox 749 5156 917 5229; x_wconf 87' lang='lat' dir='ltr'><strong>gloria</strong></span> <span class='ocrx_word' id='word_1_782' title='bbox 944 5158 1058 5229; x_wconf 83' lang='lat' dir='ltr'><strong>ejus</strong></span> <span class='ocrx_word' id='word_1_783' title='bbox 1087 5154 1216 5224; x_wconf 70' lang='lat' dir='ltr'><strong>filice</strong></span> <span class='ocrx_word' id='word_1_784' title='bbox 1236 5153 1396 5224; x_wconf 86' lang='lat' dir='ltr'><strong>regis,</strong></span> <span class='ocrx_word' id='word_1_785' title='bbox 1441 5153 1637 5208; x_wconf 66' lang='lat' dir='ltr'><strong>animus</strong></span> <span class='ocrx_word' id='word_1_786' title='bbox 1667 5152 1869 5219; x_wconf 81' lang='lat' dir='ltr'><strong>ﬁdelis,</strong></span> <span class='ocrx_word' id='word_1_787' title='bbox 1900 5153 1964 5207; x_wconf 88' lang='lat' dir='ltr'><strong>ab</strong></span> <span class='ocrx_word' id='word_1_788' title='bbox 1986 5153 2063 5207; x_wconf 69' lang='lat' dir='ltr'><strong>in«</strong></span> 
     </span>
    </p>
   </div>
   <div class='ocr_carea' id='block_1_98' title="bbox 469 5248 2069 5321">
    <p class='ocr_par' dir='ltr' id='par_1_98' title="bbox 469 5248 2069 5321">
     <span class='ocr_line' id='line_1_98' title="bbox 469 5248 2069 5321; baseline -0.001 -15"><span class='ocrx_word' id='word_1_789' title='bbox 469 5260 571 5321; x_wconf 87' lang='lat' dir='ltr'><strong>tus,</strong></span> <span class='ocrx_word' id='word_1_790' title='bbox 601 5253 654 5305; x_wconf 89' lang='lat' dir='ltr'><strong>in</strong></span> <span class='ocrx_word' id='word_1_791' title='bbox 671 5251 892 5321; x_wconf 88' lang='lat' dir='ltr'><strong>ﬁmbriis</strong></span> <span class='ocrx_word' id='word_1_792' title='bbox 912 5251 1084 5306; x_wconf 82' lang='lat' dir='ltr'><strong>aureis</strong></span> <span class='ocrx_word' id='word_1_793' title='bbox 1104 5250 1494 5304; x_wconf 85' lang='lat' dir='ltr'><strong>circumamicta</strong></span> <span class='ocrx_word' id='word_1_794' title='bbox 1513 5249 1871 5304; x_wconf 86' lang='lat' dir='ltr'><strong>varietatibus.</strong></span> <span class='ocrx_word' id='word_1_795' title='bbox 1895 5248 2069 5320; x_wconf 86' lang='lat' dir='ltr'><strong>Supe-</strong></span> 
     </span>
    </p>
   </div>
   <div class='ocr_carea' id='block_1_99' title="bbox 470 5340 2049 5412">
    <p class='ocr_par' dir='ltr' id='par_1_99' title="bbox 470 5340 2049 5412">
     <span class='ocr_line' id='line_1_99' title="bbox 470 5340 2049 5412; baseline -0.001 -15"><span class='ocrx_word' id='word_1_796' title='bbox 470 5343 586 5398; x_wconf 87' lang='lat' dir='ltr'><strong>rius</strong></span> <span class='ocrx_word' id='word_1_797' title='bbox 629 5341 900 5412; x_wconf 87' lang='lat' dir='ltr'><strong>diximus,</strong></span> <span class='ocrx_word' id='word_1_798' title='bbox 942 5342 1211 5402; x_wconf 86' lang='lat' dir='ltr'><strong>varietate</strong></span> <span class='ocrx_word' id='word_1_799' title='bbox 1259 5340 1503 5412; x_wconf 87' lang='lat' dir='ltr'><strong>gentium</strong></span> <span class='ocrx_word' id='word_1_800' title='bbox 1537 5359 1551 5396; x_wconf 91' lang='lat'><strong>:</strong></span> <span class='ocrx_word' id='word_1_801' title='bbox 1585 5340 1705 5408; x_wconf 91' lang='lat' dir='ltr'><strong>hic,</strong></span> <span class='ocrx_word' id='word_1_802' title='bbox 1754 5340 2049 5412; x_wconf 88' lang='lat' dir='ltr'><strong>gratiarum</strong></span> 
     </span>
    </p>
   </div>
   <div class='ocr_carea' id='block_1_100' title="bbox 472 5435 2067 5511">
    <p class='ocr_par' dir='ltr' id='par_1_100' title="bbox 472 5435 2067 5511">
     <span class='ocr_line' id='line_1_100' title="bbox 472 5435 2067 5511; baseline -0.002 -19"><span class='ocrx_word' id='word_1_803' title='bbox 472 5437 656 5493; x_wconf 81' lang='lat' dir='ltr'><strong>Omnis</strong></span> <span class='ocrx_word' id='word_1_804' title='bbox 683 5437 850 5510; x_wconf 87' lang='lat' dir='ltr'><strong>gloria</strong></span> <span class='ocrx_word' id='word_1_805' title='bbox 886 5439 997 5510; x_wconf 81' lang='lat' dir='ltr'><strong>ejus</strong></span> <span class='ocrx_word' id='word_1_806' title='bbox 1043 5437 1170 5508; x_wconf 74' lang='lat' dir='ltr'><strong>ﬁlia:</strong></span> <span class='ocrx_word' id='word_1_807' title='bbox 1198 5437 1334 5511; x_wconf 89' lang='lat' dir='ltr'><strong>regis</strong></span> <span class='ocrx_word' id='word_1_808' title='bbox 1362 5436 1426 5491; x_wconf 91' lang='lat' dir='ltr'><strong>ab</strong></span> <span class='ocrx_word' id='word_1_809' title='bbox 1455 5437 1594 5491; x_wconf 89' lang='lat' dir='ltr'><strong>intus</strong></span> <span class='ocrx_word' id='word_1_810' title='bbox 1627 5451 1644 5491; x_wconf 92' lang='lat'><strong><em>:</em></strong></span> <span class='ocrx_word' id='word_1_811' title='bbox 1670 5435 1721 5491; x_wconf 90' lang='lat' dir='ltr'><strong>id</strong></span> <span class='ocrx_word' id='word_1_812' title='bbox 1749 5444 1854 5504; x_wconf 90' lang='lat' dir='ltr'><strong>est,</strong></span> <span class='ocrx_word' id='word_1_813' title='bbox 1883 5435 2067 5491; x_wconf 91' lang='lat' dir='ltr'><strong>senio-</strong></span> 
     </span>
    </p>
   </div>
   <div class='ocr_carea' id='block_1_101' title="bbox 467 5528 2069 5605">
    <p class='ocr_par' dir='ltr' id='par_1_101' title="bbox 467 5528 2069 5605">
     <span class='ocr_line' id='line_1_101' title="bbox 467 5528 2069 5605; baseline -0.002 -16"><span class='ocrx_word' id='word_1_814' title='bbox 467 5546 558 5590; x_wconf 90' lang='lat' dir='ltr'><strong>res</strong></span> <span class='ocrx_word' id='word_1_815' title='bbox 592 5531 873 5600; x_wconf 76' lang='lat' dir='ltr'><strong>Ecclesiae,</strong></span> <span class='ocrx_word' id='word_1_816' title='bbox 907 5533 993 5588; x_wconf 87' lang='lat' dir='ltr'><strong>vel</strong></span> <span class='ocrx_word' id='word_1_817' title='bbox 1043 5548 1202 5605; x_wconf 90' lang='lat' dir='ltr'><strong>reges</strong></span> <span class='ocrx_word' id='word_1_818' title='bbox 1253 5541 1309 5589; x_wconf 92' lang='lat' dir='ltr'><strong>et</strong></span> <span class='ocrx_word' id='word_1_819' title='bbox 1357 5539 1608 5604; x_wconf 90' lang='lat' dir='ltr'><strong>potentes</strong></span> <span class='ocrx_word' id='word_1_820' title='bbox 1658 5549 1670 5586; x_wconf 90' lang='lat'><strong>:</strong></span> <span class='ocrx_word' id='word_1_821' title='bbox 1723 5529 1815 5602; x_wconf 91' lang='lat' dir='ltr'><strong>qui</strong></span> <span class='ocrx_word' id='word_1_822' title='bbox 1869 5528 2069 5586; x_wconf 88' lang='lat' dir='ltr'><strong>habent</strong></span> 
     </span>
    </p>
   </div>
   <div class='ocr_carea' id='block_1_102' title="bbox 466 5676 2064 5754">
    <p class='ocr_par' dir='ltr' id='par_1_102' title="bbox 466 5676 2064 5754">
     <span class='ocr_line' id='line_1_102' title="bbox 466 5676 2064 5754; baseline -0.003 -18"><span class='ocrx_word' id='word_1_823' title='bbox 466 5679 876 5754; x_wconf 83' lang='lat' dir='ltr'><strong>ambiguitatem,</strong></span> <span class='ocrx_word' id='word_1_824' title='bbox 894 5692 923 5730; x_wconf 92' lang='lat' dir='ltr'><strong>a</strong></span> <span class='ocrx_word' id='word_1_825' title='bbox 950 5676 1232 5754; x_wconf 48' lang='lat' dir='ltr'><strong>gravibps,</strong></span> <span class='ocrx_word' id='word_1_826' title='bbox 1254 5677 1577 5754; x_wconf 76' lang='lat' dir='ltr'><strong>interpretati</strong></span> <span class='ocrx_word' id='word_1_827' title='bbox 1599 5683 1740 5738; x_wconf 89' lang='lat' dir='ltr'><strong>sunt,</strong></span> <span class='ocrx_word' id='word_1_828' title='bbox 1769 5691 1896 5754; x_wconf 66' lang='lat' dir='ltr'><strong>cum</strong></span> <span class='ocrx_word' id='word_1_829' title='bbox 1910 5677 2064 5754; x_wconf 77' lang='grc' dir='ltr'><strong>βάρις</strong></span> 
     </span>
    </p>
   </div>
   <div class='ocr_carea' id='block_1_103' title="bbox 463 5746 2063 5825">
    <p class='ocr_par' dir='ltr' id='par_1_103' title="bbox 463 5746 2063 5825">
     <span class='ocr_line' id='line_1_103' title="bbox 463 5746 2063 5825; baseline -0.004 -16"><span class='ocrx_word' id='word_1_830' title='bbox 463 5746 671 5809; x_wconf 73' lang='grc' dir='ltr'><strong>υετὺιιήι</strong></span> <span class='ocrx_word' id='word_1_831' title='bbox 710 5751 774 5805; x_wconf 87' lang='lat' dir='ltr'><strong>sit</strong></span> <span class='ocrx_word' id='word_1_832' title='bbox 815 5746 1097 5825; x_wconf 64' lang='lat' dir='ltr'><strong>iutxdiptou</strong></span> <span class='ocrx_word' id='word_1_833' title='bbox 1131 5746 1414 5825; x_wconf 71' lang='lat' dir='ltr'><strong>Palestina:</strong></span> <span class='ocrx_word' id='word_1_834' title='bbox 1447 5763 1465 5803; x_wconf 91' lang='lat'><strong><em>:</em></strong></span> <span class='ocrx_word' id='word_1_835' title='bbox 1501 5759 1549 5825; x_wconf 80' lang='lat' dir='ltr'><strong>et</strong></span> <span class='ocrx_word' id='word_1_836' title='bbox 1579 5763 1743 5825; x_wconf 67' lang='lat' dir='ltr'><strong>usque</strong></span> <span class='ocrx_word' id='word_1_837' title='bbox 1764 5746 1927 5825; x_wconf 45' lang='lat' dir='ltr'><strong>hodie</strong></span> <span class='ocrx_word' id='word_1_838' title='bbox 1965 5746 2063 5804; x_wconf 82' lang='lat' dir='ltr'><strong>do-</strong></span> 
     </span>
    </p>
   </div>
   <div class='ocr_carea' id='block_1_104' title="bbox 471 5817 2062 5896">
    <p class='ocr_par' dir='ltr' id='par_1_104' title="bbox 471 5817 2062 5896">
     <span class='ocr_line' id='line_1_104' title="bbox 471 5817 2062 5896; baseline -0.004 -15"><span class='ocrx_word' id='word_1_839' title='bbox 471 5839 586 5882; x_wconf 70' lang='lat' dir='ltr'><strong>mus</strong></span> <span class='ocrx_word' id='word_1_840' title='bbox 612 5839 675 5878; x_wconf 83' lang='lat' dir='ltr'><strong>ea:</strong></span> <span class='ocrx_word' id='word_1_841' title='bbox 702 5821 840 5877; x_wconf 88' lang='lat' dir='ltr'><strong>omni</strong></span> <span class='ocrx_word' id='word_1_842' title='bbox 874 5817 1020 5890; x_wconf 67' lang='lat' dir='ltr'><strong>parte</strong></span> <span class='ocrx_word' id='word_1_843' title='bbox 1040 5819 1294 5874; x_wconf 70' lang='lat' dir='ltr'><strong>conclusa</strong></span> <span class='ocrx_word' id='word_1_844' title='bbox 1322 5821 1380 5896; x_wconf 71' lang='lat' dir='ltr'><strong>in</strong></span> <span class='ocrx_word' id='word_1_845' title='bbox 1406 5820 1619 5873; x_wconf 88' lang='lat' dir='ltr'><strong>modum</strong></span> <span class='ocrx_word' id='word_1_846' title='bbox 1645 5817 1918 5888; x_wconf 72' lang='lat' dir='ltr'><strong>aediﬁcatte</strong></span> <span class='ocrx_word' id='word_1_847' title='bbox 1947 5831 2062 5876; x_wconf 85' lang='lat' dir='ltr'><strong>tur-</strong></span> 
     </span>
    </p>
   </div>
   <div class='ocr_carea' id='block_1_105' title="bbox 2252 4681 3746 4762">
    <p class='ocr_par' dir='ltr' id='par_1_105' title="bbox 2252 4681 3746 4762">
     <span class='ocr_line' id='line_1_105' title="bbox 2252 4681 3746 4762; baseline -0.005 -19"><span class='ocrx_word' id='word_1_848' title='bbox 2252 4688 2532 4762; x_wconf 80' lang='lat' dir='ltr'><strong>PrOpterea</strong></span> <span class='ocrx_word' id='word_1_849' title='bbox 2570 4705 2672 4743; x_wconf 90' lang='lat' dir='ltr'><strong>non</strong></span> <span class='ocrx_word' id='word_1_850' title='bbox 2720 4687 3059 4742; x_wconf 87' lang='lat' dir='ltr'><strong>timebimus:</strong></span> <span class='ocrx_word' id='word_1_851' title='bbox 3088 4686 3227 4755; x_wconf 89' lang='lat' dir='ltr'><strong>Quia</strong></span> <span class='ocrx_word' id='word_1_852' title='bbox 3277 4685 3334 4742; x_wconf 92' lang='lat' dir='ltr'><strong>in</strong></span> <span class='ocrx_word' id='word_1_853' title='bbox 3371 4686 3490 4758; x_wconf 88' lang='lat' dir='ltr'><strong>ipso</strong></span> <span class='ocrx_word' id='word_1_854' title='bbox 3536 4681 3746 4739; x_wconf 87' lang='lat' dir='ltr'><strong>creduli—</strong></span> 
     </span>
    </p>
   </div>
   <div class='ocr_carea' id='block_1_106' title="bbox 2173 4773 3747 4860">
    <p class='ocr_par' dir='ltr' id='par_1_106' title="bbox 2173 4773 3747 4860">
     <span class='ocr_line' id='line_1_106' title="bbox 2173 4773 3747 4860; baseline -0.006 -24"><span class='ocrx_word' id='word_1_855' title='bbox 2173 4789 2338 4838; x_wconf 89' lang='lat' dir='ltr'><strong>tatem</strong></span> <span class='ocrx_word' id='word_1_856' title='bbox 2375 4780 2574 4860; x_wconf 80' lang='lat' dir='ltr'><strong>[Mart.</strong></span> <span class='ocrx_word' id='word_1_857' title='bbox 2602 4782 2786 4836; x_wconf 77' lang='lat' dir='ltr'><strong>vitiose</strong></span> <span class='ocrx_word' id='word_1_858' title='bbox 2831 4779 3244 4852; x_wconf 82' lang='lat' dir='ltr'><strong>crudelitatem]</strong></span> <span class='ocrx_word' id='word_1_859' title='bbox 3299 4773 3747 4836; x_wconf 51' lang='lat' dir='ltr'><strong>habemusubum</strong></span> 
     </span>
    </p>
   </div>
   <div class='ocr_carea' id='block_1_107' title="bbox 2173 4873 3747 4943">
    <p class='ocr_par' dir='ltr' id='par_1_107' title="bbox 2173 4873 3747 4943">
     <span class='ocr_line' id='line_1_107' title="bbox 2173 4873 3747 4943; baseline -0.007 -11"><span class='ocrx_word' id='word_1_860' title='bbox 2173 4876 2465 4932; x_wconf 88' lang='lat' dir='ltr'><strong>turbabitur</strong></span> <span class='ocrx_word' id='word_1_861' title='bbox 2495 4885 2650 4929; x_wconf 87' lang='lat' dir='ltr'><strong>terra.</strong></span> <span class='ocrx_word' id='word_1_862' title='bbox 2685 4874 2982 4932; x_wconf 88' lang='lat' dir='ltr'><strong>Generatio</strong></span> <span class='ocrx_word' id='word_1_863' title='bbox 3029 4873 3371 4942; x_wconf 70' lang='lat' dir='ltr'><strong>Judaeorum,</strong></span> <span class='ocrx_word' id='word_1_864' title='bbox 3421 4873 3511 4943; x_wconf 90' lang='lat' dir='ltr'><strong>qui</strong></span> <span class='ocrx_word' id='word_1_865' title='bbox 3557 4880 3747 4926; x_wconf 86' lang='lat' dir='ltr'><strong>terrena</strong></span> 
     </span>
    </p>
   </div>
   <div class='ocr_carea' id='block_1_108' title="bbox 2171 4961 3748 5050">
    <p class='ocr_par' dir='ltr' id='par_1_108' title="bbox 2171 4961 3748 5050">
     <span class='ocr_line' id='line_1_108' title="bbox 2171 4961 3748 5050; baseline -0.008 -23"><span class='ocrx_word' id='word_1_866' title='bbox 2171 4969 2412 5040; x_wconf 85' lang='lat' dir='ltr'><strong>sapiunt.</strong></span> <span class='ocrx_word' id='word_1_867' title='bbox 2447 4967 2516 5023; x_wconf 88' lang='lat' dir='ltr'><strong>Et</strong></span> <span class='ocrx_word' id='word_1_868' title='bbox 2542 4969 2922 5050; x_wconf 76' lang='lat' dir='ltr'><strong>transferentur</strong></span> <span class='ocrx_word' id='word_1_869' title='bbox 2951 4979 3148 5024; x_wconf 86' lang='lat' dir='ltr'><strong>montes</strong></span> <span class='ocrx_word' id='word_1_870' title='bbox 3175 4971 3228 5024; x_wconf 87' lang='lat' dir='ltr'><strong>in</strong></span> <span class='ocrx_word' id='word_1_871' title='bbox 3247 4985 3338 5024; x_wconf 84' lang='lat' dir='ltr'><strong>cor</strong></span> <span class='ocrx_word' id='word_1_872' title='bbox 3367 4968 3542 5022; x_wconf 75' lang='lat' dir='ltr'><strong>maris.</strong></span> <span class='ocrx_word' id='word_1_873' title='bbox 3570 4961 3748 5021; x_wconf 64' lang='lat' dir='ltr'><strong>Praedi-</strong></span> 
     </span>
    </p>
   </div>
   <div class='ocr_carea' id='block_1_109' title="bbox 2173 5056 3741 5132">
    <p class='ocr_par' dir='ltr' id='par_1_109' title="bbox 2173 5056 3741 5132">
     <span class='ocr_line' id='line_1_109' title="bbox 2173 5056 3741 5132; baseline -0.005 -14"><span class='ocrx_word' id='word_1_874' title='bbox 2173 5062 2414 5118; x_wconf 90' lang='lat' dir='ltr'><strong>cationes</strong></span> <span class='ocrx_word' id='word_1_875' title='bbox 2440 5062 2759 5132; x_wconf 70' lang='lat' dir='ltr'><strong>apostolica:</strong></span> <span class='ocrx_word' id='word_1_876' title='bbox 2787 5062 2839 5116; x_wconf 92' lang='lat' dir='ltr'><strong>in</strong></span> <span class='ocrx_word' id='word_1_877' title='bbox 2868 5061 3032 5117; x_wconf 88' lang='lat' dir='ltr'><strong>corda</strong></span> <span class='ocrx_word' id='word_1_878' title='bbox 3053 5062 3336 5132; x_wconf 89' lang='lat' dir='ltr'><strong>gentilium</strong></span> <span class='ocrx_word' id='word_1_879' title='bbox 3367 5061 3524 5130; x_wconf 90' lang='lat' dir='ltr'><strong>hujus</strong></span> <span class='ocrx_word' id='word_1_880' title='bbox 3554 5056 3741 5123; x_wconf 90' lang='lat' dir='ltr'><strong>mundi,</strong></span> 
     </span>
    </p>
   </div>
   <div class='ocr_carea' id='block_1_110' title="bbox 2174 5151 3749 5226">
    <p class='ocr_par' dir='ltr' id='par_1_110' title="bbox 2174 5151 3749 5226">
     <span class='ocr_line' id='line_1_110' title="bbox 2174 5151 3749 5226; baseline -0.006 -14"><span class='ocrx_word' id='word_1_881' title='bbox 2174 5157 2314 5212; x_wconf 88' lang='lat' dir='ltr'><strong>sicut</strong></span> <span class='ocrx_word' id='word_1_882' title='bbox 2342 5156 2396 5210; x_wconf 92' lang='lat' dir='ltr'><strong>in</strong></span> <span class='ocrx_word' id='word_1_883' title='bbox 2423 5154 2718 5225; x_wconf 78' lang='lat' dir='ltr'><strong>Evangelia</strong></span> <span class='ocrx_word' id='word_1_884' title='bbox 2744 5171 2758 5209; x_wconf 91' lang='lat'>:</span> <span class='ocrx_word' id='word_1_885' title='bbox 2785 5153 2840 5210; x_wconf 87' lang='lat' dir='ltr'><strong>Si</strong></span> <span class='ocrx_word' id='word_1_886' title='bbox 2874 5154 3197 5222; x_wconf 88' lang='lat' dir='ltr'><strong>habueritis,</strong></span> <span class='ocrx_word' id='word_1_887' title='bbox 3223 5155 3425 5226; x_wconf 88' lang='lat' dir='ltr'><strong>inquit,</strong></span> <span class='ocrx_word' id='word_1_888' title='bbox 3448 5153 3603 5209; x_wconf 83' lang='lat' dir='ltr'><strong>ﬁdem</strong></span> <span class='ocrx_word' id='word_1_889' title='bbox 3624 5151 3749 5206; x_wconf 85' lang='lat' dir='ltr'><strong>sicut</strong></span> 
     </span>
    </p>
   </div>
   <div class='ocr_carea' id='block_1_111' title="bbox 2174 5245 3746 5321">
    <p class='ocr_par' dir='ltr' id='par_1_111' title="bbox 2174 5245 3746 5321">
     <span class='ocr_line' id='line_1_111' title="bbox 2174 5245 3746 5321; baseline -0.006 -17"><span class='ocrx_word' id='word_1_890' title='bbox 2174 5264 2402 5321; x_wconf 88' lang='lat' dir='ltr'><strong>granum</strong></span> <span class='ocrx_word' id='word_1_891' title='bbox 2421 5248 2646 5318; x_wconf 88' lang='lat' dir='ltr'><strong>sinapis,</strong></span> <span class='ocrx_word' id='word_1_892' title='bbox 2675 5247 2874 5303; x_wconf 87' lang='lat' dir='ltr'><strong>dicetis</strong></span> <span class='ocrx_word' id='word_1_893' title='bbox 2898 5247 3025 5304; x_wconf 88' lang='lat' dir='ltr'><strong>huic</strong></span> <span class='ocrx_word' id='word_1_894' title='bbox 3050 5249 3220 5303; x_wconf 91' lang='lat' dir='ltr'><strong>monti</strong></span> <span class='ocrx_word' id='word_1_895' title='bbox 3253 5266 3267 5302; x_wconf 94' lang='lat'>:</span> <span class='ocrx_word' id='word_1_896' title='bbox 3298 5247 3510 5312; x_wconf 89' lang='lat' dir='ltr'><strong>Transi,</strong></span> <span class='ocrx_word' id='word_1_897' title='bbox 3529 5256 3583 5301; x_wconf 87' lang='lat' dir='ltr'><strong>et</strong></span> <span class='ocrx_word' id='word_1_898' title='bbox 3606 5245 3746 5298; x_wconf 76' lang='lat' dir='ltr'><strong>faciet</strong></span> 
     </span>
    </p>
   </div>
   <div class='ocr_carea' id='block_1_112' title="bbox 2177 5334 3745 5418">
    <p class='ocr_par' dir='ltr' id='par_1_112' title="bbox 2177 5334 3745 5418">
     <span class='ocr_line' id='line_1_112' title="bbox 2177 5334 3745 5418; baseline -0.006 -19"><span class='ocrx_word' id='word_1_899' title='bbox 2177 5343 2366 5418; x_wconf 80' lang='lat' dir='ltr'><strong>(Matt.</strong></span> <span class='ocrx_word' id='word_1_900' title='bbox 2415 5341 2580 5417; x_wconf 86' lang='lat' dir='ltr'><strong>xvn).</strong></span> <span class='ocrx_word' id='word_1_901' title='bbox 2612 5342 2670 5399; x_wconf 85' lang='lat' dir='ltr'><strong>In</strong></span> <span class='ocrx_word' id='word_1_902' title='bbox 2719 5341 2888 5400; x_wconf 90' lang='lat' dir='ltr'><strong>corde</strong></span> <span class='ocrx_word' id='word_1_903' title='bbox 2927 5342 3145 5401; x_wconf 87' lang='lat' dir='ltr'><strong>maris:</strong></span> <span class='ocrx_word' id='word_1_904' title='bbox 3194 5340 3249 5397; x_wconf 90' lang='lat' dir='ltr'><strong>id</strong></span> <span class='ocrx_word' id='word_1_905' title='bbox 3294 5351 3399 5410; x_wconf 89' lang='lat' dir='ltr'><strong>est,</strong></span> <span class='ocrx_word' id='word_1_906' title='bbox 3446 5339 3498 5396; x_wconf 93' lang='lat' dir='ltr'><strong>in</strong></span> <span class='ocrx_word' id='word_1_907' title='bbox 3544 5334 3745 5410; x_wconf 90' lang='lat' dir='ltr'><strong>gentili-</strong></span> 
     </span>
    </p>
   </div>
   <div class='ocr_carea' id='block_1_113' title="bbox 2177 5447 2310 5494">
    <p class='ocr_par' dir='ltr' id='par_1_113' title="bbox 2177 5447 2310 5494">
     <span class='ocr_line' id='line_1_113' title="bbox 2177 5447 2310 5494; baseline -0.015 0"><span class='ocrx_word' id='word_1_908' title='bbox 2177 5447 2310 5494; x_wconf 82' lang='lat' dir='ltr'><strong>late.</strong></span> 
     </span>
    </p>
   </div>
   <div class='ocr_carea' id='block_1_114' title="bbox 2249 5525 3744 5601">
    <p class='ocr_par' dir='ltr' id='par_1_114' title="bbox 2249 5525 3744 5601">
     <span class='ocr_line' id='line_1_114' title="bbox 2249 5525 3744 5601; baseline -0.006 -12"><span class='ocrx_word' id='word_1_909' title='bbox 2249 5532 2546 5589; x_wconf 89' lang='lat' dir='ltr'><strong>Sonuerunt</strong></span> <span class='ocrx_word' id='word_1_910' title='bbox 2571 5539 2618 5587; x_wconf 86' lang='lat' dir='ltr'><strong>et</strong></span> <span class='ocrx_word' id='word_1_911' title='bbox 2647 5530 2866 5586; x_wconf 75' lang='lat' dir='ltr'><strong>turbata:</strong></span> <span class='ocrx_word' id='word_1_912' title='bbox 2893 5538 3012 5584; x_wconf 89' lang='lat' dir='ltr'><strong>sunt</strong></span> <span class='ocrx_word' id='word_1_913' title='bbox 3037 5545 3185 5601; x_wconf 65' lang='lat' dir='ltr'><strong>aqua</strong></span> <span class='ocrx_word' id='word_1_914' title='bbox 3211 5545 3411 5585; x_wconf 87' lang='lat' dir='ltr'><strong>eorum.</strong></span> <span class='ocrx_word' id='word_1_915' title='bbox 3441 5525 3617 5599; x_wconf 71' lang='lat' dir='ltr'><strong>Aqua,</strong></span> <span class='ocrx_word' id='word_1_916' title='bbox 3657 5533 3744 5592; x_wconf 83' lang='lat' dir='ltr'><strong>po-</strong></span> 
     </span>
    </p>
   </div>
   <div class='ocr_carea' id='block_1_115' title="bbox 2169 5658 3742 5750">
    <p class='ocr_par' dir='ltr' id='par_1_115' title="bbox 2169 5658 3742 5750">
     <span class='ocr_line' id='line_1_115' title="bbox 2169 5658 3742 5750; baseline -0.01 -20"><span class='ocrx_word' id='word_1_917' title='bbox 2169 5675 2306 5730; x_wconf 87' lang='lat' dir='ltr'><strong>rium</strong></span> <span class='ocrx_word' id='word_1_918' title='bbox 2334 5689 2394 5728; x_wconf 87' lang='lat' dir='ltr'><strong>ac</strong></span> <span class='ocrx_word' id='word_1_919' title='bbox 2423 5671 3037 5750; x_wconf 64' lang='lat' dir='ltr'><strong>mtenittmpublicorum,</strong></span> <span class='ocrx_word' id='word_1_920' title='bbox 3069 5671 3246 5750; x_wconf 78' lang='grc' dir='ltr'><strong>βάρεις</strong></span> <span class='ocrx_word' id='word_1_921' title='bbox 3269 5668 3600 5744; x_wconf 78' lang='lat' dir='ltr'><strong>appellentur.</strong></span> <span class='ocrx_word' id='word_1_922' title='bbox 3623 5658 3742 5720; x_wconf 74' lang='lat' dir='ltr'><strong>Vide</strong></span> 
     </span>
    </p>
   </div>
   <div class='ocr_carea' id='block_1_116' title="bbox 2170 5744 3009 5818">
    <p class='ocr_par' dir='ltr' id='par_1_116' title="bbox 2170 5744 3009 5818">
     <span class='ocr_line' id='line_1_116' title="bbox 2170 5744 3009 5818; baseline -0.005 -15"><span class='ocrx_word' id='word_1_923' title='bbox 2170 5756 2226 5803; x_wconf 91' lang='lat' dir='ltr'><strong>et</strong></span> <span class='ocrx_word' id='word_1_924' title='bbox 2254 5760 2373 5818; x_wconf 70' lang='lat' dir='ltr'><strong>qua:</strong></span> <span class='ocrx_word' id='word_1_925' title='bbox 2398 5761 2502 5804; x_wconf 91' lang='lat' dir='ltr'><strong>nos</strong></span> <span class='ocrx_word' id='word_1_926' title='bbox 2523 5744 2600 5802; x_wconf 88' lang='lat' dir='ltr'><strong>ibi</strong></span> <span class='ocrx_word' id='word_1_927' title='bbox 2627 5745 3009 5802; x_wconf 87' lang='lat' dir='ltr'><strong>observamus.</strong></span> 
     </span>
    </p>
   </div>
  </div>
