3944 6334
229 315 312 375 ﬁlii
1111 305 1543 366 BREVIARIUM
1585 303 1647 362 ΙΝ
1689 301 2022 362 PSALMOS.
2068 301 2317 364 PSALM.
2360 303 2546 365 XLVI.

3374 311 3482 371 96!

226 430 321 505 puli
349 433 572 490 :motus,
600 422 868 480 daemones
893 422 1290 497 intelliguntur.
1315 425 1419 493 Qui
1475 437 1622 478 nunc
1661 430 1777 477 tur-
1807 425 1861 487 Α
1885 418 2016 488 Quae
2043 420 2243 476 fuerint
2271 421 2338 477 ad
2372 421 2759 478 credulitatem
2785 434 3087 476 ccnvcrsze.
3121 420 3408 478 Exultabor
3432 425 3486 479 in

226 525 320 583 bati
366 535 545 577 sonum
573 519 866 575 dederunt:
918 534 1040 575 cum
1070 519 1424 576 eversoribus
1452 517 1776 574 simulacro-

224 633 348 685 rum,
379 615 454 670 \‘el
484 614 853 679 resutuerunt,
873 612 962 669 vel
985 624 1213 670 mortem
1242 627 1438 684 parare
1463 613 1777 667 voluerunt.

224 709 629 767 Conturbatisunt
647 717 844 764 montes
868 709 920 762 in
947 709 1257 780 fortitudine
1277 710 1414 781 ejus.
1440 707 1781 764 Excelsiores

223 805 384 864 seculi
411 814 719 876 potestates.
1544 815 1548 818 '

285 895 525 952 Fluminis
544 897 758 969 impetus
791 897 1021 969 laetiﬁcat
1050 899 1310 954 civitatem
1326 897 1445 954 Dei.
1470 899 1598 955 Post
1621 912 1782 955 ever-

224 1004 299 1046 sos
323 988 488 1045 cultus
507 987 917 1055 daemoniorum,
950 991 1156 1047 ablutio
1179 991 1461 1063 baptismi,
1487 991 1571 1047 vel
1594 991 1784 1061 irriga-

223 1085 284 1141 tio
315 1082 532 1153 Spiritus
570 1084 740 1138 sancti
772 1083 1015 1140 laetiﬁcat
1062 1085 1302 1140 animam
1352 1086 1631 1140 civitatem
1664 1083 1778 1152 Dei,

221 1178 320 1238 sive
348 1177 655 1246 Ecclesiam,
682 1194 802 1250 qua:
825 1188 909 1235 est
938 1180 1140 1235 civitas
1167 1179 1286 1247 Dei,
1311 1195 1432 1251 qua:
1448 1193 1614 1251 super
1631 1194 1787 1234 mon-

222 1283 313 1330 tem
338 1272 532 1344 posita,
575 1287 680 1328 non
711 1265 1070 1330 absconditur
1102 1273 1285 1346 (Matt.
1323 1278 1396 1344 v).
1426 1275 1787 1344 Sanctiﬁcavit

222 1365 573 1420 tabernaculum
602 1382 756 1420 suum
777 1365 1099 1421 Altissimus.
1133 1365 1624 1439 Congregatiouem
1659 1367 1790 1426 tide-

221 1458 351 1522 lium,
385 1458 432 1512 in
463 1471 566 1528 qua
590 1470 679 1525 per
720 1458 883 1514 ﬁdem
915 1458 1148 1514 habitat.

277 1551 402 1607 Deus
427 1552 478 1606 in
517 1551 685 1606 medio
715 1554 829 1625 ejus
873 1569 976 1609 non
1006 1555 1428 1610 commovebitur.
1463 1553 1568 1612 Sed
1601 1553 1787 1610 ﬁrma-

220 1653 307 1710 tur,
330 1652 384 1699 nt
410 1644 520 1700 ait:
556 1643 630 1700 Ne
657 1645 872 1713 timeas,
907 1647 1073 1702 Maria
1105 1645 1261 1720 (an.
1291 1649 1331 1717 ι)
1368 1665 1382 1706 :
1415 1647 1497 1704 vel
1546 1648 1788 1703 Ecclesia

223 1739 267 1795 in
307 1738 656 1794 tribulatione.
696 1739 975 1811 Adjnuabit
1006 1757 1120 1794 eam
1169 1739 1312 1796 Deus
1359 1757 1508 1794 mane
1532 1741 1788 1795 diluculo.

221 1830 524 1902 lnSpectione
555 1840 764 1901 sancta,
799 1847 902 1902 qua
934 1831 1194 1888 mundum
1240 1834 1644 1904 promerebitur
1673 1847 1787 1889 cor.
1822 1821 1871 1882 B

219 1924 347 1983 Beati
367 1928 504 1982 enim
531 1926 737 1983 mundo
767 1926 935 1984 corde
969 1943 982 1981 :
1017 1927 1274 1999 quoniam
1309 1929 1411 1999 ipsi
1435 1928 1607 1985 Deum
1639 1927 1790 1984 vide-

224 2019 338 2076 bunt
363 2018 531 2093 (Matt.
565 2019 643 2091 v).

276 2112 586 2168 Conturbata:
613 2123 733 2168 sum
754 2121 951 2184 gentes.
978 2112 1246 2170 Vitiorum
1277 2128 1341 2170 ac
1375 2112 1688 2170 criminum.
1721 2111 1792 2168 Et

218 2206 437 2261 inclinata
463 2217 584 2261 sunt
613 2223 794 2280 regna.
849 2207 1162 2264 Potestates
1207 2206 1657 2275 daemoniorum,
1688 2205 1790 2262 sub

221 2309 456 2372 potesutte
479 2301 705 2358 Christi.
738 2301 1005 2358 Dedernnt
1027 2318 1200 2358 vocem
1222 2319 1387 2358 suum.
1434 2302 1492 2358 In
1521 2300 1789 2373 praedica-

223 2395 447 2454 tionibus.
490 2396 638 2453 Mota
669 2406 744 2453 est
771 2406 929 2453 terra.
962 2399 1374 2468 Obstupuerunt
1400 2406 1594 2468 gentes
1625 2395 1680 2452 in
1710 2396 1790 2452 in-

221 2489 513 2547 credulitate
541 2505 645 2546 sua
668 2507 682 2545 :
706 2489 811 2547 hoc
842 2501 947 2561 est,
970 2493 1256 2566 gentilitas
1284 2491 1352 2548 de
1374 2490 1697 2548 inﬁdelitate
1721 2490 1790 2546 ad

215 2582 352 2638 ﬁdem
374 2583 588 2641 Christi.

271 2679 508 2736 Dominus
561 2681 816 2737 virtutum
861 2681 1150 2738 nobiscum.
1208 2681 1314 2738 Per
1361 2684 1788 2754 assumptionem

215 2774 387 2838 carnis,
415 2774 687 2847 particeps
716 2775 894 2831 factus
913 2785 997 2832 est
1023 2791 1123 2848 pro
1149 2776 1326 2832 nobis.
1349 2776 1477 2832 ideo
1498 2786 1553 2833 et
1575 2777 1789 2831 Emma-

214 2865 339 2933 nuel,
371 2865 466 2922 hoc
488 2877 591 2934 est,
626 2867 899 2923 nobiscum
919 2867 1080 2924 Deus.
1112 2867 1368 2923 Dominus
1398 2869 1666 2935 virtutum,
1695 2883 1791 2923 an-

213 2959 423 3030 gelorum
445 2971 500 3018 et
528 2963 836 3019 hominum.
875 2961 1159 3036 Susceptor
1199 2972 1374 3018 noster
1417 2963 1560 3019 Deus
1599 2961 1786 3017 Jacob.

214 3049 314 3123 ipse
334 3054 579 3110 virtutum
613 3055 903 3123 Dominus,
931 3055 1018 3126 qui
1041 3055 1175 3110 vicit
1198 3055 1499 3111 diabolum.
1525 3055 1648 3126 ipse
1672 3071 1793 3112 sus-

213 3158 374 3216 ceptor
403 3159 604 3217 noster,
642 3157 702 3205 ut
751 3165 852 3206 nos
882 3149 936 3204 in
965 3159 1228 3205 aeternum
1259 3159 1564 3206 conservet.
1614 3151 1788 3221 Adju-

1882 525 2039 571 terra.
2069 515 2125 573 Si
2153 532 2221 572 ex
2245 517 2564 574 Iudaeorum
2595 525 2754 588 gente
2782 516 2849 572 ad
2881 532 2968 574 me
2993 518 3202 574 reversi
3227 519 3442 574 luerunt
3472 533 3488 575 :

1882 623 2019 680 quos
2039 624 2148 664 non
2181 617 2405 664 terrena
2438 623 2633 680 sapere
2657 608 3009 665 manifestum
3032 618 3142 666 est.

1959 701 2213 758 Dominus
2234 704 2482 759 virtutum
2507 703 2778 759 nobiscum
2805 719 2824 760 :
2846 715 3108 778 susceptor
3137 713 3312 761 noster
3324 705 3487 775 Deus,

1884 794 2066 852 Iacob.
2101 797 2332 869 Semper
2362 797 2505 854 enim
2551 813 2675 853 cum
2717 796 3069 855 credentibus
3096 799 3384 870 dignanter
3411 800 3493 857 in-

1884 888 2099 946 habitat
2132 891 2308 947 :sicut
2344 891 2613 962 apostolis
2655 901 2777 962 post
2824 891 3286 948 resurrectionem
3335 892 3495 963 polli-

1885 984 2004 1041 ceri
2057 984 2311 1056 dignatus
2359 995 2466 1053 est,
2498 986 2690 1043 dicens
2717 1003 2728 1040 :
2764 985 2905 1042 Ecce
2935 1001 3038 1059 ego
3063 987 3344 1044 vobiscum
3371 1002 3491 1044 sum

1889 1078 2150 1135 omnibus
2179 1078 2375 1136 diebus
2415 1094 2592 1152 usque
2631 1078 2700 1136 ad
2746 1080 3277 1138 consummationem
3304 1081 3493 1138 saeculi

1893 1169 2111 1244 (Matth.
2145 1171 2292 1245 ult.).

2410 1264 2731 1324 PSALMUS
2771 1265 2959 1324 XLVI.

1893 1376 1961 1434 In
2004 1379 2178 1450 ﬁnem,
2212 1397 2325 1452 pro,
2351 1379 2476 1450 ﬁliis
2517 1379 2668 1446 Core,
2703 1381 2969 1438 Psalmus.
3007 1382 3129 1439 Filii
3175 1381 3350 1452 Core,
3398 1381 3493 1443 lilii

1967 1453 2127 1527 c_a|v_i.
2159 1452 2273 1508 Vox
2298 1451 2605 1527 deridentis
2637 1462 2742 1527 est.
2768 1453 2887 1527 [loc
2908 1453 2976 1511 de
3005 1455 3110 1510 illis
3134 1456 3490 1527 quadraginta

1967 1523 2180 1596 duobus
2225 1526 2410 1594 pueris
2441 1524 2594 1596 dicit,
2627 1526 2719 1593 qui
2766 1525 3019 1582 Elisauim
3067 1523 3402 1596 deriserunt,
3434 1540 3494 1586 et

1965 1594 2218 1650 dixerunt
2240 1595 2538 1662 :Ascendc,
2562 1597 2746 1662 calve;
2777 1599 3030 1664 ascende,
3046 1599 3221 1662 calve,
3243 1609 3300 1656 et
3325 1594 3495 1658 male-

1967 1665 2105 1742 dixit
2128 1682 2221 1742 eos
2246 1668 2297 1721 in
2331 1667 2551 1742 nomine
2576 1667 2901 1742 DonuinillV
2925 1667 3164 1742 Reg.gu).
3192 1671 3261 1726 Et
3288 1672 3495 1742 egressi

1967 1736 2078 1792 duo
2094 1740 2250 1813 ursi,
2265 1739 2625 1813 comederunt
2643 1754 2761 1813 eos_.
2794 1736 3029 1813 Elisams
3046 1736 3272 1813 ﬁguram
3291 1736 3495 1800 Christi

1970 1817 2143 1884 tenet,
2178 1810 2252 1865 illi
2283 1812 2436 1884 pueri
2471 1811 2700 1884 ﬁguram
2727 1810 3062 1884 Judieorum,
3090 1810 3185 1884 qui
3208 1815 3491 1872 dixerunt:

1969 1880 2105 1946 Ave,
2153 1897 2245 1937 rex
2278 1880 2614 1938 Judaeorum.
2657 1881 2807 1939 Unde
2843 1885 3042 1940 Paulus
3091 1880 3267 1941 dicit:
3315 1887 3496 1944 Nolite

1975 1953 2126 2028 pueri
2175 1954 2636 2028 elﬁcisensibus,
2681 1955 2776 2028 sed
2824 1957 3028 2010 malitia
3071 1959 3280 2028 parvuli
3321 1968 3498 2015 estote

1971 2023 2013 2096 (Ι
2061 2021 2183 2108 Cor.
2234 2024 2368 2112 xiv).
2404 2025 2561 2081 Venit
2598 2021 3356 2112 medicusnsanare'a‘grotos,
3400 2030 3497 2086 sed

1969 2095 2157 2170 aegroti
2177 2097 2812 2170 occideruntmedicum.
2833 2098 2961 2154 Ursi
2979 2095 3200 2170 proprie
3221 2095 3500 2159 demones

1971 2167 2371 2240 intelliguntur,
2423 2169 2547 2240 quia
2591 2167 3001 2227 devoraveruni
3041 2167 3207 2229 corda
3255 2174 3496 2231 illorum.

1973 2239 2219 2295 Psalmus
2257 2239 2449 2297 vocem
2492 2242 2739 2297 continet
2772 2243 3154 2312 apostolicam,
3193 2243 3496 2302 admonen-

1969 2320 2099 2386 tem,
2144 2320 2218 2386 ut»
2243 2312 2296 2366 in
2326 2313 2444 2386 ipso
2473 2313 2592 2370 solo
2636 2313 2908 2382 lzetemur,
2943 2314 3100 2386 cujus
3142 2332 3333 2374 sumus
3366 2332 3497 2376 san-

1968 2382 2136 2453 guine
2163 2383 2398 2439 liberati.

1969 2496 2155 2552 Omnes
2196 2509 2396 2570 gentes,
2439 2500 2676 2571 plaudite
2713 2500 2971 2558 manibus.
3021 2501 3256 2575 Spiritus
3279 2514 3499 2573 sanctus

1895 2604 1995 2660 per
2023 2590 2346 2662 prophetam
2379 2603 2538 2651 vocat
2567 2595 2632 2652 ad
2659 2595 2819 2653 ﬁdem
2850 2613 3041 2655 omnes
3069 2609 3261 2671 gentes
3283 2602 3475 2659 venire

1898 2683 2092 2742 Omnes
2113 2697 2334 2761 gentes:
2365 2688 2417 2745 id
2451 2700 2554 2758 est,
2585 2699 2728 2748 totus
2759 2692 2993 2751 mundus
3037 2694 3224 2764 simul,
3266 2694 3499 2769 plaudite

1894 2779 2153 2834 manibus.
2207 2779 2494 2850 Plaudere,
2538 2783 2782 2842 laudare.
2837 2787 3070 2844 Plausus
3103 2805 3335 2863 namque
3381 2791 3500 2848 laus

1894 2869 2117 2929 dicitur.
2149 2873 2397 2933 Gaudete
2432 2875 2484 2932 in
2517 2876 2677 2935 bonis
2703 2879 2984 2951 operibus.
3018 2880 3252 2939 Jubilate
3291 2881 3404 2940 Deo
3445 2886 3501 2940 in

1896 2979 2018 3018 roce
2061 2965 2443 3024 exsultationis.
2493 2969 2638 3026 Voce
2682 2971 2901 3028 sublimi
2949 2973 3240 3031 Dominum
3270 2975 3499 3032 conﬁte-

1894 3055 2027 3111 mini
2059 3056 2110 3112 in
2142 3056 2264 3129 ipso
2290 3061 2485 3130 corde,
2519 3072 2576 3118 et
2603 3066 2747 3119 omni
2785 3067 3156 3124 membrorum
3185 3069 3368 3126 ofﬁcio
3404 3085 3501 3126 ex-

1896 3147 2115 3206 sultate.
2165 3151 2392 3222 Propter
2439 3155 2866 3228 magnitudinem
2916 3159 3116 3218 laetitia:
3172 3161 3322 3219 dicit.
3381 3163 3500 3222 Vox

215 3246 302 3305 tor,
329 3238 461 3298 Deus
483 3240 675 3298 Iacob.
710 3243 815 3299 Per
839 3242 1032 3311 Jacob,
1057 3242 1426 3315 supplantatio
1456 3244 1737 3302 vitiorum.
1823 3228 1870 3293 Ο
1900 3245 2283 3303 exsultationis
2310 3258 2393 3305 est
2420 3267 2434 3307 :
2466 3250 2611 3322 quod
2641 3267 2744 3309 nec
2771 3253 2976 3325 verbis,
3020 3271 3118 3313 nec
3148 3258 3368 3326 litteris,
3399 3275 3500 3318 nec

280 3332 443 3391 Venite
464 3346 511 3391 et
541 3337 712 3392 uidete
739 3354 896 3407 Opera
920 3336 1153 3392 Domini.
1180 3336 1435 3393 Christus
1461 3347 1620 3394 vocat
1642 3355 1792 3396 suam

213 3426 483 3486 Ecclesiam
515 3431 582 3486 ad
618 3431 809 3500 ﬁdem,
841 3431 927 3488 vel
959 3431 1024 3487 ad
1056 3431 1461 3488 credulitatem.
1500 3431 1708 3500 Videte,
1741 3433 1795 3490 id

213 3530 303 3591 est,
344 3523 630 3595 intelligite
657 3542 668 3577 :
696 3541 855 3591 opera
887 3523 1118 3589 Domini,
1146 3525 1380 3581 virtutes
1410 3525 1643 3581 Domini.
1673 3525 1794 3594 Vel,

215 3630 346 3687 opera
367 3617 575 3672 Domini
599 3632 622 3672 :
643 3617 789 3690 quia,
813 3617 968 3687 juxta
996 3617 1297 3685 Danielem,
1324 3617 1463 3689 lapis
1486 3617 1700 3674 excisus
1726 3617 1796 3675 de

214 3718 375 3767 monte
401 3712 517 3769 sine
548 3711 828 3777 manibus,
854 3711 1204 3767 comminutis
1247 3713 1432 3783 regnis
1465 3712 1673 3780 mundi,
1705 3726 1797 3768 oc-

215 3803 406 3873 cupavit
449 3803 794 3860 latitudinem
829 3805 1008 3860 omnis
1039 3813 1198 3860 terra:
1221 3804 1386 3876 (Dan.
1415 3806 1498 3878 ιι).
1549 3806 1676 3874 Quae
1705 3823 1799 3879 po-

211 3897 300 3950 suit
320 3899 550 3971 prodigia
573 3915 730 3972 super
758 3907 971 3954 terram.
1001 3897 1167 3953 Multa
1193 3899 1334 3954 enim
1361 3900 1538 3970 signa,
1567 3899 1652 3955 vel
1674 3909 1799 3958 ante

218 3991 487 4048 adventum
514 4009 866 4064 corporeum,
903 3994 990 4050 vel
1022 4003 1148 4064 post
1174 3995 1329 4050 illum
1359 3994 1597 4051 ostendit
1620 3994 1672 4050 in
1705 4009 1801 4066 po-

213 4083 354 4153 pulis.
410 4084 669 4158 Auferens
718 4086 852 4142 bella
900 4102 1062 4159 usque
1105 4087 1174 4142 ad
1229 4087 1576 4160 ﬁnesjerrte.
1607 4088 1799 4145 Omnia

214 4173 338 4231 bella
370 4178 421 4233 in
450 4178 692 4236 adventu
743 4179 960 4236 Domini
1002 4179 1300 4251 quievisse,
1333 4182 1631 4238 multorum
1675 4198 1802 4238 nar-

214 4279 322 4325 rant
350 4271 612 4329 historiaa.
645 4273 750 4329 Sed
783 4283 840 4328 et
868 4287 1012 4330 nunc
1042 4274 1096 4330 in
1147 4274 1392 4331 Ecclesia
1430 4291 1528 4332 sua
1559 4274 1802 4348 quotidie

214 4361 340 4421 bella
377 4377 621 4436 coercet,
654 4379 713 4425 ut
755 4385 865 4426 non
898 4371 1149 4438 saeviant,
1181 4372 1267 4428 vel
1298 4371 1568 4442 haeretici,
1601 4373 1686 4432 vel
1708 4372 1804 4432 Ju-

215 4455 324 4515 ἀεὶ.
353 4460 444 4518 Vel
473 4468 738 4535 auferens,
772 4463 986 4530 tollens,
1039 4463 1173 4520 bella
1205 4483 1224 4521 :
1258 4465 1361 4522 hoc
1391 4477 1498 4535 est,
1543 4483 1798 4540 pugnam,

214 4553 323 4619 quia
360 4569 579 4624 semper
601 4565 685 4612 est
727 4571 903 4628 pugna
926 4557 1184 4612 vitiorum
1217 4566 1271 4614 et
1296 4572 1670 4630 peccatorum.
1705 4559 1804 4617 Us-

1898 3337 2127 3408 syllabis
2151 3341 2506 3411 potestbomo
2528 3346 3022 3418 comprehendere,
3049 3359 3308 3422 quantum
3329 3352 3501 3412 Deum

1898 3430 2120 3518 laudare
2147 3433 2364 3518 debeat.

1969 3510 2228 3592 'Quoniam
2259 3513 2397 3585 Deus
2418 3532 2652 3589 excelsus
2685 3535 2956 3592 terribilis.
2984 3535 3080 3596 Ille
3106 3539 3197 3612 qui
3225 3539 3500 3613 quondam

1899 3617 2218 3678 irritabatur
2263 3641 2294 3679 a
2343 3624 2578 3698 iud-"eis,
2631 3629 2870 3686 obtentis
2916 3633 3203 3703 gentibus,
3255 3635 3503 3694 excelsus

1897 3713 2068 3771 caelos
2113 3716 2438 3788 ascendens,
2485 3721 2750 3778 terribilis
2794 3724 2970 3782 lactus
3002 3735 3110 3794 est,
3143 3728 3392 3786 residens
3433 3731 3501 3787 ad

1900 3807 2177 3864 dexteram
2207 3810 2404 3868 Patris.
2430 3810 2500 3868 Et
2522 3831 2616 3870 rea:
2639 3833 2856 3888 magnus
2884 3837 3040 3893 super
3061 3838 3264 3877 omnem
3287 3834 3499 3882 terram.

1885 3900 2022 3958 'Non
2070 3903 2245 3958 solum
2297 3920 2464 3977 super
2511 3908 2827 3968 Judaaorum
2877 3924 3135 3986 gentem,
3188 3917 3287 3974 sed
3338 3935 3504 3992 super

1902 4012 2094 4055 onmes
2136 4000 2390 4058 nationes
2422 4011 2602 4060 terrae.
2647 4005 2769 4074 Vel,
2797 4025 2955 4080 super
2976 4027 3176 4067 omnem
3202 4021 3414 4084 terram,
3450 4015 3504 4072 id

1903 4101 2010 4159 est,
2057 4108 2222 4165 super
2264 4110 2484 4154 omnem
2536 4098 2859 4171 Ecclesiam,
2911 4103 3035 4176 quia
3067 4105 3309 4162 Ecclesia
3361 4116 3506 4164 terra

1904 4183 2142 4239 dicitur:
2191 4186 2440 4244 Christus
2490 4204 2657 4261 super
2697 4207 2839 4263 eam,
2874 4195 2999 4264 quia
3041 4194 3168 4252 data
3207 4203 3293 4253 est
3322 4196 3376 4253 ei
3408 4213 3506 4269 po-

1908 4284 2073 4334 testas
2104 4278 2155 4334 in
2189 4288 2335 4338 terra
2359 4290 2417 4338 et
2445 4283 2498 4340 in
2540 4283 2703 4341 ccelo.
2734 4284 2834 4342 Vel
2861 4286 2929 4344 de
2958 4302 3067 4360 quo
3097 4304 3244 4347 nunc
3273 4291 3507 4360 apostoli

1906 4371 2130 4428 dicunt:
3475 4430 3480 4434 .

1979 4465 2216 4540 Snbjecit
2259 4453 2480 4543 papulas
2523 4472 2672 4529 nobis
2707 4484 2756 4530 et
2785 4485 2958 4548 gentes
3004 4481 3099 4534 sub
3145 4480 3359 4552 pedibus
3407 4500 3505 4539 no-

1909 4564 2051 4620 stris.
2079 4564 2251 4637 Elegit
2278 4567 2426 4623 nobis
2449 4571 2803 4627 hareditatem
2832 4589 2999 4628 suam.
3035 4574 3324 4647 Subjectas
3351 4579 3453 4634 sibi
3477 4595 3508 4636 a

217 4656 304 4713 que
329 4646 393 4699 ad
423 4648 554 4718 ﬁnes
583 4656 756 4714 terras,
803 4627 976 4722 usque
1001 4651 1068 4706 ad
1095 4651 1257 4707 ﬁnem
1298 4627 1656 4711 saeculorum.
1701 4657 1806 4714 Do-
1831 4627 1886 4690 Β
1910 4657 2130 4715 Christo
2177 4627 2372 4731 gentes
2403 4673 2456 4719 et
2489 4665 2722 4737 populos
2765 4666 2952 4724 dicunt
2991 4687 3006 4726 :

214 4735 377 4794 minus
417 4740 598 4798 aufert
638 4756 669 4796 a
721 4743 878 4801 nobis
902 4745 1061 4801 istam
1093 4760 1330 4818 pugnam
1368 4763 1531 4804 :nam
1580 4764 1679 4821 per
1706 4767 1804 4810 nos

213 4844 309 4886 non
338 4849 654 4905 possumus.
1613 4855 1619 4861 '

277 4928 461 4984 Arcum
509 4939 762 4988 conteret.
815 4932 1073 4991 Occultas
1125 4934 1395 4992 malorum
1447 4936 1696 4995 insidias.
1737 4940 1806 4996 Et

214 5022 494 5096 confringet
517 5039 688 5080 arma.
723 5024 1032 5083 Praesentes
1056 5043 1284 5102 pugnas.
1311 5027 1378 5084 Et
1407 5040 1555 5087 senta
1598 5035 1808 5090 combu-

215 5123 282 5166 ret
307 5114 431 5186 igni.
467 5115 693 5175 lnsanas
737 5118 1027 5178 diabolica:
1059 5127 1422 5194 protectionis
1465 5127 1799 5200 phantasias,

215 5219 326 5272 quae
350 5209 537 5266 omnia
568 5210 664 5267 illo
692 5211 800 5284 igni
821 5213 1096 5286 spirituali
1117 5219 1394 5275 consumit
1422 5237 1436 5276 :
1467 5219 1536 5277 de
1564 5237 1672 5292 quo
1693 5222 1802 5278 ait:

215 5293 385 5369 Ignem
423 5306 550 5360 veni
597 5309 814 5365 mittere
867 5310 918 5366 in
953 5304 1155 5368 terram
1192 5331 1203 5367 :
1239 5315 1343 5371 hoc
1384 5324 1489 5388 est,
1524 5316 1578 5374 in
1611 5315 1806 5376 Eccle-

215 5393 341 5450 siam
365 5396 528 5470 (Luc.
559 5404 681 5469 xu).

286 5489 476 5549 Vacate
505 5505 553 5550 et
578 5497 740 5552 uidete
764 5501 1012 5570 quoniam
1056 5518 1150 5574 ego
1199 5520 1315 5560 sum
1362 5499 1658 5564 Dominus:
1693 5509 1810 5582 Ego

217 5578 334 5651 ieci,
361 5594 416 5642 et
446 5603 559 5644 non
598 5589 770 5646 ieram
808 5607 954 5664 :ego
998 5595 1202 5665 creavi,
1244 5607 1299 5654 et
1327 5613 1428 5670 ego
1458 5578 1806 5660 sustineam:

218 5679 470 5737 redimam
514 5696 612 5740 vos
646 5694 702 5742 et
731 5685 1003 5742 dimittam
1029 5697 1252 5760 peccata
1283 5701 1492 5762 vestra,
1523 5693 1602 5750 ait
1625 5695 1813 5755 Domi-

220 5784 315 5826 nus
353 5771 510 5844 (Isai.
542 5776 711 5850 xm).
746 5778 948 5838 Vacate
978 5797 1110 5854 ergo
1137 5793 1198 5840 ut
1228 5800 1316 5841 me
1361 5787 1724 5860 cognoscatis,
1761 5799 1815 5847 et

223 5876 324 5923 non
362 5866 415 5924 in
461 5868 611 5927 aliud
658 5872 1083 5934 conturbcmiui.
1118 5873 1408 5945 Exaltobor
1438 5880 1506 5957 _in
1553 5882 1811 5956 gentibus.

1909 4753 2250 4822 conculcata,
2288 4754 2484 4828 dignos
2513 4758 2567 4814 in
2597 4758 2974 4820 hmreditatem
3007 4765 3207 4824 Christi
3240 4769 3507 4826 iecerunt.

1910 4843 2011 4901 Vel
2060 4847 2350 4904 luereditas
2397 4849 2624 4918 Christi,
2677 4865 2865 4912 sancta
2911 4856 3162 4916 Ecclesia
3205 4869 3312 4917 est.
3357 4861 3512 4918 Unde

1913 4937 2053 4994 dixit
2085 4940 2138 4995 in
2181 4940 2291 4996 alio
2322 4943 2444 4999 loco
2479 4963 2490 4998 :
2535 4944 2800 5005 Dominus
2831 4966 2956 5021 pars
2997 4951 3336 5012 htereditatis
3375 4971 3512 5013 mea:

1912 5031 2086 5106 (Psal.
2119 5035 2237 5106 xv).
2289 5034 2357 5092 Et
2389 5051 2491 5094 nos
2535 5053 2656 5111 sua,
2708 5051 2765 5098 et
2812 5043 2903 5100 ille
2934 5054 3159 5102 nostra:
3209 5048 3512 5106 secundum

1915 5125 2087 5184 illud:
2120 5128 2309 5185 Portio
2355 5147 2476 5187 mea
2505 5133 2771 5192 Dominus
2808 5137 2983 5209 (Psal.
3013 5141 3227 5215 omn).
3273 5143 3510 5216 Speciem

1915 5222 2079 5279 Jacob
2125 5243 2280 5298 quam
2325 5229 2532 5288 dilexit.
2568 5233 2645 5290 De
2693 5236 3098 5307 pulchritudine
3149 5244 3293 5300 enim
3344 5246 3516 5304 Jacob

1916 5315 2084 5387 elegit
2111 5320 2417 5390 apostolos,
2470 5323 2565 5396 qui
2594 5325 2665 5384 ab
2709 5327 2828 5398 ejus
2879 5331 3054 5402 stirpe
3092 5333 3516 5408 descendentes,

1917 5408 2036 5466 haec
2057 5411 2269 5469 dicunt.
2298 5414 2455 5484 Quod
2503 5428 2684 5476 autem
2718 5435 2841 5477 eum
2870 5421 3084 5494 diligat,
3118 5427 3242 5483 audi
3283 5431 3521 5501 prophe-

1918 5513 2030 5562 tam
2068 5519 2084 5562 :
2127 5507 2301 5567 Jacob
2344 5509 2541 5582 dilexi,
2591 5513 2738 5570 Esau
2776 5526 2963 5575 autem
2992 5518 3118 5577 odio
3168 5521 3329 5580 habui
3369 5523 3518 5596 (Ha-

1917 5600 2057 5656 (ach.
2087 5602 2154 5658 ti.

1989 5602 2057 5656 :It.
2087 5617 2105 5657 ι
2139 5642 2154 5658 .

1989 5602 2237 5754 Αδεεζιάίι
2292 5696 2436 5757 Deus
2475 5703 2530 5759 in
2568 5704 2764 5778 jubito.
2813 5709 3026 5768 Claruit
3079 5711 3225 5770 enim
3271 5714 3522 5776 ascensio

1918 5788 2060 5860 ejus.
2106 5791 2160 5847 in
2191 5808 2294 5865 qua
2325 5795 2618 5856 multitudo
2647 5802 2966 5872 angelorum
2994 5821 3117 5862 cum
3148 5822 3339 5881 magna
3375 5807 3524 5881 jubi-

1922 5882 2130 5944 latione
2159 5886 2412 5947 dicebat:
2461 5888 2660 5954 Tollite
2701 5906 2909 5972 portas,
2966 5900 3257 5978 principes,
3309 5912 3526 5972 vestras
