3944 6334
387 367 390 370 _
469 293 579 356 oss
1076 330 1094 356 ι

473 410 649 482 (Psal.
676 408 830 480 χχιιι)
854 421 869 464 :
896 405 1005 474 jam
1033 405 1172 462 redit
1197 404 1370 461 victor
1388 422 1452 463 ex
1475 406 1697 477 prteIiis.
1725 405 1795 461 Et
1821 406 2074 462 Dominus
2104 411 2153 468 Α

475 505 530 558 in
560 519 680 558 uoce
712 503 865 559 tubas.
905 503 957 558 In
987 516 1089 572 qua
1134 500 1244 558 duo
1273 501 1455 572 angeli
1496 509 1768 570 tamquam
1804 501 1951 568 tuba,
1983 502 2078 556 illo

475 595 835 663 ascendente,
867 593 1131 664 apostolis
1157 592 1537 649 clamaverunt
1569 611 1581 646 :
1619 592 1718 649 Hic
1754 593 1942 660 Jesus,
1983 594 2074 663 qtti

471 699 728 760 receptus
771 699 857 746 est
884 703 914 743 a
959 687 1135 752 vobis,
1183 689 1263 742 sic
1304 687 1484 744 veniet
1510 686 1968 760 quemadmodum
2001 688 2080 741 vi-

475 782 637 840 distis
665 797 788 838 eum
818 790 1038 837 euntem
1085 781 1140 836 in
1179 780 1380 837 coelum
1409 780 1546 848 (Act.
1580 788 1643 853 ι).
1678 779 1775 836 Vel
1817 790 1938 851 post
1969 780 2080 835 vic-

473 876 702 942 toriam,
729 889 835 947 qua
867 874 996 930 vicit
1024 872 1326 939 diabolum,
1355 871 1438 928 sic
1465 871 1733 928 ascendit.
1766 869 1921 928 Unde
1949 870 2082 925 dicit

473 967 530 1023 in
561 968 672 1022 alio
717 967 967 1038 psalmo:
1017 964 1220 1022 Tollite
1253 974 1458 1036 portas,
1493 965 1795 1036 principes,
1841 975 2074 1028 veStras,

467 1059 854 1126 etelevamini,
881 1069 1052 1132 portae
1075 1058 1385 1126 :eternales,
1408 1069 1461 1114 et
1481 1058 1726 1114 introibit
1749 1057 1862 1114 Rex
1889 1057 2077 1127 gloria:

471 1154 648 1228 (Psal.
681 1157 862 1225 xxttt).
894 1155 994 1210 Vel
1039 1155 1182 1209 sicut
1229 1153 1461 1223 legimus
1504 1153 1558 1208 in
1602 1151 1828 1208 Actibus
1854 1159 2076 1220 aposto-

470 1249 673 1314 lorum,
706 1247 926 1318 quando
952 1245 1198 1302 ascendit
1227 1246 1297 1302 de
1326 1253 1512 1301 monte
1538 1244 1736 1300 Oliveti
1769 1260 1784 1302 :
1819 1241 1932 1298 Viri
1965 1242 2076 1296 Ga-

467 1342 622 1411 lilaei,
666 1342 795 1412 quid
839 1342 996 1398 statis
1035 1341 1362 1412 aspicientes
1407 1339 1460 1393 in
1511 1336 1750 1394 caelum?
1781 1336 1878 1394 llic
1916 1334 2078 1391 Jesus

465 1436 558 1508 qui
577 1443 890 1504 assumptus
917 1439 1004 1489 est
1023 1433 1222 1488 avobis
1244 1433 1296 1486 in
1320 1431 1522 1488 caelum
1548 1445 1563 1484 :
1585 1429 1669 1485 sic
1692 1429 1871 1485 veniet
1887 1443 2076 1498 quem-

465 1531 758 1588 admodum
794 1528 1010 1586 vidistis
1037 1541 1160 1585 enm
1190 1537 1408 1583 euntem
1436 1527 1488 1581 in
1527 1525 1725 1581 caelum
1767 1523 1907 1596 (Act.
1938 1520 2001 1594 ι).

544 1625 768 1681 Psallite
809 1623 919 1680 Deo
962 1633 1163 1691 nostra,
1201 1620 1434 1692 psallite,
1483 1620 1694 1691 psallite
1721 1619 1831 1690 regi
1855 1626 2074 1684 most-ro,

465 1719 700 1792 psallite.
725 1717 851 1787 Qui,
868 1733 1131 1790 oppresso
1152 1717 1344 1771 mortis
1365 1714 1650 1770 dominatu
1675 1753 1690 1779 ,
1712 1725 1931 1766 carnem
1951 1724 2073 1764 cum

465 1831 571 1887 qua
600 1815 774 1885 jacuit
801 1813 856 1868 in
889 1812 1118 1877 tumulo,
1149 1811 1330 1866 evexit
1350 1808 1417 1864 ad
1443 1808 1670 1864 caelum.

545 1906 806 1975 Quoniam
837 1921 928 1959 rea:
958 1904 1126 1958 omnis
1154 1912 1306 1957 terrw
1334 1899 1498 1955 Deus.
1529 1899 1665 1968 Quia
1706 1897 1816 1968 jam
1851 1912 1960 1953 non
1990 1912 2079 1952 so-

465 1993 578 2056 lum
605 1999 658 2054 in
682 1997 866 2054 Judtea
898 2006 954 2053 et
989 1995 1292 2053 Jerusalem
1324 2003 1514 2057 notus,
1544 1990 1638 2047 sed
1671 1991 1722 2044 in
1753 1991 1898 2044 omni
1931 1998 2075 2044 terra

468 2092 590 2149 lidei
630 2091 838 2148 lumine
889 2090 1219 2146 declaratus.
1268 2087 1492 2142 Psallite
1533 2087 1813 2158 sapienter.
1845 2083 1914 2141 Ut
1955 2100 2075 2155 quze

463 2187 662 2242 canitis
686 2199 782 2255 per
811 2184 1075 2250 litteram,
1109 2181 1426 2251 intelligetis
1453 2177 1810 2251 spiritualiter
1831 2177 1996 2233 dicta.

544 2279 798 2353 Regnabit
820 2273 1080 2332 Dominus
1106 2291 1263 2348 super
1289 2289 1466 2329 omnes
1493 2282 1687 2345 gentes.
1705 2272 1854 2340 Quas
1883 2271 1936 2326 itt
1964 2270 2073 2325 Ita:-

469 2370 759 2428 reditatem
789 2369 1001 2440 accepit
1045 2384 1077 2422 a
1125 2365 1304 2423 Patre.
1349 2365 1503 2423 Unde
1534 2374 1590 2420 et
1619 2366 1676 2420 in
1719 2365 1828 2420 alio
1859 2364 2071 2436 psalmo

463 2464 634 2521 dicit:
664 2463 809 2520 Dabo
828 2463 926 2519 tibi
952 2470 1147 2532 gentes
1177 2459 1553 2516 haereditatem
1581 2467 1753 2525 tuam,
1779 2466 1835 2513 et
1859 2471 2072 2525 posses-

461 2557 673 2614 sionem
700 2567 842 2611 tuam
872 2555 1141 2610 terminos
1167 2563 1328 2608 terra:
1358 2550 1533 2624 (Psal.
1564 2550 1647 2623 ιι).
1672 2550 1793 2616 Vel,
1819 2549 2070 2604 excelsus

467 2647 731 2708 Dominus
759 2663 923 2721 super
965 2664 1156 2704 omnes
1195 2655 1389 2719 gentes
1421 2655 1476 2702 et
1507 2661 1677 2717 super
1699 2644 1868 2701 caelos
1893 2643 2067 2716 gloria

461 2745 583 2817 ejus
621 2743 797 2819 (Psal.
840 2741 990 2815 cxu).
1043 2743 1180 2798 Deus
1235 2743 1376 2797 sedet
1419 2757 1570 2813 super
1615 2741 1787 2795 sedem
1832 2748 2065 2794 sanctant

461 2855 631 2894 suam.
663 2837 744 2894 Ad
767 2838 1045 2893 dexteram
1072 2837 1266 2892 Patris.
1301 2835 1395 2891 Vel
1428 2834 1602 2906 angeli
1631 2850 1729 2905 pro
1751 2835 2062 2889 innocentia

464 2945 659 2986 eorum
691 2930 955 2985 dicuntur
982 2928 1163 2997 sedes,
1197 2927 1324 2999 quia
1367 2942 1471 2981 non
1516 2936 1898 2998 peccaverunt.
1933 2924 2062 2980 lnde

461 3022 632 3079 dixit:
667 3021 877 3078 Caelum
909 3019 1226 3076 milti‘sedes
1257 3028 1339 3075 est
1360 3017 1516 3091 (Isai.
1551 3018 1718 3090 LxVI).
1748 3017 1884 3072 Deus
1909 3017 2060 3072 'sedet

459 3134 616 3188 super
645 3117 818 3172 sedem
859 3126 1089 3172 sanctam
1129 3131 1321 3170 suant:
1374 3113 1479 3170 hoc
1527 3125 1628 3183 eSI,
1683 3115 1736 3168 in
1793 3111 2056 3168 Ecclesia.

1263 285 1615 376 APPENDIX
1655 288 1746 346 AD
1785 289 2028 347 TOMUM
2069 287 2425 348 SEPTIMUM
2465 291 2522 348 S.
2567 290 2968 350 lllEltONYMl.

3653 295 3740 360 9M

2256 410 2542 482 psalmum,
2579 410 2738 480 "opus
2765 409 2874 482 vel
2919 408 3622 482 iprdeatioAintelligitur.
3659 413 3741 468 Per

2252 480 2547 552 canticum,
2577 478 2808 536 scientia
2837 491 2892 536 et
2916 478 3055 536 laus.
3081 480 3201 536 Filii
3236 478 3398 548 Core,
3446 478 3609 538 sancti
3635 499 3743 552 apo-

2255 551 2404 612 stoli.
2455 552 2538 607 vel
2587 563 2878 623 martyres.
2917 553 3094 608 Prima
3125 554 3372 618 Sabbati,
3408 552 3534 609 fecit
3559 556 3739 620 lucem;

2255 624 2496 678 secunda
2527 626 2762 693 sabbati,
2803 624 2933 681 fecit
2958 623 3380 681 ﬁrmamentum.
3425 626 3637 695 Lucem,
3663 643 3744 681 an-

2252 695 2435 765 gelos;
2473 697 2902 768 lignamentum,
2929 697 3198 768 homines.
3229 697 3403 753 [labet
3427 698 3550 754 inde
3569 699 3746 768 aliquid

2255 769 2307 821 in
2343 782 2486 822 novo
2511 766 2886 823 Tesmmento.
2935 766 3117 823 Prima
3167 769 3415 835 Sabbati,
3473 766 3751 826 resurrexit

2255 837 2343 892 lux
2376 839 2650 894 Christus.
2675 839 2831 896 Unde
2861 839 2992 894 dicit
3021 841 3074 895 in
3126 840 3420 910 Evangelia
3449 859 3463 896 :
3514 841 3638 897 Erat
3681 842 3750 896 lu-

2255 924 2377 964 men
2411 923 2624 978 verum,
2657 912 2803 979 quod
2838 910 3104 966 illuminat
3137 927 3354 967 omnem
3390 913 3654 970 hominem
3680 929 3752 970 ve-

2256 983 2492 1054 nientem
2527 984 2581 1036 in
2610 988 2753 1038 hunc
2781 985 3040 1038 tmmdum
3071 982 3251 1053 (Joan.
3286 991 3344 1054 ι).
3376 985 3620 1041 Secunda
3641 985 3753 1041 Sab-

2255 1053 2392 1114 bati,
2442 1055 2660 1108 tlrmata
2689 1063 2773 1109 est
2809 1055 3052 1111 Ecclesia
3100 1056 3153 1110 in
3199 1053 3325 1119 lide,
3383 1058 3599 1124 quando
3637 1057 3751 1112 dixit

2259 1126 2522 1180 Dominus
2559 1144 2571 1179 :
2600 1126 2662 1180 Et
2695 1140 2860 1196 super
2893 1127 3032 1181 hanc
3059 1141 3264 1196 petram
3285 1127 3565 1184 :rdilicalto
3597 1127 3753 1184 Eccle-

2257 1197 2391 1251 siam
2448 1192 2896 1270 meamqlMdtth.
2951 1192 3085 1260 ενι).
3140 1197 3390 1254 l’salmtts
3438 1207 3582 1256 totos
3632 1203 3751 1254 circa

2253 1278 2497 1351 sanctam
2547 1269 2785 1338 plebem,
2835 1281 2981 1325 totus
3024 1270 3169 1327 circa
3202 1271 3582 1328 Ecclesiastica
3628 1287 3756 1342 mys-

2257 1349 2389 1394 teria
2411 1351 2802 1396 commoratur.

2256 1430 2481 1505 Magnus
2506 1431 2761 1486 Dominus
2777 1441 2823 1486 et
2852 1432 3135 1487 laudabilis
3156 1433 3329 1490 nimis.
3356 1433 3473 1490 Vox
3499 1434 3749 1492 Ecclesiae.

2181 1523 2404 1594 Magnus
2433 1525 2654 1592 dicitur,
2683 1540 2789 1580 non
2818 1525 3250 1595 comparatione,
3297 1524 3395 1582 sed
3432 1540 3529 1596 pro
3568 1528 3752 1598 magni-

2183 1620 2365 1676 tudine
2409 1619 2597 1691 gloria:
2627 1635 2760 1675 suae.
2794 1621 2958 1687 Quasi
2993 1620 3454 1691 interrogaretur,
3492 1620 3577 1675 ubi
3627 1636 3750 1693 mag-

2183 1729 2307 1781 nus,
2329 1714 2420 1768 ubi
2442 1713 2770 1768 laudabilis?
2791 1711 3137 1783 Respondet:
3168 1711 3234 1766 In
3259 1713 3467 1767 civitate
3481 1712 3576 1768 Dei
3593 1715 3750 1769 nostri.

2101 1811 2150 1871 Β
2181 1806 2375 1862 Anima
2429 1816 2639 1872 sancta,
2695 1805 2850 1875 cujus
2899 1806 3052 1860 cives
3082 1817 3243 1875 atque
3290 1805 3600 1874 domestici,
3645 1806 3752 1862 boni

2183 1913 2338 1955 aetns
2393 1899 2797 1969 intelliguntur.
2844 1897 2913 1953 In
2962 1909 3129 1954 monte
3169 1908 3352 1952 sancto
3397 1900 3530 1970 ejus.
3578 1897 3628 1954 In
3674 1914 3749 1953 as-

2179 2001 2397 2061 sumpto
2430 1991 2694 2046 Dominici
2721 1990 2960 2046 hominis
2989 2006 3246 2060 corpore.

2253 2084 2538 2139 Fundatur
2565 2085 2910 2140 exsultatione
2935 2085 3182 2139 universis
3204 2095 3377 2140 terrte.
3403 2084 3622 2141 Terram
3648 2101 3750 2155 quae

2179 2181 2334 2249 prius
2363 2178 2600 2249 peccatis
2627 2190 2680 2233 et
2710 2177 3192 2233 maledictionibus
3221 2177 3565 2248 subjacebat,
3587 2193 3753 2232 ascen-

2177 2273 2334 2328 sione
2378 2288 2475 2327 sua
2521 2271 2836 2341 occupavit,
2884 2271 3133 2342 atquein
3183 2287 3248 2326 ea
3281 2270 3617 2326 credulitatis
3658 2287 3752 2324 sua:

2180 2367 2606 2422 exsultationem
2665 2382 2728 2422 ac
2784 2367 3025 2420 Iaztitiam
3075 2365 3345 2420 dilatavit.
3415 2365 3508 2420 Vel
3559 2364 3750 2420 fundata

2174 2457 2296 2527 fuit,
2335 2471 2387 2514 et
2418 2469 2506 2515 est
2537 2459 2802 2524 Ecclesia,
2849 2460 2901 2514 itt
2953 2470 3065 2514 toto
3112 2459 3315 2514 mundo
3349 2459 3402 2513 in
3453 2457 3574 2515 lide.
3618 2457 3748 2512 Mons

2175 2555 2331 2620 Sion,
2363 2555 2527 2609 latera
2551 2556 2837 2626 aquilonis,
2866 2555 3045 2609 civitas
3077 2553 3235 2626 Regis
3269 2555 3446 2627 magni
3477 2572 3495 2608 .'
3523 2553 3599 2608 Ad
3627 2557 3747 2607 hunc

2173 2660 2438 2715 montem,
2464 2651 2516 2704 id
2543 2660 2648 2715 est,
2681 2651 2749 2704 ad
2770 2647 3051 2704 Christum
3085 2648 3397 2715 Dominum,
3428 2654 3747 2703 accesserunt

2171 2743 2280 2800 duo
2315 2743 2496 2814 populi
2543 2760 2608 2806 ex
2645 2743 2779 2799 Sion
2824 2763 2836 2798 ;
2875 2758 3016 2799 unus
3047 2743 3116 2799 de
3164 2743 3434 2799 lateribus
3483 2741 3741 2812 aquilonis,

2169 2835 2260 2908 qui
2287 2846 2373 2892 est
2391 2853 2458 2891 ex
2485 2837 2772 2906 praeputio,
2804 2838 2944 2892 alter
2967 2851 3035 2892 ex
3059 2836 3499 2892 circumcisione.
3522 2836 3744 2890 Christus

2168 2942 2299 2997 ergo
2324 2928 2610 2994 Dominus,
2633 2930 2725 2998 qui
2756 2941 2836 2983 esv
2860 2944 2961 2998 pax
2987 2938 3199 2995 nostra,
3229 2929 3456 2984 abstulit
3480 2928 3742 2982 maceriam

2168 3021 2466 3077 inimicitiae
2489 3020 2561 3077 de
2591 3021 2794 3088 medio,
2825 3033 2877 3077 et
2905 3022 3038 3078 fecit
3069 3031 3302 3094 utraque
3336 3038 3531 3076 unum:
3562 3029 3613 3077 et
3639 3019 3739 3076 col-

2167 3113 2366 3172 locavit
2396 3117 2448 3170 in
2479 3117 2721 3172 Ecclesia
2755 3133 3013 3188 sua,qu:e
3037 3125 3122 3172 est
3156 3116 3356 3173 civitas
3380 3117 3538 3187 Regis
3561 3116 3738 3186 magni,

456 3206 617 3268 Unde
645 3210 851 3267 dictum
892 3218 1018 3266 est:
1051 3209 1243 3264 Anima
1284 3208 1444 3278 justi,
1473 3206 1636 3264 sedes
1667 3217 1750 3262 est
1777 3207 2061 3279 sapientia
2089 3211 2136 3276 C
2169 3211 2267 3265 hos
2308 3211 2540 3281 populos
2584 3227 2680 3282 per
2727 3211 2910 3267 (idem.
2963 3210 3058 3266 Vel
3108 3229 3252 3266 mons
3286 3213 3460 3267 Sion:
3506 3211 3601 3266 hoc
3642 3219 3736 3275 est,

464 3301 784 3376 (Sap.w0.

528 3395 804 3467 Principes
854 3395 1189 3470 populorum.
1239 3394 1506 3465 Apostoli.
1557 3393 1868 3465 Congregati
1920 3403 2057 3448 sunt.

457 3487 542 3548 Ad
584 3488 965 3560 judicandum.
997 3488 1116 3555 Vel,
1164 3487 1423 3559 principes
1453 3487 1800 3560 pepulerunt:
1851 3485 1902 3542 id
1943 3496 2057 3555 est,

457 3581 704 3638 seniores
747 3580 1231 3638 Christianorum:
1285 3594 1514 3650 quorum
1568 3580 1794 3650 figuram
1843 3580 2063 3635 tenebat

456 3677 746 3736 centurio:
795 3675 883 3731 vel
935 3675 1096 3729 modo
1135 3675 1210 3729 illi
1253 3673 1344 3744 qui
1394 3680 1583 3728 tenent
1641 3673 1814 3744 ipsam
1868 3673 2057 3739 ﬁdem,

453 3777 614 3842 uuam
648 3768 834 3824 habuit
863 3766 1162 3822 Abraham.
1195 3764 1348 3822 Unde
1377 3750 1581 3822 dictum
1613 3776 1695 3820 cst
1722 3783 1736 3820 :
1771 3765 1919 3821 Multi
1969 3782 2058 3822 ve.

450 3863 605 3918 nient
625 3861 693 3916 ab
707 3860 932 3916 Oriente
946 3859 1327 3924 etOccidente,
1345 3869 1399 3912 et
1423 3857 1735 3914 recumbenl
1751 3874 1870 3914 cum
1886 3857 2056 3924 Abra_~

449 3953 601 4022 ham,
626 3953 777 4014 Isaac
807 3959 864 4009 et
886 3949 1054 4008 Jacob
1087 3952 1136 4005 in
1156 3964 1322 4020 regno
1346 3950 1608 4006 caalorum
1626 3949 1806 4022 (Matt.
1826 3949 2056 4022 tt).Cum

449 4046 562 4103 Deo
591 4045 876 4102 Abraham.
910 4044 1052 4100 Deus
1076 4042 1330 4110 Abrahae,
1365 4043 1506 4099 Deus
1534 4059 1694 4098 verus
1717 4051 1820 4110 est,
1852 4042 1943 4114 qui
1976 4053 2058 4098 cst

447 4139 594 4197 Deus
625 4140 954 4205 viventium,
987 4153 1110 4192 cum
1143 4152 1250 4208 quo
1275 4138 1406 4207 justi
1427 4138 1692 4208 judicium
1723 4137 1940 4194 l'acient.
1967 4138 2057 4194 Sic

447 4234 594 4289 enim
637 4245 696 4289 et
736 4233 996 4288 Dominus
1040 4232 1092 4286 in
1148 4231 1442 4301 Evangelia
1470 4230 1547 4285 ait
1592 4246 1608 4288 :
1656 4231 1791 4286 Cum
1853 4230 2058 4287 sederit

446 4326 623 4385 Filius
655 4326 896 4383 hominis
927 4327 980 4381 in
1014 4325 1143 4382 sede
1181 4325 1484 4397 majestatis
1509 4342 1623 4382 suae
1655 4343 1670 4386 :
1714 4325 1972 4383 sedebitis
2003 4337 2056 4382 et

448 4436 548 4476 vos
586 4434 754 4489 super
781 4419 942 4474 sedes
971 4418 1287 4486 duodecim,
1319 4418 1626 4490 judicantes
1649 4418 1934 4475 duodecim
1963 4421 2057 4475 tri-

446 4513 550 4569 bus
573 4511 759 4584 Israel.
797 4512 1002 4578 Quonia
1023 4530 1053 4564 ιι
1077 4513 1153 4566 dii
1184 4513 1342 4583 fortes
1375 4521 1547 4581 terraz,
1598 4513 1918 4568 uehementer
1947 4513 2052 4566 ele-

2166 3312 2356 3359 sancta
2388 3304 2653 3360 Ecclesia.
2700 3305 2774 3358 De
2806 3305 2978 3359 latere
3002 3303 3316 3375 aquilonis:
3353 3305 3473 3373 quia
3510 3303 3573 3358 de
3601 3301 3739 3357 malis

2164 3408 2251 3454 est
2278 3408 2631 3470 congregata.
2668 3398 2825 3454 Unde
2855 3399 3061 3454 dictum
3090 3407 3210 3453 est:
3242 3399 3324 3453 Ab
3359 3397 3602 3468 aquilone
3623 3410 3740 3450 eto-

2166 3490 2377 3545 rientur
2424 3491 2562 3544 mala
2597 3506 2716 3560 quae
2768 3501 2896 3546 sunt
2949 3505 3118 3560 super
3167 3499 3396 3546 terram.
3444 3490 3536 3546 Hic
3577 3485 3738 3560 aquilo

2163 3583 2444 3654 diabolus,
2481 3585 2566 3640 cui
2604 3585 2840 3640 dicitur:
2901 3585 3057 3652 Veni,
3103 3585 3312 3655 aquilo,
3347 3585 3517 3656 perﬂa
3550 3585 3734 3638 hortum

2164 3693 2343 3732 meum
2375 3677 2556 3750 (Cant.
2603 3681 2678 3749 tv)
2709 3694 2724 3733 :
2757 3677 2861 3734 hoc
2886 3687 2991 3748 est,
3026 3679 3327 3734 Ecclesium
3356 3677 3732 3736 tentationibus.

2164 3769 2319 3827 Unde
2349 3772 2644 3842 Apostolus
2674 3772 2842 3828 dicit:
2876 3772 3109 3844 Oportet
3133 3771 3378 3830 hiereses
3407 3789 3549 3839 esse,
3578 3779 3628 3826 ut
3652 3769 3733 3840 qui

2162 3865 2374 3934 probati
2403 3875 2548 3932 sunt,
2577 3865 2847 3920 manifesti
2871 3866 2999 3920 liant
3022 3865 3074 3921 in
3100 3865 3258 3922 vobis
3293 3865 3333 3936 (l
3362 3865 3483 3921 Cor.
3512 3863 3606 3935 xt).
3629 3863 3732 3927 Vel,

2161 3958 2339 4011 civitas
2365 3956 2521 4029 Regis
2542 3961 2720 4030 magni
2749 3976 2767 4013 :
2799 3960 2900 4015 hoc
2923 3971 3030 4026 est,
3053 3971 3241 4014 sancta
3277 3957 3539 4015 Ecclesia.

2232 4053 2374 4109 Deus
2422 4055 2472 4108 in
2526 4054 2763 4109 domibus
2813 4056 2924 4126 ejus
2982 4064 3316 4126 cognoscetur
3360 4069 3472 4108 eum
3518 4051 3731 4123 suscipiet

2159 4163 2290 4202 eam.
2317 4147 2574 4217 Suscepit
2617 4163 2737 4202 eam
2771 4163 2869 4219 per
2897 4149 3155 4218 gratiam.
3186 4146 3545 4218 Cognoscitur
3570 4151 3729 4199 autem

2160 4237 2213 4292 in
2256 4237 2516 4308 gradibus
2559 4239 2698 4307 ejus,
2743 4239 2794 4294 id
2832 4245 2938 4306 est,
2985 4240 3035 4294 in
3077 4239 3371 4310 apostolis,
3406 4238 3490 4293 vel
3534 4233 3730 4306 reliquis

2158 4330 2616 4401 praedicatoribus
2646 4349 2659 4386 :
2694 4347 2791 4402 per
2821 4347 2959 4402 quos
2983 4333 3248 4389 Ecclesim
3283 4332 3416 4387 ﬁdes
3445 4333 3727 4386 annuntiat:

2158 4434 2262 4482 est.
2297 4427 2478 4482 Gratia
2513 4425 2656 4481 enim
2703 4441 2889 4482 sumus
2929 4425 3124 4482 salvati
3175 4443 3274 4498 per
3306 4425 3510 4482 ﬁdem:
3550 4434 3602 4480 et
3642 4422 3728 4477 hoc

2159 4533 2267 4574 non
2299 4535 2365 4574 ex
2397 4519 2576 4576 nobis.
2604 4519 2702 4574 Dei
2741 4520 2940 4576 donum
2970 4532 3076 4586 est,
3111 4529 3168 4576 ut
3192 4535 3356 4576 nemo
3379 4520 3447 4576 de
3475 4534 3531 4576 se
3553 4517 3730 4590 glorie-

446 4609 552 4663 cati
579 4615 721 4660 sunt.
756 4603 871 4673 Dii,
903 4604 1077 4660 sancti
1105 4611 1271 4662 sunt:
1309 4605 1450 4660 sicut
1489 4607 1567 4660 ait
1595 4605 1857 4676 prOpheta
1886 4621 1902 4664 :
1935 4604 2050 4677 Ego
2077 4605 2128 4666 D
2159 4619 2264 4667 tur.
2297 4611 2421 4679 Vel,
2479 4613 2531 4666 in
2575 4611 2834 4678 domibus,
2883 4613 2936 4669 id
2986 4623 3074 4669 est
3114 4631 3128 4667 :
3161 4615 3213 4669 in
3246 4626 3436 4669 saneta
3488 4609 3726 4668 Ecclesia.

441 4701 555 4760 dixi
582 4720 592 4755 :
619 4701 702 4758 Dii
725 4701 856 4757 estis
876 4709 933 4756 et
959 4700 1054 4756 lilii
1097 4700 1310 4757 excelsi
1341 4715 1534 4756 omnes
1553 4697 1727 4774 (Psal.
1752 4701 1900 4771 xxt);
1928 4699 2052 4756 Ele-

441 4798 547 4852 vati
575 4803 697 4852 sunt
739 4793 1084 4849 vehementer.
1113 4793 1319 4849 Elevati
1349 4799 1489 4861 sunt,
1523 4807 1618 4866 per
1641 4791 1800 4850 [idem
1829 4803 1882 4850 et
1909 4810 2060 4866 pne:

439 4887 799 4946 dicationem.
836 4885 930 4942 Vel
958 4886 1034 4942 illi
1072 4887 1164 4957 qui
1196 4884 1398 4942 elevati
1427 4897 1556 4941 sunt
1597 4888 1650 4942 in
1683 4888 1962 4958 superbia,
1994 4898 2049 4944 et

440 4981 648 5040 relictis
670 4979 1006 5047 caelestibus,
1032 4986 1251 5036 terrena
1277 4980 1710 5048 concupierunt:
1738 4981 1939 5051 quibus
1964 4981 2042 5038 di-

435 5075 581 5132 eitur
613 5081 630 5131 ':
658 5074 815 5131 Sicut
842 5073 1095 5130 homines
1144 5074 1500 5129 moriemini:
1534 5074 1620 5130 isti
1658 5090 1686 5129 a
1721 5075 1832 5132 Deo
1873 5076 2045 5135 Abra-

439 5171 550 5239 hae,
582 5169 667 5227 vel
693 5169 969 5241 apostoli:
983 5168 1129 5239 ejus,
1159 5175 1288 5224 sunt
1310 5167 1613 5238 judicandi.
1641 5167 1750 5226 Nos
1770 5184 1901 5226 vero
1923 5177 2048 5228 cre-

435 5269 559 5322 mus
585 5265 890 5330 Dominum,
916 5270 995 5328 ut,
1021 5262 1273 5333 deposito
1313 5264 1461 5318 omni
1492 5273 1706 5320 tumore
1744 5265 2042 5335 superbim,

433 5355 512 5413 ita
547 5356 625 5413 illi
657 5356 1054 5428 conjungamur
1096 5355 1151 5408 in
1185 5356 1286 5410 hoc
1314 5355 1521 5411 saeculo
1550 5372 1565 5415 :
1603 5367 1658 5411 ut
1696 5357 1750 5411 in
1777 5355 1988 5427 judicio
2016 5373 2044 5411 a

431 5451 658 5509 sinistra
691 5458 845 5520 parte
869 5447 1148 5520 disjtntcti,
1171 5461 1280 5504 non
1308 5449 1618 5504 inveniatur
1636 5451 1691 5506 in
1720 5451 1878 5507 nobis
1900 5452 2045 5522 quod

429 5544 660 5602 damnet
686 5543 740 5600 in
769 5557 984 5614 pinnam
1013 5559 1031 5604 :
1061 5543 1159 5600 sed
1189 5541 1334 5614 quod
1365 5545 1570 5616 pietate
1599 5546 1884 5617 multiplici
1915 5562 2043 5618 pro-

437 5637 604 5694 vehat
629 5635 697 5691 ad
733 5650 1018 5692 coronam.

939 5728 1272 5800 ,pssnuus
1315 5727 1521 5788 xnvu.

414 5823 679 5892 'Psalmtts
727 5824 919 5879 cantici
968 5822 1125 5880 Γαδία
1173 5824 1330 5894 Core,
1380 5826 1608 5884 secanda
1649 5827 1868 5886 sabbati.
1929 5830 2033 5888 Per

2159 4701 2289 4759 Cant
2327 4705 2569 4776 suscipiet
2601 4721 2733 4771 eam,
2765 4705 2817 4760 itt
2849 4705 2956 4761 ﬁde
2999 4723 3013 4764 :
3063 4706 3187 4777 quia
3216 4692 3379 4761 antea
3411 4703 3549 4761 inter
3577 4701 3728 4757 malos

2159 4805 2297 4852 erat.

2235 4891 2494 4959 Quoniam
2511 4907 2624 4946 ecce
2640 4908 2782 4964 reges
2807 4902 2959 4948 terra:
2981 4893 3280 4965 congregati
3304 4904 3446 4947 sunt.
3471 4887 3725 4958 Principes

2158 4985 2364 5052 szeculi,
2413 5001 2648 5055 quorum
2699 5002 2928 5058 regnum
2970 4987 3023 5041 in
3073 4986 3222 5041 cultu
3271 4985 3544 5042 idolorum
3586 4993 3726 5050 atque

2152 5076 2549 5133 daemoniorum
2590 5090 2729 5135 erat.
2769 5079 2847 5134 Ex
2888 5079 3150 5136 lateribus
3194 5081 3501 5152 aquilonis,
3542 5077 3592 5137 id
3626 5083 3726 5139 est.

2149 5168 2356 5227 diaboli
2386 5172 2732 5228 accedentes.
2765 5172 2887 5241 Vel,
2925 5174 3224 5245 congregati
3250 5183 3398 5243 sunt,
3431 5183 3481 5228 et
3502 5182 3725 5227 convene-

2149 5282 2271 5325 runt
2313 5271 2367 5325 in
2398 5288 2580 5336 unum,
2627 5271 2675 5328 id
2705 5281 2810 5337 est,
2847 5273 2898 5327 in
2940 5275 3205 5329 unitatem
3242 5273 3524 5328 Ecclesize.
3557 5270 3725 5326 Conre‘

2147 5374 2335 5419 nerunt
2381 5365 2437 5419 in
2487 5383 2666 5422 unum.
2719 5367 2977 5438 Lapidem
3027 5383 3305 5424 summum
3347 5368 3646 5441 angularem
3671 5361 3722 5417 in

2146 5459 2506 5518 fundamento
2529 5461 2834 5518 fundatum.
3075 5446 3078 5448 ’

2220 5551 2338 5625 Ipsi
2365 5557 2591 5612 ridentes
2629 5558 2706 5612 sic
2732 5557 2980 5614 admirati
3018 5569 3162 5614 sunt.
3196 5559 3439 5617 Gloriam
3467 5575 3529 5616 ac
3553 5565 3722 5631 poten-

2147 5647 2275 5704 tiam
2327 5647 2731 5720 Redemptoris.
2782 5649 2880 5707 Vel
2931 5651 3159 5709 virtutes
3207 5653 3587 5724 Apostolorum
3626 5647 3718 5703 ad-

2144 5739 2325 5797 mirati
2383 5752 2531 5812 sunt,
2588 5752 2642 5799 et
2691 5743 2951 5800 commoti
2999 5754 3127 5806 sunt
3177 5746 3249 5803 de
3298 5747 3608 5804 inﬁdelitate
3650 5738 3716 5793 ad

2142 5835 2324 5894 (idem.
2361 5836 2666 5894 Conturbati
2705 5850 2824 5896 sunt
2867 5849 2914 5896 et
2943 5842 3187 5896 commoti
3232 5854 3382 5914 sunt,
3423 5855 3596 5898 tremor
3627 5853 3717 5906 op-
