3944 6334
191 315 278 375 965

1032 299 1469 360 BREVIARIUM
1511 298 1576 358 IN
1617 294 1948 356 PSAIJIOS.
1993 295 2244 354 PSALM.
2285 293 2518 353 XLVIII.

3320 299 3425 359 οῑο

192 425 425 503 prehendit
448 435 548 478 eos.
571 418 614 476 A
635 419 964 474 conscientia
993 418 1353 473 delictorum:
1377 416 1499 488 quia
1525 416 1727 470 dictum
1757 421 1798 476 Α
1902 420 2238 503 tussanctus
2265 428 2366 503 per
2386 411 2802 503 ‘IlrtllpIIEIalll.
2830 426 3064 503 persona
3085 412 3430 503 praedicata:

192 533 294 579 est:
323 522 359 574 Α
390 517 572 572 timore
601 523 692 570 tuo
726 511 1079 582 concepimus
1119 519 1175 566 et
1213 511 1524 583 peperimus
1567 507 1728 580 spiri-

190 628 280 672 tum
306 611 476 668 salutis
505 605 637 681 (Isa.
664 603 840 676 xxvr).

249 705 318 760 lbi
357 704 540 758 dolores
578 709 633 754 ut
675 698 1051 768 parturientis:
1097 700 1152 754 in
1197 700 1378 771 spiritu
1424 695 1727 751 vehementi.

187 800 295 854 Cum
333 809 540 865 corpor
569 807 828 849 exercere
857 805 954 862 per
989 790 1374 847 abstinentiam
1403 789 1672 860 crepet-int
1715 805 1726 839 :

195 896 236 949 in
262 892 426 961 spiritu
455 887 768 955 fortissimo,
806 885 856 940 id
885 895 990 951 est,
1022 895 1232 940 sancto.
1274 885 1553 938 (.‘onterens
1581 895 1732 939 nares

194 982 388 1040 Titanis.
422 979 715 1037 Humilians
739 979 1050 1050 superbiam
1082 979 1321 1034 aeutium
1356 992 1370 1031 :
1405 976 1525 1046 quia
1557 974 1733 1030 Thar-

191 1080 269 1144 sis,
296 1079 342 1131 in
362 1075 613 1146 principio
643 1089 764 1140 suo,
795 1088 824 1128 a
855 1073 1200 1142 navigatione
1232 1072 1626 1142 negotiatorum
1644 1083 1735 1123 su-

1902 497 2020 537 rum
2065 486 2325 540 cantavit.
2386 483 2481 538 Vel
2534 485 2658 538 ideo
2710 483 2808 538 iste
2856 483 3118 552 psalmus,
3171 500 3235 538 eo
3284 485 3427 554 quod

1904 555 2098 609 doceat
2144 555 2325 610 mundi
2358 554 2573 608 divitias
2608 570 2730 609 cum
2765 555 2918 608 vanis
2946 554 3243 610 honoribus
3271 573 3427 625 sper-

1905 626 2154 680 tteud-s:
2210 627 2487 681 Cavendas
2537 625 2700 681 etiam
2746 626 3018 692 scrprutis
3059 630 3316 691 astutias,
3376 637 3431 684 et

1903 713 2122 754 omnem
2157 697 2343 753 orbem
2373 697 2440 752 ad
2467 698 2799 754 audiendum
2833 699 2928 754 Dei
2959 699 3186 755 verbum
3216 699 3428 755 instan-

1907 779 1987 825 ter
2015 770 2275 825 admonet
2302 770 2488 826 dicens
2519 789 2530 824 :

1904 885 2092 940 Audite
2121 887 2253 952 lucc,
2282 901 2456 940 omnes
2485 895 2660 959 gentes
2702 902 2721 941 :
2766 857 2977 942 attribui
3021 889 3293 960 percipite,
3343 892 3433 962 qui

1835 978 2080 1033 habitatis
2139 978 2329 1034 orbem.
2389 979 2678 1049 Sapienter
2724 979 3014 1052 intelligite
3067 982 3120 1035 itt
3165 982 3428 1052 spiritua-

1835 1071 1974 1126 Iibus
2001 1071 2242 1136 auribus,
2281 1085 2416 1143 quas
2461 1071 2724 1127 Dominus
2769 1072 2836 1126 ad
2878 1072 3208 1129 audiendum
3242 1074 3429 1144 elegit.

192 1171 326 1242 perba
353 1181 410 1223 ac
433 1165 744 1238 praecellens
775 1165 916 1221 facta
944 1174 1048 1220 est.
1084 1163 1211 1220 Ideo
1234 1163 1319 1219 hic
1349 1170 1737 1234 Comparantur
1833 1162 1892 1219 In
1925 1163 2222 1235 Evangelia
2249 1174 2431 1219 autem
2480 1164 2664 1220 cordis
2707 1165 2957 1234 requirit,
2991 1163 3134 1221 unde
3162 1166 3308 1222 Deus
3337 1181 3432 1221 au-

191 1263 294 1318 huic
329 1261 550 1331 navigio,
594 1258 685 1330 qui
717 1260 768 1313 in
800 1258 960 1328 hujus
1003 1259 1187 1313 saeculi
1222 1255 1475 1312 fluctibus
1501 1257 1737 1311 circum-

191 1355 399 1412 feruntur
427 1353 564 1407 omni
615 1361 782 1407 vento
813 1351 1046 1406 luxuriae
1093 1361 1256 1422 atque
1304 1349 1579 1404 vanitatis.
1632 1347 1734 1417 Ipsi

192 1465 308 1506 nunc
327 1450 374 1504 in
399 1463 457 1503 ea
484 1445 772 1502 credentes
799 1445 1023 1502 dicunt:

251 1547 378 1602 Sicut
399 1543 706 1598 audivimus.
735 1539 838 1596 Per
869 1540 1185 1612 prophetas.
1223 1537 1311 1593 Sic
1338 1536 1560 1591 vidimus
1587 1535 1642 1588 in
1667 1534 1738 1588 ci-

191 1640 316 1694 vitate
351 1636 545 1691 Domini
588 1637 857 1702 uirtutum,
902 1635 954 1687 in
984 1633 1184 1687 cit-itote
1216 1631 1308 1687 Dei
1337 1631 1500 1684 nostri
1529 1647 1547 1685 :
1598 1627 1738 1682 Deus

193 1733 388 1803 fundavit
414 1747 518 1784 eam
541 1730 592 1784 in
621 1739 890 1784 aeternum.
924 1727 1168 1782 Vidimus
1200 1729 1254 1780 in
1278 1725 1592 1796 Evangelia,
1619 1740 1739 1796 qua:

1837 1257 2005 1315 ditur.
2038 1258 2140 1326 Qui
2170 1255 2415 1312 habitatis
2444 1258 2640 1322 orbem,
2669 1257 2722 1314 id
2755 1267 2859 1324 est,
2887 1273 3120 1330 corpora
3151 1270 3352 1316 vestra.

1912 1349 2116 1420 Quique
2145 1350 2412 1423 terrigena
2439 1361 2484 1404 et
2515 1351 2615 1420 ﬁlii
2643 1351 2950 1417 hominum;
2998 1352 3050 1404 in
3090 1368 3253 1406 unum
3298 1353 3440 1407 dines

1839 1454 1888 1500 ct
1944 1461 2161 1518 pauper.
2226 1444 2637 1516 Intelligendum
2679 1455 2762 1502 est
2799 1445 2946 1517 quod
2984 1461 3178 1503 omnes
3224 1446 3437 1502 habita-

1844 1550 1990 1594 tores
2030 1548 2191 1594 terrae
2231 1539 2296 1592 ad
2343 1537 2670 1594 audiendum
2708 1541 2799 1595 llei
2832 1539 3055 1595 verbum
3107 1551 3304 1596 vocat:
3337 1544 3442 1596 sci-

1843 1629 1976 1686 licet
2019 1638 2079 1684 ut
2125 1630 2258 1685 nulli
2305 1630 2584 1686 hominum
2615 1631 2962 1687 occulteutur
2989 1633 3199 1700 divina,
3229 1636 3310 1689 Vel
3351 1634 3442 1705 ju-

1843 1721 2012 1791 dicia,
2063 1722 2149 1778 vel
2206 1723 2482 1778 mandata.
2524 1723 2618 1779 Vel
2672 1725 2856 1792 simul,
2912 1726 2964 1778 in
3004 1742 3165 1779 unum
3213 1727 3352 1783 diues
3397 1737 3446 1781 ct

181 1835 259 1881 'est
293 1825 465 1881 civitas
513 1825 794 1879 virtutum.
830 1822 1076 1876 Vidimus
1118 1821 1167 1875 iu
1201 1819 1465 1882 Ecclesia,
1508 1833 1630 1890 quae
1657 1827 1741 1874 est
1776 1809 1816 1868 Il
1845 1834 2045 1890 pauper
2070 1831 2088 1871 :
2121 1816 2224 1872 hoc
2253 1826 2376 1886 est,
2405 1832 2597 1873 servus
2625 1826 2681 1873 et
2708 1818 2865 1874 liber.
2894 1818 3011 1884 Vel,
3039 1835 3276 1891 pauper:
3305 1824 3448 1877 unde

197 1921 357 1976 civitas
382 1920 465 1976 llei
495 1919 546 1974 in
575 1919 668 1973 illo
690 1933 857 1989 regno
880 1931 1076 1986 magno
1104 1915 1344 1971 fundata.

253 2013 576 2083 Suscepimus,
626 2010 786 2078 Deus,
833 2009 1237 2064 miscricordiam
1291 2018 1431 2062 tuam
1477 2008 1529 2060 in
1579 2007 1744 2061 medio

196 2108 338 2178 templi
365 2107 450 2160 tui.
479 2106 534 2161 In
568 2105 812 2160 Ecclesia
845 2112 936 2159 tua
967 2105 1311 2174 suscepimus
1341 2109 1588 2157 sanctum
1616 2100 1741 2170 Spi-

195 2201 349 2265 ritum,
379 2201 511 2255 sicut
543 2209 595 2255 et
643 2199 720 2254 illi
752 2199 898 2270 prius
929 2213 1096 2265 super
1125 2211 1259 2269 quos
1282 2200 1333 2252 itt
1365 2197 1586 2251 Actibus
1612 2209 1743 2265 apo-

195 2293 419 2350 stolarum
444 2301 523 2348 est
547 2291 773 2348 eil‘usus.

254 2387 520 2442 Secundum
561 2402 749 2440 nomen
792 2395 958 2446 tuum.
1007 2382 1167 2448 Deus,
1211 2383 1287 2437 sic
1329 2389 1378 2436 et
1419 2383 1532 2436 laus
1578 2390 1666 2435 tua
1695 2382 1749 2435 in

197 2481 299 2549 ﬁnes
326 2493 478 2535 teme.
508 2479 666 2546 Cum,
699 2489 929 2549 accepto
959 2480 1164 2550 Spiritu
1191 2487 1405 2545 sancto,
1431 2483 1747 2533 Cunctorum

197 2576 404 2646 gentium
433 2575 592 2630 locuti
623 2584 752 2629 sunt
795 2573 1014 2645 linguis.
1066 2573 1173 2630 Sed
1223 2586 1274 2628 et
1307 2575 1357 2627 iu
1401 2573 1751 2644 amplitudine

198 2666 341 2723 lidelis
367 2669 537 2740 populi
563 2683 789 2738 semper
823 2678 910 2722 tua
936 2668 1170 2722 laudatio
1202 2677 1590 2723 commoratur.
1618 2667 1750 2722 Jus-

197 2761 286 2814 titia
331 2759 472 2829 plena
516 2772 588 2818 est
621 2763 837 2819 dextera
870 2772 978 2818 tua.
1022 2761 1077 2818 In
1111 2762 1198 2818 his
1229 2763 1318 2835 qui
1353 2762 1405 2817 in
1445 2761 1652 2833 judicio
1695 2762 1749 2818 in

199 2849 393 2909 dextera
421 2863 571 2924 parte
601 2864 731 2910 sunt
763 2854 1086 2910 collocandi.

252 2945 453 3002 Ltrtetur
481 2965 626 3003 mons
661 2948 812 3004 Sion.
848 2948 1090 3003 Ecclesia
1115 2947 1168 3002 in
1201 2946 1437 3002 Christo.
1476 2947 1543 3002 Et
1581 2949 1754 3002 exsul-

197 3039 420 3108 tent-filia:
445 3039 619 3097 Judw.
667 3042 876 3096 Animae
919 3041 1289 3095 confessorunt
1337 3057 1351 3094 :
1397 3041 1519 3111 quia
1563 3039 1752 3108 Judas,

197 3135 413 3204 confessio
441 3135 851 3207 interpretatur.
905 3135 1132 3203 Propter
1144 3134 1351 3208 judicia
1374 3142 1484 3198 tua,
1510 3131 1752 3188 Domine.

1845 1909 2017 1966 dixit:
2073 1910 2224 1966 Beati
2278 1925 2548 1981 pauperes
2598 1910 2839 1981 spiritu:
2893 1913 3155 1983 quoniam
3204 1916 3444 1984 ipsorum

1847 2013 1936 2060 est
1961 2018 2189 2074 regnum
2221 2003 2483 2060 cmlorum
2519 2003 2732 2073 (Matth.
2771 2007 2849 2068 v).

1925 2096 1996 2151 0s
2058 2113 2227 2151 meum
2277 2097 2522 2167 loquetur
2577 2099 2906 2170 sapientiam.
2962 2098 3242 2169 Loquetur
3303 2100 3454 2156 illam

1849 2190 2172 2256 sapientiam
2201 2205 2322 2260 qum
2353 2190 2566 2246 occulta
2595 2199 2682 2246 est
2711 2191 2781 2246 ab
2815 2191 2978 2261 hujus
3019 2193 3209 2248 saeculi
3240 2194 3460 2264 sapien-

1851 2283 2020 2349 tibus,
2049 2294 2103 2339 et
2146 2283 2382 2338 revelata
2426 2293 2512 2339 est
2558 2284 2821 2354 parvulis,
2873 2284 2979 2339 hoc
3011 2296 3115 2351 εει,
3163 2297 3217 2340 ιιι
3245 2301 3455 2358 cogno-

1853 2386 2007 2431 scant
2055 2375 2268 2447 parvuli
2321 2375 2598 2440 Ecclesiae,
2632 2378 2757 2446 quia
2790 2377 3044 2432 Christus
3075 2388 3161 2434 est
3186 2381 3456 2450 sapientia

1853 2470 2061 2534 Patris;
2110 2470 2177 2525 de
2215 2484 2325 2540 quo
2348 2485 2537 2525 omnes
2567 2472 2848 2541 prophetat
2896 2472 3212 2542 loquuntur.
3251 2473 3368 2541 Vel,
3399 2491 3454 2529 os

1854 2579 2026 2618 meum
2073 2563 2311 2630 loquetur
2355 2555 2711 2635 sapientiam:
2759 2564 2810 2618 id
2841 2576 2944 2628 est,
2982 2567 3260 2622 Christum
3291 2584 3455 2638 quem

1786 2649 1801 2664 '
1858 2655 2124 2726 praedicat
2154 2655 2418 2711 Ecclesia.
2453 2655 2520 2710 Et
2566 2657 2835 2711 meditatio
2869 2659 3040 2713 cordis
3088 2661 3188 2714 mei
3233 2661 3463 2730 pruden-

1857 2751 2003 2804 tiam.
2035 2749 2265 2821 Semper
2296 2750 2350 2803 in
2380 2750 2550 2807 corde
2599 2752 2924 2818 meditabar,
2977 2765 3035 2808 ut
3082 2755 3461 2826 relinquentes

1861 2845 2113 2902 homines
2172 2845 2428 2901 stolidam
2474 2848 2812 2915 vanitatem,
2867 2848 3068 2904 Christi
3115 2851 3460 2920 prudentiam

1858 2948 2239 3010 sequerentur.

1936 3030 2205 3087 Inclinabo
2264 3033 2318 3088 in
2369 3033 2672 3106 parabolam
2721 3053 2898 3092 aurem
2946 3055 3131 3094 nteant.
3177 3040 3312 3109 Quia
3361 3044 3466 3098 scit

1862 3123 2126 3195 propheta
2154 3124 2432 3181 Christum
2467 3127 2754 3185 Dominum
2781 3141 3073 3188 venturum
3102 3135 3154 3188 iu
3179 3136 3464 3205 mundum,

196 3222 302 3291 Quia
343 3227 709 3283 custodierunt
749 3242 811 3283 ea
859 3238 914 3281 ut
961 3227 1331 3297 paenitentiam
1359 3235 1600 3296 agerent.
1640 3225 1756 3294 Vel,
1785 3212 1830 3273 C
1863 3219 1956 3289 qui
1989 3220 2041 3274 in
2072 3221 2428 3278 similitudine
2455 3223 2707 3294 loquatur
2739 3242 2750 3279 :
2785 3225 2907 3282 ideo
2934 3241 2994 3283 se
3038 3228 3106 3284 ad
3135 3231 3462 3288 audiendum

188 3319 362 3388 judicia
412 3330 520 3386 tua,
565 3320 776 3392 judicia
827 3320 920 3375 Dei
969 3320 1180 3375 occulta
1235 3336 1246 3372 :
1297 3320 1428 3390 quia
1478 3317 1757 3390 reprobati

195 3421 298 3466 sunt
324 3413 507 3482 Judaei,
539 3425 595 3470 et
627 3415 818 3470 electa:
847 3424 966 3468 sunt
992 3423 1182 3485 gentes
1211 3414 1265 3468 iu
1299 3412 1422 3468 inde.

251 3504 559 3563 Circumdate
610 3508 764 3565 Sion.
816 3507 872 3561 Id
905 3516 1009 3573 est,
1045 3507 1317 3563 defendite
1365 3505 1662 3562 Ecclesium
1705 3506 1758 3561 in

196 3599 485 3658 credulitate
514 3612 726 3658 vestra.
782 3601 842 3654 Et
897 3601 1293 3669 complectimini
1340 3617 1470 3654 eam.
1502 3599 1560 3654 In
1583 3599 1761 3654 chari-

197 3703 303 3750 tate.
339 3696 554 3752 Narrate
601 3699 657 3751 in
699 3696 930 3751 turribus
970 3699 1104 3768 ejus.
1155 3695 1393 3751 Laudem
1428 3703 1484 3751 et
1529 3693 1757 3765 gloriam

195 3786 385 3845 Chri~ti.
452 3792 705 3857 Narrate,
764 3793 865 3846 hoc
907 3799 1014 3857 est,
1066 3789 1376 3860 praldicate.
1424 3789 1647 3856 Turres,
1703 3789 1757 3844 hi

200 3896 301 3938 sunt
332 3888 595 3957 principes
629 3885 888 3941 Ecclesia:
919 3897 1021 3940 tum
1052 3903 1064 3940 :
1096 3885 1223 3955 quia
1258 3885 1421 3939 turris
1453 3883 1606 3940 fortis
1653 3895 1757 3952 est,

192 3984 234 4030 et
269 3977 488 4050 undique
540 3979 883 4050 speculatur.
935 3977 1025 4035 Sic
1067 3985 1122 4032 et
1171 3976 1341 4032 sancti
1381 3986 1434 4032 et
1483 3977 1668 4042 fortes,
1703 3984 1760 4032 et

190 4071 526 4139 speculatores
557 4071 761 4128 dchent
790 4086 910 4127 esse
939 4070 994 4126 in
1019 4080 1180 4142 gente
1203 4071 1454 4126 humana.

249 4161 414 4221 Ponite
441 4167 602 4220 corda
649 4176 812 4219 vestra
842 4165 894 4218 in
928 4165 1112 4219 virtute
1139 4167 1274 4231 ejus.
1307 4163 1384 4218 Ne
1423 4162 1755 4233 separemiui

189 4254 478 4317 acharitate
521 4275 686 4332 quam
727 4259 934 4314 docuit.
986 4256 1192 4323 Ponite,
1244 4257 1348 4313 hoc
1394 4265 1501 4323 est,
1547 4257 1754 4313 intelli-

152 4367 156 4370 ν
190 4346 300 4416 gite.
329 4351 392 4406 In
421 4355 608 4410 virtute
640 4357 776 4428 ejus,
803 4353 854 4407 in
883 4351 1152 4408 charitate
1177 4349 1294 4422 ejus
1319 4369 1332 4406 ι
1369 4351 1492 4422 quia
1527 4367 1632 4405 non
1661 4366 1753 4406 so-

187 4436 279 4496 lum
310 4442 525 4514 docere,
556 4444 655 4499 sed
697 4444 858 4500 etiam
891 4441 1036 4515 quod
1087 4441 1399 4513 praedicant,
1452 4457 1615 4514 opere
1658 4441 1755 4498 dc-

187 4531 293 4589 beut
335 4537 576 4608 implere.
614 4538 681 4593 Et
713 4537 1006 4593 distribuite
1033 4537 1213 4592 domos
1243 4539 1376 4608 ejus.
1410 4533 1455 4591 Ο
1483 4551 1603 4602 vos,
1651 4535 1752 4590 Do-

1864 3323 2156 3383 przeparat,
2214 3315 2266 3368 id
2324 3324 2429 3382 est,
2481 3314 2838 3386 Spiritualiter
2881 3321 2947 3374 ad
3018 3322 3451 3395 intelligendum.

1865 3403 1959 3462 Vel
1991 3407 2264 3462 inclinabo
2297 3425 2484 3465 aurem
2514 3411 2697 3467 cordis
2740 3414 2807 3468 ad
2853 3413 3236 3473 humilitatem.
3288 3420 3343 3475 In
3381 3437 3468 3492 pa-

1861 3498 2072 3569 rabola,
2129 3500 2180 3556 id
2209 3511 2315 3570 est,
2367 3503 2418 3557 in
2450 3502 2806 3562 similitudine
2855 3509 3180 3580 intelligam.
3217 3514 3465 3582 Aperiunt

1861 3597 1916 3651 in
1960 3597 2211 3670 psalterio
2260 3600 2669 3671 prapositionem
2718 3618 2904 3656 meam.
2941 3604 3055 3659 Hoc
3089 3621 3352 3678 propono,
3403 3619 3464 3665 ut

1861 3690 2003 3760 quod
2056 3691 2145 3746 ille
2194 3691 2487 3763 decalogus
2536 3693 2806 3761 praedixit,
2841 3696 2885 3750 si
2933 3698 3294 3764 custodiatur,
3350 3715 3462 3758 cte-

1860 3783 2014 3840 Iestia
2046 3800 2211 3856 regna
2243 3785 2565 3854 largiuntur.
2604 3786 2698 3843 Vel
2729 3790 2873 3858 quod
2905 3794 3160 3862 proposui
3184 3794 3248 3865 ,in
3269 3796 3460 3862 corde,

1861 3876 2168 3946 praedicabo
2199 3877 2250 3931 itt
2280 3891 2536 3936 sermone
2563 3889 2618 3935 et
2647 3880 2967 3952 intelligam.

1933 3968 2039 4024 Cur
2065 3970 2250 4025 timebo
2295 3973 2349 4026 in
2396 3974 2478 4027 die
2519 3973 2682 4028 mala.
2720 3975 2775 4030 In
2807 3976 2897 4033 die
2930 3977 3145 4046 judicli.
3201 3981 3458 4052 lniquitas

1859 4062 2093 4120 calcanei
2122 4069 2221 4120 mei
2247 4068 2588 4124 circumdabit
2618 4086 2717 4125 me.
2747 4070 2886 4138 Quia
2921 4074 2972 4126 itt
3003 4075 3264 4131 calcaneo
3311 4080 3461 4148 quis-

1859 4157 1982 4229 quis
2033 4161 2358 4230 peccaverit,
2398 4163 2616 4219 labitur.
2665 4163 2774 4221 Sed
2811 4175 2864 4221 et
2910 4169 3165 4237 iniquitas
3195 4169 3458 4241 calcauei,

1860 4255 2126 4326 originale
2156 4265 2437 4328 peccatum
2480 4260 2750 4330 accipitur
2775 4277 2839 4318 ex
2883 4263 3053 4319 Adam
3089 4283 3101 4318 :
3148 4275 3209 4321 ιιι
3253 4267 3456 4326 dictum

1858 4358 1943 4404 est
1987 4349 2051 4404 ad
2099 4350 2385 4406 mulierem
2427 4371 2440 4407 :
2492 4351 2818 4410 Inimicitias
2869 4367 3063 4425 ponam
3125 4360 3267 4415 inter
3308 4367 3358 4416 te
3404 4371 3458 4418 et

1859 4448 2191 4512 serpentem,
2224 4452 2279 4498 et
2310 4459 2494 4500 semen
2528 4454 2700 4515 tuum,
2731 4456 2787 4502 et
2828 4463 3014 4505 semen
3051 4450 3195 4507 illius
3243 4451 3453 4527 (Genet.

1857 4537 1937 4606 v).
1969 4535 2050 4592 ’I‘u
2079 4537 2422 4604 observabis,
2457 4539 2508 4594 id
2536 4551 2641 4606 est,
2676 4552 2930 4598 conteres
2980 4554 3145 4616 caput
3192 4561 3373 4618 suum,
3403 4558 3459 4606 et

187 4634 343 4685 ctores
369 4631 762 4699 Ecclesiarum,
783 4631 1088 4686 distribuite
1106 4629 1303 4702 gradus
1325 4629 1748 4696 ordinationum,
1780 4610 1834 4672 Ῑ)
1860 4627 1975 4699 ipse
2005 4630 2320 4685 calcaneum
2354 4640 2524 4686 tuum.

186 4724 418 4781 canonice
447 4734 504 4781 et
537 4735 756 4791 sancte;
790 4740 896 4780 nou
927 4725 1164 4795 prremiis
1189 4723 1462 4794 corrupti;
1497 4739 1602 4779 non
1628 4739 1751 4794 pcr-

185 4825 410 4874 sonarum
468 4821 789 4890 acceptione
847 4834 941 4889 per
997 4817 1358 4874 adulationem
1397 4817 1628 4888 decepti.
1686 4815 1756 4873 Ut

187 4915 406 4968 enarretis
453 4914 507 4968 in
558 4914 804 4987 progenie
831 4913 1016 4968 altera.
1049 4912 1164 4967 Non
1197 4911 1371 4967 solum
1407 4910 1491 4966 Itis
1517 4912 1606 4982 qui
1635 4925 1759 4967 crc-

185 4997 316 5073 dttnt,
345 5004 436 5062 sed
468 5017 520 5062 et
549 5007 633 5062 his
657 5005 748 5077 qui
770 5004 1034 5061 credituri
1055 5012 1203 5060 sunt.
1227 5003 1333 5062 Sed
1361 5003 1512 5076 quid,
1550 5003 1751 5075 inquis,

187 5107 498 5154 enarremus.

247 5188 496 5256 Quoniam
520 5191 606 5247 hic
637 5201 706 5248 cst
739 5183 876 5246 Deus
907 5200 1080 5246 noster
1107 5191 1158 5245 in
1184 5201 1451 5254 aeternum,
1499 5201 1547 5244 et
1573 5191 1627 5245 in
1659 5207 1757 5246 sw-

185 5280 336 5335 culunt
361 5285 559 5352 seaculi,
589 5295 635 5338 et
666 5285 776 5356 ipse
803 5295 939 5355 reget
969 5300 1062 5337 nos
1093 5283 1144 5336 in
1175 5285 1387 5337 swculu.
1422 5283 1582 5352 Deus,
1630 5286 1754 5355 quia

183 5382 268 5440 per
294 5374 460 5444 ipsum
492 5377 620 5431 laeti
648 5391 856 5431 sumus.
890 5374 1029 5441 Rex,
1061 5377 1187 5446 quia
1233 5375 1302 5430 ab
1344 5376 1463 5446 ipso
1492 5375 1748 5446 regimur.

184 5461 288 5535 Ipse
309 5471 444 5525 enim
476 5469 712 5526 lubricos
744 5478 800 5524 et
851 5477 1124 5524 tortuosos
1165 5484 1388 5541 gressus
1419 5479 1635 5524 nostros
1675 5469 1757 5524 di-

184 5561 308 5618 rexit
329 5564 378 5619 in
409 5580 492 5632 se,
526 5565 616 5636 qui
666 5575 748 5619 est
793 5563 874 5617 via
909 5563 1075 5632 pacis,
1106 5573 1160 5618 et
1191 5580 1293 5636 pax
1322 5572 1521 5620 nostra:
1548 5563 1756 5619 salutis.

658 5676 974 5734 PSALMUS
1023 5678 1253 5735 XLVIII.

183 5753 245 5821 In
268 5771 432 5841 ﬁnem,
465 5789 562 5846 pro
593 5771 716 5842 ﬁliis
745 5771 894 5837 Core,
927 5769 1194 5846 Paulinus.
1230 5773 1354 5830 Filii
1383 5778 1543 5842 Core,
1584 5779 1758 5831 saucti

247 5844 473 5914 apostoli
500 5847 584 5902 vel
615 5853 886 5916 martyres
912 5854 1059 5901 sunt.
1092 5844 1258 5902 Istum
1291 5847 1557 5918 psalmum
1588 5847 1760 5921 Spiri-

1934 4720 2037 4786 Qui
2066 4721 2335 4792 conﬁdunt
2377 4724 2430 4777 in
2462 4725 2646 4780 virtute
2674 4743 2792 4796 sua,
2824 4736 2872 4783 et
2902 4728 2957 4784 in
3006 4730 3340 4790 multitudine
3376 4735 3460 4790 di-

1858 4814 2100 4869 uitiarum
2142 4831 2360 4870 suarum
2409 4818 2720 4889 gloriantur.
2785 4821 2874 4878 Isti
2932 4822 3196 4882 labuntur
3241 4829 3293 4884 in
3340 4832 3457 4886 cal-

1858 4924 2030 4966 caueo
2062 4928 2074 4964 :
2107 4911 2232 4982 quia
2277 4927 2375 4982 per
2423 4913 2573 4968 illum
2608 4931 2716 4970 non
2764 4916 3026 4974 incedunt
3074 4921 3166 4992 qui
3219 4929 3304 4978 est
3349 4924 3457 4989 'via,

1858 5005 2062 5060 veritas
2092 5014 2148 5060 ct
2183 5005 2318 5073 vita,
2376 5008 2488 5075 vel,
2533 5009 2623 5080 qui
2669 5012 2940 5082 conﬁdunt
2986 5015 3040 5068 in
3085 5016 3273 5072 virtute
3317 5033 3413 5072 sua
3442 5035 3462 5075 :

1857 5096 2063 5169 quique
2105 5097 2161 5152 in
2208 5097 2544 5155 abundantia
2589 5101 2902 5160 divitiarum
2955 5120 3174 5163 suarum
3218 5109 3458 5180 glorian-

1861 5199 1968 5248 tur.

1933 5285 2125 5342 Frater
2152 5304 2254 5342 non
2285 5288 2524 5356 redemit,
2554 5292 2770 5348 redimet
2793 5294 2961 5348 homo.
2995 5295 3050 5352 Si
3073 5295 3324 5356 Christus
3352 5317 3460 5360 nou

1857 5377 2111 5448 redemit,
2161 5380 2253 5450 qui
2306 5394 2366 5436 se
2412 5380 2636 5438 fratrem
2683 5376 2819 5440 dixit
2863 5389 3260 5459 apostolorum,
3293 5404 3347 5449 et
3376 5411 3463 5452 rea

1865 5471 2144 5544 surgendo
2193 5473 2367 5529 iactus
2415 5483 2498 5531 est
2551 5477 2945 5549 primogenitus
2993 5487 3395 5554 resurgentium
3444 5505 3458 5543 :

1865 5583 1975 5626 non
2007 5567 2239 5624 redimet
2267 5565 2462 5634 Adam,
2492 5573 2618 5643 quia
2653 5572 2861 5642 primus
2886 5574 3050 5631 homo
3073 5589 3323 5636 mortuus
3355 5597 3461 5638 non

1866 5662 2188 5717 resurrexit.
2242 5661 2376 5719 Nam
2418 5663 2586 5719 frater
2616 5673 2799 5720 uester
2837 5666 3087 5724 Christus
3118 5680 3200 5724 est
3243 5671 3383 5727 Deus
3412 5682 3468 5730 et

1868 5751 2055 5819 homo,
2080 5755 2169 5825 qui
2201 5770 2301 5812 nos
2328 5755 2581 5812 redemit.
2612 5755 2708 5812 Vel
2739 5757 2883 5828 quod
2918 5775 3024 5814 non
3064 5760 3292 5818 redemit
3319 5765 3472 5838 Moy—

1867 5862 1979 5918 ses,
2022 5849 2253 5906 redemit
2295 5848 2566 5910 Christus.
2614 5851 2739 5909 .Von
2781 5853 2923 5911 dabit
2969 5853 3077 5913 Deo
3124 5858 3470 5929 placationetn
