3944 6334
522 287 628 348 967

1307 289 1661 350 APPENDIX
1699 289 1792 348 AD
1833 289 2072 350 TOMUM
2111 286 2467 350 SEPTIMUM
2508 287 2566 349 S.
2610 286 3020 349 HIERONYMI.

3703 289 3784 350 968

521 420 692 458 suam.
720 401 821 472 Qui
853 417 958 459 non
987 405 1099 478 agit
1122 405 1527 477 paenitentiam,
1555 423 1655 480 per
1685 422 1847 480 quam
1879 406 2127 479 placatus
2151 411 2210 476 Α
2234 418 2384 460 mere
2411 421 2425 470 ;
2459 405 2570 458 cito
2600 403 2870 476 praeterit,
2898 412 2952 458 et
2995 398 3130 457 nihil
3161 412 3347 457 secum
3388 399 3454 458 de
3480 401 3562 458 his
3588 416 3699 474 quae
3724 419 3788 458 ia-

527 495 694 553 Deus.

599 588 668 644 Et
721 591 940 662 pretium
998 591 1366 665 redemptionis
1417 595 1604 650 animm
1653 609 1778 650 sum.
1827 592 1947 649 Non
2000 593 2128 649 fecit

524 682 932 756 elcemosynam
966 701 1063 757 per
1093 702 1254 757 quam
1287 697 1508 759 peccata
1536 688 1812 744 delentur.
1848 685 2127 742 Laboravit

507 777 574 831 in
602 787 872 834 retentum.
908 778 968 836 In
996 783 1285 838 tormentis
1313 785 1596 855 perpetuis
1625 782 1854 855 positus.
1894 781 1963 837 Et
2000 783 2126 837 vivet

519 869 574 924 in
597 871 772 938 liuent.
803 871 940 940 Quia
983 890 1091 930 non
1133 875 1477 945 interﬁcitur,
1511 874 1607 932 sed
1652 890 1871 948 semper
1900 889 2124 948 repara-

525 971 613 1018 tur
643 964 710 1020 ad
742 980 985 1037 poenam.

596 1056 722 1113 Non
745 1059 938 1115 videbit
960 1060 1250 1117 interitum.
1281 1061 1398 1118 Non
1427 1061 1682 1134 intelligit
1711 1063 2000 1118 imminere
2020 1060 2125 1118 sibi

520 1161 775 1208 mortem.
802 1151 934 1209 Cum
968 1153 1168 1209 videris
1196 1156 1452 1226 sapientes
1495 1156 1789 1212 morientes.
1820 1155 1876 1212 Si
1927 1154 2127 1211 viderit

521 1243 795 1302 hominem
827 1245 1135 1317 sapientem
1163 1247 1216 1302 in
1253 1247 1366 1305 Deo
1397 1249 1465 1306 ab
1493 1248 1595 1306 hoc
1627 1247 1830 1304 mundo
1857 1247 2120 1319 migrare,

519 1337 653 1394 dicit
697 1357 709 1394 :
743 1339 885 1408 Quid
918 1340 1042 1396 huic
1065 1339 1312 1412 jejunia?
1339 1341 1469 1412 quid
1513 1341 1778 1398 castitas?
1815 1339 1945 1412 quid
1978 1340 2125 1396 elec-

518 1449 767 1510 mosynte
802 1434 1164 1508 proluerunt?
1205 1435 1394 1492 Nonne
1433 1445 1491 1492 et
1542 1437 1658 1506 ipse
1717 1443 1966 1490 mortuus
2007 1432 2125 1489 est?

517 1525 651 1583 'l‘ale
677 1527 899 1598 quidam
922 1527 1342 1600 etRedemptori
1366 1537 1558 1584 nostro
1577 1526 1752 1583 iudici
1774 1525 2121 1589 insultantes,

522 1623 778 1682 dicebant
811 1644 823 1681 :
857 1624 1126 1698 Numquid
1161 1636 1215 1681 lu
1244 1626 1419 1697 major
1450 1641 1509 1682 es
1541 1634 1696 1697 patre
1727 1633 1924 1680 nostro
1947 1622 2124 1678 Abra-

523 1719 648 1776 ham
695 1721 787 1793 qui
831 1733 1081 1778 mortuus
1126 1729 1247 1788 est,
1301 1731 1359 1777 et
1403 1721 1689 1793 prephette
1747 1719 1947 1774 mortui
1999 1726 2126 1772 sunt

2233 505 2459 568 puerat,
2493 497 2636 553 tollit
2665 513 2679 551 :
2709 495 2941 552 Domino
2987 495 3040 549 in
3084 493 3389 567 Evangeliis
3438 494 3516 551 sic
3559 495 3785 552 dicente:

2228 589 2426 657 Stulte,
2461 589 2563 646 hac
2596 598 2756 646 nocte
2788 589 3026 644 animam
3062 598 3207 645 tuam
3261 597 3518 659 repetent
3545 597 3666 657 ate,
3695 606 3789 662 quae

2229 694 2409 740 autem
2442 685 2646 755 parasti
2669 683 2829 754 cujus
2857 691 3024 740 erunt
3049 682 3202 754 (Luc.
3231 681 3350 754 xm)
3375 682 3398 736 ἲ

2304 777 2442 843 Quia
2471 777 2648 831 anima
2673 777 2785 842 eius
2811 777 2866 830 in
2897 775 3003 830 vita
3035 776 3197 847 ipsius
3219 775 3568 830 benedicatur.
3596 773 3792 832 Benedi-

2239 873 2437 925 citura
2467 871 2671 939 stultis,
2695 879 2920 942 propter
2966 869 3268 941 potentiam
3315 887 3328 923 :
3379 868 3478 924 sed
3524 868 3691 924 victus
3731 869 3791 924 alo

2228 961 2450 1018 ﬂuentia
2482 977 2544 1018 ac
2585 972 2772 1033 potus,
2821 961 3110 1032 proferunt
3141 975 3250 1015 non
3289 959 3356 1016 dc
3405 959 3544 1016 bene
3583 959 3793 1026 vivente,

2227 1055 2324 1110 sed
2373 1054 2444 1110 de
2491 1054 2632 1110 bene
2683 1063 2942 1124 pascente
2993 1052 3344 1109 sententiam.
3398 1051 3508 1108 Sed
3553 1066 3656 1107 non
3702 1050 3794 1107 hac

2227 1158 2492 1206 excusant
2519 1164 2549 1204 a
2575 1163 2756 1219 paena.
2791 1147 3138 1218 Conﬁtebitur
3166 1147 3258 1201 tibi
3287 1163 3403 1201 cum
3420 1147 3718 1218 benefaceris
3741 1148 3793 1200 ei.

2229 1241 2383 1298 'l‘unc
2413 1241 2615 1313 gratias
2641 1240 2772 1312 agit,
2807 1239 3025 1310 quando
3051 1238 3258 1311 aliquid
3293 1237 3432 1294 lucri
3461 1237 3738 1309 conquirit.

2249 1331 2252 1334 ί
2302 1335 2368 1390 Et
2391 1336 2622 1392 introibit
2653 1353 2814 1406 usque
2840 1337 2911 1390 ad
2942 1337 3212 1408 progenies
3246 1345 3455 1406 patrum
3493 1349 3730 1390 suorum:
3752 1333 3791 1388 in

2228 1441 2475 1486 internum
2505 1449 2609 1486 non
2636 1432 2825 1487 videbit
2869 1433 3062 1487 lumen.
3113 1431 3285 1504 Magis
3333 1430 3388 1486 in
3438 1429 3641 1486 divitiis
3663 1445 3790 1501 quam

2231 1523 2283 1578 in
2319 1524 2430 1580 Deo
2459 1525 2724 1595 speravit,
2757 1525 2898 1580 sicut
2932 1535 3188 1596 parentes
3215 1526 3336 1596 ejus
3362 1541 3376 1578 :
3407 1522 3634 1596 ideoque
3657 1521 3716 1579 de
3736 1539 3790 1579 eo

2231 1617 2466 1672 dicitur:
2495 1616 2690 1689 Ejicite
2729 1633 2854 1674 eum
2889 1619 2942 1675 in
2971 1619 3232 1675 tenebras
3256 1619 3580 1688 exteriores,
3613 1619 3680 1673 ibi
3705 1617 3789 1674 erit

2228 1710 2386 1766 ﬂetus
2416 1719 2474 1767 et
2502 1711 2706 1768 stridor
2735 1711 2979 1766 dentium
3015 1710 3198 1783 (Matt.
3225 1712 3372 1782 xw).

448 1812 455 1820 ’
524 1810 705 1884 (Jonn.
735 1813 890 1886 vni)?
917 1813 1088 1869 Simul
1117 1813 1365 1886 insipiens
1391 1821 1441 1866 et
1471 1813 1660 1867 stultus
1689 1810 1946 1883 peribunt,
1975 1818 2021 1864 et
2045 1827 2124 1864 re-
2154 1817 2203 1880 B
2303 1803 2476 1859 Homo
2511 1820 2630 1858 cum
2658 1804 2710 1858 in
2735 1805 2932 1859 honore
2958 1813 3111 1870 esset,
3138 1821 3239 1858 non
3289 1803 3544 1859 intellexit
3573 1819 3592 1858 :
3616 1821 3788 1872 compa-

523 1908 760 1978 linquent
800 1907 986 1964 alienis
1013 1908 1224 1963 divitias
1253 1925 1394 1964 suas.
1429 1908 1700 1980 [nsipiens
1744 1915 1850 1974 est,
1901 1906 1994 1977 qui
2028 1905 2122 1960 Dei

526 1999 775 2056 notitiam
802 2001 1005 2058 habere
1045 2002 1348 2057 contemnit
1381 2018 1394 2054 :
1439 1999 1508 2056 de
1543 2015 1652 2072 quo
1682 1998 1979 2070 Apostolus
2009 1997 2121 2052 ait:

521 2095 712 2151 Omnis
739 2096 997 2168 ignorans
1029 2095 1394 2169 ignorabitur.
1420 2095 1630 2153 Stultus
1661 2109 1794 2151 vero
1825 2103 1911 2151 est
1941 2093 2029 2164 qui
2069 2092 2121 2147 in

515 2187 722 2245 divitiis
749 2198 806 2245 et
836 2188 1026 2245 nonin
1072 2191 1241 2246 Deum
1273 2198 1478 2261 sperat.
1530 2188 1774 2246 Perdunt
1800 2203 1931 2260 ergo
1959 2187 2122 2242 ambo

519 2282 788 2342 divitias:
820 2283 943 2355 quia
992 2283 1066 2339 ibi
1105 2290 1466 2355 congregant,
1512 2283 1604 2338 ubi
1655 2281 1808 2338 iures
1855 2278 2124 2336 effodiunt

521 2385 578 2432 et
605 2375 855 2432 furantur
888 2375 931 2448 (Ι
962 2373 1086 2432 Cor.
1115 2377 1250 2449 xiv).

589 2469 848 2542 Sepulcra
881 2485 1058 2525 eorum
1085 2469 1274 2525 domus
1304 2469 1520 2525 illorum
1549 2468 1604 2524 in
1635 2478 1904 2524 aeternum.
1932 2466 2123 2523 Tuber-

517 2563 710 2618 uacula
737 2579 919 2619 eorum
964 2566 1020 2618 in
1062 2565 1306 2637 pragenic
1329 2571 1376 2617 et
1403 2563 1668 2637 pragenie.
1703 2562 1831 2618 Haec
1861 2563 1977 2619 illis
2017 2563 2138 2654 erit.

522 2668 781 2728 perpetua
809 2655 1076 2712 habitatio
1109 2673 1122 2711 :
1156 2657 1280 2729 quia
1307 2671 1416 2712 non
1456 2664 1766 2727 resurgent,
1798 2666 1858 2711 ut
1883 2653 2122 2712 habeant

519 2758 777 2806 aeternam
803 2750 970 2805 vitam
1004 2767 1020 2805 :
1053 2749 1150 2806 sed
1174 2758 1233 2805 ut
1257 2749 1583 2806 damnentur
1613 2749 1667 2804 in
1697 2764 1880 2820 paena.

598 2842 930 2899 Vocaverunt
958 2845 1170 2898 nomina
1196 2861 1315 2915 sua,
1345 2845 1401 2898 in
1442 2843 1592 2899 terris
1619 2844 1751 2898 suis.
1784 2843 1943 2914 Saepe
1973 2842 2116 2899 enim

522 2939 718 3011 pagani
744 2954 910 3010 super
935 2937 1320 2995 defunctorum
1345 2936 1630 3008 epulantes
1653 2938 1924 3008 sepulcra,
1953 2945 2117 3006 atque

518 3034 574 3090 in
614 3034 838 3090 nomine
867 3049 1058 3091 eorum
1101 3035 1195 3106 qui
1221 3033 1422 3090 mortui
1470 3041 1597 3088 sunt
1623 3031 1897 3099 bibentes,
1933 3031 2114 3087 inania

2227 1907 2373 1953 ratus
2399 1909 2474 1954 est
2491 1899 2748 1970 jumeutis
2791 1898 3180 1970 insipientibus,
3230 1909 3277 1953 et
3315 1899 3507 1953 similis
3552 1903 3787 1969 [πωπω

2225 1991 2352 2045 illis.
2388 1990 2504 2046 Non
2535 1993 2818 2063 cognovit,
2849 1993 2977 2064 quia
3007 1992 3122 2046 haec
3147 1991 3328 2047 omnia
3374 1991 3425 2047 ei
3471 2006 3502 2047 a
3548 1991 3652 2046 Deo
3693 1991 3785 2046 iue-

2226 2093 2348 2138 rant
2375 2084 2638 2140 attributa
2671 2086 2923 2142 :idcirco
2960 2085 3271 2156 insipientia
3305 2085 3425 2156 ejus
3447 2085 3692 2156 iumentis
3717 2087 3782 2140 in-

2225 2177 2576 2234 sensibilihus
2591 2191 2960 2250 comparatur.
2983 2181 3094 2236 Nos
3109 2195 3236 2236 vero
3256 2180 3612 2251 deprecemur
3634 2180 3787 2236 Domi-

2223 2285 2378 2336 num,
2412 2279 2470 2325 ut
2498 2271 2615 2342 ipse
2652 2266 2808 2328 nobis
2843 2273 3048 2328 tribuat
3096 2271 3457 2338 intellectum,
3492 2282 3551 2328 ut
3597 2273 3710 2328 dum
3735 2288 3784 2328 ca

2221 2377 2346 2433 qua:
2376 2361 2652 2429 videntur,
2686 2365 3006 2435 abjiciamus
3037 2383 3051 2420 :
3099 2366 3191 2422 illa
3223 2381 3346 2438 quae
3391 2381 3504 2422 non
3535 2365 3780 2431 videntur,

2221 2455 2454 2525 adipisci
2483 2471 2814 2514 mereamur.

2746 2552 3068 2611 PSALMUS
3106 2551 3297 2610 XLIX.

2222 2643 2477 2721 Psgliuus
2529 2645 2728 2721 Asopia.
2770 2647 2954 2721 Asaph
2995 2648 3411 2716 interpretatur,
3470 2649 3783 2721 congregatio.

2293 2718 2538 2790 Psalmus
2567 2719 3023 2790 tliscernitjustos
3042 2720 3111 2773 ah
3134 2722 3316 2790 impiis
3334 2761 3350 2786 ,
3380 2718 3675 2778 etelest'esa
3700 2731 3787 2776 ter-

2293 2788 2460 2856 renis,
2488 2800 2708 2864 sanctos
2743 2806 2774 2845 a
2806 2788 3185 2864 peccatoribus
3215 2788 3572 2860 protestatur.
3605 2791 3657 2847 in
3698 2807 3785 2864 quo

2291 2875 2398 2916 non
2452 2862 2714 2936 propheta
2769 2878 2830 2918 se
2878 2863 3117 2919 locutum
3146 2907 3160 2935 ,
3192 2864 3288 2920 sed
3319 2864 3498 2936 ipsum
3531 2862 3782 2921 Dominum

2291 2940 2629 3004 pronuntiat,
2658 2934 2880 2991 dicens:
3148 2934 3152 2935 '
3341 2934 3356 2936 '
3501 2957 3520 2972 .

2291 3043 2431 3100 Deus
2461 3046 2678 3102 deorum
2708 3045 2961 3104 Dominus
3001 3047 3200 3105 locutus
3229 3059 3323 3106 est.
3358 3050 3504 3108 Deus
3552 3050 3603 3107 in
3629 3049 3783 3107 Trini-

517 3145 642 3186 eum
665 3128 900 3202 quodam
924 3127 1296 3186 modulamine
1317 3135 1540 3184 cantant
1570 3145 1582 3181 :
1614 3126 1711 3184 sed
1736 3126 1870 3182 nihil
1894 3125 2114 3198 prodest
2155 3210 2186 3216 ἑ
2219 3148 2347 3210 me,
2393 3140 2574 3212 pater,
2634 3153 2689 3199 ει
2746 3142 2936 3213 pinus,
2989 3153 3045 3200 ει
3087 3144 3321 3216 spirims
3365 3154 3614 3215 sanctus,
3665 3113 3792 3200 mm;

517 3224 573 3282 in
600 3223 815 3282 inferno
843 3225 1136 3282 damnatis.

587 3321 762 3378 Homo
785 3337 902 3376 cum
947 3322 1003 3376 in
1027 3320 1222 3376 honore
1258 3329 1413 3385 esset,
1442 3335 1546 3374 non
1587 3317 1858 3373 intellexit.
1889 3316 2022 3372 Esse
2052 3330 2113 3372 se

512 3415 580 3472 ad
613 3415 906 3487 imaginem
954 3414 1052 3472 Dei
1083 3414 1400 3470 formatum.
1437 3412 1780 3485 Comparatus
1807 3421 1882 3467 est
1904 3411 2115 3484 jumen-

513 3509 578 3564 tis
606 3507 994 3579 insipientibus,
1022 3515 1088 3562 .et
1128 3507 1312 3563 similis
1357 3510 1525 3578 factus
1566 3515 1640 3560 est
1680 3505 1805 3561 illis.
1854 3503 2112 3574 Deposita

512 3599 686 3656 forma
707 3600 920 3658 caelesti
939 3646 954 3671 ,
994 3599 1168 3657 factus
1197 3608 1283 3658 est
1311 3599 1364 3656 in
1396 3598 1808 3656 similitudinem
1837 3598 2106 3670 insipien-

513 3697 646 3753 tium
673 3696 1068 3769 iumentorum.

585 3790 714 3847 Haec
754 3791 838 3846 via
859 3789 1075 3846 illorum
1119 3790 1426 3846 scandalum
1457 3789 1607 3862 ipsis.
1641 3788 1776 3856 Quia
1807 3787 1877 3844 dc
1902 3787 2108 3859 judicio

507 3883 576 3942 ad
602 3898 817 3956 pennam
844 3899 942 3941 eos
971 3883 1231 3941 deducit:
1262 3883 1331 3938 Et
1361 3893 1538 3956 postea
1569 3885 1622 3938 in
1649 3900 1735 3939 ore
1763 3900 1859 3938 suo
1881 3883 2109 3954 complu-

506 3982 710 4038 cebunt.
735 3979 843 4037 Sed
872 3980 1006 4036 nihil
1037 3979 1254 4051 proiicit
1291 3979 1568 4036 conlessio
1597 3979 1650 4034 itt
1681 3978 1921 4035 inferno.

512 4065 534 4074 “
577 4077 726 4132 Sicut
752 4091 866 4131 oves
894 4076 950 4130 in
969 4075 1176 4146 inferno
1205 4075 1360 4145 positi
1381 4083 1498 4129 sunt
1524 4090 1541 4128 :
1569 4089 1704 4128 mors
1727 4075 1963 4146 deposcet
1993 4090 2098 4131 eos.

506 4169 702 4228 Merito
742 4186 773 4226 a
820 4178 997 4227 morte
1043 4169 1434 4242 depascuntur,
1481 4169 1577 4241 qui
1605 4167 1883 4225 Christum
1912 4169 2102 4226 nolue-

500 4275 629 4320 runt
656 4264 862 4322 habere
890 4275 1188 4338 pastorem.

573 4357 642 4413 Et
667 4357 1072 4414 dominabuntur
1101 4375 1277 4415 eorum
1297 4360 1436 4432 justi
1460 4359 1514 4414 in
1541 4359 1814 4413 matutino.
1843 4358 1898 4414 ln
1924 4371 2102 4414 resur-

499 4451 765 4516 rectione.
799 4449 870 4506 Et
915 4453 1176 4507 auxilium
1223 4469 1401 4508 eorum
1449 4460 1727 4508 veterascet
1769 4453 1821 4505 in
1864 4451 2094 4520 inferno.

500 4544 823 4602 Habuerunt
851 4545 1089 4614 divitias,
1121 4546 1221 4603 sed
1250 4563 1373 4603 cum
1404 4546 1804 4602 descenderent
1833 4547 1884 4601 in
1923 4545 2094 4601 infer-

2141 3210 2187 3276 Ο
2223 3235 2364 3292 Deus
2394 3254 2408 3293 :
2460 3210 2676 3294 deorum
2723 3237 2865 3294 Deus
2897 3210 2931 3294 ε’
2962 3239 3090 3311 quia
3128 3210 3424 3297 credentes
3469 3210 3610 3297 deos
3634 3240 3780 3295 voluit

2219 3333 2544 3403 nuncupari.
2608 3331 2767 3389 Dedit
2816 3332 2964 3389 enim
3006 3333 3084 3390 eis
3141 3343 3468 3406 potestatem
3534 3335 3666 3390 ﬁlios
3699 3331 3778 3388 Dei

2219 3425 2338 3482 ﬁeri
2373 3443 2387 3481 :
2419 3427 2504 3482 his
2527 3428 2619 3498 qui
2651 3427 2883 3486 credunt
2909 3428 2963 3482 in
2993 3429 3212 3485 nomine
3243 3429 3362 3500 ejus
3393 3427 3574 3503 (Joan.
3606 3427 3662 3499 t).
3691 3428 3780 3484 Do-

2217 3520 2394 3576 minus
2424 3529 2606 3576 autem
2657 3529 2786 3577 est:
2829 3535 2896 3576 eo
2939 3520 3086 3593 quod
3131 3521 3374 3578 omnium
3418 3521 3775 3578 dominantium

2213 3613 2546 3669 dominetur.
2578 3612 2649 3668 Et
2673 3612 2858 3685 utique
2887 3605 3004 3684 ipse
3031 3613 3121 3685 qui
3145 3613 3350 3670 dudum
3393 3614 3446 3669 in
3477 3612 3772 3685 patriarchis

2213 3706 2538 3778 loquebatur
2564 3717 2725 3778 atque
2756 3706 3060 3778 prOphetis,
3104 3709 3220 3779 ipse
3245 3723 3391 3764 nunc
3438 3708 3685 3780 loquitur.
3720 3705 3777 3761 Et

2210 3799 2362 3870 quid,
2395 3800 2596 3872 inquis,
2632 3799 2911 3871 loquitur?
2955 3798 3025 3856 Et
3054 3801 3247 3856 vocavit
3286 3810 3498 3857 terram.
3539 3799 3648 3856 Non
3675 3813 3776 3870 par-

2212 3901 2318 3949 tem
2345 3893 2614 3964 aliquam;
2643 3893 2742 3949 sed
2765 3893 2892 3966 audi
2921 3893 3049 3965 quid
3081 3893 3285 3965 adjecit
3326 3911 3340 3950 :

2281 3988 2323 4040 Α
2353 3987 2478 4042 solis
2504 3997 2621 4042 ortu
2652 4002 2812 4058 usque
2839 3986 2908 4040 ad
2938 4002 3200 4042 occasum.
3229 3985 3374 4042 Nihil
3398 3982 3776 4058 reliquit,qttati

2208 4095 2316 4136 non
2353 4095 2450 4136 sua
2492 4077 2781 4136 vocatione
2811 4079 3021 4136 iaceret
3050 4079 3297 4152 dignum.
3331 4077 3417 4135 Ea:
3457 4081 3582 4137 Sion
3609 4079 3777 4152 species

2207 4171 2408 4229 decoris
2438 4176 2571 4248 ejus.
2611 4173 2745 4242 Qua:
2774 4182 2859 4228 est
2887 4171 3021 4228 ﬁdes
3060 4181 3226 4243 atque
3253 4171 3552 4229 credulitas
3589 4187 3696 4244 qua:
3720 4185 3777 4226 ex

2204 4267 2336 4324 Sion
2366 4268 2576 4340 incipit.
2611 4265 2771 4324 Unde
2799 4266 3064 4322 Dominus
3102 4266 3157 4322 in
3187 4266 3506 4339 Evangeliis
3538 4285 3548 4321 :
3573 4269 3778 4338 θροηθ-

2201 4363 2296 4419 bat
2325 4363 2472 4418 enim
2497 4361 2613 4418 haec
2639 4361 2913 4418 Christum
2944 4362 3058 4432 pati
3097 4371 3154 4418 et
3190 4377 3486 4435 resurgere
3512 4378 3544 4418 a
3571 4359 3774 4418 mortuis

2203 4457 2360 4512 tertia
2397 4455 2508 4523 die,
2537 4463 2594 4513 et
2618 4455 2903 4526 praedicari
2940 4456 2994 4511 in
3020 4456 3243 4512 nomine
3271 4456 3391 4526 ejus
3422 4456 3771 4528 ptenitentiam

2201 4558 2256 4604 et
2294 4549 2674 4606 remissionem
2715 4557 3066 4620 peccatorum
3108 4550 3161 4605 in
3201 4564 3395 4605 omnes
3431 4557 3616 4620 gentes
3649 4567 3660 4602 :
3698 4547 3772 4601 itt-

495 4653 648 4706 num,
672 4649 1029 4696 evanuerunt.
1056 4613 1101 4695 Ᾰ
1128 4640 1298 4713 gloria
1322 4657 1436 4696 sua.
1461 4639 1597 4707 Quia
1625 4656 1734 4695 non
1762 4639 2094 4711 qumsierunt
2122 4613 2174 4675 Ῑ)
2203 4641 2529 4712 cipientibus
2559 4643 2628 4698 ab
2657 4613 2987 4709 Jerusalem,
3015 4656 3136 4713 quae
3165 4652 3250 4698 est
3277 4641 3413 4699 Sion
3433 4613 3590 4713 ξιιω.
3612 4639 3768 4709 xxiv).

496 4732 724 4804 gloriam
761 4732 986 4802 Christi,
1017 4733 1109 4805 qui
1135 4749 1277 4790 nunc
1305 4734 1375 4791 de
1401 4749 1462 4791 se
1492 4735 1751 4805 loquitur.

578 4824 916 4882 Verumtatem
944 4825 1085 4882 Deus
1118 4828 1335 4883 redimet
1377 4828 1604 4886 animam
1630 4844 1795 4882 meam
1825 4828 1890 4882 de
1931 4843 2088 4883 manu

491 4920 649 4993 inferi
687 4937 806 4976 cum
852 4923 1108 4993 acceperit
1151 4938 1251 4976 me.
1292 4921 1466 4978 Homo
1516 4922 1660 4978 Deus
1699 4938 1806 4978 non
1841 4923 2085 4993 rapinam

488 5015 790 5072 arbitratus
836 5025 924 5074 est
970 5030 1092 5073 esse
1123 5031 1185 5073 se
1226 5017 1489 5089 aequalem
1542 5017 1698 5072 Deo:
1747 5017 1843 5072 sed
1885 5023 2087 5072 semet-

488 5106 669 5179 ipsum
693 5108 1022 5174 exinanivit,
1047 5108 1279 5164 formam
1297 5109 1605 5181 suscipiens
1629 5110 1794 5166 servi.
1819 5110 2086 5181 Suscepta

484 5202 648 5258 etiam
679 5212 872 5271 morte,
907 5205 1268 5260 resuscitatus
1299 5213 1523 5276 paterna
1552 5205 1778 5276 virtute,
1805 5204 2083 5264 hominem

486 5296 580 5368 qui
606 5305 893 5354 corruerat
920 5298 1218 5369 reparavit.
1405 5373 1407 5375 ι

555 5388 640 5446 Ne
671 5390 900 5447 timueris
948 5407 1064 5446 cum
1109 5391 1247 5447 dives
1286 5391 1455 5463 factus
1479 5391 1633 5462 fuerit
1664 5393 1837 5459 homo,
1889 5401 2084 5448 etcum

478 5483 826 5554 multiplicata
853 5484 1009 5556 fuerit
1030 5483 1200 5555 gloria
1227 5483 1411 5540 domus
1437 5486 1569 5556 ejus,
1609 5495 1719 5541 etc.
1755 5486 1915 5541 Dives
1943 5487 2081 5542 elle-

479 5585 600 5633 ctus
628 5584 715 5634 est
741 5575 912 5633 Judas
945 5577 1197 5648 proditor
1237 5576 1528 5634 vendendo
1585 5578 1903 5650 Magistrum
1937 5597 1948 5632 :
1981 5578 2078 5636 sed

479 5667 618 5724 nihil
646 5668 805 5740 pretii
824 5669 970 5742 quod
1001 5678 1412 5742 assumpserat,
1439 5684 1627 5726 secum
1675 5685 1797 5726 cum
1847 5673 2080 5726 moritur

479 5761 806 5831 deportavit.
849 5761 940 5817 Sic
983 5776 1115 5833 ergo
1163 5779 1310 5820 nunc
1361 5763 1767 5834 unusquisque,
1807 5778 2075 5835 oppresso

478 5867 750 5926 paupere,
793 5855 948 5914 dives
986 5856 1220 5914 efﬁcitur
1270 5867 1326 5916 et
1371 5856 1786 5929 multiplicatur.
1835 5857 1954 5916 Noli
2007 5860 2071 5916 ti-

2274 4731 2417 4790 Deus
2463 4734 2736 4807 manifeste
2779 4735 2964 4788 veniet.
2995 4733 3117 4790 Non
3149 4735 3416 4791 occultus.
3469 4735 3597 4802 Vel,
3645 4731 3771 4788 Deus

2200 4829 2474 4898 manifeste
2497 4831 2662 4884 veniet
2687 4845 2706 4884 :
2733 4829 2835 4884 hoc
2866 4841 2949 4886 est
2967 4871 2982 4896 ,
3015 4830 3068 4884 in
3095 4829 3184 4885 die
3208 4828 3397 4901 judicii
3419 4871 3436 4898 ,
3465 4831 3584 4902 quia
3608 4824 3770 4884 omnis

2197 4920 2362 4978 homo
2392 4939 2518 4979 eum
2550 4923 2761 4980 videbit
2786 4939 2802 4980 :
2831 4933 2890 4978 ut
2913 4923 2968 4980 in
2995 4924 3324 4997 Apocalypsi
3360 4925 3437 4980 ait
3462 4943 3474 4980 :
3500 4925 3564 4980 Et
3587 4919 3770 4979 videbit

2194 5029 2318 5070 eum
2341 5016 2517 5081 omnis
2537 5015 2732 5071 oculus
2757 5015 2944 5088 (Apoc.
2969 5014 3031 5087 t).
3050 5013 3188 5071 Deus
3208 5026 3382 5071 noster
3403 5026 3451 5072 et
3473 5033 3576 5072 non
3599 5013 3764 5070 silebit.

2192 5108 2330 5177 Quia
2375 5108 2445 5164 ad
2482 5108 2836 5180 iudicandum
2895 5110 3078 5166 veniet
3117 5127 3130 5164 :
3169 5111 3322 5180 juxta
3380 5110 3513 5166 illud
3546 5128 3560 5169 :
3588 5109 3762 5172 Tacui,

2193 5203 2459 5274 numquid
2484 5219 2702 5274 semper
2732 5201 3102 5276 tacebo(Isai.
3130 5203 3481 5276 xut)iModo
3513 5213 3667 5270 tacet,
3693 5210 3763 5255 ta-

2191 5310 2316 5353 men
2345 5305 2399 5353 et
2427 5297 2475 5351 si
2503 5303 2648 5352 tacet
2661 5295 2892 5367 judicio,
2917 5310 3024 5352 non
3052 5304 3194 5352 tacet
3222 5297 3506 5354 mandato.
3529 5296 3583 5354 In
3607 5293 3760 5368 primo

2191 5393 2431 5450 adventu
2460 5392 2648 5463 tacuit,
2681 5391 2808 5464 quia
2837 5390 3058 5448 humilis
3083 5392 3360 5464 apparuit.

2260 5486 2408 5558 Ignis
2436 5488 2492 5542 in
2520 5497 2796 5560 conspectu
2823 5488 2938 5560 ejus
2966 5486 3188 5543 ardebit.
3215 5487 3503 5559 Duplicem
3531 5487 3613 5544 hic
3635 5481 3753 5556 ignis

2183 5580 2510 5653 intelligitur
2559 5581 2770 5639 habere
2821 5583 3104 5639 virtutem.
3163 5581 3444 5640 illuminat
3497 5582 3660 5646 enim,
3705 5583 3753 5631 el

2181 5674 2382 5730 exurit.
2411 5673 2700 5732 Gaudeant
2716 5675 2849 5747 justi
2875 5690 2891 5743 ;
2920 5675 3048 5746 quia
3068 5674 3454 5733 illuminantur
3473 5691 3543 5733 ex
3570 5688 3649 5731 eo.
3668 5668 3746 5726 Ti-

2182 5777 2366 5824 meant
2396 5776 2737 5839 peccatores,
2781 5768 2873 5840 qui
2906 5768 3172 5825 esurendi
3203 5778 3331 5826 sunt
3367 5770 3438 5827 ab
3478 5784 3560 5827 eo.
3607 5764 3668 5820 Et
3699 5762 3744 5816 in

2177 5861 2396 5918 circuitu
2417 5864 2528 5934 ejus
2554 5870 2823 5935 tempestas
2842 5861 3036 5919 valida.
3060 5861 3194 5933 Quae
3223 5863 3455 5936 ﬂagellat
3478 5871 3530 5921 et
3548 5854 3740 5930 corrigit
