3944 6334
203 225 293 283 969

201 427 318 498 ignis
340 432 528 500 exurit,
550 443 842 508 tempestas
859 444 1104 506 involvit.
1130 455 1196 510 Et
1217 458 1271 513 in
1297 462 1405 518 alio
1434 465 1555 522 loco
1581 467 1710 526 dicit
1736 489 1749 526 :

197 519 426 592 Pttrgabit
464 541 645 583 aream
691 545 845 589 suam
870 578 885 603 ,
929 547 985 595 et
1027 552 1380 620 congregabit
1427 555 1662 615 triticum
1696 563 1750 618 in

196 616 424 674 horreum
456 638 469 674 :
500 623 683 693 paleas
713 637 898 688 autem
933 638 1221 698 comburet
1248 644 1354 716 igni
1387 648 1750 727 interstingui-

193 707 270 763 bili
289 708 426 781 (Luc.
444 713 518 785 v).

249 798 310 854 Et
336 809 525 865 vocarit
553 814 737 870 coelum
763 817 1052 879 desursum.
1071 827 1367 898 Apostolos
1393 837 1480 894 vel
1510 840 1747 914 reliquos

190 904 408 967 sanctos,
453 903 544 972 qui
572 906 850 980 despectis
899 921 1166 990 terrenis,
1205 941 1326 997 qua:
1370 945 1586 990 sursum
1619 946 1747 993 sunt

188 990 394 1060 sapiunt.
417 991 486 1050 Et
513 1007 702 1057 terram
736 1005 1030 1069 discernere
1049 990 1300 1089 papulum
1323 1041 1499 1082 suum.
1532 1029 1744 1088 Discer-

187 1082 253 1137 nit
278 1095 446 1142 autem
477 1098 531 1146 et
562 1102 829 1171 terrenos,
871 1111 1070 1162 utcum
1094 1111 1349 1171 caelestes
1372 1130 1649 1186 ponuntur
1673 1124 1741 1180 ad

186 1176 455 1249 dexteram,
483 1184 534 1240 hi
565 1187 633 1244 ad
655 1191 938 1253 sinistram
960 1201 1321 1262 collocentur.
1345 1209 1443 1266 νει
1466 1213 1743 1274 discernet

187 1271 410 1341 populum
452 1291 645 1346 suum,
693 1282 750 1339 in
781 1285 962 1344 laturo
998 1291 1208 1362 judicio
1237 1301 1456 1369 quando
1496 1305 1740 1366 dicturus

184 1362 268 1417 erit
293 1381 302 1416 :
326 1361 418 1434 Ite,
453 1370 752 1445 maledicti,
783 1377 835 1433 in
864 1361 1043 1452 ignem
1073 1397 1360 1447 aeternum.
1392 1395 1459 1451 Et
1487 1397 1555 1454 ad
1583 1415 1741 1458 sanc-

185 1463 282 1512 tos:
305 1456 376 1515 Ite
400 1459 451 1515 in
483 1464 649 1522 vitam
683 1479 945 1529 aeternam
973 1476 1156 1548 (Matt.
1181 1485 1334 1554 xxv).

237 1549 534 1627 Congregate
583 1558 668 1616 illi
713 1574 918 1623 sanctos
965 1573 1103 1643 ejus.
1133 1575 1178 1631 0
1205 1549 1366 1648 quam
1410 1582 1738 1644 mirabiliter

180 1735 738 1808 postdispensationem
761 1747 906 1819 linis,
931 1755 1085 1812 audit
1103 1760 1231 1829 quid
1259 1761 1394 1820 dicit
1421 1783 1440 1822 :

179 1821 263 1879 lius
279 1825 495 1888 hominis
511 1837 741 1906 angelos
762 1855 891 1900 suos
908 1859 1033 1902 eum
1057 1821 1186 1907 tuba
1209 1863 1262 1909 et
1289 1856 1489 1915 virtute
1511 1877 1728 1934 magna,

176 1925 220 1973 et
254 1926 649 1997 congregabunt
697 1933 906 1993 electos
934 1940 1056 2010 ejus
1102 1958 1132 2000 a
1184 1957 1422 2017 quatuor
1453 1957 1651 2024 ventis,
1697 1976 1727 2014 a

174 2023 351 2069 summo
369 2017 628 2076 caelorum
662 2023 841 2096 (Matt.
876 2035 1048 2104 xxrv).
1074 2035 1146 2091 Et
1176 2037 1265 2096 hic
1291 2041 1424 2099 dicit
1453 2061 1474 2100 :
1505 2046 1731 2121 Congre-

171 2115 264 2174 gate
283 2107 354 2161 illi
367 2126 537 2168 omnes
565 2127 774 2177 sanctas
799 2126 935 2195 ejus.
971 2127 1272 2203 Intelligite
1293 2151 1424 2210 ergo
1456 2156 1552 2212 per
1577 2107 1723 2214 hinc,

173 2208 306 2254 unum
332 2206 522 2262 veteris
547 2211 789 2283 novique
813 2215 1152 2280 Testamenti
1168 2240 1290 2284 esse
1312 2229 1720 2302 dispositorem.

229 2293 314 2360 Qui
348 2299 584 2358 ordinant
607 2315 970 2368 testamentum
1007 2317 1123 2387 ejus
1150 2336 1306 2394 super
1343 2328 1628 2398 sacriﬁcia.
1664 2331 1723 2388 In

170 2398 360 2454 quorum
388 2393 836 2460 miserationibus
869 2407 1016 2465 Deus
1042 2426 1210 2483 super
1237 2419 1491 2476 omnibus
1516 2424 1725 2479 sacriﬁ-

168 2477 245 2535 ciis
273 2481 578 2545 delectatur.
613 2492 716 2550 vet
751 2498 1025 2570 ordinant,
1070 2477 1372 2575 praedicant
1411 2521 1468 2569 et
1494 2513 1725 2587 implent

166 2567 532 2638 Testamentum
559 2599 764 2644 novum
789 2603 957 2662 super
977 2607 1158 2667 vetus,
1182 2603 1308 2672 quia
1333 2614 1615 2666 transeunt
1637 2627 1723 2669 ve-

166 2669 277 2734 tera,
302 2678 352 2726 et
375 2687 502 2731 ecce
531 2677 680 2735 facta
708 2692 836 2739 sunt
862 2688 1044 2744 omnia
1071 2669 1214 2748 nova
1237 2695 1306 2767 (ll
1336 2697 1456 2754 Cor.
1493 2701 1573 2774 v).

215 2759 274 2816 Et
303 2772 680 2829 annuntiabunt
710 2777 824 2832 caeli
855 2779 1118 2850 justitiam
1163 2759 1297 2860 ejus.
1333 2792 1717 2867 Evangelistze,

161 2849 228 2907 vel
247 2853 320 2911 lex
345 2859 528 2934 Moysi.
561 2865 824 2932 Quoniam
851 2871 991 2930 Deus
1007 2849 1302 2948 judex'est.
1328 2883 1430 2954 Qui
1459 2902 1718 2960 separare

159 2941 259 3002 facit
285 2950 441 3010 bonos
469 2972 499 3013 a
532 2962 717 3017 malis.
741 2963 840 3021 Vel
873 2941 1024 3037 caeli,
1055 2975 1230 3031 sancti
1262 2991 1276 3031 :
1306 2941 1713 3054 annuntiubunt,

157 3041 482 3107 pradicabunt
515 3069 526 3104 :
558 3063 622 3109 ut
670 3055 804 3113 illud
827 3103 841 3129 ,
874 3059 1013 3119 ϐωιί
1052 3079 1314 3126 enarrant
1344 3073 1571 3144 gloriam
1614 3041 1715 3136 Dei

163 3131 304 3201 (Psal.
332 3143 503 3215 xvttt).
535 3145 816 3206 Justitiam
841 3158 977 3226 ejus,
1002 3160 1256 3220 mandata
1285 3131 1425 3236 ejus.
1454 3169 1714 3237 Quoniam
1741 3172 1783 3231 C

159 3221 271 3285 Deus
291 3233 440 3302 iudex
460 3239 539 3294 est
563 3256 582 3295 :
609 3243 735 3312 quia
767 3221 883 3317 ipse
905 3259 991 3306 εει
1015 3251 1182 3322 judex
1204 3258 1449 3317 vivorum
1481 3273 1537 3320 et
1563 3281 1712 3322 mor-

160 3326 354 3381 tuorum.
398 3329 463 3386 Et
487 3333 796 3394 advocatus
839 3352 1029 3400 noster
1067 3356 1184 3421 est,
1233 3362 1286 3409 et
1312 3353 1480 3424 judex
1507 3369 1626 3430 est,
1657 3369 1714 3418 et

160 3408 211 3430 π

158 3408 276 3471 Deus
303 3431 481 3480 noster
502 3435 609 3483 est.

209 3507 346 3580 Audi,
367 3520 588 3589 papulas
614 3539 758 3580 meus
782 3541 802 3581 :
830 3536 878 3582 et
904 3529 1090 3602 loquar
1115 3535 1229 3604 tibi,
1257 3537 1451 3599 Israel.
1471 3543 1588 3601 Vox
1613 3546 1707 3605 Dei

156 3595 325 3671 Patris.
373 3610 436 3666 ad
467 3616 734 3686 populum
762 3595 1050 3680 Judaicum
1080 3595 1344 3700 loquitur.
1607 3658 1706 3712 po-

156 3693 277 3759 pulus
302 3716 452 3758 meus.
497 3709 706 3765 Aurem
754 3714 939 3771 cordis
981 3719 1208 3790 requirit
1241 3743 1252 3778 :
1283 3727 1429 3783 unde
1466 3730 1544 3785 ait
1582 3747 1703 3802 pro-

153 3780 280 3851 pheta
311 3807 323 3845 :
353 3793 585 3854 Audiam
620 3801 750 3871 quid
783 3804 1036 3876 loquatur
1061 3780 1120 3866 in
1158 3829 1246 3869 me
1271 3780 1542 3877 Dominus
1563 3780 1705 3881 Deus

154 3874 561 3975 (Psaluxxxrv).
605 3893 675 3950 Et
713 3874 902 3954 alibi:
945 3901 1126 3972 Audi,
1175 3906 1339 3966 Israel
1382 3929 1397 3968 :

151 3963 266 4026 Deus
283 3982 414 4047 tuus,
439 3963 582 4040 Deus
606 4001 748 4044 unus
774 3999 859 4046 est
883 3992 1063 4065 (Deut.
1080 3997 1179 4070 vt).
1204 3999 1301 4058 Vel
1330 4005 1519 4078 accipe
1539 4025 1702 4068 aures

147 4062 390 4139 audiendi,
421 4085 476 4130 ut
500 4076 800 4152 intelligas,
829 4062 1018 4142 Israel.
1051 4089 1121 4145 Et
1138 4062 1466 4167 testiﬁcabor:
1494 4102 1608 4160 tibi.
1641 4104 1698 4162 Si

148 4166 296 4216 mente
316 4165 582 4235 spiritual't
616 4179 993 4245 perspexeris.
1029 4181 1124 4239 Vel
1157 4165 1470 4258 testiﬁcabor
1497 4195 1610 4264 tibi,
1645 4197 1697 4254 id

146 4257 236 4316 est,
263 4267 350 4322 per
380 4260 716 4327 patriarchas
741 4275 795 4321 et
825 4270 1152 4341 prophetas,
1195 4257 1335 4334 sicut
1366 4280 1504 4338 dixit
1535 4303 1548 4339 :
1582 4285 1697 4359 Ego

143 4349 238 4395 sum
258 4347 339 4415 qui
354 4363 470 4406 sum
495 4353 701 4423 (Exod.
719 4356 799 4430 v).
829 4360 1088 4428 Quoniam
1106 4365 1271 4439 Deus,
1295 4372 1438 4431 Deus
1465 4385 1584 4435 tuus
1603 4347 1696 4452 ego

142 4445 246 4489 tum.
268 4437 398 4498 Deus
416 4461 551 4516 sum,
573 4451 1002 4525 omnipotentis;
1031 4471 1152 4518 tuus
1177 4479 1296 4521 sum
1321 4479 1502 4527 autem
1525 4472 1688 4542 Deus,

1674 4535 1686 4542 .
1801 4535 1818 4546 .
2095 4535 2112 4552 .
2142 4535 2221 4539 η-
2256 4535 2394 4555 γη
2424 4535 2746 4558 νην-νυ...
2785 4535 2790 4546 η

141 4535 218 4591 Per
243 4536 488 4600 gratiam:
511 4557 620 4598 non
650 4545 942 4605 simulacra
971 4563 1120 4610 muta
1146 4567 1201 4613 et
1228 4560 1418 4630 surda,
1449 4580 1568 4635 quae
1597 4566 1692 4622 lta-
1718 4561 1774 4623 D
1800 4571 2063 4640 apostolis
2104 4591 2118 4628 :
2162 4575 2293 4644 Quae
2344 4578 2585 4638 dixerint
2630 4587 2790 4645 vobis

139 4628 294 4678 clenus
305 4643 588 4690 veneratus
603 4653 682 4694 es.
694 4639 788 4697 Vel
804 4657 903 4714 ego
919 4659 1038 4702 sum
1050 4689 1064 4717 ,
1079 4651 1167 4720 qui
1185 4666 1405 4726 semper
1419 4672 1537 4715 sum
1551 4660 1691 4732 ipse.

195 4712 300 4772 Non
327 4720 378 4776 in
406 4728 682 4798 sacriﬁciis
713 4734 816 4790 tuis
842 4712 1063 4808 arguam
1092 4751 1160 4799 te.
1193 4745 1329 4813 Quia
1355 4751 1520 4808 corde
1557 4768 1690 4811 con-

139 4803 241 4862 trito
277 4811 535 4874 delector.
582 4803 927 4884 Holocausta'
952 4844 1128 4888 autem
1176 4845 1266 4892 tua
1308 4842 1361 4896 in
1409 4857 1689 4918 conspectu

137 4909 225 4952 meo
247 4917 354 4962 sunt
377 4927 597 4983 serttper.
641 4916 700 4973 Si
741 4919 968 4979 odorem
1014 4937 1178 4984 rectae
1217 4935 1511 5007 orationis,
1547 4948 1688 4996 tam-

136 4999 264 5055 quam
292 5003 571 5062 suavitatis
602 5008 920 5085 incensum,
957 5019 1023 5073 ad
1065 5037 1151 5078 me
1181 5039 1352 5097 usque
1390 5029 1681 5090 direxeris.

191 5081 295 5143 Non
323 5095 574 5166 accipiam
611 5101 673 5157 de
716 5105 872 5162 domo
905 5081 990 5165 tua
1019 5113 1208 5171 titulos
1240 5081 1450 5192 :lneque
1478 5125 1542 5179 de
1569 5145 1686 5201 gre-

1162 5170 1166 5171 ν
1242 5170 1251 5172 ἡ
1289 5170 1448 5192 ,ηπ
1478 5170 1539 5179 ην
1569 5170 1658 5201 νη

132 5170 254 5238 gibus
275 5184 370 5238 tuis
391 5187 584 5261 hircos.
616 5193 725 5252 lsta
751 5199 893 5255 enim
924 5206 1104 5274 sprevi
1134 5225 1147 5262 :
1172 5211 1294 5280 quia
1321 5217 1541 5286 sanguis
1563 5219 1682 5275 veri

133 5269 233 5336 agni
261 5275 452 5337 effusus
491 5293 577 5341 est
619 5303 720 5359 pro
764 5269 1003 5362 peccatis
1047 5269 1230 5371 populi
1261 5307 1390 5362 mei.
1417 5269 1548 5378 Vel,
1579 5328 1681 5368 non

133 5363 344 5434 accipiam
375 5373 437 5428 de
462 5377 616 5435 domo
642 5391 731 5438 tua
755 5385 946 5443 vitulos
977 5406 995 5444 :
1028 5391 1080 5448 id
1112 5403 1233 5465 est,
1278 5396 1680 5461 incontinentes

133 5459 178 5506 et
199 5463 466 5529 superbos.
503 5471 684 5544 Neque
709 5477 772 5532 de
815 5483 1052 5554 gregibus
1081 5487 1183 5543 tuis
1210 5459 1382 5548 hircos
1411 5509 1431 5549 :
1458 5459 1680 5570 Hircos,

130 5547 205 5615 qui
230 5551 388 5615 lmtidi
411 5575 540 5622 sunt
571 5568 622 5625 in
655 5547 900 5643 peccato.

192 5643 428 5711 Quoniam
454 5675 580 5718 mete
605 5677 724 5723 sunt
769 5686 942 5730 omnes
972 5675 1098 5746 fera:
1133 5679 1412 5753 silvarum,
1444 5689 1684 5760 jumenta

972 5731 983 5746 ,
1057 5731 1085 5733 ,,
1140 5731 1412 5753 πω,
1444 5731 1684 5760 ,....w.....

131 5731 175 5789 in
193 5746 427 5806 montibus
453 5764 500 5809 et
529 5757 690 5820 bores.
719 5761 1128 5830 irrationabiles
1155 5785 1210 5833 et
1238 5777 1470 5839 diversis
1526 5799 1684 5844 mon-

375 5845 646 5916 Ps'rnos.
696 5856 934 5924 XXVI.

1085 240 1512 312 BREVIARIUM
1551 258 1618 315 IN
1658 259 1989 327 PSALMOS.
2031 271 2284 335 PSALM.
2331 281 2518 340 XLIX.

203 345 518 408 peccatores,
553 341 898 419 triticumque
928 361 1169 416 secernit
1197 378 1228 418 a
1269 367 1458 436 paleis.
1500 375 1569 430 Et
1617 391 1753 446 quos
1777 382 1828 441 A
1861 383 2002 442 tibus
2032 401 2292 450 vacantes

3345 307 3451 368 970

2321 395 2571 457 homines
2605 420 2616 456 :
2650 419 2785 474 quos
2807 419 3022 479 oportet
3053 419 3336 479 vocatione
3362 425 3452 482 Fi-

1858 473 1917 530 lii
1943 478 2033 534 Dei
2067 483 2249 541 salvos
2279 487 2417 544 ﬁeri.

1925 567 2148 643 Cognovi
2189 582 2360 637 omnia
2393 584 2626 642 volatilia
2653 589 2788 646 caeli.
2822 594 2948 653 Sive
2987 598 3304 674 hiereticos,
3333 609 3450 669 sive

1853 659 2051 720 divites
2083 665 2243 740 hujus
2271 675 2480 741 mundi,
2509 678 2600 749 qui
2628 697 2727 750 per
2754 689 3082 749 mundanam
3134 701 3447 766 superbiam

1851 762 1907 806 et
1951 753 2381 820 irrationabilem
2425 769 2709 828 scientiam
2751 779 3106 840 extolluntur.
3151 786 3219 844 Et
3253 796 3446 865 species

1851 849 1967 917 agri
2008 866 2209 907 mecum
2247 867 2345 917 est.
2381 859 2515 927 Quia
2546 864 2636 922 ubi
2666 869 2915 942 voluero,
2957 893 3146 936 rerum
3196 888 3442 944 omnium

1849 939 2003 1007 copia
2030 982 2046 1008 ,
2084 944 2170 1000 vel
2198 947 2544 1022 diffunditur,
2569 957 2651 1012 vel
2683 939 2934 1032 negatur.
2967 967 3065 1026 Vel
3109 939 3446 1050 species—apri

1849 1045 2045 1087 mecum
2087 1046 2210 1092 est:
2245 1041 2420 1099 virtus
2462 1059 2664 1105 sancta:
2714 1053 2997 1116 Ecclesize.
3028 1062 3278 1122 Volatilia
3321 1072 3450 1129 caeli

1848 1135 1968 1190 qua:
1991 1124 2123 1181 mihi
2147 1128 2335 1200 oﬂ‘ers,
2362 1143 2603 1196 turtures
2628 1153 2681 1198 et
2708 1147 3015 1217 columbas,
3040 1168 3141 1224 ego
3165 1157 3260 1214 tibi
3291 1160 3442 1229 dedi,

1847 1224 1902 1271 et
1946 1220 2128 1278 omnia
2174 1235 2470 1298 antequam
2517 1233 2676 1304 ﬁant,
2720 1241 2863 1310 apud
2915 1220 3098 1302 Deunr
3124 1250 3313 1308 vivunt
3342 1273 3353 1308 :
3387 1264 3444 1311 et

1843 1310 1989 1378 quali
2018 1310 2142 1368 loco
2175 1329 2391 1387 essent,
2431 1333 2489 1379 et
2524 1327 2669 1395 quali
2707 1337 2951 1403 tempore
2977 1341 3268 1413 venerint,
3301 1355 3355 1401 et
3383 1347 3437 1404 in

1843 1401 2103 1471 pondere,
2120 1408 2246 1464 etin
2267 1427 2528 1470 mensura
2546 1420 2734 1476 omnia
2754 1426 2896 1496 apud
2911 1427 3082 1487 Deum
3101 1446 3259 1491 sunt:
3283 1448 3342 1493 ut
3361 1439 3437 1496 ait

1841 1489 1893 1545 in
1911 1492 2208 1567 Evangelio
2238 1501 2401 1559 :Nam
2425 1518 2482 1564 et
2501 1510 2684 1580 capilli
2709 1517 2905 1586 capitis
2927 1525 3093 1580 vestri
3119 1541 3311 1586 omnes
3335 1548 3434 1589 nu-

1839 1589 2032 1641 merati
2051 1599 2178 1646 sunt
2197 1592 2351 1666 (Luc.
2371 1599 2623 1671 xu).Vel,
2644 1608 2873 1666 volatilia
2895 1615 3208 1682 caeli,sancti
3227 1627 3428 1695 angeli.

1913 1680 1976 1735 Si
2000 1687 2248 1754 esuriero,
2274 1706 2378 1746 non
2403 1694 2573 1750 dicunt
2599 1698 2710 1756 tibi.
2737 1702 2960 1764 Esurire
2993 1709 3087 1767 Dei
3112 1723 3220 1783 est,
3247 1731 3355 1773 non
3379 1719 3433 1776 in

1466 1768 1641 1827 Mittet
1669 1773 1732 1828 Π·
1762 1776 1810 1838 Β
1837 1773 1981 1830 escis
2007 1783 2488 1858 corruptibilibus,
2521 1791 2619 1848 sed
2653 1803 2710 1850 ut
2741 1797 2905 1854 iaciat
2942 1805 3066 1874 quis
3097 1809 3431 1870 voluntatem

1834 1865 1957 1938 ejus
1983 1887 1995 1923 :
2023 1871 2163 1929 sicut
2187 1875 2302 1946 ipse
2327 1880 2405 1935 ait
2434 1882 2487 1937 in
2513 1885 2807 1959 Evangelio
2839 1910 2853 1948 :
2887 1865 3035 1952 Meus
3062 1900 3218 1959 cibus
3249 1914 3352 1974 est,
3375 1917 3434 1964 ut

1833 1956 2027 2016 faciam
2054 1965 2395 2028 voluntatem
2427 1975 2608 2034 Patris
2639 1956 2746 2037 mei
2780 1983 2961 2056 (Joan.
2991 1990 3092 2063 tv).
3122 1993 3266 2066 Ergo
3287 1956 3431 2057 tacet

1832 2051 2085 2112 Christus
2125 2073 2282 2116 suam
2324 2068 2559 2124 esuriem
2593 2088 2606 2124 :
2639 2075 2765 2142 quia
2795 2091 3077 2149 exspectat
3109 2096 3431 2155 peccatores

1829 2143 1897 2199 ad
1929 2150 2333 2216 paenitentiam.
2367 2157 2518 2215 Meus
2543 2172 2616 2218 est
2637 2167 2777 2220 enim
2799 2169 2938 2226 orbis
2977 2184 3145 2244 terrae,
3179 2190 3227 2235 et
3255 2181 3426 2254 pleni-

1829 2237 1956 2294 tudo
1993 2245 2128 2314 ejus.
2162 2244 2332 2304 Totus
2370 2253 2624 2312 mundus.
2653 2257 2783 2327 Vel,
2829 2264 2966 2321 orbis
3003 2276 3183 2338 terrae,
3233 2237 3425 2335 s'ancta

1829 2329 2098 2392 Ecclesia.
2128 2338 2205 2395 Ac
2233 2341 2278 2397 si
2310 2342 2551 2416 diceret,
2594 2365 2696 2408 suo
2723 2367 2844 2411 eam
2886 2373 3008 2416 esse
3033 2369 3300 2436 sanguine
3331 2387 3420 2429 re-

1826 2421 2124 2496 demptam.

1898 2517 2176 2589 Numquid
2205 2529 2529 2588 manducabo
2548 2551 2730 2594 carnes
2758 2548 3061 2618 taurorum,
3091 2562 3180 2606 aut
3206 2560 3422 2630 sangui-

1825 2625 1942 2666 nem
1964 2613 2228 2672 hircorum
2249 2624 2475 2693 potabo?
2496 2627 2698 2687 Vetera
2718 2633 2805 2691 hic
2825 2641 3089 2699 sacriﬁcia
3112 2652 3421 2708 evacuanda

1824 2718 1950 2762 esse
1979 2707 2226 2769 declarat
2252 2730 2268 2772 :
2300 2715 2533 2790 ideoque
2558 2722 2610 2779 in
2638 2727 2884 2786 moribus
2905 2731 3065 2792 bonis
3089 2740 3417 2801 sacriﬁcium

1822 2799 2052 2869 requirit
2084 2820 2098 2857 :
2130 2804 2335 2864 dicens.

1893 2887 2120 2949 Immola
2147 2895 2260 2954 Deo
2299 2904 2616 2974 sacriﬁcium
2643 2910 2845 2983 laudis,
2879 2926 2929 2972 et
2964 2923 3123 2978 redde
3149 2925 3417 2987 Altissimo

1822 2993 1942 3038 vota
1982 2995 2092 3043 tua.
2133 2990 2247 3048 Hoc
2296 3004 2380 3051 est
2423 3000 2748 3060 sacriﬁcium
2784 3014 3123 3081 acceptabile
3153 3035 3166 3071 :
3199 3019 3305 3076 hoc
3333 3033 3416 3080 est

1821 3072 2205 3138 holocaustum
2249 3085 2448 3156 pingue
2483 3108 2496 3144 :
2531 3100 2590 3147 ut
2619 3094 2869 3156 laudetur
2906 3072 3050 3162 Deus
3087 3109 3156 3165 ab
3194 3109 3416 3174 homine

1819 3184 1982 3240 quem
2004 3177 2231 3246 creavit,
2256 3195 2419 3250 quem
2447 3185 2676 3244 redemit
2703 3208 2717 3246 :
2747 3193 2835 3249 cui
2867 3205 2921 3252 et
2943 3213 3167 3271 regnum
3191 3205 3416 3267 caeleste

1818 3265 2110 3332 promittit.
2137 3267 2234 3326 Vel
2274 3288 2378 3329 vox
2418 3279 2700 3350 prophetae
2740 3265 3280 3370 admonet'sanctos,
3314 3303 3414 3359 im-

1818 3354 2028 3415 molare
2059 3360 2435 3436 spiritualiter,
2467 3379 2523 3427 et
2550 3383 2675 3432 vota
2707 3377 2962 3451 reddere,
2996 3395 3057 3441 ut
3086 3389 3162 3444 ait
3193 3409 3207 3447 :
3237 3392 3294 3448 In
3326 3411 3416 3453 me

1815 3459 1958 3518 sunt,
1995 3452 2161 3524 Deus,
2195 3467 2317 3515 vota
2347 3468 2436 3518 tua
2462 3480 2477 3517 :
2503 3481 2622 3536 qua:
2653 3470 2879 3529 reddam
2911 3476 3257 3542 laudationes
3285 3487 3404 3548 tibi.

1883 3542 2084 3601 Int'oca
2111 3565 2191 3604 me
2217 3551 2271 3606 in
2296 3554 2382 3609 die
2413 3556 2764 3620 tribulationis
2803 3576 2922 3638 tum,
2954 3581 3060 3628 etc.
3091 3574 3409 3652 Tentamur,

1810 3641 1872 3690 ut
1917 3638 2209 3706 probemur
2251 3663 2264 3698 :
2305 3661 2725 3716 perseveremus
2754 3658 2808 3714 in
2839 3659 2966 3732 ﬁde,
3007 3665 3324 3731 invocemus
3353 3677 3408 3732 in

1811 3725 2166 3791 tribulatione
2206 3753 2219 3788 :
2257 3741 2667 3811 magniﬁcemus
2717 3764 2840 3808 eum
2885 3769 3008 3812 cum
3059 3759 3326 3821 fuerimus
3373 3783 3404 3824 a

1810 3821 2069 3890 periculis
2100 3825 2339 3888 liberati.

1878 3913 2150 3974 Peccatori
2174 3932 2346 3978 autem
2373 3925 2509 3982 dixit
2538 3928 2679 3987 Deus
2701 3949 2720 3989 :
2739 3952 2896 4007 quare
2927 3947 2984 3996 tu
3003 3960 3213 4002 enarras
3232 3953 3402 4023 justi-

1807 4007 1902 4062 tias
1931 4026 2088 4080 meas,
2123 4025 2174 4067 et
2201 4020 2423 4075 assumis
2451 4031 2808 4084 testamentum
2833 4048 3003 4089 meum
3024 4055 3116 4107 per
3143 4057 3200 4096 os
3221 4049 3404 4104 tuum?

1803 4099 2045 4159 Audiant
2083 4104 2202 4163 lucc
2251 4109 2509 4170 doctores
2555 4119 2636 4173 vel
2680 4122 2922 4195 episcopi
2972 4129 3340 4193 Ecclesiarum
3384 4159 3399 4198 :

1801 4198 1893 4268 qui
1922 4213 2144 4269 peccata
2189 4207 2515 4277 populorum
2556 4229 2802 4273 resecant
2842 4223 3212 4290 praedicando.
3247 4233 3401 4293 Unde

1804 4303 2030 4350 sanctus
2053 4293 2254 4353 Paulus
2279 4299 2409 4356 dicit
2442 4319 2455 4356 :
2487 4304 2754 4365 Manifesti
2785 4323 2914 4370 sunt
2944 4319 3035 4388 qui
3063 4337 3396 4399 praeceptum

1800 4380 2000 4440 Christi
2031 4402 2138 4444 non
2168 4391 2548 4452 sustinuerunt
2574 4397 2617 4471 (Ι
2654 4398 2789 4456 Tim.
2821 4403 2899 4477 v),
2931 4380 2985 4463 id
3014 4380 3117 4482 est,
3152 4380 3273 4475 nonr
3293 4422 3395 4480 im-

1801 4475 1950 4546 plent
1978 4477 2034 4534 in
2059 4496 2225 4552 opere
2251 4485 2394 4555 quod
2424 4489 2746 4558 praedicant.
2785 4475 2935 4556 unde
2971 4475 3233 4567 Dominus

2838 4590 2999 4651 facite
3039 4617 3052 4652 :
3097 4609 3394 4670 secundum

1798 4676 1964 4733 opera
1988 4680 2120 4721 vero
2148 4667 2363 4726 illorum
2395 4673 2562 4732 nolite
2585 4676 2768 4738 facere
2787 4683 2970 4752 (Matt.
2998 4696 3175 4768 χχιιι).

1866 4752 1947 4811 Tu
1987 4773 2105 4813 vero
2143 4759 2307 4817 odisti
2342 4765 2706 4839 disciplinam,
2747 4784 2794 4828 et
2829 4782 3098 4852 projecisti
3132 4808 3393 4854 sermones

1795 4868 1934 4909 meos
1975 4864 2277 4912 retrorsum.
2320 4859 2452 4928 Quae
2493 4866 2827 4934 prmdicabas
2867 4873 2922 4930 in
2961 4876 3237 4958 Ecclesia,
3281 4907 3392 4954 non
3457 4895 3476 4911 '

1793 4945 2139 5003 custodiebas
2163 4950 2216 5004 in
2243 4951 2374 5006 vita.

1866 5041 1929 5096 Si
1952 5041 2157 5098 videbas
2176 5045 2367 5114 furem,
2397 5051 2637 5108 currebas
2662 5072 2779 5113 cum
2799 5075 2880 5128 eo,
2901 5071 3089 5122 etcum
3132 5073 3386 5139 adulteris

1792 5135 2080 5207 portionem
2108 5148 2248 5193 tuam
2276 5143 2522 5211 ponebas.
2555 5146 2860 5209 Cucurristi
2889 5171 3011 5214 cum
3038 5162 3179 5234 iure,
3211 5177 3384 5240 parti-

1789 5227 2003 5297 cipatus
2031 5244 2092 5286 es
2117 5230 2401 5301 adultero,
2445 5238 2661 5308 quando
2691 5244 2808 5312 eis,
2848 5248 2932 5303 vel
2966 5249 3020 5306 in
3065 5227 3383 5325 adulatorii:

1789 5317 2077 5390 laudibus,
2131 5321 2217 5378 vel
2254 5323 2307 5378 in
2347 5333 2730 5388 consentaneis
2768 5335 3135 5408 voluptatibus
3180 5317 3386 5414 esiad-

1783 5411 2025 5484 junctus.
2063 5415 2219 5485 Quod
2253 5417 2392 5475 dixit
2428 5425 2711 5495 superius,
2746 5431 3054 5498 portionem
3096 5447 3242 5501 tuam
3283 5465 3382 5519 po-

1789 5505 1980 5576 nebas,
2005 5507 2057 5563 id
2083 5518 2196 5578 est,
2232 5511 2539 5581 portionem
2580 5532 2740 5587 quam
2783 5536 2905 5577 cum
2949 5524 3060 5586 Deo
3089 5540 3143 5589 et
3172 5505 3381 5611 angelis

1787 5599 1992 5659 habere
2013 5602 2301 5674 debueras,
2341 5621 2510 5676 ponas
2539 5613 2685 5672 illam
2713 5617 2767 5674 in
2791 5615 3033 5676 inferno.

1861 5693 1933 5751 Os
1953 5704 2100 5754 tuum
2120 5700 2400 5762 abundavit
2422 5707 2641 5778 malitia,
2657 5721 2703 5766 et
2725 5716 2908 5789 lingua
2930 5731 3018 5776 tua
3033 5728 3379 5786 concinnabat

1789 5787 1960 5846 dolos.
1997 5790 2094 5848 lllo
2125 5795 2267 5854 male
2296 5811 2490 5870 agente
2519 5820 2533 5858 :
2569 5814 2624 5862 tu
2655 5787 2908 5881 nequiter
2927 5829 2988 5873 ac
3019 5817 3210 5877 dolose
3236 5821 3378 5882 bene

2781 5903 2855 5971 31
