3944 6334
535 268 639 333 971
1310 262 1660 331 APPENDIX
1699 268 1793 328 AD
1829 264 2078 325 TOMUM
2117 262 2467 325 SEPTIMUM
2507 268 2565 326 S.
2606 270 3006 331 HIERONYMI.
3713 279 3794 336 979

2837 388 3155 449 PSALHUS
3191 390 3257 448 ι..

2241 497 2311 554 In
2338 500 2513 567 ﬁnem,
2558 500 2800 556 Psalmus
2828 499 3023 571 David,
3055 518 3175 556 cum
3203 504 3337 557 venit
3362 503 3433 557 ad
3455 518 3569 558 eum
3613 502 3791 560 Notium

2311 572 2566 646 praphsta
2603 573 2854 646 :quando
2884 573 3096 628 intravit
3136 573 3205 631 ad
3232 573 3495 630 Betsabee.
3537 573 3791 646 lstegquin-

2310 643 2667 713 quagesimus’
2708 644 2950 717 psalmus
2989 658 3176 700 vocem
3232 647 3477 702 continet
3519 643 3792 717 paenitentis

2308 727 2605 787 personae:
2638 714 2953 787 ostendens,
2985 723 3045 771 ut
3070 717 3161 787 qui
3189 717 3451 773 ceciderit
3487 714 3540 773 in
3570 718 3791 786 crimine,

2308 784 2620 841 conﬁtendo
2650 785 2788 841 mala
2818 802 2943 852 sua,
2983 784 3171 843 redeat
3194 788 3262 843 ad
3292 790 3548 845 salutem.

529 404 698 460 agere
717 387 1092 445 collaudabas.
1111 386 1233 454 Vel,
1258 387 1438 461 lingua
1459 397 1551 442 tua
1570 387 1910 442 concinnabat
1932 386 2135 453 dolum,
2165 377 2221 439 Α

534 479 591 537 id
616 489 729 544 est,
762 479 929 536 ludas
970 488 1160 534 contra
1191 477 1497 535 Christum.
1543 478 1618 535 Os
1643 493 1800 535 suum
1845 476 2137 534 abundavit

536 574 802 645 nequitia,
822 571 1040 643 quando
1061 571 1353 629 consilium
1380 571 1512 628 fecit
1536 587 1660 628 cum
1679 570 1903 637 iudicis,
1929 577 1988 627 ut
2009 585 2134 626 eum

533 664 945 736 crucifigerent.

606 757 807 815 Sedens
833 758 1107 814 adversum
1130 756 1348 829 fratrem
1371 765 1517 813 tuum
1542 757 1856 829 loquebaris,
1879 763 1928 812 et
1954 755 2134 811 adver-

529 869 619 908 sus
642 851 811 920 ﬁlium
846 852 1030 907 matris
1067 860 1167 907 tua:
1196 851 1422 923 ponebas
1449 849 1781 905 scandalum.
1806 847 1979 906 Filius
2002 846 2137 904 dici-

529 956 617 1005 tur
636 945 896 1003 Christus
930 944 1098 1015 :quia
1118 944 1190 1001 de
1215 958 1489 1018 synagoga
1519 943 1806 1015 processit.
1838 941 1936 997 Vel
1966 940 2134 997 ludas

519 1037 697 1095 frater
730 1036 944 1094 Domini
974 1035 1203 1104 dicitur,
1231 1046 1288 1092 ut
1316 1037 1395 1092 ait
1417 1036 1689 1108 propheta
1719 1054 1732 1091 :
1760 1033 2010 1091 Narrabo
2040 1048 2134 1089 no-

524 1144 654 1185 men
685 1137 837 1184 tuum
864 1127 1127 1184 fratribus
1155 1127 1295 1184 meis
1327 1126 1446 1200 (Ps.
1479 1127 1620 1199 XXI).
1648 1127 1744 1184 Vel
1768 1126 1931 1184 aliter
1959 1145 1972 1183 :
2003 1125 2132 1183 Fra-

527 1229 664 1284 tres,
696 1220 953 1277 fortiores
985 1221 1160 1277 sancti
1196 1238 1208 1275 :
1243 1219 1363 1286 ﬁlii,
1398 1220 1788 1293 simpliciores.
1819 1219 1974 1277 Unde
2000 1235 2128 1277 san-

523 1323 643 1372 ctus
665 1313 868 1370 Paulus
890 1313 1027 1369 dixit
1052 1332 1065 1367 :
1090 1313 1199 1370 Nos
1220 1313 1311 1385 qui
1334 1312 1609 1370 ﬁrmiores
1631 1329 1842 1381 sumus,
1867 1313 2131 1370 debemus

520 1408 853 1465 inﬁrmiores
893 1406 1096 1465 fratres
1125 1407 1405 1464 sustinere
1436 1408 1454 1479 (
1470 1407 1624 1463 Rom.
1658 1406 1774 1482 xv).
1801 1408 2005 1465 Sedens
2029 1409 2130 1462 ad-

518 1518 699 1558 versus
736 1502 953 1573 fratrem
981 1511 1127 1555 tuum
1159 1499 1450 1573 loquebaris
1477 1517 1496 1555 :
1525 1502 1615 1571 qui
1647 1501 1742 1556 tibi
1770 1500 1826 1555 in
1855 1502 2128 1571 baptismo

519 1605 606 1653 est
639 1604 888 1652 renatus.
930 1595 996 1650 Et
1043 1595 1292 1650 adversus
1332 1596 1500 1665 ﬁlium
1544 1596 1727 1651 matris
1765 1605 1868 1650 tute
1904 1594 2114 1665 ponebat

2233 1583 2342 1629 nat.
2373 1574 2546 1646 Major
2584 1577 2960 1635 misericordia
2992 1579 3193 1636 dicitur
3228 1597 3241 1634 :
3271 1582 3487 1651 quando
3519 1581 3683 1650 ipsum
3715 1582 3788 1633 Im.

520 1689 833 1747 scandalum
861 1706 878 1741 :
907 1704 1068 1760 quem
1102 1688 1344 1745 Ecclesia
1377 1688 1469 1745 Dei
1503 1688 1644 1744 sicut
1671 1688 1906 1761 teipsum
1939 1703 2037 1759 per
2067 1688 2127 1741 ﬁ-
2231 1665 2430 1761 minem
2454 1682 2614 1738 quem
2639 1668 2869 1738 creavit,
2895 1669 2949 1726 in
2975 1670 3156 1727 futuro
3179 1681 3514 1728 remunerat.
3549 1671 3612 1726 Et
3639 1690 3786 1729 secun-

518 1781 643 1839 dem
692 1757 940 1838 exh-dm“
976 1779 1218 1837 Christo.
1273 1780 1400 1836 Hm
1445 1781 1635 1851 rea-8“,
1682 1790 1728 1835 et
1751 1757 1951 1836 ’ωσπερ
1989 1780 2124 1849 Quia
2158 1772 2204 1833 Β
2230 1757 2355 1851 dum
2386 1761 2767 1818 multitudinem
2794 1766 3191 1821 miserationum
3221 1775 3456 1833 tuarum,
3486 1775 3588 1824 etc.
3622 1765 3787 1823 Confu-

519 1875 890 1933 cxaminauda
906 1890 968 1930 ea
991 1872 1047 1930 in
1074 1873 1258 1930 futuro
1277 1873 1489 1944 judicio
1519 1875 1819 1929 reservavi.
1850 1872 1916 1927 Et
1944 1875 2114 1928 tacui.

2233 1848 2315 1920 gio
2361 1850 2427 1905 ad
2472 1850 2851 1910 miserationes
2903 1863 3042 1921 tuas,
3094 1865 3153 1911 ut
3197 1858 3455 1928 gravibus
3500 1858 3784 1915 vulneribus

524 1970 649 2042 quia
681 1985 789 2027 non
813 1968 999 2024 statim
1028 1965 1322 2033 vindicavi,
1347 1968 1442 2024 sed
1467 1967 1722 2024 sustinui.
2230 1946 2530 2004 theriacam
2555 1949 3186 2011 retnissionisinfundas.
3209 1952 3630 2023 Hiscrationunt,
3647 1955 3783 2013 dicit:

598 2062 955 2129 Existimasti,
998 2063 1189 2132 inique,
1217 2061 1357 2134 quod
1389 2078 1476 2117 ero
1502 2062 1577 2117 tui
1606 2062 1818 2117 similis.
1847 2062 1984 2117 Dum
2016 2076 2114 2117 non

2233 2037 2348 2110 quia
2380 2043 2547 2096 multa
2580 2053 2704 2097 sunt
2736 2053 2953 2112 peccata
3003 2059 3149 2112 mea,
3181 2054 3236 2101 et
3283 2046 3659 2103 miserationes
3701 2057 3783 2103 tua

519 2156 737 2213 vindico
766 2156 818 2212 in
849 2156 1109 2228 pratsenti
1141 2173 1154 2210 :
1187 2153 1489 2211 arbitratus
1522 2168 1583 2211 es
1612 2170 1677 2212 ea
1707 2155 1838 2210 mihi
1880 2156 2114 2225 placere.

2233 2129 2407 2188 multa:
2430 2130 2545 2205 (Ps.
2582 2134 2793 2208 uvm).
2821 2134 2977 2191 Unde
3004 2136 3135 2194 dicit
3156 2144 3423 2211 pmpheta
3447 2140 3498 2196 in
3522 2140 3630 2195 alio
3653 2140 3781 2196 loco:

519 2250 660 2306 sicut
702 2249 796 2305 tibi
841 2224 1058 2320 placent
1097 2258 1191 2304 tua
1233 2248 1376 2305 mala
1420 2256 1476 2303 et
1497 2247 1755 2305 aliorum.
1791 2248 2114 2322 Arguamte.

2233 2224 2605 2284 Miserationes
2629 2237 2733 2284 tua:
2766 2231 2951 2286 multae
2980 2241 3126 2301 sunt,
3155 2232 3402 2290 Domine.

512 2342 648 2400 Cum
679 2344 732 2399 in
772 2342 992 2399 sinistra
1024 2350 1177 2413 parte
1204 2341 1354 2398 sedis
1383 2341 1551 2398 fueris
1580 2321 1916 2407 collocatus,
1947 2342 2003 2397 in
2036 2341 2112 2398 fu-

2293 2321 2530 2391 Amplius
2562 2323 2675 2377 lara
2706 2341 2784 2378 me
2811 2324 2873 2381 ab
2897 2325 3164 2397 iniquitate
3192 2344 3325 2396 mea,
3349 2339 3396 2383 et
3424 2345 3458 2383 a
3485 2340 3678 2402 peccato
3692 2346 3781 2385 tneo

514 2447 638 2493 turo
660 2434 887 2507 judicio.
932 2434 998 2488 Et
1035 2442 1264 2490 statuam
1302 2434 1399 2488 illa
1426 2441 1611 2488 contra
1638 2434 1824 2505 faciem
1853 2444 2017 2488 tuam.
2050 2434 2114 2489 Ut

2233 2413 2415 2468 mmtla
2464 2432 2561 2470 me.
2598 2415 2807 2487 Expeto
2857 2425 2914 2474 ut
2942 2418 3139 2476 abluas
3190 2421 3340 2478 fonte
3381 2421 3777 2480 misericordia:

516 2532 603 2587 his
634 2506 895 2587 c’onfusus
924 2529 1215 2586 damneris
1246 2531 1299 2584 in
1330 2537 1508 2587 mone
1545 2538 1841 2600 porpema’
1870 2530 1973 2585 hoc
2001 2540 2079 2586 εει
2100 2573 2114 2597 ,
2219 2506 2343 2578 quia
2379 2523 2487 2563 non
2520 2508 2602 2564 vis
2634 2509 2687 2564 in
2716 2522 2979 2567 aeternum
3009 2514 3214 2583 peccati
3237 2515 3465 2571 vulnera
3490 2532 3777 2573 reservare:

517 2639 615 2693 per
660 2621 752 2678 illa
793 2621 1049 2681 mandata
1079 2636 1202 2692 quae
1244 2637 1356 2678 non
1395 2620 1682 2679 custodiSti
1709 2640 1723 2677 :
1752 2622 1836 2678 vel
1867 2630 1959 2677 tua
1991 2636 2119 2692 pec-
2219 2600 2298 2657 Αε
2329 2601 2372 2656 Si
2400 2603 2546 2657 die“
2571 2622 2582 2657 ε
2604 2604 2683 2660 Τιι
2710 2617 2865 2677 Doms
2896 2604 3013 2676 Plus
3041 2606 3174 2665 mihi
3200 2611 3506 2679 ΐθωίιιθτθν
3526 2625 3675 2683 quam
3698 2624 3781 2681 98°

513 2722 657 2782 cata,
687 2724 744 2771 et
771 2714 1039 2785 aliorum,
1063 2729 1185 2785 quae
1211 2724 1339 2786 post
1380 2723 1435 2771 te
1479 2713 1788 2783 reliquisti,
1825 2724 1885 2769 ut
1930 2713 2065 2769 illud
2098 2732 2113 2768 :

2240 2695 2515 2767 ntelligam
2546 2712 2764 2766 rogare.

508 2806 649 2875 Quia
677 2808 721 2861 si
755 2822 862 2862 non
894 2806 1317 2862 annuntiaveris
1347 2806 1535 2877 iniquo
1563 2807 1907 2877 iniquitatem
1934 2822 2112 2870 suam,

2292 2786 2549 2855 Quoniam
2584 2788 2909 2857 iniquitatem
2950 2809 3113 2847 meam
3141 2808 3234 2865 ego
3264 2810 3537 2865 cognosco.
3566 2797 3692 2851 Ante
3716 2793 3778 2849 la-

510 2898 830 2968 sanguiuem
856 2898 978 2969 eius
1011 2898 1078 2953 de
1104 2912 1265 2953 manu
1308 2905 1397 2952 tua
1439 2876 1714 2966 “quin”,
1757 2894 1977 2969 (Each.
2008 2896 2109 2961 ιη),
2214 2876 2355 2933 ciem
2382 2879 2527 2935 enim
2561 2897 2739 2937 meam
2758 2899 2875 2940 eam
2896 2899 3060 2954 pono.
3084 2886 3140 2942 Si
3172 2895 3230 2942 tu
3253 2888 3572 2958 pronuntias
3600 2890 3648 2943 in
3669 2904 3772 2943 con-

512 2988 734 3046 Utinam
758 3004 859 3045 nos
888 2989 944 3044 in
976 2987 1080 3044 hoc
1108 2988 1313 3044 sacculo
1341 3002 1671 3058 poneremus
1699 2996 1826 3043 ante
1857 3002 1956 3042 nos
1987 3003 2113 3057 pec-

2233 2972 2455 3030 cssione
2482 2982 2570 3029 tua
2601 2986 2849 3047 peccata,
2873 2978 3019 3034 Deus
3046 2980 3291 3049 ignoscet
3312 2982 3428 3036 tibi.
3452 2980 3520 3035 Et
3545 2990 3776 3054 peccatum

511 3091 633 3138 cata
658 3091 839 3137 nostra
866 3099 878 3133 :
908 3090 969 3137 et
992 3095 1099 3136 non
1132 3080 1278 3136 Dens
1301 3096 1363 3135 ea
1391 3079 1442 3134 in
1462 3079 1667 3150 judicio
1695 3087 1964 3135 statueret
1984 3089 2112 3135 ante
2151 3146 2182 3150 _
2214 3083 2381 3123 meum
2412 3079 2592 3124 εοηινα
2622 3087 2700 3125 me
2731 3081 2805 3126 est
2835 3088 3056 3143 semper.
3089 3073 3224 3141 Quia
3256 3090 3376 3129 mea
3398 3086 3609 3144 peccata
3636 3090 3661 3127 a
3688 3084 3773 3127 tua:

520 3171 715 3229 faciem
748 3183 994 3228 ηοειηιη
1027 3191 1037 3229 ε
1074 3172 1163 3228 ubi
1203 3171 1316 3241 iam
1359 3146 1477 3228 ηοιί
1506 3170 1811 3241 “Susago.
1845 3170 1940 3227 sed
1968 3171 2113 3241 iud]-
2137 3146 2184 3212 C
2216 3159 2474 3218 bonitatis
2503 3163 2708 3219 divitiis
2753 3176 3030 3238 separant.
3073 3165 3206 3231 Quia
3259 3182 3366 3224 non
3401 3168 3549 3225 trado
3575 3166 3690 3223 illud
3728 3165 3771 3221 in

518 3270 662 3325 cium
693 3268 888 3324 mortis
916 3266 1145 3323 accedit.
2219 3253 2570 3321 oblivionem,
2605 3274 2850 3327 prepono
2874 3259 3007 3315 illud
3030 3276 3249 3332 semper
3271 3272 3403 3317 ante
3430 3262 3606 3321 oculos
3626 3274 3768 3316 meus.

586 3359 871 3432 lntelligitc
907 3374 1042 3413 nunc
1097 3358 1205 3414 lucc
1248 3358 1337 3424 qui
1368 3357 1730 3415 obliviscintini
1777 3358 1962 3413 Deum.
1997 3358 2114 3416 Vox
2217 3346 2351 3414 Quia
2381 3347 2426 3403 Si
2466 3357 2520 3404 ίυ
2551 3352 2708 3421 Ροθίε
2741 3350 2872 3406 mild
2900 3360 3028 3409 ante
3056 3360 3108 3408 ιθ
3140 3369 3154 3409 ε
3191 3354 3333 3411 Deus
3361 3353 3490 3409 “10d
3522 3368 3625 3413 non
3648 3351 3773 3424 lmnu

517 3453 803 3524 propheta:
832 3453 1091 3509 admonet
1118 3466 1582 3522 unumquemque,
1608 3462 1666 3507 ut
1694 3468 1798 3507 non
1824 3463 1988 3523 ponat
2008 3452 2114 3508 Do.
2216 3449 2343 3496 ante
2367 3456 2446 3497 se.

521 3547 727 3602 minum
755 3547 808 3601 in
838 3545 1140 3617 oblivione,
1175 3560 1276 3601 nec
1306 3561 1402 3600 sua
1433 3544 1684 3601 mandata
1725 3544 1868 3618 (Job.
1900 3546 1982 3614 ιι).
2028 3545 2113 3601 Ne

2291 3536 2402 3591 Tibi
2430 3539 2527 3593 soli
2551 3542 2781 3611 peccari,
2809 3550 2860 3595 et
2880 3543 3079 3599 malum
3104 3559 3276 3601 coram
3304 3554 3352 3598 te
3372 3545 3489 3615 feci.
3516 3543 3627 3601 Tibi
3651 3542 3771 3597 enim

513 3637 722 3709 quando
740 3636 937 3717 rapiat,
952 3646 1001 3691 et
1026 3652 1130 3691 non
1160 3637 1225 3690 sit
1250 3638 1340 3706 qui
1359 3636 1568 3708 eripiat.
1588 3636 1670 3692 Ne
1692 3638 1897 3708 quando
1920 3639 2111 3711 rapiat,
2215 3629 2485 3702 delinquit
2507 3632 2743 3705 quisque
2760 3649 2881 3689 cum
2908 3636 3217 3706 peccaverit
3245 3655 3261 3692 :
3288 3638 3414 3707 quia
3437 3650 3490 3693 tu
3512 3637 3650 3693 solus
3671 3636 3775 3689 sine

517 3731 584 3786 ad
618 3740 846 3786 mortem
881 3730 968 3787 vel
1000 3731 1064 3785 ad
1094 3729 1449 3801 diemjudicii
1482 3749 1495 3784 :
1530 3731 1671 3787 unde
1699 3731 1835 3788 dixit
1866 3751 1879 3786 :
1912 3735 1976 3788 Et
2004 3751 2111 3790 non
2217 3733 2441 3791 PeCCNO
2473 3738 2533 3780 es
2564 3742 2576 3778 ι
2606 3724 2823 3782 dicetne
2853 3728 3146 3797 Αροειοιοε
3177 3729 3270 3783 ES!
3302 3728 3448 3785 Deus
3475 3744 3647 3793 Verax,
3674 3742 3774 3782 0m-

514 3833 600 3879 est
639 3826 729 3894 qui
762 3823 829 3879 de
873 3838 1035 3878 manu
1069 3832 1155 3877 tua
1190 3822 1367 3891 possit
1409 3838 1626 3879 eruere.
1662 3823 1755 3879 Vel
1789 3825 1927 3894 rupit
1968 3824 2062 3881 illc
2094 3843 2109 3881 :
2216 3815 2297 3871 "is
2321 3827 2500 3873 amem
2530 3817 2695 3874 llOUtO
2717 3820 2951 3876 menda!
2977 3820 3155 3892 (liam.
3188 3821 3294 3893 Ill).
3322 3822 3424 3879 Vel
3445 3822 3570 3880 dicit
3592 3819 3769 3876 υἱινὶδὲ

511 3919 614 3976 hoc
646 3929 766 3989 est,
809 3920 860 3974 in
906 3931 1138 3975 mortem
1178 3918 1487 3989 praecipitat
1518 3917 1906 3976 obliviscentes
1945 3934 2027 3986 sc,
2058 3928 2110 3975 et

2233 3910 2329 3981 Ego
2372 3911 2624 3983 peccavi,
2671 3924 2725 3970 et
2775 3923 2832 3968 tu
2886 3915 3036 3972 solus
3085 3916 3201 3971 sine
3250 3925 3477 3987 peccato
3523 3930 3614 3981 es,
3655 3914 3775 3970 sicut

512 4028 676 4070 nemo
701 4012 913 4083 eripere
944 4022 1128 4084 poteSt
1156 4033 1169 4070 :
2213 4003 2343 4061 dicit
2372 4006 2538 4062 Isaias
2570 4023 2584 4061 :
2612 4006 2715 4077 Qui
2746 4018 3030 4078 peccatum
3069 4025 3174 4064 non
3214 4007 3345 4065 fecit
3376 4027 3390 4071 ;
3426 4024 3526 4066 nec
3554 4010 3775 4064 inventus

582 4106 917 4177 Sacriﬁcium
948 4108 1120 4162 laudis
1155 4106 1521 4177 honoriﬁcabit
1553 4124 1651 4162 me.
1686 4108 1824 4174 Quia
1854 4108 1921 4162 de
1961 4108 2109 4163 omni
2212 4106 2298 4153 εει
2324 4099 2377 4153 in
2410 4114 2507 4154 Ore
2533 4100 2651 4170 eius
2682 4100 2838 4155 dOINS
2864 4099 3003 4169 (Ῑδαι
3037 4102 3176 4165 Ulli.
3219 4102 3315 4159 Vel
3349 4103 3486 4160 illud
3514 4121 3527 4157 τ
3554 4102 3674 4171 Quis
3699 4116 3773 4154 δι’·

515 4200 659 4256 bono
700 4200 845 4271 quod
896 4201 1073 4257 sancti
1112 4200 1346 4269 faciunt,
1395 4202 1539 4258 Deus
1585 4202 1907 4257 honoratur.
1954 4201 2111 4258 Unde
2210 4199 2337 4259 8'“?l
2374 4205 2462 4247 me
2493 4191 2562 4247 de
2588 4200 2814 4264 Ρθεεπίο
2839 4192 3021 4264 (λοαηι
3056 4194 3208 4264 "1")?
3241 4196 3304 4250 Ει
3334 4195 3465 4253 item
3489 4196 3614 4253 dicit
3642 4211 3656 4248 :
3684 4191 3770 4246 Vc-

515 4290 652 4347 dixit
688 4290 891 4349 Paulus
926 4312 937 4348 :
972 4292 1164 4349 Omnia
1211 4309 1569 4364 quaecumque
1616 4294 1791 4350 facitis
1838 4294 1893 4349 in
1937 4295 2107 4350 verbo
2212 4284 2284 4337 ηῖι
2311 4284 2563 4355 Princeps
2583 4286 2766 4341 mundi
2796 4285 2978 4359 huius:
3007 4296 3062 4345 ει
3090 4288 3141 4343 Ῐη
3169 4304 3257 4345 mc
3276 4305 3386 4345 ηοη
3411 4289 3610 4346 lmen“
3633 4285 3775 4360 (μήδ’

517 4394 613 4440 aut
639 4386 692 4440 in
720 4401 887 4455 opere
913 4405 925 4441 :
950 4387 1127 4443 omnia
1161 4388 1213 4442 iu
1240 4388 1471 4459 gloriam
1496 4388 1591 4443 Dei
1618 4387 1780 4444 facite
1807 4388 1851 4461 (1
1877 4388 1998 4443 Cor.
2025 4390 2104 4461 κ),

2233 4394 2372 4446 piam
2404 4378 2587 4449 (Joan.
2634 4380 2771 4449 le).
2807 4381 2874 4437 Ut
2894 4383 3205 4456 justiﬁceris
3250 4385 3304 4441 in
3328 4385 3641 4441 semtonibus
3667 4382 3770 4445 tuis,

520 4489 577 4533 ut
608 4488 662 4534 et
693 4479 745 4533 in
781 4478 1080 4549 Evangelio
1115 4497 1127 4532 :
1162 4479 1231 4536 Ut
1268 4479 1489 4535 videant
1518 4488 1699 4535 vestra
1728 4495 1890 4550 opera
1928 4480 2100 4548 bona,
2135 4542 2178 4550 _
2212 4477 2258 4521 et
2313 4472 2485 4526 vincas
2523 4488 2641 4528 cum
2668 4474 2951 4544 judicaris.
2998 4474 3133 4547 Quia
3166 4484 3221 4532 tu
3271 4487 3485 4535 rectum
3533 4478 3771 4549 judicium

517 4580 572 4627 et
620 4570 924 4642 gloriﬁcent
981 4572 1195 4628 Patrem
1250 4581 1524 4635 vestrum,
1560 4572 1648 4641 qui
1694 4581 1776 4628 est
1840 4573 1892 4627 in
1950 4572 2106 4629 cmlis

2235 4562 2442 4617 udicas.
2492 4563 2720 4636 Propter
2765 4582 2862 4622 nos
2920 4578 3359 4640 transgressores
3388 4582 3447 4628 et
3492 4580 3772 4642 peccatores

2313 921 2563 980 Miserere
2590 928 2711 995 mei,
2764 921 2923 991 Deus,
2953 929 3236 984 secundum
3264 947 3509 1004 magnam
3536 932 3791 989 miseticor-

2236 1014 2377 1071 diam
2402 1026 2561 1073 tuam.
2586 1017 2864 1076 Conﬁteor
2893 1019 3214 1078 immensam
3238 1021 3513 1080 miseriam
3537 1040 3555 1077 ι
3584 1023 3697 1080 ideo
3715 1040 3790 1096 pe-

2238 1122 2293 1167 to
2324 1126 2572 1183 magnam
2602 1111 3058 1170 misericordiam.
3081 1114 3215 1183 Quia
3242 1115 3332 1187 qni
3360 1129 3422 1173 se
3447 1116 3693 1173 miserum
3716 1134 3792 1186 pu-

2236 1214 2313 1261 tat
2338 1220 2457 1262 esse
2488 1205 2556 1264 dc
2597 1206 2710 1265 suis
2741 1209 2979 1279 peccatis
3012 1227 3022 1263 :
3058 1224 3180 1266 cum
3213 1209 3308 1266 illo
3340 1209 3468 1266 facit
3494 1209 3632 1267 Deus
3661 1211 3794 1268 mise-

2234 1299 2527 1356 ricordiam
2554 1316 2824 1373 magnam.
2855 1301 2989 1371 Quia
3019 1300 3197 1359 minor
3226 1303 3601 1360 misericordia
3629 1313 3703 1360 est
3724 1303 3793 1362 hic

2234 1390 2287 1445 in
2325 1391 2602 1461 praesenti,
2638 1393 2739 1451 hoc
2776 1404 2881 1461 est,
2913 1394 3038 1465 quia
3084 1394 3249 1450 homo
3277 1410 3401 1451 cum
3433 1412 3539 1452 non
3566 1406 3716 1461 esset,
3739 1413 3790 1451 ex

2232 1480 2405 1537 nihilo
2430 1485 2636 1539 creavit
2660 1485 2809 1540 illum
2842 1486 2986 1542 Deus
3013 1496 3070 1541 ut
3099 1495 3267 1556 esset,
3292 1496 3347 1543 et
3375 1490 3533 1560 regit,
3557 1498 3608 1544 et
3626 1489 3790 1560 guber-

523 4664 703 4738 (Matt.
738 4678 816 4737 ν).
847 4666 927 4722 Ob
957 4666 1059 4721 hoc
1103 4681 1189 4722 me
1220 4666 1456 4722 honorat
1493 4667 1584 4722 ille
1626 4683 1807 4723 coram
1847 4668 2055 4738 angelis
2086 4687 2100 4725 :

514 4760 639 4827 quia
665 4774 767 4830 ego
807 4774 930 4814 eum
960 4759 1317 4815 honoriﬁcavi
1346 4776 1533 4816 coram
1577 4760 1893 4818 hominibus
1936 4762 1989 4817 iu
2018 4776 2103 4818 sa-

519 4851 742 4909 criﬁciis
768 4851 974 4918 laudis;
1020 4852 1373 4925 implevitque
1401 4853 1544 4925 quod
1587 4856 1639 4910 in
1686 4854 1991 4925 Evangeliis
2022 4863 2105 4910 est

516 4943 734 5001 locutus
764 4964 776 4998 :
809 4944 913 5013 Qui
942 4960 1028 5001 me
1056 4948 1337 5002 confessus
1366 4946 1529 5003 fuerit
1548 4964 1733 5005 coram
1762 4947 2097 5015 hominibus,

513 5049 614 5108 ego
662 5052 786 5091 eum
826 5036 1131 5093 conﬁtebor
1184 5053 1366 5094 coram
1416 5040 1574 5094 Patre
1621 5056 1742 5096 meo
1788 5050 1841 5096 ct
1892 5040 2099 5110 angelis

513 5128 630 5199 ejus
663 5127 818 5201 (Luc.
847 5128 967 5204 xu).
993 5128 1061 5185 Et
1088 5130 1200 5186 illic
1226 5133 1321 5188 iter
1343 5144 1438 5188 est.
1461 5131 1662 5189 Christi
1692 5136 1793 5191 iter
1814 5149 1911 5204 per
1933 5148 2098 5203 opera

511 5220 834 5278 Sanctorum
862 5232 966 5278 est.
994 5221 1063 5277 In
1088 5240 1187 5292 quo
1208 5227 1475 5283 ostendam
1498 5226 1575 5283 illi
1598 5227 1830 5282 salutare
1852 5225 1969 5282 Dei.
1995 5225 2096 5282 Sa-

513 5315 704 5371 lutaris
723 5315 823 5373 Dei
842 5317 1039 5381 Patris,
1063 5316 1234 5374 Filius
1256 5329 1359 5376 est.
1390 5319 1446 5376 ln
1473 5319 1576 5375 hac
1596 5319 1869 5377 sacriﬁcio
1897 5319 2097 5378 iudicat

514 5406 679 5474 viam,
710 5425 830 5481 quae
861 5408 1010 5465 ducit
1039 5410 1107 5466 ad
1140 5411 1328 5477 vitam,
1354 5411 1407 5466 id
1436 5422 1541 5479 εει,
1567 5413 1635 5469 ad
1664 5412 1963 5489 Christum.
1993 5414 2096 5484 Qui

508 5501 668 5557 nobis
690 5512 952 5571 praestare
976 5501 1252 5571 dignetur,
1280 5512 1337 5559 ut
1360 5503 1584 5561 discreti
1607 5522 1638 5562 a
1664 5506 1854 5575 paleis,
1886 5508 2097 5580 impleti

503 5593 681 5650 fructu
713 5594 1160 5653 sanctiﬁcationis
1188 5596 1483 5654 offeramus
1520 5599 1572 5653 ei
1614 5600 1940 5657 sacriﬁcium
1980 5602 2095 5657 lau-

506 5687 614 5752 dis,
644 5698 701 5743 ut
732 5686 850 5759 ipso
884 5687 1249 5756 illuminante,
1282 5689 1587 5762 intelligere
1621 5706 1929 5750 mereamur
1949 5693 2092 5749 viam

509 5788 707 5837 nostrai
733 5778 941 5837 salutis.
967 5781 1161 5837 Amen.

2216 4653 2306 4706 ille
2346 4653 2445 4709 fuit
2473 4656 2765 4726 judicatus,
2805 4670 2858 4713 et
2902 4660 3215 4717 damnatus.
3259 4661 3417 4721 Unde
3443 4664 3636 4721 dictum
3659 4670 3765 4718 est:

2210 4742 2398 4802 Justus
2430 4750 2499 4806 ab
2524 4749 2724 4820 iniquis
2752 4752 3027 4822 judicatus
3048 4765 3151 4811 est.
3177 4755 3285 4813 Sed
3311 4756 3405 4812 ille
3432 4757 3485 4813 iu
3514 4758 3678 4814 futuro
3692 4754 3768 4824 ju-

2209 4840 2350 4896 dicio
2380 4844 2485 4898 erit
2528 4843 2665 4899 alios
2690 4844 3035 4916 judicaturus
3065 4857 3120 4905 et
3162 4851 3639 4908 condemnaturus.
3667 4849 3769 4907 ius.

2209 4934 2444 4992 tiﬁcatus
2477 4953 2560 5008 es,
2590 4939 2827 4998 Domine
2854 4941 3007 5011 Jesu,
3042 4944 3093 4999 in
3124 4947 3472 5003 sermonibus
3498 4947 3604 5002 tuis
3629 4958 3765 5000 :cutn

2209 5028 2404 5085 ductus
2431 5045 2528 5098 pro
2566 5033 2753 5102 p0puli
2779 5036 3023 5106 peccatis
3060 5037 3125 5092 ad
3162 5047 3420 5110 mortem,
3455 5056 3563 5096 non
3582 5048 3655 5092 cst
3691 5037 3766 5091 lno

2207 5130 2404 5177 ventus
2434 5122 2594 5179 dolus
2628 5125 2682 5182 in
2718 5142 2816 5184 ore
2840 5139 2952 5184 tuo.
2990 5128 3179 5187 Vicisti
3219 5130 3498 5202 judicatus
3526 5150 3541 5188 :
3568 5146 3676 5187 cum
3719 5128 3764 5180 in

2207 5221 2259 5271 te
2289 5215 2419 5272 nihil
2448 5218 2671 5290 dignum
2702 5232 2875 5281 morte
2899 5224 3151 5297 princeps
3184 5227 3532 5285 tenebrarum
3562 5223 3763 5281 invenit.

2205 5304 2556 5366 Consuetudo
2585 5313 2861 5384 prophetae
2886 5326 2992 5383 est,
3018 5327 3073 5375 ιιι
3091 5328 3207 5372 acta
3230 5333 3333 5389 pro
3352 5302 3573 5391 agendis
3600 5319 3765 5386 loqur

2206 5413 2315 5460 tur.

2277 5498 2410 5557 Ecce
2429 5501 2564 5557 enim
2593 5501 2645 5556 in
2669 5501 3032 5574 iniquitatibus
3057 5516 3338 5578 conceptus
3366 5525 3498 5574 sum,
3522 5517 3569 5562 et
3588 5506 3636 5559 in
3655 5517 3767 5576 ρίου

2204 5600 2331 5653 ratis
2354 5602 2586 5673 concepit
2612 5618 2689 5655 me
2712 5612 2878 5656 mater
2905 5620 3037 5657 mea.
3064 5603 3162 5659 Hic
3183 5605 3482 5665 versiculus
3506 5604 3659 5661 totius
3676 5614 3761 5671 30‘

2205 5692 2351 5747 neris
2393 5692 2611 5749 humani
2652 5708 2837 5749 casum
2878 5697 3124 5765 exponit,
3165 5697 3310 5755 sicut
3339 5699 3391 5755 in
3429 5697 3524 5757 Job
3551 5710 3565 5751 :
3590 5693 3697 5751 Nec
3721 5690 3762 5743 si

2203 5784 2359 5840 unius
2392 5782 2498 5842 diei
2543 5785 2614 5841 sit
2643 5800 2813 5858 super
2850 5797 3071 5858 terram,
3107 5798 3295 5862 potest
3336 5806 3453 5850 esse
3491 5786 3707 5847 mundus
3730 5796 3759 5839 ι
