3944 6334
212 277 303 343 οτδ

1145 273 1574 341 BBEVIARIUII
1606 271 1677 339 ιη
1713 267 2049 339 ΡΒΑιΜΟΞ.
2090 273 2338 339 PSALM.
2378 277 2438 339 ι..

3343 289 3448 351 971,

209 400 347 456 sunt,
365 390 1754 467 peccati(Job.“etxxv),comipimumemetms-
1780 383 2098 463 Aspiritum
2143 400 2373 460 rectum,
2402 394 2467 450 ad
2516 394 2803 453 videndum
2855 406 2910 455 et
2954 398 3374 460 discernendum
3432 424 3445 458 :

208 494 381 550 citurin
403 488 639 560 originali
656 494 900 558 peccato,
922 487 1067 558 quod
1087 503 1154 545 ex
1173 486 1346 546 Adam
1374 490 1628 553 trahitur.
1659 491 1753 545 sed

204 587 440 657 baptismo
464 596 557 654 per
575 581 801 652 gratiam
828 580 1028 637 Christi
1058 582 1400 651 puriﬁcatnr.
1436 583 1557 648 Vel,
1587 594 1643 638 at
1664 586 1755 655 ju-

205 678 409 751 stiﬁcrris
436 676 487 729 in
504 674 829 731 sermonibus
858 677 986 739 tuis,
1016 684 1063 729 et
1093 675 1268 731 vincas
1311 692 1426 730 cum
1465 675 1751 746 judicaris.

205 772 338 828 lluuc
358 770 525 823 locum
544 765 864 835 diligentius
889 765 945 821 in
970 766 1210 835 Epistula
1232 765 1300 822 ad
1326 767 1599 823 Romanos
1621 766 1757 823 Pau-

205 866 278 921 lus
301 860 533 919 edisserit
561 877 576 914 :
609 859 751 929 quod
782 859 927 916 Dens
946 873 1068 916 cum
1100 861 1271 931 possit
1289 859 1361 918 de
1380 860 1535 916 nobis
1556 859 1757 930 judicia

205 954 490 1012 auctoritate
516 952 853 1015 discernere.
882 967 990 1009 non
1023 952 1126 1010 hoc
1165 952 1316 1017 facit,
1346 954 1442 1011 sed
1473 954 1756 1017 nobiscum

205 1049 301 1105 volt
321 1046 564 1118 iudicari,
603 1054 661 1101 ut
705 1048 877 1116 magis
913 1046 1126 1117 justitia
1164 1058 1420 1118 appareat
1463 1047 1757 1117 indicantis

204 1143 358 1217 (Rari.
381 1148 481 1209 In).
514 1139 578 1195 In
598 1142 821 1213 peccatis
842 1143 1075 1208 concepit
1101 1155 1184 1196 nte
1202 1152 1370 1197 mater
1390 1158 1525 1197 mea.
1549 1140 1760 1200 Obscu-

205 1250 284 1294 rus
307 1235 452 1290 locus
477 1240 533 1291 et
560 1233 725 1288 altius
747 1234 1148 1290 retractandus.

263 1328 380 1384 Ecce
406 1327 540 1382 cuius
570 1328 836 1382 ueritatem
860 1328 1111 1383 dilexisti.
1146 1329 1280 1384 Cum
1308 1345 1404 1399 per
1436 1329 1757 1399 prophetam

203 1431 480 1493 peccantem
514 1421 772 1478 famulum
812 1422 1132 1494 increpssti,
1165 1425 1455 1480 veritatem
1490 1424 1757 1480 dilexisti.

205 1515 390 1571 Veritas
406 1514 659 1571 Christus
679 1524 765 1571 est
787 1532 802 1571 ε
830 1515 955 1584 quia
972 1514 1138 1571 Pater
1162 1515 1338 1585 diligit
1353 1516 1551 1572 Filium
1578 1530 1755 1584 suum,

201 1608 273 1664 vel
294 1607 454 1677 diligit
478 1606 881 1663 confessionem
905 1623 972 1663 ex
1000 1622 1099 1663 ore
1125 1609 1450 1677 peccatoris.
1478 1607 1690 1665 Incerta
1714 1619 1759 1663 rt

205 1701 376 1756 scruta
400 1699 663 1769 sapientius
689 1709 790 1755 tua:
810 1700 1155 1770 manifestasti
1183 1700 1331 1755 mitti.
1354 1700 1466 1756 Hoc
1493 1709 1599 1766 est,
1618 1700 1758 1772 quod

1858 482 1995 539 sicut
2026 494 2189 540 antea
2218 495 2402 543 rectus
2432 486 2531 545 fuit
2560 488 2612 542 in
2648 503 2754 544 me.

1931 575 2015 631 Ne
2041 578 2291 649 proficias
2321 594 2401 635 me
2425 596 2456 634 α
2486 579 2620 651 facie
2645 589 2752 637 tua.
2783 580 2938 639 Sicut
2962 582 3122 654 Cain,
3147 594 3206 643 ut
3232 588 3388 645 exsul
3416 606 3446 643 a

1859 676 1912 724 te
1941 668 2164 724 elﬁciar.
2202 673 2241 725 Α
2274 672 2406 742 [acie
2434 681 2526 726 tua
2555 687 2572 726 :
2608 672 2661 728 id
2691 681 2799 740 est,
2830 690 2860 730 a
2905 678 3194 747 prmsentia
3229 688 3342 736 tua.
3379 678 3449 735 Et

1856 767 2100 834 spiritum
2130 774 2366 822 sanctum
2407 776 2553 823 tuum
2592 785 2654 822 ne
2700 772 2908 842 auferas
2934 788 2965 827 a
2996 788 3075 827 me
3102 788 3121 827 .'
3147 771 3253 830 Sed
3284 774 3354 830 ab
3378 790 3448 830 eo

1857 860 2195 930 consumptis
2217 860 2454 930 delictis,
2485 870 2577 917 tuo
2596 868 2804 917 statuas
2829 867 3169 934 conspectui.
3191 864 3447 936 Spiritum

1859 960 2093 1013 sanctum
2118 962 2265 1007 tuum
2288 968 2351 1009 nc
2376 954 2587 1025 auferas
2614 971 2649 1011 a
2673 971 2753 1015 nte
2779 972 2799 1013 ς
2828 955 2881 1011 id
2911 970 3019 1025 est,
3042 959 3296 1030 spiritum
3327 979 3450 1034 pro-

1858 1043 2082 1116 phetite.

1936 1138 2116 1196 Redde
2139 1142 2269 1198 mihi
2300 1141 2534 1199 lwtitiant
2560 1143 2810 1203 salutaris
2834 1147 2931 1203 tui.
2958 1146 3164 1207 Christi
3197 1153 3275 1206 tul
3306 1151 3452 1207 illam

1861 1231 2290 1288 exsultationem
2323 1250 2485 1301 quam
2518 1236 2571 1293 in
2602 1252 2669 1293 eo
2697 1237 2863 1295 habui
2892 1239 3044 1307 prius
3069 1255 3232 1312 quam
3266 1257 3451 1312 pecca~

1862 1325 2058 1383 verim.
2078 1326 2343 1383 Salutaris
2369 1328 2460 1384 Dei
2480 1328 2681 1394 Patris,
2704 1329 2954 1389 Christus
2975 1342 3081 1390 est.
3104 1333 3185 1389 Ac
3200 1335 3247 1390 si
3270 1334 3414 1391 dicat
3439 1356 3451 1391 :

1862 1418 2004 1471 sicut
2030 1426 2190 1474 antea
2223 1419 2583 1487 praevidebam
2625 1435 2724 1491 per
2763 1422 3041 1492 spiritum,
3077 1424 3354 1484 Christum
3396 1428 3452 1484 in

1862 1524 2025 1566 carne
2047 1518 2334 1570 venturum
2361 1524 2447 1570 :st
2475 1513 2638 1570 modo
2657 1515 2739 1571 sic
2767 1516 2980 1573 iaciam.
3007 1518 3073 1573 Et
3090 1519 3277 1592 spiritu
3304 1523 3449 1585 prius
3473 1554 3487 1566 ο

1863 1602 2023 1673 cipnli
2050 1606 2307 1675 conﬁrma
2331 1623 2429 1661 me.
2460 1606 2529 1665 Ut
2561 1608 2679 1677 ipso
2699 1608 2752 1665 in
2776 1624 2862 1666 me
2895 1630 2907 1665 :
2939 1619 2997 1666 et
3017 1628 3125 1667 non
3154 1614 3282 1669 vitia
3302 1614 3453 1685 prino

1864 1696 2136 1764 cipentur.
2168 1698 2248 1753 'l‘u
2296 1700 2562 1771 veroq‘ui
2610 1700 2745 1771 legis
2783 1711 3029 1759 sanctam
3073 1703 3408 1773 Scripturam
3441 1725 3452 1759 :

202 1796 246 1849 in
283 1794 378 1849 alio
425 1795 542 1849 loco
570 1794 648 1848 ait
680 1809 694 1849 :
728 1793 932 1850 Revela
981 1793 1171 1851 oculos
1204 1808 1378 1855 meos.
1412 1805 1468 1849 et
1502 1794 1757 1850 conside.
1794 1774 1839 1837 Β
1868 1800 2110 1847 sanctam
2152 1792 2241 1847 hic
2270 1792 2593 1851 Trinitatem
2623 1795 2892 1866 intelligo.
2928 1796 3046 1864 Vel,
3081 1797 3327 1867 conﬁrma
3354 1814 3454 1864 me,

202 1886 315 1941 rabo
336 1885 597 1942 mirabilia
621 1886 691 1941 de
719 1886 840 1955 lege
862 1895 951 1941 tua
975 1885 1149 1957 (Paul.
1173 1885 1383 1958 csvnt).
1414 1886 1685 1943 Incertum
1707 1896 1762 1943 et

200 1979 411 2035 abditum
438 1980 571 2035 mihi
590 1982 723 2049 erit,
755 1980 802 2034 si
832 1980 1066 2036 remittis
1095 1983 1207 2037 tale
1232 1981 1464 2038 facinus.
1510 1980 1619 2037 Sed
1643 1995 1758 2036 ma-

200 2074 420 2128 nifestum
450 2083 535 2128 est
567 2092 581 2126 :
609 2088 735 2129 cum
761 2075 1047 2144 ignoscere
1076 2075 1332 2146 dignatus
1359 2090 1419 2131 es
1439 2076 1762 2146 delinquen-

199 2168 253 2221 ti.
277 2160 555 2237 Sapientiae
584 2166 736 2222 enim
769 2178 873 2221 tum
900 2178 1006 2232 est,
1050 2175 1110 2221 ut
1156 2167 1308 2237 prius
1358 2168 1632 2237 increpes,
1683 2169 1761 2223 sic

198 2260 432 2315 remittas.
483 2260 617 2317 Nam
658 2271 713 2316 et
759 2259 1023 2316 Ninivitis
1065 2262 1279 2317 occulta
1328 2269 1449 2315 erat
1493 2262 1758 2330 sapientia

200 2353 391 2420 pietatis
420 2361 546 2419 tum,
569 2367 699 2408 cum
727 2352 976 2409 dicerent
999 2369 1013 2407 :
1037 2352 1170 2421 Quis
1200 2353 1308 2407 scit
1332 2353 1381 2408 si
1407 2361 1762 2409 convertatur

198 2445 322 2504 Dens
342 2461 371 2501 a
396 2446 577 2503 furore
608 2462 743 2515 suo,
770 2458 828 2502 et
858 2463 965 2502 non
999 2446 1300 2517 peribimus
1330 2446 1480 2515 (Jan.
1513 2446 1631 2518 in)?
1665 2442 1760 2500 Vel

198 2536 320 2593 Deus
344 2554 435 2609 per
459 2539 675 2595 Natltan
706 2540 1025 2610 prophetam
1065 2540 1271 2595 incerta
1302 2548 1357 2595 et
1395 2539 1607 2595 occulta
1649 2553 1757 2595 ma-

199 2632 443 2693 nitestavit
469 2651 483 2687 :
512 2636 563 2691 id
589 2643 701 2700 est,
733 2637 977 2695 narravit
1006 2633 1195 2698 David,
1229 2633 1446 2705 quando
1474 2631 1610 2689 dixit
1643 2649 1655 2686 :
1680 2631 1764 2686 di-

198 2725 399 2783 missum
426 2739 508 2785 est
542 2738 832 2799 peccatum
867 2738 1042 2792 tuum,
1074 2728 1211 2785 sicut
1251 2726 1503 2783 Ninivitae
1532 2741 1762 2783 conver-

197 2818 237 2873 si
282 2828 400 2877 sunt
443 2819 514 2878 de
560 2821 713 2881 malo
767 2820 822 2876 in
878 2821 1113 2886 bonum,
1170 2836 1267 2891 per
1321 2820 1763 2891 prmdieatiouem

195 2909 344 2969 Jonas.

254 3005 495 3077 Aspcrges
521 3024 625 3073 me,
656 3005 900 3075 Domine,
927 3007 1172 3079 hyssopo,
1193 3014 1240 3060 et
1268 3006 1582 3062 mundabor.
1613 3006 1765 3064 Sicut

195 3097 319 3152 enim
346 3097 618 3170 hyssopus
652 3108 903 3155 terrenus
930 3096 1190 3155 curandis
1227 3098 1579 3167 pulmonibus
1607 3110 1765 3167 aptus

1866 1883 1923 1937 in
1944 1896 2132 1951 regno.
2161 1882 2418 1954 Spiritum
2448 1893 2661 1944 rectum
2694 1906 2704 1939 :
2731 1886 2837 1943 hoc
2863 1896 2971 1957 est,
3002 1888 3311 1945 innovando
3337 1889 3455 1962 Spi-

1865 1977 2025 2032 ritum
2055 1988 2307 2035 sanctum
2340 1999 2352 2035 :
2387 1980 2490 2036 huc
2513 1988 2618 2050 est,
2644 1982 2899 2051 spiritum
2934 1982 3255 2054 prophetiae.
3285 1984 3457 2055 Spirio

1865 2079 1976 2124 tum
2003 2071 2385 2142 principalem,
2404 2073 2646 2132 Patrem.
2669 2076 2939 2148 Spiritum
2966 2088 3201 2148 rectum,
3221 2079 3419 2137 Filium
3443 2099 3458 2137 :

1864 2162 2130 2233 Spiritum
2156 2175 2441 2234 sanctum,
2465 2167 2724 2237 Spiritum
2756 2179 3027 2227 sanctum.

1937 2256 2143 2312 Docebo
2173 2259 2382 2332 iniquos
2406 2262 2516 2316 uias
2541 2271 2657 2317 tuas
2687 2277 2708 2317 δ
2732 2273 2782 2318 et
2814 2264 2963 2335 impii
2990 2267 3061 2321 ad
3089 2274 3138 2321 te
3162 2275 3461 2324 converten-

1865 2358 1971 2404 tur.
2006 2349 2074 2405 Ut
2099 2349 2439 2408 declinantes
2462 2367 2492 2407 a
2523 2354 2623 2407 viis
2657 2356 2857 2425 pravis,
2884 2358 3261 2426 paenitentiam
3292 2375 3461 2430 agen-

1869 2449 1949 2494 tes
2002 2441 2430 2499 misericordiam
2474 2457 2900 2516 consequantur,
2945 2450 3087 2505 sicut
3118 2460 3176 2508 et
3201 2466 3303 2522 ego
3332 2468 3360 2505 τι
3410 2463 3465 2508 te

1869 2534 2306 2592 misericordiam
2338 2547 2667 2595 consecutus
2695 2555 2838 2596 sum.
2889 2541 3097 2598 Docebo
3125 2545 3331 2616 iniquos
3355 2548 3462 2601 uias

1871 2636 1986 2681 tuas
2025 2642 2045 2682 :
2082 2638 2131 2682 et
2170 2629 2320 2699 impii
2349 2630 2419 2684 ad
2464 2638 2512 2686 te
2535 2640 2895 2687 convertentur
2927 2650 2944 2686 .“
2989 2634 3093 2691 hoc
3123 2645 3229 2706 est,
3263 2651 3458 2709 ponam

1869 2719 2162 2788 meipsum,
2194 2731 2252 2776 ut
2284 2738 2465 2778 meum
2497 2724 2808 2799 exemplum
2837 2726 2927 2783 alii
2958 2726 3257 2785 imitentur.

1943 2809 2129 2867 Libera
2156 2830 2236 2869 me
2264 2814 2329 2869 de
2354 2816 2721 2888 sanguinibus,
2748 2818 2907 2875 Deus.
2942 2820 3017 2876 De
3041 2822 3277 2890 peccatis
3312 2823 3457 2878 mul-

1867 2906 1936 2957 tis
1970 2922 1981 2956 :
2010 2904 2078 2959 de
2104 2906 2302 2976 quibus
2334 2916 2388 2963 et
2433 2908 2632 2964 Paulus
2678 2911 2751 2965 ait
2782 2930 2793 2965 :
2826 2914 2951 2982 quia
2982 2929 3115 2969 caro
3145 2924 3195 2970 et
3245 2914 3463 2985 sanguis

1868 3009 2099 3065 regnum
2130 2997 2226 3055 Dei
2252 3015 2358 3054 non
2387 3001 2746 3070 possidebunt
2774 3002 2813 3071 (l
2848 3004 2967 3059 (.‘or.
3003 3005 3115 3076 xv).
3151 3003 3291 3061 Deus
3321 3006 3467 3061 satu-

1870 3088 1934 3141 tis
1959 3104 2103 3144 metu.
2141 3090 2187 3146 A
2217 3106 2328 3162 quo
2357 3103 2477 3162 post
2520 3109 2801 3163 peccatum
2850 3098 3110 3154 vivilicor.
3159 3098 3297 3168 Quia
3323 3100 3463 3155 alius

196 3200 287 3255 εει,
312 3161 603 3249 υινινθιῖιίιι
637 3192 971 3249 inﬂaﬁonem
1006 3209 1020 3247 ε
1055 3192 1124 3246 ita
1152 3161 1362 3247 cm'lesti
1394 3191 1514 3262 quis
1545 3161 1759 3260 resina}.
1792 3161 1837 3223 Ο
1872 3180 2052 3237 nullus
2092 3191 2275 3251 potest
2315 3161 2418 3240 htic
2466 3161 2666 3243 facere.
2704 3184 2772 3241 El
2816 3190 3097 3246 exsultabit
3130 3192 3308 3264 lingua
3352 3208 3465 3246 mea

192 3292 273 3339 sus
294 3279 528 3354 hyssopo
551 3301 566 3337 :
593 3283 649 3341 id
671 3293 779 3351 est,
813 3282 1127 3339 humilitate
1151 3282 1359 3351 cordis,
1392 3282 1464 3339 ab
1488 3283 1636 3338 omni
1670 3297 1764 3337 su-

194 3372 372 3441 perbite
410 3376 756 3447 malignitate
807 3385 1093 3445 purgatur.
1137 3373 1363 3431 Lavabis
1391 3391 1492 3441 me,
1523 3383 1571 3430 et
1613 3390 1768 3443 super

193 3465 337 3520 nivem
362 3467 664 3527 dealbabor.
689 3467 763 3524 Ut
779 3469 905 3538 quia
932 3478 1151 3538 peccata
1180 3483 1302 3525 mea
1323 3478 1451 3524 sunt
1482 3469 1768 3537 phoeniceo

192 3558 391 3626 similia,
411 3561 571 3631 quasi
603 3561 698 3617 nix
722 3559 1074 3621 dealbentur.
1107 3560 1212 3628 Tu,
1245 3559 1489 3630 inquam,
1516 3559 1767 3627 Domine,

192 3656 363 3719 potens
391 3668 451 3709 es
483 3663 775 3723 peccatum
822 3654 1033 3722 piceum
1084 3651 1140 3707 in
1188 3651 1422 3709 lacteum
1474 3650 1767 3707 candorem

193 3742 463 3805 transierre
484 3762 498 3800 :
523 3745 991 3817 l'uligiuosumque
1019 3744 1291 3803 hebenum
1319 3743 1373 3801 in
1400 3744 1645 3817 crystalli
1666 3744 1769 3806 lul—

187 3847 355 3903 sorem
382 3848 729 3896 convertere.
761 3838 882 3905 Vel,
911 3837 1112 3897 locabis
1132 3854 1212 3893 nte
1238 3853 1257 3892 :
1284 3837 1387 3897 hoc
1407 3847 1510 3903 est,
1539 3853 1634 3907 per
1658 3852 1771 3907 pte-

192 3925 455 3989 nitentium
478 3943 535 3991 et
563 3931 925 4003 baptismum.
971 3929 1041 3985 Et
1069 3947 1224 4001 super
1260 3932 1427 3989 niuem
1467 3928 1767 3993 dealbubor.

190 4018 314 4081 sicut
341 4021 480 4086 dixit
526 4023 704 4079 Isaias
736 4041 750 4078 :
780 4022 837 4079 Si
892 4022 1093 4081 fuerint
1135 4032 1355 4092 peccata
1401 4032 1582 4077 vesua
1631 4019 1772 4081 sicut

189 4114 539 4186 plueniceum,
575 4119 725 4175 velut
761 4118 940 4180 nivem
969 4116 1270 4174 dealbabur
1299 4113 1453 4187 (Issi.
1483 4118 1549 4184 t).

247 4208 457 4268 Aeditui
483 4230 603 4269 meo
626 4211 775 4267 dabis
803 4211 1050 4284 gaudium
1076 4221 1124 4266 et
1147 4211 1402 4268 lwtitiam.
1429 4208 1563 4265 Cum
1581 4208 1771 4277 jacens

187 4300 233 4359 in
265 4303 583 4367 inﬁrmitate
615 4307 851 4378 peccati,
885 4304 1075 4365 audire
1108 4319 1361 4361 interucru
1393 4321 1407 4357 :
1441 4303 1635 4372 llomo,
1683 4301 1767 4358 di-

185 4396 333 4454 missa
358 4409 489 4456 sunt
515 4400 615 4459 tibi
650 4411 871 4472 peccata
894 4407 1005 4457 tua.
1039 4398 1136 4457 Vel
1161 4398 1369 4453 auditni
1393 4397 1522 4452 dicit
1555 4415 1565 4450 :
1599 4411 1771 4466 quan-

185 4493 245 4548 do
267 4495 399 4552 dixit
429 4513 444 4552 :
470 4496 712 4563 Nathan,
747 4496 1028 4552 dimissum
1060 4503 1143 4551 est
1170 4501 1449 4564 peccatum
1485 4501 1633 4547 tuum
1656 4532 1669 4555 ,
1706 4488 1769 4544 Et

1860 3275 2106 3346 justitias
2133 3286 2272 3331 tuas.
2307 3277 2412 3333 Per
2434 3294 2570 3349 quas
2595 3281 2784 3351 punito
2816 3283 2867 3337 in
2901 3299 2987 3338 me
3016 3292 3267 3355 peccato,
3301 3286 3462 3341 mise—

1872 3366 2162 3422 ricordiam
2225 3370 2526 3440 praebuisti.
2590 3373 2680 3429 \‘el
2734 3375 3056 3444 przedicahit
3112 3393 3231 3435 mea
3288 3378 3469 3449 lingua

1871 3460 2123 3518 mandata
2157 3474 2270 3519 tua.

1943 3552 2185 3625 Domine,
2217 3556 2359 3613 labia
2386 3576 2497 3614 mea
2522 3563 2726 3627 aperies
2754 3579 2770 3616 :
2796 3572 2841 3616 rt
2864 3580 2921 3617 os
2946 3580 3117 3618 meum
3142 3564 3470 3621 annuntiabit

1873 3647 2078 3701 laudent
2098 3657 2260 3704 tuam.
2297 3650 2354 3707 Si
2378 3654 2591 3722 aperias
2623 3669 2686 3710 os
2714 3670 2893 3711 meum
2918 3655 3063 3712 sicut
3091 3652 3264 3728 Moysi
3293 3673 3466 3729 qttou-

1873 3739 1998 3796 dam
2038 3761 2048 3795 :
2083 3757 2184 3812 ego
2214 3746 2548 3814 pra'eonabo
2575 3747 2703 3816 quia
2732 3760 2976 3814 sanctus,
3006 3748 3132 3820 quia
3164 3748 3308 3821 pius,
3341 3748 3468 3821 quia

1874 3831 2189 3888 misericors
2221 3849 2301 3890 es.
2330 3835 2435 3893 Vel
2465 3836 2649 3892 clausa
2680 3849 2834 3894 erant
2863 3854 2960 3913 per
2993 3849 3274 3910 peccatum
3309 3859 3321 3892 :
3368 3856 3469 3897 nec

1875 3920 2028 3978 locus
2049 3936 2192 3987 erat,
2224 3940 2327 3981 nec
2349 3935 2586 3998 tempus,
2616 3943 2719 3985 nec
2748 3945 3004 3999 persona,
3029 3946 3129 3987 nec
3157 3932 3465 4003 exemplum

1878 4021 2133 4083 poterant
2180 4015 2311 4072 dare
2345 4037 2357 4071 :
2389 4018 2514 4089 quia
2547 4033 2654 4075 non
2701 4028 2789 4077 est
2831 4020 3052 4090 pulchra
3098 4022 3215 4079 laus
3267 4022 3321 4079 in
3367 4037 3465 4079 ore

1874 4104 2197 4175 peccatoris.

1951 4199 2213 4267 Quoniam
2253 4203 2299 4257 si
2324 4202 2576 4259 voluisses
2602 4205 2944 4272 sacriﬁcium,
2974 4206 3229 4262 dedissem
3266 4207 3470 4280 utique,

1874 4290 2194 4349 holocaustis
2234 4310 2340 4349 non
2377 4294 2732 4352 delcctabcris.
2776 4297 3014 4354 Audiant
3046 4297 3224 4354 Judmi
3256 4298 3462 4356 sacrifi-

1874 4385 1957 4440 cia
2002 4401 2101 4441 sua
2138 4401 2388 4445 cessasse
2433 4406 2446 4444 :
2483 4390 2790 4461 intelligant
2813 4392 2976 4447 etiam
3013 4407 3114 4464 per
3143 4392 3310 4448 alium
3341 4407 3468 4464 pro-

1876 4476 2091 4548 phetam
2119 4480 2289 4537 Deum
2317 4481 2629 4552 loquentem
2662 4501 2675 4537 :
2702 4482 2962 4555 Sabbata,
2990 4486 3309 4543 holocausta
3337 4501 3470 4543 neo-

186 4588 501 4647 muuabwu
524 4608 649 4646 οδω
676 4557 964 4645 ιέιηηίιίαια,
992 4585 1047 4641 ιιι
1078 4557 1439 4656 esp—viuum;
1466 4599 1585 4655 qua;
1621 4582 1770 4654 prius
1796 4557 1851 4619 Β
1882 4574 2200 4645 meniasque
2229 4584 2440 4632 vestras
2470 4576 2642 4633 odivit
2669 4579 2850 4634 anima
2881 4594 3001 4635 mea
3032 4578 3192 4653 (Isai.
3226 4585 3289 4647 ι).
3325 4580 3465 4651 Quid

183 4679 384 4739 luerunt
410 4689 662 4757 peccatis
691 4684 1007 4743 ltumiliatte.
1038 4680 1129 4737 Vel
1155 4679 1436 4735 :rternitas
1464 4678 1582 4748 spei
1613 4692 1769 4742 meze,

186 4787 315 4845 ultae,
350 4789 624 4849 peccante
666 4792 770 4846 me,
807 4774 1091 4839 bumiliata
1127 4775 1305 4831 fuerat
1336 4792 1348 4829 :
1384 4784 1434 4829 te
1459 4771 1772 4843 indulgente

181 4870 453 4937 persultat.

244 4961 431 5020 Arci-te
451 4966 647 5038 [aciem
667 4973 811 5019 tuam
834 4980 866 5018 a
887 4964 1107 5036 peccatis
1137 4963 1284 5018 meis.
1307 4962 1417 5018 Nec
1438 4976 1500 5017 ea
1524 4962 1603 5017 sic
1627 4961 1772 5031 aspi-

183 5054 721 5117 ciasutrevortanlur
745 5058 795 5112 in
817 5056 1390 5114 commemorationem
1409 5067 1572 5110 tuam.
1590 5055 1772 5109 Auerte

182 5144 359 5217 {aciem
386 5159 561 5204 tuam.
600 5151 679 5206 Ac
704 5149 748 5203 si
778 5149 924 5207 dicat
955 5165 970 5205 :
1004 5162 1075 5203 ne
1102 5147 1306 5213 videas,
1335 5162 1436 5203 nec
1465 5147 1771 5203 recorderis

179 5238 284 5297 illa.
309 5240 379 5298 Et
405 5259 596 5299 omnes
617 5242 917 5314 iniquitates
941 5257 1082 5296 meas
1107 5240 1242 5296 dele.
1276 5239 1608 5306 Prteteritas,
1636 5254 1775 5310 prm—

179 5342 357 5393 sentes
386 5344 561 5407 atque
592 5333 821 5392 futuras.

242 5425 343 5483 Cor
370 5430 635 5487 inundant
665 5443 782 5484 crca
824 5427 880 5481 in
912 5443 1011 5496 me,
1060 5423 1222 5481 Deus.
1264 5422 1383 5495 Quo
1437 5434 1491 5483 te
1537 5424 1770 5479 videam.

179 5517 323 5576 Sicut
347 5522 589 5593 rogabat
604 5521 769 5578 David
795 5538 808 5574 :
837 5521 912 5575 ita
935 5528 992 5576 et
1010 5518 1381 5591 unusquisque
1396 5517 1560 5573 debet
1576 5515 1772 5572 facere.

180 5610 276 5668 Cor
304 5618 573 5675 mundum
613 5632 728 5672 crea
769 5617 825 5669 in
848 5629 951 5683 me,
983 5610 1143 5667 Deus.
1192 5611 1490 5684 Propterea
1524 5609 1771 5680 rogabat,

179 5714 239 5762 ut
263 5710 508 5769 mundus
542 5710 702 5766 ﬁeret
719 5726 747 5764 a
775 5715 1016 5780 peccato.
1046 5706 1111 5761 Et
1136 5706 1379 5774 spiritum
1397 5711 1593 5758 rectum
1620 5702 1775 5757 inno-

179 5812 238 5854 va
272 5801 327 5856 in
370 5801 667 5860 visceribus
692 5800 839 5856 meis.
874 5799 992 5867 Qun
1043 5808 1097 5854 te
1140 5807 1289 5854 recte
1317 5795 1602 5853 conﬁtear.
1659 5794 1773 5864 Vel,

1879 4681 2009 4737 ergo
2040 4677 2116 4735 tu,
2147 4667 2330 4738 homo,
2365 4669 2601 4727 oli'eres?
2629 4669 2770 4726 Audi
2804 4671 2934 4742 quid
2965 4671 3201 4747 subjecit
3229 4690 3242 4727 :

1953 4758 2295 4831 Sacriﬁcium
2324 4762 2435 4821 Deo
2464 4766 2681 4836 spiritus
2711 4764 3090 4825 contributalus
3114 4782 3132 4822 :
3162 4784 3252 4823 cor
3276 4768 3467 4823 contri—

1880 4863 1990 4908 tum
2028 4864 2074 4910 et
2117 4855 2449 4912 humiliatum
2494 4856 2628 4913 Deus
2659 4862 2764 4915 nun
2811 4861 3027 4927 spernit.
3085 4860 3277 4916 Merito
3325 4860 3468 4916 inter

1879 4948 2115 5019 reliquus
2167 4949 2535 5007 beatitudines
2589 4950 2969 5023 Evangelicas,
3023 4953 3302 5010 beatitudo
3352 4957 3467 5010 hmc

1880 5042 2126 5097 continet
2155 5041 2540 5111 principatum.
2576 5042 2749 5109 Beati,
2782 5044 2977 5115 inquit,
3010 5060 3280 5118 pauperes
3308 5049 3467 5119 spiriw

1880 5144 1937 5190 tu
1958 5178 1973 5201 ,
1993 5137 2248 5207 quoniam
2273 5135 2518 5206 ipsorum
2542 5149 2624 5193 est
2645 5153 2868 5208 regnum
2896 5139 3157 5196 caelorum
3184 5139 3363 5214 (Matt.
3385 5141 3462 5211 ν).

1879 5226 1980 5297 Qui
2009 5242 2114 5284 non
2148 5228 2201 5283 in
2234 5228 2567 5284 vanitatibus
2598 5230 2785 5285 swculi
2831 5229 3090 5288 inﬂantur
3120 5250 3132 5287 :
3158 5233 3256 5290 sed
3296 5248 3324 5288 a
3356 5234 3468 5291 Βεω

1879 5319 2155 5392 accipiunt
2187 5320 2520 5395 Spiraculum
2547 5323 2669 5376 vita:
2693 5339 2704 5376 :
2725 5332 2885 5394 atque
2906 5326 3292 5384 contritionem
3323 5327 3468 5382 anxii

1880 5412 2063 5469 cordis
2093 5414 2146 5469 in
2180 5429 2303 5471 eum
2337 5415 2651 5477 refundunt,
2683 5417 2771 5486 qui
2795 5432 2896 5487 pro
2926 5417 3083 5474 nobis
3107 5418 3332 5475 humilis
3361 5419 3470 5476 fac-

1882 5516 1966 5563 tus
1990 5518 2096 5564 est.
2123 5508 2220 5564 Vel
2246 5509 2399 5564 multi
2428 5509 2635 5565 habent
2653 5524 2747 5564 cor
2774 5510 3097 5579 contritum,
3126 5511 3222 5568 sed
3251 5529 3355 5567 non
3374 5513 3474 5568 ha-

1886 5603 2017 5659 bent
2047 5603 2389 5661 humiliatum
2430 5622 2440 5656 :
2476 5604 2602 5674 quia
2633 5604 2894 5674 plangunt
2918 5605 3065 5675 quod
3100 5605 3342 5662 fecerunt
3378 5625 3389 5659 :
3421 5619 3474 5663 et

1885 5706 2074 5766 postea
2098 5696 2166 5751 ad
2186 5696 2361 5766 ipsum
2393 5697 2594 5752 reverti
2615 5696 2952 5762 desiderant,
2983 5696 3133 5769 quod
3151 5707 3308 5754 antea
3338 5698 3481 5754 fece~

1885 5800 2015 5847 runt
2046 5810 2056 5844 :
2091 5799 2148 5845 et
2174 5790 2240 5847 de
2273 5790 2550 5860 praeterito
2578 5789 2775 5847 nolunt
2806 5790 3091 5860 paenitere.
