3944 6334
484 304 592 366 975

1277 291 1620 355 APPENDIX
1658 290 1752 350 AD
1788 285 2033 348 roum:
2073 268 2429 344 SEPTIMUM
2466 277 2521 336 ε.
2567 270 2981 335 HIERONYMI.
3087 308 3097 317 .

3664 257 3757 319 976

558 417 787 490 Benigne
809 414 889 486 fac
908 455 923 482 ,
951 410 1191 467 Domine.
1224 409 1339 466 Hoc
1367 418 1477 477 est,
1509 408 1771 481 placitam
1799 404 1884 459 fac
1920 416 2072 473 spem
2101 398 2149 462 Α
2177 396 2445 461 nitorem,
2468 399 2524 450 et
2542 403 2711 463 genas
2733 387 2963 444 vulnere
2993 394 3094 439 suo
3118 376 3352 490 sanciet,
3377 373 3564 432 dolum
3595 370 3754 490 facis.

483 521 751 570 nostram.
800 506 869 562 In
917 505 1049 560 bona
1076 502 1337 558 voluntate
1384 508 1495 570 tua,
1530 499 1682 555 Sion.
1710 495 1828 564 Qua
1862 503 1914 551 te
1943 508 2075 549 con-

485 602 837 675 templamur.
866 597 935 652 Et
955 596 1285 666 aediﬁcentur
1312 594 1451 648 mari
1480 590 1790 647 Jerusalem.
1823 586 2078 644 Munitio-

481 713 584 755 nes
623 694 749 751 ﬁdei
790 689 1185 760 cltaritatisque
1215 687 1361 743 illius
1386 698 1522 757 quas
1550 684 1605 739 in
1643 679 1884 739 Ecclesia
1915 677 2076 751 positi

483 793 539 849 in
569 801 621 847 te
644 786 1051 845 collocavimus.

553 881 701 938 Tunc
748 876 1039 950 acceptabis
1084 874 1402 946 sacriﬁcium
1418 871 1665 947 justitiuz,
1699 866 1986 923 oblationes
2030 871 2081 917 et

481 976 809 1031 holocausta.
842 970 981 1027 Cum
1013 968 1101 1024 vel
1127 975 1181 1023 te
1214 982 1312 1037 pro
1337 962 1498 1021 nobis
1525 961 1691 1019 oll‘ers
1718 957 1869 1016 Patri
1901 975 1914 1012 :
1944 955 2079 1012 vela

484 1065 644 1123 nobis
690 1061 883 1120 laudes
922 1069 978 1117 et
1029 1057 1330 1131 gratiarum
1377 1052 1579 1124 accipis
1636 1048 1900 1106 actiones.
1950 1043 2079 1112 Vel,

478 1159 619 1214 muri
642 1154 963 1221 Jerusalem,
994 1150 1223 1207 virtutes
1249 1149 1471 1217 animm,
1499 1145 1585 1202 vel
1615 1140 1905 1200 Ecclesiae.
1937 1137 2083 1194 Tunc

482 1249 773 1322 acceptabis
802 1244 1121 1315 sacriﬁcium
1151 1258 1171 1298 :
1200 1240 1255 1297 id
1294 1250 1403 1307 est,
1435 1238 1836 1294 confessionem
1873 1246 1942 1288 ex
1988 1244 2085 1286 ore

488 1341 818 1416 peccatoris.
856 1337 1188 1394 ablutionem
1232 1351 1252 1390 :
1296 1335 1400 1390 hoc
1453 1340 1562 1399 est,
1593 1327 1988 1390 laudationem,
2036 1330 2085 1378 et

486 1436 815 1491 holocausta.
852 1430 998 1485 Tunc
1030 1430 1292 1500 imponent
1321 1440 1478 1494 super
1503 1425 1669 1476 altare
1698 1429 1849 1474 tuum
1873 1415 2082 1472 vitulos.

489 1527 693 1594 Altare,
717 1524 852 1582 ﬁdes
886 1542 897 1576 :
930 1523 1060 1594 quia
1086 1517 1351 1592 quidquid
1378 1514 1563 1582 oﬂ'ers,
1596 1528 1693 1585 per
1722 1510 1885 1567 ﬁdem
1919 1505 2085 1563 σπεισ-
2116 1552 2123 1561 .

485 1636 548 1677 re
573 1619 742 1676 debes
768 1637 780 1672 :
804 1616 1070 1682 Vitulum,
1103 1612 1312 1678 Iaudes,
1340 1610 1425 1664 vel
1450 1607 1832 1679 cogitationes,
1855 1602 1941 1659 vel
1968 1599 2084 1656 vic-

489 1715 674 1781 timas,
715 1708 951 1776 scilicet,
981 1716 1041 1762 ut
1065 1704 1332 1775 meipsum
1361 1700 1585 1757 offeram
1614 1697 1850 1755 hostiam
1880 1695 2082 1762 vivam,

2179 490 2319 559 Quia
2350 502 2475 545 cum
2508 486 2586 541 ait
2617 491 2833 541 acutam
2859 523 2875 549 ,
2909 476 3169 535 indicavit
3195 473 3324 531 dolo
3353 477 3651 528 versatam.
3680 467 3758 525 Sic

2178 590 2235 639 et
2285 580 2462 638 Judaei
2503 576 2829 644 Dominum,
2869 586 3031 643 quem
3060 568 3248 624 colere
3277 564 3621 627 debuerant,
3663 574 3758 615 non

2178 676 2357 733 solum
2392 689 2504 730 non
2532 671 2868 728 coluerunt:
2919 663 3018 721 sed
3064 660 3300 719 diversis
3331 655 3471 714 dolis
3518 666 3762 724 superare

2177 769 2452 837 nitentes,
2487 761 2911 821 interfecerunt.
2947 756 3045 813 Vel
3076 755 3278 811 aliter:
3317 748 3625 813 Novacuta,
3653 759 3760 816 per-

2181 872 2464 919 secutores
2496 857 2908 928 intelliguntur:
2954 852 3081 925 quia
3114 847 3378 906 novacula
3403 843 3661 916 capillum
3687 842 3763 898 in-

2182 956 2311 1014 cidit
2343 973 2357 1011 :
2388 953 2484 1011 sed
2516 967 2612 1025 per
2633 950 2885 1022 capillum
2912 944 3260 1017 superfluitas
3287 940 3598 997 divitiarum
3625 936 3765 994 intel-

2182 1047 2389 1119 ligitur.
2417 1045 2566 1102 Sicut
2610 1039 2866 1098 nouacula
2904 1048 3081 1106 acuta,
3108 1034 3279 1106 fecisti
3308 1032 3506 1088 dolum.
3538 1028 3639 1086 Ille
3659 1028 3768 1084 facit

2184 1139 2405 1208 dolum,
2436 1136 2528 1208 qui
2572 1136 2625 1190 in
2670 1132 2891 1205 negotio
2920 1127 3284 1188 circumvenit
3329 1124 3557 1180 fratrem
3601 1136 3765 1178 suum.

2185 1231 2342 1291 Unde
2382 1229 2584 1286 Paulus
2627 1227 2743 1283 ait:
2787 1224 2960 1281 Nemo
3003 1218 3423 1287 circumveniat,
3454 1226 3554 1273 aut
3596 1228 3770 1286 super-

2185 1326 2467 1399 grediatur
2494 1323 2548 1379 in
2576 1320 2799 1395 negotio
2829 1318 3056 1374 fratrem
3089 1329 3246 1371 suum
3276 1329 3291 1368 :
3321 1312 3450 1385 quia
3467 1311 3540 1368 de
3559 1310 3648 1366 liis
3669 1324 3770 1366 om—

2188 1420 2351 1477 nibus
2379 1416 2581 1474 vindex
2613 1424 2700 1473 est
2730 1412 2990 1470 Dominus
3013 1410 3069 1483 (l
3090 1409 3276 1466 Thess.
3307 1407 3426 1479 tv).

2260 1510 2509 1567 Dilexisti
2537 1508 2793 1564 malitiam
2821 1519 2975 1578 super
3005 1502 3371 1577 benignitatem
3399 1515 3418 1555 :
3461 1498 3769 1576 iniquitatem

2194 1605 2398 1678 magis,
2430 1619 2587 1675 quam
2624 1599 2767 1673 loqui
2803 1599 3123 1670 aequitatem.
3159 1594 3366 1651 Dilexit
3415 1591 3653 1664 populus
3694 1590 3773 1645 ille

2197 1699 2483 1763 malitiam,
2503 1710 2630 1752 cum
2661 1709 2785 1751 eum
2816 1692 2908 1763 qui
2938 1688 3273 1762 benignitate
3304 1685 3525 1758 propria
3554 1683 3624 1738 ad
3647 1683 3765 1738 libe-

490 1774 759 1869 sanctam,
782 1774 1086 1874 placentem
1107 1774 1222 1853 tibi.
1249 1795 1370 1854 Nos
1396 1807 1617 1866 quoque
1643 1788 1837 1846 famuli
1862 1787 1936 1844 tui
1959 1800 2087 1856 sup-
2116 1796 2167 1858 Β
2192 1791 2428 1849 randum
2457 1797 2725 1855 venerat,
2752 1784 3053 1842 interemit.
3083 1781 3193 1839 sed
3221 1790 3277 1838 et
3305 1795 3453 1836 nunc
3480 1777 3589 1850 ipsi
3616 1774 3772 1832 Judaei

489 1898 666 1970 plices
694 1895 1078 1966 deprecamur,
1102 1890 1333 1947 Domine
1358 1888 1490 1944 Jesu
1509 1883 1752 1949 Christe,
1779 1892 1838 1936 ut
1865 1878 2089 1951 pietatis

488 1968 743 2057 consilio,
776 1985 988 2059 magnis
1019 1981 1353 2039 facinoribus
1379 1978 1606 2048 nostris,
1632 1977 1956 2032 immensam
1984 1968 2090 2026 mi-

491 2083 847 2142 sericordiam
869 2077 1116 2152 largiaris
1135 2094 1147 2130 :
1169 2091 1376 2147 nosque
1390 2089 1485 2144 per
1500 2070 1883 2128 contritionem
1899 2065 2089 2124 cordis

493 2175 786 2244 ltutniliati,
811 2170 1280 2241 maetandojvitia,
1305 2164 1607 2239 jugulando
1627 2160 1847 2227 delicta,
1867 2159 2087 2230 dignum

494 2275 589 2332 tlbi
617 2269 1059 2345 acceptabileque
1100 2275 1378 2336 przepares
1415 2260 1814 2317 holocaustum.
1851 2258 2048 2312 Amen.

1075 2402 1397 2473 PSALMUS
1432 2401 1518 2461 Ll.

494 2535 565 2593 In
594 2538 784 2609 linem,
818 2538 1117 2595 intellectus
1144 2531 1347 2609 David.
1381 2528 1677 2609 cnumﬂvenit
1800 2543 1915 2609 eum
1936 2525 2089 2609 Paeg

565 2597 866 2678 l'dumte'us,
914 2621 965 2666 et
1012 2603 1337 2663 annuntiavit
1388 2600 1665 2678 Saulitet
1707 2600 1887 2655 dixit:
1924 2597 2090 2678 Venit

572 2680 747 2739 David
783 2671 1085 2737 in'domum
1120 2680 1471 2737 Acltimelech.
1500 2679 1558 2734 In
1582 2677 1896 2747 Regnorum
1924 2671 2085 2747 libro,

568 2764 624 2810 et
657 2756 711 2810 in
742 2755 861 2824 ipso
898 2752 1170 2810 ﬂebraico
1196 2752 1496 2816 Psalterio,
1530 2742 1884 2824 Abitti'eleelt_,
1912 2742 2088 2824 serip—

571 2836 684 2881 tum
706 2814 791 2881 est
815 2842 828 2880 :
863 2824 958 2881 sed
985 2824 1242 2895 quoniam
1274 2824 1387 2895 belli
1412 2814 1636 2895 βιαιρὴ
1658 2817 1799 2895 apud
1821 2814 2088 2895 liebrteos

569 2898 799 2963 litteras,
842 2887 1056 2951 modico
1099 2895 1252 2959 apice
1296 2887 1748 2962 distinguuntur:
1782 2887 1904 2942 ideo
1932 2897 2089 2940 error

571 2967 783 3023 facilius
806 2966 1071 3036 obrepsit.
1093 2963 1408 3021 Abimelech
1428 2963 1849 3036 interpretatur,
1870 2971 2088 3036 regnum

569 3039 734 3110 patris
765 3039 883 3092 mei.
912 3026 1521 3110 D'avidrinterpretatur,
1552 3026 1905 3110 fortis_m_anu.
1930 3026 2089 3082 Venit

571 3103 625 3164 in
646 3110 866 3166 domum
885 3108 1204 3165 Abimelcch
1221 3124 1236 3162 :
1254 3103 1315 3161 et
1335 3105 1588 3160 Christus
1613 3104 1764 3158 venit
1781 3103 1836 3155 in
1860 3112 2085 3160 regnum

571 3181 910 3237 Jndteorum.
937 3180 1043 3235 Per
1064 3179 1197 3235 Saul
1222 3177 1546 3247 intelligitur
1575 3189 1722 3247 mors
1750 3187 1894 3247 :_pcr
1916 3167 2085 3247 David

572 3253 705 3307 vita.
738 3252 876 3318 Quid
908 3260 990 3305 est
1017 3250 1165 3322 quod
1189 3263 1337 3322 mors
1370 3240 1713 3318 porsequitur
1737 3240 1908 3299 vitam
1935 3256 1950 3295 :
1982 3240 2089 3322 nisi

572 3323 719 3394 quod
747 3312 817 3377 ab
848 3323 1007 3377 initio
1032 3312 1239 3394 seculi
1284 3312 1503 3394 semper
1550 3312 1700 3372 iners
1747 3312 2094 3394 persequitur

571 3385 739 3449 vitam
772 3393 1048 3448 nostram?
1078 3390 1214 3460 Quia
1245 3392 1335 3461 qui
1384 3385 1488 3461 ista
1531 3385 1821 3461 prtesentia
1864 3390 2090 3461 amant:

576 3472 981 3535 persequuntur
1026 3454 1279 3535 sanctam
1315 3454 1670 3535 Ecclesium:
1718 3456 1772 3512 id
1815 3466 1935 3522 est,
1966 3454 2094 3535 illos

579 3525 671 3607 qui
718 3525 961 3607 coelestia
1012 3533 1268 3607 diligunt.
1315 3532 1800 3607 Psalmus__vocem
1837 3525 2094 3607 continet

576 3598 861 3677 propheta:
902 3598 1140 3677 peceata'
1168 3603 1379 3677 Judaici
1428 3602 1617 3677 pepuli
1665 3598 2093 3670 exprobrantis:

575 3673 645 3733 ad
673 3673 849 3749 ipsum
882 3673 1028 3735 enim
1054 3677 1172 3732 haec
1203 3676 1466 3746 loquitur,
1498 3673 1687 3729 dicens
1725 3689 1739 3727 :

581 3772 721 3841 Quid
748 3772 990 3847 gloriaris
1028 3771 1082 3826 in
1108 3769 1349 3825 malitia?
1376 3768 1486 3825 Cur
1516 3763 1739 3823 monitis
1768 3762 1968 3819 divinis
1994 3761 2096 3818 ob-

502 3865 658 3922 vians
679 3906 694 3933 ,
724 3863 1022 3936 prophetas
1057 3859 1364 3918 interﬁcis?
1397 3859 1497 3927 Qui
1529 3867 1707 3929 potens
1736 3874 1789 3912 es
1816 3855 1871 3909 in
1899 3853 2096 3925 iniqui-

513 3970 632 4014 tate.
662 3956 798 4014 Nam
828 3971 949 4013 cum
980 3970 1085 4028 ope
1114 3953 1210 4010 Dei
1239 3967 1492 4009 crescens
1515 3996 1530 4022 ,
1563 3949 1833 4007 interficis
1864 3947 2100 4019 prophe-

512 4064 598 4109 tas
621 4052 777 4124 ejus:
809 4051 912 4108 hoc
938 4049 1007 4107 ad
1028 4048 1308 4106 cumulum
1341 4044 1539 4102 auxisti
1566 4044 1807 4110 malitiae,
1834 4051 1891 4098 ut
1918 4042 2096 4113 ipsum

504 4142 798 4199 Dominum
833 4141 1082 4198 traderes
1120 4140 1261 4196 neci.
1298 4137 1423 4204 Vel,
1456 4137 1581 4208 quid
1620 4134 1867 4208 gloriaris
1907 4134 1961 4187 in
1989 4150 2101 4188 ma-

506 4236 668 4292 litia?
706 4237 811 4292 hoc
849 4244 936 4293 est
962 4234 1170 4303 Adam,
1200 4243 1259 4290 et
1285 4230 1535 4288 diabolus
1570 4229 1737 4301 :quia
1766 4227 1911 4299 quod
1957 4227 2100 4283 Deus

505 4328 820 4395 :cdiﬁcavit,
843 4327 923 4383 illi
944 4326 1342 4383 destruxerunt
1362 4324 1416 4380 in
1438 4320 1783 4391 semetipsis:
1810 4318 2098 4390 imaginem

503 4421 603 4478 Dei
646 4431 704 4477 et
757 4419 1098 4492 angelorum.
1138 4419 1241 4485 Qui
1270 4428 1451 4491 potens
1485 4433 1537 4472 es
1570 4415 1626 4470 in
1655 4414 1949 4485 iniquitate.
1980 4410 2099 4467 Non

508 4515 565 4571 in
601 4514 876 4583 bonitate,
908 4514 1006 4570 sed
1035 4513 1089 4569 in
1117 4512 1426 4584 iniquitate.

2192 1887 2331 1943 falsa
2358 1884 2428 1942 de
2449 1899 2517 1941 eo
2539 1884 2594 1939 in
2624 1897 2785 1954 quem
2817 1895 2925 1937 non
2952 1877 3335 1943 crediderunt,
3365 1874 3771 1947 proloquuntur.

2261 1976 2507 2033 Dilexisti
2528 1975 2701 2030 omnia
2723 1973 2877 2028 verba
2898 1969 3352 2045 praecipitationis,
3378 1968 3560 2039 lingua
3580 1962 3769 2019 dolosa.

2191 2067 2251 2126 In
2297 2069 2582 2126 excelsum
2638 2064 2784 2121 enim
2835 2063 3174 2134 iniquitatem
3221 2060 3535 2131 loquentes,
3590 2056 3686 2127 ipsi
3720 2068 3773 2111 se

2191 2162 2535 2235 prmcipitant
2580 2160 2635 2215 in
2666 2158 2920 2229 laqueum
2962 2152 3357 2210 damnationis.
3394 2147 3565 2205 Verba
3592 2146 3766 2219 praxi-

2191 2254 2491 2328 pitationis,
2524 2251 2700 2308 dicit:
2732 2248 2858 2321 quia
2904 2244 3234 2317 semetipsos
3265 2242 3771 2315 praecipitaverunt:

2192 2349 2339 2405 sicut
2366 2346 2620 2403 diabolus
2651 2345 2719 2401 de
2750 2342 2895 2400 ctelo
2913 2384 2929 2409 ,
2957 2341 3103 2398 sicut
3129 2349 3187 2397 et
3213 2338 3387 2396 Adam
3416 2338 3485 2393 de
3511 2335 3771 2409 paradiso.

2192 2441 2250 2498 in
2282 2441 2464 2514 lingua
2492 2438 2675 2495 dolosa
2701 2453 2721 2495 :
2750 2436 2877 2510 quia
2906 2435 3053 2494 aliud
3081 2434 3397 2493 habuerunt
3425 2432 3480 2489 in
3508 2445 3772 2497 sermone,

2191 2535 2341 2593 aliud
2371 2534 2425 2592 in
2458 2534 2644 2591 corde.
2716 2576 2725 2583 .

2264 2636 2553 2707 Pmpterea
2585 2633 2726 2689 Deus
2752 2632 2982 2689 destruet
3009 2640 3056 2688 te
3082 2631 3137 2686 in
3177 2630 3378 2703 ﬁnem:
3407 2635 3458 2686 et
3495 2626 3669 2683 evellet
3694 2632 3767 2692 te,

2191 2738 2239 2785 et
2272 2727 2542 2802 emigrabit
2573 2735 2621 2779 te
2663 2723 2729 2779 de
2755 2722 3088 2780 tabernaculo
3120 2732 3250 2778 tuo:
3290 2730 3340 2777 et
3377 2721 3607 2776 radicem
3644 2726 3776 2772 tuam

2191 2824 2256 2877 de
2285 2832 2425 2877 terra
2465 2819 2764 2876 viventium.
2797 2818 2991 2874 Omnia
3036 2815 3157 2873 hmc
3204 2814 3260 2872 in
3301 2814 3528 2871 Judaico
3574 2812 3772 2884 impleta

2188 2924 2319 2968 sunt
2355 2911 2599 2984 populo:
2631 2910 2760 2984 quia
2797 2919 2855 2967 et
2892 2926 2924 2966 a
2968 2908 3109 2982 legis
3152 2907 3339 2964 littera
3369 2907 3696 2972 destructus,
3723 2910 3776 2960 et

2190 3005 2410 3061 evulsus
2436 3005 2506 3061 de
2531 3004 2754 3059 civitate
2780 3021 2793 3058 :
2824 3002 3198 3074 migratusque
3227 3010 3312 3057 est
3338 2999 3407 3057 de
3434 2995 3774 3055 tabernaculo

2190 3095 2310 3155 Dei.
2331 3095 2435 3152 Sed
2453 3104 2509 3152 et
2535 3094 2711 3151 dehis
2734 3094 2851 3150 haec
2880 3093 3279 3164 intelliguntur,
3311 3093 3402 3163 qui
3428 3105 3537 3147 non
3562 3088 3773 3146 credunt

2115 3189 2162 3252 C
2195 3189 2465 3245 Dominici
2509 3188 2759 3260 corporis
2805 3186 3259 3244 tabernaculum:
3289 3185 3415 3256 quia
3461 3182 3773 3241 extermina-

2196 3282 2404 3338 buntur
2426 3297 2455 3336 a
2484 3280 2762 3337 consortio
2791 3278 3056 3335 claritatis
3083 3278 3222 3351 ejus,
3254 3292 3320 3334 ac
3349 3276 3419 3334 de
3441 3276 3612 3333 beatte
3637 3272 3772 3330 sedis

2195 3372 2536 3441 habitacula,
2566 3372 2654 3429 vel
2683 3371 2753 3428 de
2781 3370 3079 3427 viventium
3107 3378 3252 3426 terra
3280 3384 3443 3441 quam
3473 3366 3641 3424 sancti
3663 3364 3772 3420 ba:-

2195 3467 2532 3525 reditabunt.
2567 3464 2700 3534 Vel,
2744 3468 2974 3520 destruet
3005 3471 3054 3520 te
3082 3461 3224 3518 Deus
3254 3463 3309 3518 in
3350 3462 3548 3533 ﬁnem:
3576 3459 3666 3515 hoc
3689 3465 3773 3513 est

2197 3562 2519 3619 memoriam
2557 3559 2784 3618 diaboli.
2811 3558 2883 3616 Ut
2926 3558 3057 3615 alibi
3084 3575 3097 3613 :
3127 3556 3199 3614 Ut
3243 3570 3354 3613 non
3384 3563 3617 3627 apponat
3635 3553 3768 3609 ultra

2198 3653 2552 3727 magniﬁcare
2591 3636 2650 3709 se
2700 3653 2867 3708 homo
2910 3665 3076 3722 super
3119 3657 3325 3707 terram
3370 3647 3557 3721 (Psaf.
3599 3661 3706 3702 ιω
3723 3645 3765 3716 ).

2200 3745 2359 3803 Unde
2386 3755 2610 3802 sanctus
2635 3743 2839 3799 Paulus
2869 3740 3149 3813 apostolus
3175 3740 3313 3796 dixit
3339 3757 3353 3797 :
3385 3739 3443 3795 In
3488 3738 3637 3797 ﬁnem
3669 3750 3771 3791 sa:-

2198 3838 2446 3896 culorum
2492 3837 2707 3892 inimica
2746 3834 3064 3891 destruetur
3110 3848 3258 3890 mors
3293 3831 3355 3903 (I
3393 3831 3515 3888 Cor.
3546 3827 3675 3903 xv):
3712 3826 3768 3884 id

2199 3941 2315 3999 est,
2357 3931 2629 3988 diabolus.
2660 3927 2862 3985 Evellet
2892 3937 2941 3984 te
2981 3937 3032 3982 et
3071 3926 3345 4000 emigrabit
3390 3934 3440 3981 te
3468 3926 3530 3980 de
3553 3924 3768 3980 taberna.

2201 4027 2319 4082 culo
2350 4035 2475 4093 tuo,
2516 4034 2564 4080 et
2610 4024 2840 4079 radicem
2891 4030 3037 4076 tuam
3081 4023 3149 4075 de
3198 4030 3337 4076 terra
3385 4018 3665 4075 viventium.
3699 4013 3768 4071 Ut

2202 4134 2351 4176 mors
2380 4119 2435 4175 in
2458 4117 2630 4174 Adam
2678 4116 2804 4173 data
2851 4123 2976 4171 est:
3010 4116 3082 4170 ita
3106 4112 3365 4169 omnibus
3390 4115 3510 4185 ejus
3538 4111 3651 4166 ﬁliis
3673 4107 3763 4164 do-

2201 4216 2460 4270 minatur.
2494 4212 2651 4269 Unde
2690 4210 2896 4268 dictum
2937 4219 3055 4266 est:
3084 4209 3252 4266 Terra
3287 4225 3380 4277 es,
3419 4218 3476 4265 et
3501 4208 3553 4264 in
3588 4214 3760 4263 terram

2202 4306 2307 4362 ibis
2335 4304 2493 4379 (Gen.
2526 4303 2631 4373 ιιι).
2667 4302 2931 4360 Diabolus
2957 4310 3015 4357 et
3043 4301 3217 4358 Adam
3248 4302 3654 4359 eradicaverunt
3676 4313 3757 4355 se:

2203 4408 2258 4456 et
2285 4396 2661 4469 unusquisque
2689 4395 2771 4452 sic
2798 4394 2931 4451 facit
2954 4394 3170 4467 quando
3201 4405 3417 4467 peccat.

2284 4501 2548 4556 Videbunt
2568 4499 2727 4573 justi,
2756 4506 2802 4553 et
2832 4496 3101 4553 timebunt.
3142 4496 3223 4553 Ne
3255 4497 3383 4553 talia
3423 4504 3682 4571 appetant.
3707 4491 3759 4550 Et

583 4607 712 4663 Tota
741 4608 846 4663 die.
875 4606 1053 4664 Omne
1078 4615 1295 4677 tempus
1321 4604 1448 4661 vita:
1480 4613 1585 4659 tua:
1613 4602 1668 4659 in
1695 4615 1802 4673 quo
1830 4598 1948 4656 haec
1978 4612 2098 4654 ma-
2126 4591 2181 4654 D
2204 4612 2361 4667 super
2388 4611 2504 4651 eum
2530 4595 2797 4649 ridebunt.
2830 4593 2904 4648 De
2932 4590 3144 4647 ultione
3171 4590 3497 4648 calamitatis
3525 4591 3653 4663 ejus.
3681 4587 3759 4643 Vi-

508 4700 623 4756 litia
653 4714 825 4772 usque
868 4699 936 4755 ad
967 4698 1290 4755 effusionem
1333 4695 1600 4752 Dominici
1648 4691 1932 4764 sanguinis
1976 4706 2102 4762 pro-

507 4803 704 4865 pagata
727 4800 833 4849 est.
868 4789 1196 4865 lnjnstitiam
1224 4788 1466 4861 cogitavit
1493 4787 1673 4859 lingua
1700 4795 1810 4841 tua.
1833 4782 2102 4855 Cogitatio

505 4887 833 4958 sapientium
908 4883 1081 4941 corde
1139 4882 1467 4955 concipitur,
1538 4892 1593 4937 et
1655 4894 1751 4936 ore
1808 4876 2099 4950 profertur.

507 4980 647 5037 Nam
675 4980 729 5037 in
760 4996 854 5037 ore
898 4979 1194 5036 stultorum
1214 5019 1230 5047 ,
1277 4991 1376 5034 cor
1405 4990 1619 5032 eorum.
1665 4973 1748 5030 Ae
1776 4972 1821 5029 si
1853 4971 2099 5028 diceret:

507 5072 629 5131 Non
663 5073 912 5129 tractavit
938 5069 1128 5139 corde,
1162 5069 1305 5141 quod
1336 5068 1505 5123 vomit
1536 5081 1603 5124 ex
1647 5080 1784 5122 ore:
1817 5064 1940 5121 ideo
1981 5061 2102 5120 hare

512 5165 583 5220 ad
623 5165 1012 5236 cogitationem
1040 5161 1241 5219 detulit
1266 5161 1485 5232 lingum.
1515 5158 1616 5216 Vel
1648 5159 1737 5215 hic
1785 5158 1969 5230 lingua
2001 5171 2101 5228 pro

507 5258 679 5315 corde
705 5258 963 5329 ponitur:
993 5254 1298 5314 secundum
1326 5252 1500 5310 illud:
1532 5252 1611 5309 Tu
1634 5251 1821 5308 dixisti
1850 5251 1904 5307 in
1934 5249 2101 5307 corde

508 5360 627 5419 tuo,
658 5351 717 5407 in
742 5350 941 5408 caelum
987 5347 1307 5414 ascendam,
1353 5361 1524 5417 super
1554 5356 1703 5401 astra
1731 5343 1857 5401 coeli
1903 5357 2100 5414 ponam

509 5442 697 5501 sedem
737 5457 949 5511 meam,
999 5442 1056 5498 in
1107 5450 1301 5499 monte
1346 5439 1692 5506 testamenti,
1744 5439 1799 5493 in
1836 5435 2104 5493 lateribus

509 5534 816 5608 aquilonis:
864 5534 1161 5592 ascendam
1208 5548 1376 5605 super
1425 5532 1773 5588 altitudinem
1823 5530 2097 5587 nubium:

507 5628 706 5685 similis
752 5643 848 5684 ero
900 5628 1182 5684 Altissimo
1237 5625 1405 5700 (Isai.
1459 5624 1604 5698 xm).
1646 5625 1793 5681 Sicut
1837 5623 2097 5680 novacula

508 5729 683 5787 acuta,
704 5720 868 5792 fecisti
888 5719 1090 5775 dolum.
1119 5718 1284 5777 Dolus
1306 5728 1390 5777 est
1415 5733 1539 5775 cum
1559 5718 1704 5774 aliud
1728 5717 1927 5789 agitur,
1950 5717 2094 5773 aliud

503 5811 816 5871 simulatur.
861 5811 927 5867 Et
979 5810 1248 5869 novacula
1291 5810 1336 5868 si
1387 5810 1654 5869 assimilet
1699 5824 1862 5883 agere
1910 5808 2093 5868 vultus

2204 4688 2423 4756 debunt,
2450 4686 2554 4742 hoc
2579 4694 2693 4754 est,
2722 4684 3029 4756 intelligent
3056 4698 3252 4740 eorum
3286 4699 3505 4756 poenam
3530 4699 3545 4739 :
3572 4692 3616 4740 et
3638 4682 3759 4736 time-

2205 4783 2360 4852 bunt,
2411 4781 2553 4836 sicut
2597 4789 2817 4836 sanctus
2860 4777 3063 4833 Paulus
3115 4776 3287 4834 dicit:
3332 4776 3476 4834 Vide
3526 4791 3591 4833 ne
3629 4784 3679 4831 et
3715 4780 3760 4827 tu

2206 4876 2433 4932 tcnteris
2463 4871 2665 4947 (Galat.
2694 4872 2795 4945 vt).
2825 4871 2925 4928 Vel
2947 4914 2962 4940 ,
2999 4871 3284 4926 timebunt:
3312 4870 3368 4927 id
3399 4881 3516 4938 est,
3549 4868 3761 4926 nescieut

2204 4970 2410 5027 exitum
2463 4969 2701 5023 illorum.
2752 4964 2911 5024 Unde
2958 4964 3166 5021 dictum
3216 4973 3348 5023 est:
3402 4965 3585 5023 Nescit
3624 4963 3760 5018 homo

2204 5065 2368 5121 linem
2398 5077 2557 5119 suum
2590 5059 2819 5134 (Eccles.
2848 5059 2954 5130 ix).
2985 5057 3201 5127 Adhuc,
3238 5057 3305 5114 Et
3334 5076 3493 5131 super
3514 5075 3622 5115 eum
3646 5055 3761 5110 ride-

2202 5156 2350 5212 bunt.
2381 5155 2497 5211 Duo
2529 5164 2775 5225 tempora
2801 5161 2965 5208 sunt:
2995 5150 3237 5223 Tempus
3267 5151 3472 5221 ﬂendi,
3503 5161 3555 5208 et
3577 5160 3762 5220 tempus

2204 5249 2442 5307 ridendi.
2493 5249 2590 5304 Hic
2620 5247 2825 5303 habent
2853 5245 3028 5302 sancti
3060 5254 3282 5317 tempus
3312 5246 3509 5313 ﬂendi.
3538 5257 3590 5303 et
3616 5244 3665 5300 in
3692 5241 3761 5296 fu-

2207 5349 2328 5398 turo
2360 5353 2575 5412 tempus
2621 5338 2859 5396 ridendi.
2901 5336 2969 5392 Et
2999 5337 3171 5393 dicent
3193 5353 3213 5393 :
3242 5355 3359 5396 ecce
3386 5338 3537 5395 homo
3563 5336 3647 5410 qui
3670 5347 3759 5387 nos

2207 5436 2379 5508 posuit
2404 5434 2573 5490 Deum
2610 5433 2908 5506 adjutorent
2932 5448 3081 5487 suum
3106 5448 3126 5488 :
3152 5432 3245 5488 sed
3268 5433 3493 5503 speravit
3521 5432 3572 5486 ia
3598 5424 3758 5483 multi-

2207 5530 2387 5584 tudine
2430 5528 2733 5584 divitiarum
2773 5543 2987 5582 suarum
3013 5543 3033 5581 :
3063 5534 3110 5581 et
3155 5525 3431 5599 prrevaluit
3472 5526 3525 5582 in
3565 5521 3765 5580 υαπίιαιι

2204 5639 2319 5678 sua.
2354 5621 2482 5678 Ideo
2511 5635 2681 5692 super
2707 5635 2831 5677 eum
2862 5620 2979 5676 haec
3005 5618 3245 5675 vin'dicta
3270 5617 3565 5677 descendit.
3587 5612 3679 5671 Vel
3704 5608 3764 5665 de

2205 5715 2301 5771 illo
2342 5713 2508 5770 divite
2553 5712 2716 5782 dicit,
2764 5712 2855 5784 qui
2904 5711 2958 5768 in
3002 5710 3218 5769 inferno
3261 5713 3627 5785 torquebatur,
3651 5703 3761 5777 quia

2202 5809 2348 5866 bona
2376 5816 2666 5882 receperat
2709 5807 2764 5865 in
2806 5806 2919 5864 vita
2950 5821 3047 5865 sua
3079 5805 3246 5878 (Luc.
3292 5807 3460 5879 xvi):
3500 5812 3551 5864 et
3588 5800 3653 5859 de
3678 5795 3761 5853 illo
