3944 6334
195 378 292 437 971

1180 370 1610 429 BREVIARIUM
1651 371 1716 428 IN
1759 370 2094 432 PSALMOS.
2139 370 2387 429 PSALM.
2437 372 2544 429 LII.

3367 372 3476 432 978

199 493 296 548 alio
321 490 403 546 cui
430 489 596 545 dicit:
645 489 818 547 Stulte
841 531 855 554 ,
900 487 1002 544 hac
1032 496 1190 546 nocte
1220 489 1456 545 animam
1503 497 1650 543 tuam
1678 502 1767 544 re-
1796 506 1852 568 Α
1872 488 2126 559 insipiens
2148 533 2163 557 ,
2197 487 2434 559 populus
2462 487 2724 544 Judaicus
2747 530 2761 554 ,
2793 489 2906 545 sive
2948 488 3198 546 diabolus
3220 530 3234 558 ,
3266 506 3370 545 non
3401 499 3475 545 est

196 592 427 657 petunta
457 591 546 638 te:
575 597 696 654 qua:
740 592 922 638 autem
963 583 1165 653 parasti
1211 582 1366 653 cujus
1395 590 1556 638 erunt
1600 579 1764 651 (Luc.

195 676 313 748 si)?
333 675 425 733 Sic
445 684 528 732 est
550 676 643 746 qui
667 675 768 730 sibi
799 676 1156 744 thesaurizat,
1187 687 1243 732 et
1273 691 1380 731 non
1408 683 1493 730 est
1522 675 1575 730 in
1601 673 1768 729 Deum

194 769 356 825 dives.
387 769 653 839 Numquid
681 751 883 824 malum
913 769 985 825 sit
1026 770 1246 825 divitias
1291 770 1523 838 habere,
1563 778 1770 824 tantum

194 872 246 919 ut
280 863 345 918 de
387 848 534 932 justo
578 862 918 918 habeantur:
951 871 1010 918 et
1053 862 1168 918 Dco
1213 863 1407 934 gratia:
1437 867 1768 931 referantur,

191 955 274 1027 qui
305 968 396 1009 eas
423 953 612 1010 dedit?
643 953 784 1020 Non,
817 954 913 1010 sed
946 953 1150 1009 malum
1183 965 1267 1012 est
1299 970 1452 1026 spem
1485 954 1539 1010 in
1564 953 1771 1009 divitiis

191 1062 421 1120 ponere:
454 1062 582 1102 cum
625 1047 679 1103 in
723 1047 831 1103 alio
872 1047 1085 1118 psalmo
1125 1047 1309 1104 dicat:
1355 1047 1566 1102 Divitiae
1605 1047 1649 1102 si
1689 1044 1770 1099 af-

188 1141 366 1209 ﬂuant,
396 1139 563 1196 nolite
592 1155 689 1196 cor
715 1155 994 1212 apponere
1023 1139 1198 1214 (Psal.
1224 1138 1358 1210 ut).
1387 1140 1615 1194 Divitias
1643 1139 1770 1195 licet

188 1233 375 1289 habere
403 1231 472 1287 ad
516 1235 902 1289 necessitatem
923 1275 938 1301 ,
984 1241 1041 1289 et
1071 1249 1181 1289 non
1214 1233 1340 1290 licet
1389 1232 1672 1304 possidere
1701 1248 1767 1289 ex

188 1339 384 1382 amore.
431 1325 568 1382 Nam
615 1336 668 1382 et
706 1326 1014 1396 Abraham,
1067 1337 1123 1382 et
1164 1326 1360 1398 reliqui
1393 1327 1522 1382 boni
1553 1326 1769 1383 divitias

188 1419 520 1474 habuerunt:
554 1419 649 1476 sed
675 1434 829 1490 spem
864 1421 918 1476 in
948 1420 1164 1476 divitias
1188 1435 1296 1477 non
1328 1421 1618 1476 miserunt.

248 1512 357 1586 Ego
382 1523 555 1592 autem
582 1515 712 1569 sicut
737 1514 873 1570 oliva
899 1515 1173 1587 fructifera
1196 1517 1248 1570 in
1273 1516 1447 1570 dente.
1474 1513 1766 1585 Comparat

184 1621 236 1662 se
265 1607 527 1677 propheta
555 1607 716 1664 oliva:
768 1607 1064 1664 fructifera:
1104 1624 1204 1680 per
1243 1609 1630 1681 pinguedinem
1676 1623 1765 1665 sa-

188 1700 431 1772 pientiae:
471 1709 532 1756 ut
576 1701 630 1756 in
664 1700 911 1758 Ecclesia
942 1702 1039 1758 Dei
1086 1702 1416 1772 collocatus,
1467 1702 1661 1758 vivens
1707 1703 1759 1758 in

180 1793 302 1864 legis
330 1792 615 1863 allegoria,
651 1793 973 1865 Evangelica
1004 1795 1246 1865 proferat
1278 1809 1464 1866 poma.
1494 1794 1648 1852 Unus
1676 1804 1761 1852 est

1873 581 2038 637 Deus.
2070 583 2147 638 Ac
2176 582 2220 637 si
2248 581 2416 649 dicat,
2446 597 2552 638 non
2585 591 2670 638 est
2701 581 2954 638 Christus
2984 582 3158 638 Filius
3189 583 3308 639 Dei.

1947 674 2190 746 Coi-rupti
2215 683 2357 729 sunt.
2388 675 2464 729 De
2487 675 2604 746 lege
2625 675 2784 730 bona:
2816 684 3049 730 naturae.
3082 674 3468 732 Abaminabiles

1874 767 2001 837 facti
2030 777 2170 822 sunt.
2204 765 2319 821 lIoc
2349 774 2464 833 est,
2499 765 2729 821 odibiles
2775 766 2902 821 facti
2943 776 3087 822 sunt.
3121 764 3188 820 In
3219 767 3472 838 iniquita-

1873 860 2006 914 tibus
2036 861 2167 916 suis.
2199 861 2313 916 lloc
2362 869 2446 916 est
2471 900 2486 927 ,
2530 860 2582 914 in
2610 859 2903 917 desideriis
2933 860 3069 916 suis.
3115 859 3285 916 Deum
3320 861 3474 918 stulti

1872 969 1995 1011 cum
2021 970 2116 1009 ore
2148 969 2346 1024 negare
2388 955 2506 1008 ausi
2535 969 2642 1010 non
2674 955 2815 1021 sint,
2859 953 3025 1009 corde
3057 962 3236 1010 tamen
3281 954 3478 1010 dicunt.

1872 1063 1996 1104 eum
2030 1064 2136 1103 non
2171 1063 2293 1104 esse
2321 1067 2331 1102 :
2368 1047 2421 1104 in
2451 1062 2560 1117 quo
2595 1047 2740 1103 malo
2779 1047 3074 1106 horribiles
3101 1059 3159 1104 et
3191 1047 3476 1103 abomina-

1871 1140 2011 1196 biles
2043 1140 2155 1196 Deo
2187 1142 2345 1194 fiunt.
2397 1140 2521 1195 Non
2562 1149 2637 1196 est
2666 1140 2756 1212 qui
2784 1140 2944 1212 faciat
2993 1141 3179 1196 bonum
3204 1156 3223 1195 :
3264 1157 3364 1196 non
3396 1150 3470 1196 est

1871 1250 2031 1304 usque
2073 1235 2141 1288 ad
2172 1251 2352 1289 unum.
2386 1234 2504 1290 Non
2535 1235 2604 1290 de
2651 1235 2926 1301 omnibus,
2959 1234 3055 1290 sed
3105 1234 3176 1290 de
3221 1234 3305 1289 his
3350 1248 3470 1290 om-

1878 1328 2042 1384 nibus
2090 1336 2336 1394 tantum,
2381 1328 2473 1396 qui
2519 1329 2686 1385 Deum
2729 1337 2958 1399 negant,
3002 1327 3268 1400 propheta
3295 1327 3464 1384 dicit:

1869 1421 1993 1490 quia
2022 1419 2352 1491 aliquotiens
2383 1419 2524 1476 bona
2573 1420 2900 1491 loquuntur:
2934 1435 3231 1491 numquam
3275 1429 3460 1476 tamen

1867 1511 2100 1567 faciunt.

1938 1603 2195 1661 Dominus
2225 1605 2289 1660 de
2319 1605 2446 1661 caelo
2493 1605 2762 1676 prospexit
2804 1621 2964 1674 super
2989 1604 3128 1675 ﬁlios
3161 1604 3461 1668 hominum,

1867 1712 1922 1758 ut
1950 1705 2118 1760 rideat
2147 1709 2192 1759 si
2236 1713 2309 1760 est
2359 1705 2653 1776 intelligens
2677 1751 2690 1774 ,
2723 1715 2813 1758 aut
2857 1705 3123 1776 requirens
3163 1704 3458 1760 Dominum.

1867 1797 1924 1853 Id
1965 1807 2083 1863 est,
2117 1806 2179 1853 ut
2220 1797 2497 1854 inveniret
2525 1812 2662 1867 quos
2701 1797 2970 1868 eligeret:
3019 1797 3160 1852 sicut
3187 1795 3460 1867 quondam

181 1886 314 1941 enim
369 1886 519 1942 Deus
563 1888 767 1943 veteris
823 1889 1055 1960 novique
1101 1889 1436 1945 Testamenti
1491 1890 1750 1961 prolator.
1789 1889 1918 1959 Bin
1977 1889 2257 1960 prephetis
2323 1890 2761 1960 patriarchisque
2827 1890 3000 1945 fecit:
3064 1890 3460 1961 inventumque

181 1979 317 2035 Oliva
370 1981 684 2053 fructifera,
737 1991 921 2038 sancta
981 1983 1224 2040 Ecclesia
1276 1994 1404 2040 est:
1464 1992 1523 2040 ut
1575 1984 1751 2040 illud:

179 2075 549 2148 Promptuaria
575 2092 765 2134 eorum
791 2080 973 2152 plena,
1006 2083 1306 2138 cructantia
1333 2081 1504 2148 (Psal.
1532 2085 1754 2156 cum).

176 2169 260 2226 Ilic
291 2169 340 2225 in
385 2170 590 2227 bonam
644 2180 878 2243 partem.
913 2173 1046 2231 Item
1075 2176 1218 2230 oliva
1267 2191 1374 2231 non
1426 2176 1744 2234 fructifera:

171 2261 294 2317 sicut
316 2263 391 2318 ait
420 2264 684 2336 propheta
713 2282 728 2320 :
764 2265 984 2323 Vocavit
1015 2268 1276 2324 Dominus
1307 2283 1502 2325 nomen
1548 2280 1698 2326 tuum
1725 2313 1742 2337 ,

172 2369 198 2409 a
222 2370 342 2412 voce
371 2358 609 2428 loquelae
635 2359 860 2431 grandis
890 2362 1094 2417 exarsit
1127 2363 1267 2434 ignis
1296 2365 1349 2419 in
1381 2380 1442 2420 ea
1471 2382 1486 2422 :
1521 2376 1577 2421 et
1599 2381 1750 2421 com-

1864 1991 2135 2053 tamquam
2184 1983 2467 2053 proprium
2519 1983 2860 2052 manciparet
2903 1981 3207 2037 alumnum.
3241 1980 3463 2050 PrOSpi-

1859 2089 1986 2129 cere
2015 2084 2069 2129 et
2090 2074 2294 2139 videre,
2326 2075 2632 2146 ignorantis
2659 2084 2712 2129 et
2733 2073 3032 2145 quaerentis
3058 2082 3164 2128 est.
3189 2071 3460 2142 Numquid

1861 2165 2004 2221 Deus
2034 2165 2242 2237 aliquid
2291 2166 2546 2237 ignorat?
2585 2165 2742 2232 Non,
2780 2165 2874 2220 sed
2915 2165 3043 2221 coeli
3076 2165 3252 2220 sancti
3293 2173 3460 2220 sunt:

1863 2266 1921 2313 ut
1949 2260 2024 2313 ait
2068 2259 2332 2330 prOpbeta
2367 2275 2380 2312 :
2416 2257 2549 2314 (Συειί
2599 2267 2865 2315 enarraut
2892 2259 3123 2329 gloriam
3147 2257 3245 2313 Dei
3281 2256 3452 2328 (Psal.

1859 2353 2048 2422 xvm).
2097 2351 2166 2406 Et
2218 2351 2347 2406 alibi
2399 2351 2558 2421 juxta
2607 2352 2977 2422 Apostolum:
3028 2351 3224 2407 Nostra
3275 2362 3454 2406 autem

1853 2445 2197 2502 conversatio
2225 2445 2277 2502 in
2310 2445 2467 2502 caelis
2497 2456 2582 2502 est
2613 2444 2854 2519 (Philip.
2891 2447 3022 2518 Ill):
3056 2447 3180 2517 quia
3215 2445 3449 2517 Spiritus

1851 2550 2075 2595 sanctus
2102 2539 2242 2607 facit
2290 2549 2508 2594 sanctos
2552 2554 2738 2594 amare
2780 2548 2836 2594 et
2876 2539 3106 2609 diligere
3151 2537 3352 2605 Deum,
3399 2548 3452 2594 et

1849 2633 1967 2705 ipse
2009 2634 2252 2705 Spiritus
2279 2643 2501 2690 sanctus
2530 2633 2671 2690 Deus
2703 2644 2809 2689 est.
2844 2632 3118 2704 Prospicit
3166 2632 3309 2687 Deus
3348 2646 3444 2702 per

1851 2745 1981 2786 suos
2010 2739 2263 2797 sanctos,
2312 2731 2436 2800 quia
2490 2730 2584 2785 ille
2628 2727 2921 2800 praedicat,
2970 2736 3026 2784 et
3068 2727 3310 2798 loquitur
3352 2742 3450 2798 per

1852 2822 2000 2888 illos,
2057 2833 2115 2878 ut
2167 2823 2432 2877 Dominus
2485 2822 2605 2877 ait:
2660 2821 2779 2878 Non
2839 2822 2986 2877 enim
3027 2837 3125 2878 vos
3172 2821 3305 2877 estis
3355 2821 3447 2892 qui

1851 2913 2159 2984 loquimini,
2217 2913 2312 2969 sed
2343 2913 2580 2984 Spiritus
2612 2913 2792 2970 Patris
2825 2913 3031 2982 vestri,
3065 2914 3159 2986 qui
3208 2914 3448 2984 loquitur

1851 3004 1905 3060 in
1938 3005 2088 3060 vobis
2121 3005 2345 3078 (Matth.
2380 3004 2471 3075 χ).

174 2449 312 2506 busta
339 2459 472 2506 sunt
492 2451 691 2510 frnteta
725 2453 842 2526 ejus
873 2453 1082 2528 (Jerem.
1110 2457 1211 2529 χι).
1245 2459 1310 2514 Ει
1340 2458 1469 2514 illud
1497 2477 1511 2514 :
1539 2459 1749 2517 Olivam

173 2545 410 2614 uberem,
447 2547 752 2618 pulchram,
785 2549 1158 2616 fructiferam,
1191 2553 1494 2624 speciosam
1521 2553 1745 2628 (Ibid.,\;

172 2637 253 2692 sed
270 2653 539 2694 conversa
569 2655 630 2696 es
662 2642 713 2697 in
739 2641 1060 2702 oleastrum.
1081 2643 1212 2699 Item
1234 2643 1287 2700 in
1316 2646 1515 2701 bonam
1540 2659 1747 2717 partem

171 2727 323 2784 dicit:
356 2730 435 2785 Tu
483 2739 664 2787 autem
695 2747 818 2788 cum
849 2733 1094 2792 oleaster
1125 2751 1308 2802 esses,
1341 2738 1578 2794 insertus
1602 2754 1662 2794 es
1693 2740 1747 2796 in

173 2819 349 2877 bonam
377 2823 578 2878 olivam
615 2824 806 2896 (Rom.
840 2829 930 2898 ιι)
962 2844 976 2882 :
1010 2827 1062 2882 id
1085 2837 1199 2894 est,
1232 2829 1286 2884 in
1323 2830 1482 2886 fidem
1518 2834 1749 2900 patriar-

169 2915 400 2973 charum.
435 2917 656 2992 Speraui
693 2920 746 2974 in
778 2921 1130 2976 misericordia
1166 2923 1259 2978 Dei
1288 2924 1340 2978 in
1381 2932 1667 2994 aeternum,
1697 2936 1748 2983 et

167 3008 216 3062 in
242 3009 488 3065 swculum
513 3012 713 3067 saeculi.
740 3011 880 3079 Quia
911 3027 1018 3068 non
1049 3025 1132 3070 est
1157 3013 1406 3071 humanae
1437 3017 1749 3089 fragilitatis

169 3099 399 3170 facultas,
438 3112 502 3157 ut
530 3117 626 3174 per
666 3118 726 3161 se
753 3104 876 3176 quis
903 3106 1086 3162 salvus
1118 3107 1229 3176 ﬁat,
1265 3109 1361 3165 sed
1402 3124 1500 3180 per
1529 3113 1748 3168 miseri-
1927 3099 2117 3156 Omnes
2153 3100 2570 3169 declinaverunt,
2596 3100 2756 3154 simul
2784 3100 3000 3156 inutiles
3044 3100 3170 3173 facti
3216 3109 3358 3156 sunt.
3389 3098 3456 3154 Ili

167 3192 389 3251 cordiam
420 3195 540 3252 Dei.
1851 3192 2203 3264 insipientes,
2232 3195 2361 3266 quia
2395 3210 2502 3250 non
2534 3196 2896 3267 requirebant
2923 3197 3091 3252 Deum
3121 3214 3132 3250 :
3160 3213 3335 3252 omnes
3357 3197 3451 3250 de-

233 3284 528 3359 Conﬁtebor
568 3291 658 3346 tibi
696 3292 752 3347 in
789 3295 1034 3350 εωειιιιιηι
1058 3298 1180 3368 quia
1208 3299 1395 3372 μείω,
1427 3299 1741 3371 Dem-emus
1777 3290 1823 3353 C
1854 3285 2206 3355 clinaverunl,
2252 3287 2304 3343 in
2343 3288 2664 3357 passiones:
2695 3289 2855 3343 simul
2892 3288 3101 3344 inutiles
3141 3290 3266 3360 facti
3308 3297 3452 3343 sunt.

171 3386 221 3432 ut
247 3379 294 3433 in
326 3381 429 3437 hoc
451 3384 685 3449 saeculo,
712 3385 856 3454 quod
883 3388 1051 3443 verbo
1080 3391 1314 3457 creasti,
1346 3392 1748 3450 confessionem

1867 3377 2072 3434 Inutilis
2121 3379 2366 3448 dicitur,
2402 3381 2499 3451 qui
2552 3397 2660 3438 non
2713 3391 2976 3452 operatur
3023 3380 3231 3452 aliquid
3277 3380 3458 3437 boni:

170 3485 386 3542 merear,
423 3485 485 3532 et
528 3475 659 3532 illud
690 3478 977 3535 clementia
1027 3482 1186 3538 solita
1229 3484 1510 3556 largiatur.
1563 3488 1630 3541 Et
1659 3506 1751 3544 eat-

1867 3471 1998 3527 ande
2027 3471 2165 3527 dicit
2195 3471 2249 3526 in
2282 3472 2628 3543 Evangelio:
2661 3471 2863 3528 Tollite
2886 3472 3152 3529 talentum
3187 3472 3256 3528 ab
3280 3487 3368 3537 eo,
3399 3481 3455 3527 et

168 3567 391 3632 spectabo
420 3584 611 3624 nomen
655 3575 1119 3644 tuum:quoninm
1161 3576 1352 3630 bonum
1397 3587 1471 3633 eu
1518 3579 1572 3632 in
1621 3595 1746 3635 εοη-
1851 3561 2103 3619 inutilem
2133 3578 2352 3618 servum
2385 3563 2638 3635 projicite
2687 3564 2742 3618 in
2799 3564 3062 3619 tenebras
3103 3564 3450 3630 exteriores;

167 3669 332 3727 spectu
355 3673 660 3717 sanctorum
690 3672 918 3722 tuorum.
967 3666 1174 3724 Nomen
1219 3671 1351 3726 illud
1393 3681 1523 3728 ante
1552 3682 1748 3729 cuncta

1873 3655 1924 3711 bi
1964 3657 2068 3711 erit
2108 3655 2272 3711 ﬂetus
2309 3666 2364 3713 et
2415 3655 2618 3712 stridor
2659 3657 2903 3712 dentium
2943 3655 3121 3730 (Matt.
3158 3657 3316 3728 xxv).
3359 3657 3448 3712 Si-

168 3754 352 3809 sacula
399 3755 792 3823 benedictum,
842 3761 984 3830 quod
1036 3762 1213 3817 reddit
1257 3765 1462 3820 sanctis
1502 3765 1748 3821 debitum
1852 3747 2161 3818 δίῐηειῖβείδ
2188 3758 2315 3804 ειιιιι
2361 3749 2624 3817 “tumes:
2675 3751 2766 3820 (ιυί
2821 3749 3074 3805 manda”
3117 3750 3214 3806 Dei
3264 3750 3443 3806 δαίτη-

169 3847 462 3915 praemium,
515 3849 670 3917 Quod
719 3853 982 3924 propheta
1028 3855 1222 3911 sitiens
1271 3857 1548 3927 postulat:
1594 3867 1650 3911 ιιι
1691 3859 1746 3913 in
1854 3840 2010 3910 plere
2035 3855 2140 3894 non
2176 3841 2394 3896 volunt.
2430 3840 2550 3894 Non
2575 3842 2763 3912 estqui
2791 3842 2952 3912 faciat
2983 3841 3172 3896 bonum
3203 3857 3223 3896 :
3249 3853 3448 3898 nonest

167 3952 450 4013 conspectu
487 3943 610 4014 ejus
627 3955 846 4002 aeternae
878 3947 1232 4006 beatitudinis
1254 3951 1488 4021 accipiat
1516 3961 1746 4006 sortem.
1852 3949 2012 4002 “squ?
2037 3933 2104 3985 αι(
2134 3948 2317 3987 “"um-
2345 3931 2536 3988 Νυηιιε
2563 3932 2712 3988 enim
2739 3949 2806 3990 εκ
2845 3933 2928 3988 his
2973 3933 3168 4005 ίωΡῙεῑ
3195 3934 3451 3989 "imma-

165 4031 255 4100 Qui
278 4036 438 4092 nobis
468 4047 730 4108 praestare
762 4040 1035 4112 dignetur,
1059 4052 1117 4098 ut
1137 4043 1206 4098 ab
1227 4046 1380 4099 omni
1406 4043 1536 4099 dolo
1564 4044 1744 4109 liberi,

1867 4036 1960 4080 Lem
1996 4024 2180 4079 Patris
2206 4025 2474 4081 cmlestis.

166 4125 225 4180 ab
261 4131 406 4184 omni
457 4130 748 4201 iniquitate
795 4134 1067 4202 mundati,
1111 4135 1306 4191 Filium
1343 4137 1433 4191 Dei
1478 4136 1745 4207 aequalem

1924 4116 2117 4172 Nonne
2145 4127 2452 4190 cognoscent
2474 4135 2648 4174 omnes
2665 4121 2757 4192 qui
2775 4131 3056 4193 aper-antur
3079 4120 3401 4191 iniquitatem
3426 4135 3445 4173 :

165 4214 296 4274 Patri
327 4220 664 4294 Spirituique
709 4237 902 4280 sancto
945 4226 1204 4295 confessi,
1255 4243 1564 4284 mereamur
1606 4228 1747 4283 sicut
1847 4210 1935 4281 qui
1965 4209 2211 4264 ἀενοναηί
2238 4211 2435 4283 Plebem
2467 4228 2630 4265 meam
2657 4213 2791 4267 δέεαι
2837 4230 3006 4268 “cum
3036 4213 3222 4286 Panis?
3271 4212 3443 4267 Dem"

163 4309 288 4367 oliva
321 4312 610 4370 fructifera
643 4317 695 4373 in
726 4317 1028 4374 Jerusalem
1060 4317 1274 4376 ’ccelesti
1305 4320 1561 4391 plantari.

714 4410 1032 4470 PSALMUS
1067 4413 1181 4468 LII.

165 4491 238 4578 1η-
249 4498 426 4578 ﬁnem,
465 4515 560 4572 pro
593 4501 862 4570 Amalech,
893 4503 1185 4578 intellectus
1220 4505 1320 4578 ipsi
1352 4504 1538 4559 David.
1581 4507 1748 4562 Ama-

1851 4317 1955 4355 non
1985 4301 2367 4356 invocaverunt.
2392 4300 2746 4375 Cognoscunt
2785 4306 2929 4361 enim
2969 4321 3027 4360 se
3055 4306 3223 4376 impie
3258 4320 3447 4377 agere,

1853 4403 1905 4448 et
1938 4409 2046 4448 non
2075 4393 2248 4449 solum
2275 4410 2382 4450 non
2413 4395 2744 4465 emendant,
2781 4396 2878 4451 sed
2909 4396 3074 4452 etiam
3119 4397 3217 4453 Dei
3274 4413 3452 4469 popu-

1853 4487 1963 4542 lum
1990 4487 2256 4543 devorant
2283 4489 2542 4546 dentibus
2565 4491 2788 4545 malitim
2811 4505 2958 4549 suae:
2992 4491 3271 4562 Deumque
3296 4491 3453 4547 invo-

225 4570 341 4656 lcch
397 4570 842 4656 interpretatur”,
882 4584 919 4656 ξιΔ
953 4576 1173 4656 dolens,
1229 4570 1343 4656 sive
1399 4578 1694 4656 parturiens
1726 4595 1744 4632 :
1852 4595 1978 4637 care
2001 4590 2381 4637 contemnunt.
2419 4581 2542 4638 Illic
2572 4585 2966 4656 trepidaverunt
2995 4586 3201 4653 timore,
3228 4586 3316 4640 ubi
3344 4602 3451 4641 non

224 4643 1111 4740 ﬁgitfigit:9I-lljffilllitiiligjIlli-Ei
1141 4643 1737 4740 [ἾἮιξριιέ-ξοιξιιίῑᾉρςο
1767 4679 1820 4740 1)
1845 4680 1952 4726 erat
1999 4673 2173 4728 timor.
2217 4673 2366 4730 Idola
2411 4690 2474 4731 ac
2500 4643 2794 4732 simulacra
2833 4687 3050 4734 mortua
3094 4643 3393 4736 timuerunt
3431 4697 3446 4734 :

225 4719 470 4780 peccatis
503 4719 700 4768 nostris
729 4735 740 4769 :
775 4719 902 4785 quia
928 4733 1112 4772 verum
1139 4733 1339 4788 corpus
1369 4719 1490 4784 fuit,
1523 4729 1577 4776 et
1611 4735 1736 4790 par-
1767 4719 1818 4740 ν
1846 4719 1950 4778 ””.’
2159 4719 2173 4728 ’
2201 4719 2366 4779 .”““”“
2411 4719 2474 4731 “”
2500 4719 2794 4732 ”’“’“’“”“’”
2833 4719 3050 4734 “’“”“““
3095 4719 3393 4736 ”“’“”’““’”
3432 4723 3446 4734 ’

228 4785 413 4837 turivit
445 4784 607 4837 filios.
657 4787 721 4837 Et
762 4786 1004 4837 Ecclesia
1052 4803 1254 4837 cornus
1299 4789 1536 4837 ChristL
1587 4791 1741 4837 dnlnt
1847 4781 1939 4837 qm
1973 4766 2142 4821 Deum
2176 4777 2375 4824 “mere
2402 4769 2731 4825 debueram-

228 4785 413 4839 turivit
445 4784 607 4859 filios.
657 4787 721 4841 Et
762 4786 1004 4842 Ecclesia
1052 4784 1254 4859 corpus
1299 4789 1536 4856 Christi,
1587 4784 1741 4847 dolet

1924 4858 2184 4925 Quoniam
2218 4859 2357 4913 Deus
2387 4861 2657 4933 dissipavit
2687 4878 2805 4917 ossa
2841 4879 3050 4934 eorum,
3085 4864 3174 4934 qui
3219 4863 3452 4918 homini-

227 4869 321 4924 pro
350 4857 596 4942 peccatis
625 4859 777 4942 suis,
804 4861 1115 4941 etaliorum
1136 4857 1743 4942 ,‘e.t_parturivit_filios

229 4941 323 4994 per
351 4929 578 4982 verbum
612 4929 1017 4997 praedicationis
1045 4949 1058 4986 :
1108 4942 1169 4985 ut
1211 4929 1385 4985 illud:
1420 4932 1526 4987 Per
1558 4933 1742 4988 Evan-

225 4997 423 5072 gelium
459 5013 565 5072 ego,
591 5014 689 5055 vos
714 5002 871 5068 genui
902 5001 952 5071 (ι
979 5000 1101 5057 Cor.
1136 5002 1234 5072 tv).
1263 5002 1332 5057 Et
1360 5003 1490 5058 item
1519 5022 1531 5058 :
1565 5003 1744 5058 Filioli

1867 4948 1946 5002 ius
1976 4948 2202 5020 placent.
2231 4948 2489 5007 Conteret
2522 4953 2668 5007 enim
2704 4969 2860 5024 spem
2898 4957 3220 5012 aeternitatis
3255 4970 3454 5012 eorum

1867 5043 1998 5072 nn...
2062 5046 2149 5072 ηυξ
2183 5047 2237 5072 ι..
2271 5046 2385 5072 -2..-
2417 5049 2803 5072 ,.,....ι......ιε..Δ
2844 5052 3015 5072 _.-_:_
3046 5051 3151 5072 ,ξιξ
3187 5067 3335 5072 ___-__-
3369 5051 3450 5072 επις

227 5041 352 5141 tua,
381 5041 522 5139 qua;
544 5041 1746 5141 ἐιετῐιῖιᾌὶιίιὸὲεῐἴίόηὲέὶοῖὲηὲἴιὶἰῖάιῖιηὲζιῑιὲ
1859 5043 2025 5141 Deus,
2059 5046 2150 5115 qui
2183 5046 2386 5141 insitis
2415 5049 2806 5141 ςοηιυιιιειίαιη
2844 5052 3017 5123 matis
3044 5051 3152 5106 sibi
3180 5067 3340 5122 suam
3369 5051 3453 5107 ίιιί

1863 5135 2211 5208 placuerunt.
2242 5139 2359 5194 Silii
2384 5139 2664 5210 placentes
2693 5142 2910 5197 confusi
2938 5150 3086 5209 sunt,
3116 5141 3169 5196 id
3200 5151 3316 5210 est,
3364 5142 3461 5212 qui

1864 5226 2180 5284 hominibus
2208 5229 2450 5301 placent,
2480 5243 2532 5287 et
2561 5247 2666 5288 non
2698 5233 2834 5289 Deo.
2865 5232 3088 5305 Confusi
3136 5242 3257 5289 sunt
3283 5274 3299 5300 ,
3329 5249 3459 5304 quo-

227 5138 280 5194 in
311 5138 473 5213 vobis
503 5140 704 5213 (Galat.
739 5138 841 5212 tv).
867 5143 967 5198 Hic
1000 5145 1240 5213 psalmus
1286 5159 1473 5199 vocem
1503 5148 1748 5202 continet

229 5211 522 5282 prophetae
557 5211 868 5282 peccatores
921 5211 1084 5285 atque
1122 5215 1318 5284 impios
1360 5216 1716 5298 increpantis.

1867 5323 2006 5377 niam
2033 5322 2175 5380 Deus
2203 5325 2394 5397 sprevit
2422 5341 2528 5381 eos.
2573 5323 2768 5383 Merito
2815 5326 3099 5397 spernitur
3144 5339 3176 5380 a
3211 5325 3325 5381 Deo
3363 5326 3463 5398 qui

230 5300 377 5358 Dixit
426 5305 676 5377 insipiens
704 5305 758 5360 in
801 5307 957 5361 corde
983 5323 1076 5362 suo
1097 5325 1116 5364 :
1143 5324 1249 5361 non
1277 5317 1354 5363 est
1400 5306 1565 5364 Deus.
1601 5309 1756 5368 Dixit

231 5448 256 5476 α
294 5440 556 5496 Amalech
601 5456 796 5497 nomen
831 5458 930 5498 nec
961 5444 1014 5496 in
1050 5443 1279 5500 Hebrmo
1305 5459 1406 5499 nec
1448 5446 1501 5499 in
1547 5446 1742 5504 Grmco

167 5518 253 5587 aut
281 5510 478 5587 Latino
506 5521 593 5587 est
635 5521 806 5568 textu.
858 5513 1222 5587 Scriptionem
1265 5530 1480 5586 quoque
1510 5519 1746 5576 nominis

168 5583 274 5649 ipsa
323 5584 508 5637 statim
540 5583 916 5654 interpretatio
947 5583 1157 5654 rejieit,
1188 5583 1313 5640 nam
1358 5583 1604 5641 Amalech
1637 5605 1746 5646 non

168 5655 537 5730 parturientem
563 5655 1356 5730 interpretaturHieronymus,
1381 5659 1474 5713 sed
1500 5659 1752 5730 pepulum

169 5722 506 5790 lambentem,
531 5735 636 5780 etc.
670 5722 1059 5798 corrigendum
1092 5722 1252 5800 vul'go
1299 5722 1578 5798 putant'in'
1624 5731 1750 5788 Ma-

170 5812 696 5894 c_halath,__Hebrai_ce
715 5800 918 5894 nam,
951 5826 1045 5873 aut
1069 5818 1320 5894 Maeleth,
1343 5829 1399 5875 ut
1425 5820 1600 5876 Latini
1629 5825 1750 5894 qui-

171 5883 286 5941 dam
309 5887 528 5945 codices
551 5887 768 5946 habent.
791 5883 1104 5962 Sed'neque
1125 5890 1268 5949 istud
1294 5883 1494 5950 nomen
1522 5883 1750 5965 exponit

1855 5460 1914 5516 S.
1963 5461 2154 5534 doctor
2185 5464 2590 5532 parturientem,
2639 5465 2767 5534 quin
2819 5465 3004 5534 potius
3051 5466 3307 5532 chorum,
3358 5480 3460 5522 seu

1854 5531 2221 5604 symphoniam
2242 5578 2257 5604 ,
2300 5544 2357 5589 ut
2388 5537 2440 5591 in
2473 5536 2637 5606 epist.
2656 5531 2736 5590 ’21
2758 5578 2772 5601 ,
2805 5531 2871 5592 ad
2916 5537 3212 5592 Damasum
3243 5536 3312 5592 de
3342 5537 3462 5593 lilio

1855 5625 2106 5698 prodigo.
2150 5629 2217 5683 Et
2255 5645 2386 5686 vero
2419 5613 2601 5698 51m,
2633 5630 2869 5687 Chorum
2909 5630 3207 5696 denotare,
3240 5637 3460 5686 constat

1859 5732 1921 5789 ps
1937 5717 2066 5774 alm.
2091 5735 2271 5789 cxux,
2305 5723 2338 5775 5
2365 5730 2414 5776 et
2438 5722 2590 5786 alibi,
2623 5738 2652 5776 a
2679 5723 2862 5779 radice
2888 5705 3008 5788 ιἹΊΠ.
3044 5722 3259 5778 saltare.
3298 5719 3457 5788 Ουοά

1860 5789 1904 5841 si
1937 5794 2303 5866 parturientem
2335 5791 2680 5866 interpretari
2715 5803 2996 5866 oporteat,
3025 5807 3055 5850 ει
3083 5791 3224 5849 Chul
3253 5791 3454 5850 deﬂec-

1865 5859 2022 5915 tenda
2051 5861 2120 5916 sit
2150 5864 2386 5920 nominis
2411 5859 2765 5935 etymologia:
