3954 6340
188 329 284 387 981

1133 332 1564 390 ΜὶΕὟΙΑΒΙυΜ
1603 332 1671 390 IN
1712 330 2044 393 PSALMOS.
2086 335 2334 395 PSALM.
2381 336 2513 394 LIV.

3377 344 3485 405 98'!

186 464 279 522 per
301 450 543 507 inimicos
573 466 710 505 meos
737 451 969 523 despexit
1000 450 1181 507 oculus
1208 467 1375 507 meus.
1421 450 1556 520 Quia
1580 450 1788 507 oratio-
1812 451 1868 513 Α
1893 452 1988 508 sed
2010 454 2211 511 virtute
2235 454 2416 512 divina
2452 455 2819 513 coniortatum
2843 466 2944 512 est.
2976 456 3110 512 Nam
3155 466 3211 514 ct
3238 460 3485 529 angelus,

185 558 312 600 nem
356 542 623 600 mundam
671 542 810 600 fudit
858 544 911 599 in
949 544 1221 615 principio
1265 544 1505 616 psalmi:
1551 544 1675 600 ideo
1730 555 1792 600 ut
1890 545 2069 616 inquit
2109 546 2477 617 Evangelista,
2509 548 2777 603 accedens
2805 548 3151 605 cr.nfortabat
3176 564 3298 606 eum
3328 549 3485 623 (Luc.

184 640 330 696 Dens
353 639 542 694 omnia
585 639 925 709 praevidens,
973 649 1224 709 ereptum
1270 653 1329 694 se
1355 654 1384 692 a
1420 637 1787 694 tribulationi-

182 732 283 790 bus
315 741 375 788 et
412 732 664 787 inimicos
702 730 994 802 despectos
1033 731 1373 803 inspectione
1402 742 1629 800 paterna
1660 743 1789 802 pro—

181 825 401 882 nuntiat
435 842 446 878 :
476 824 693 883 scilicet
723 837 778 880 ut
808 823 901 880 illa
927 840 1055 880 eum
1085 825 1363 896 intelligas
1400 838 1636 895 regnare
1689 838 1785 893 pou-

182 919 375 987 teutia,
406 919 536 991 quia
571 912 696 989 post
718 917 1183 974 resurrectionem
1215 917 1393 974 victor
1419 918 1688 974 remeavit
1715 915 1784 973 ad

181 1022 349 1067 astra.
374 1012 551 1080 Quem
578 1026 681 1068 nos
709 1011 986 1082 supplices
1015 1011 1408 1083 deprecamur,
1443 1021 1502 1067 ut
1532 1011 1650 1081 ejus
1689 1011 1785 1067 ad-

178 1105 384 1176 juturio
415 1104 485 1159 ab
515 1105 752 1161 inimicis
776 1106 996 1172 salvati,
1022 1123 1050 1159 a
1076 1106 1524 1162 tribulationibus
1557 1106 1786 1161 munda-

182 1199 264 1254 nis
292 1198 495 1266 erepti,
528 1198 708 1269 ipsum
755 1206 921 1268 caput
968 1207 1215 1254 nostrum
1264 1198 1550 1254 Dominum
1592 1198 1782 1255 Jesum

180 1290 457 1347 Christum
481 1306 645 1363 quem
675 1292 728 1347 in
755 1293 913 1348 caelis
939 1293 1290 1363 suspicimus,
1321 1301 1503 1349 mente
1531 1303 1585 1349 et
1616 1307 1782 1364 opere

183 1397 597 1454 prosequamur.

732 1476 1053 1536 PSALMUS
1092 1478 1225 1535 LIV.

180 1570 243 1624 In
265 1570 448 1639 ﬁnem,
469 1570 524 1624 in
551 1570 865 1625 caminibus
889 1570 1175 1626 intellectus
1214 1568 1404 1627 David.
1431 1568 1498 1624 In
1518 1570 1692 1639 ﬁnem,
1723 1566 1777 1639 in

246 1638 472 1713 Christo
502 1659 512 1694 :
551 1651 607 1695 ut
637 1642 769 1696 illud
799 1662 810 1695 :
859 1641 1007 1697 Finis
1041 1644 1190 1698 enim
1244 1643 1379 1713 legis
1413 1638 1661 1696 Christus
1709 1638 1777 1694 ad

240 1712 691 1784 jttstitiamiomni
722 1714 964 1767 credenti
995 1714 1172 1784 (Rom.
1210 1715 1283 1783 χ).
1304 1712 1387 1771 ίΙη
1410 1714 1599 1784 ﬁnem,
1629 1725 1772 1766 sem-

248 1799 344 1853 per
368 1781 694 1855 deChristo
742 1784 1085 1855 intelligitur.
1119 1781 1274 1855 Unde
1312 1794 1369 1841 et
1410 1781 1589 1855 sancti
1642 1795 1775 1849 apo-

1889 636 2053 707 xsn).
2110 637 2177 691 Et
2208 640 2455 710 formido
2503 641 2685 694 mortis
2734 640 2917 695 cecidit
2957 655 3114 711 super
3148 656 3249 695 me.
3292 641 3485 699 Timor

1886 730 2101 796 aninue,
2153 740 2208 785 et
2251 744 2458 786 tremor
2500 731 2767 802 corporis.
2819 731 2998 786 Timor
3042 740 3091 786 et
3140 742 3330 789 tremor
3348 734 3487 789 venit

1886 839 2043 895 super
2079 839 2179 878 me.
2231 824 2509 896 Siquidem
2549 825 2668 895 ipse
2717 824 2853 879 dixit
2887 843 2898 879 :
2932 824 3129 879 Tristis
3176 832 3263 881 est
3301 826 3485 882 anima

1886 929 2008 970 mea
2030 930 2204 986 usque
2225 916 2291 971 ad
2321 927 2551 973 mortem
2596 916 2795 989 (Marc.
2829 915 2995 989 xxvi).
3022 916 3375 972 Conteserunt
3404 933 3483 973 me

1885 1006 2126 1062 tenebris.
2154 1006 2420 1064 Tenebrae
2462 1008 2717 1064 dicuntur
2745 1008 2871 1063 mali
2918 1009 3187 1072 homines,
3226 1008 3319 1079 qui
3351 1022 3480 1079 per-

1884 1111 2187 1168 sequuntur
2217 1101 2541 1168 Ecclesiam,
2574 1110 2628 1158 et
2656 1101 2745 1172 qui
2784 1109 2978 1172 tegunt
3009 1101 3182 1171 ipsam
3223 1099 3277 1155 in
3327 1100 3478 1169 odio,

1883 1194 2008 1264 quia
2039 1194 2130 1265 qui
2159 1194 2275 1250 odit
2298 1194 2519 1251 fratrem
2542 1211 2722 1263 suum,
2748 1195 2804 1250 in
2839 1195 3083 1251 tenebris
3107 1204 3213 1251 est.
3245 1193 3317 1249 Et
3344 1210 3475 1249 con-

1883 1297 2119 1343 texerant
2169 1304 2250 1342 me
2298 1289 2517 1345 tenebrae
2554 1308 2568 1345 :
2615 1289 2711 1345 sed
2740 1290 2863 1361 quia
2896 1289 2989 1344 lux
3013 1304 3187 1358 eram,
3232 1304 3341 1345 non
3388 1301 3477 1345 me

1879 1379 2437 1449 comprehenderunt.

1952 1471 2022 1525 Et
2050 1471 2160 1527 dixi
2192 1488 2211 1527 :
2236 1474 2353 1544 quis
2379 1472 2523 1526 dabit
2558 1471 2687 1527 mihi
2714 1488 2911 1544 pennas
2939 1474 3073 1528 sicut
3111 1473 3402 1529 columbis?
3427 1482 3478 1529 et

1881 1563 2081 1629 volabo,
2116 1573 2166 1617 et
2210 1565 2547 1635 requiescam.
2578 1563 2695 1619 Non
2725 1564 2928 1636 abalio
2972 1577 3242 1620 summam
3291 1565 3476 1621 evola-

1883 1658 2083 1713 tionem
2107 1656 2401 1713 evadendas
2428 1656 2642 1721 mortis,
2668 1656 2772 1711 nisi
2800 1671 2830 1711 a
2863 1672 2951 1712 me
2974 1656 3115 1726 ipso.
3140 1657 3472 1714 Potestatem

1882 1750 2061 1805 habeo
2088 1748 2328 1819 ponendi
2361 1751 2601 1804 animam
2634 1762 2835 1817 meam,
2866 1758 2922 1803 et
2944 1755 3267 1818 potestatem
3294 1748 3473 1805 habeo

244 1835 707 1910 iniustitiae}
742 1835 971 1910 sanati»;
987 1835 1272 1913 3'51;st
1318 1835 1771 1919 lanistas-an,
1806 1835 1850 1895 Β
1881 1843 2077 1898 iterum
2122 1841 2379 1897 sumendi
2426 1855 2545 1897 eam
2579 1860 2590 1895 :
2644 1849 2703 1895 ut
2740 1840 2809 1896 de
2851 1839 3094 1895 tenebris
3125 1840 3191 1894 ad
3232 1840 3478 1896 εωιθειῖι

244 1934 298 1999 et
325 1924 725 1999 sufﬁcit‘nobis
745 1926 930 1999 (Joan.
961 1929 1099 1999 xtv).
1133 1926 1439 1999 Non_potes
1468 1926 1645 1999 legem
1681 1925 1775 1978 int-

247 1997 416 2065 plere,
448 1994 553 2050 nisi
596 1997 666 2051 ab
714 1994 832 2066 ipso
888 1994 1204 2065 impleatur.
1250 1997 1439 2053 Omnis
1492 1995 1772 2065 Scriptura

242 2075 429 2123 sancta
449 2067 624 2122 deillo
643 2077 748 2123 est.
776 2067 840 2122 In
858 2070 1193 2133 carminibus,
1216 2069 1383 2134 idest,
1401 2070 1451 2122 in
1478 2067 1724 2121 laudibus
1758 2084 1769 2117 :

241 2140 394 2194 Sicut
419 2140 666 2194 carmina
695 2140 882 2194 saeculi
915 2148 1079 2204 sunt,
1110 2141 1189 2195 sic
1218 2148 1274 2195 et
1302 2137 1543 2195 carmina
1586 2136 1773 2192 Eccle-

243 2211 337 2265 siae
368 2227 381 2263 :
407 2208 554 2265 unde
584 2210 703 2265 laus
733 2210 824 2265 Dei
844 2219 1126 2266 cantatur:
1154 2219 1211 2264 et
1229 2211 1540 2266 consolatio
1555 2216 1769 2264 sancto-

244 2297 362 2335 rum
393 2288 497 2353 est_
517 2300 539 2353 :_
558 2283 682 2352 quia
706 2282 908 2353 dictum
941 2292 1026 2337 est
1054 2301 1066 2335 :
1107 2281 1264 2336 Tunc
1297 2282 1429 2353 justi
1456 2352 1461 2353 ί
1487 2278 1773 2353 fulgebunt

241 2353 384 2424 sicut
415 2351 502 2424 sol
525 2350 779 2424 inrcgno
814 2351 986 2407 Patris
1032 2368 1220 2408 eorum
1256 2350 1773 2424 :asqualcsangelis

242 2421 462 2495 (Matth.
499 2422 636 2495 xix).
658 2421 1124 2495 Psaltnusvocem
1157 2421 1405 2479 continet
1433 2421 1766 2486 Mcdiatoris,

242 2494 489 2563 quicum
523 2494 669 2550 Deus
694 2504 864 2559 esset,
899 2494 1130 2551 formam
1173 2495 1428 2550 servilem
1459 2507 1558 2563 pro
1584 2501 1770 2547 nostra

244 2566 495 2621 libertate
532 2566 796 2636 suscepit.

244 2678 477 2745 Exaudi,
509 2676 675 2749 Deus,
705 2680 995 2735 orationem
1021 2695 1190 2735 meant
1210 2719 1225 2745 ,
1282 2688 1331 2733 et
1378 2694 1442 2734 ne
1468 2676 1769 2744 despereris

182 2773 581 2845 deprecationem
620 2789 824 2827 meam:
874 2774 1085 2828 intende
1134 2772 1298 2842 mihi,
1356 2782 1403 2827 et
1431 2772 1621 2826 exaudi
1666 2786 1764 2824 me.

184 2867 390 2937 Triplex
422 2865 545 2923 haec
566 2866 881 2937 deprecatio
916 2866 1042 2923 ideo
1089 2867 1396 2923 ostenditur
1428 2884 1442 2919 :
1481 2864 1624 2936 quod
1661 2864 1769 2936 pri-

183 2974 313 3015 mam
342 2959 509 3014 ltomo
543 2958 690 3015 Deus
726 2960 780 3014 in
833 2968 981 3016 statu
1017 2959 1204 3016 servili
1236 2973 1463 3014 manens
1489 3001 1504 3026 ,
1561 2974 1589 3010 a
1635 2972 1769 3012 con-

182 3052 392 3106 scientia
444 3051 758 3108 sanctitatis
822 3052 1046 3108 emittit.
1108 3052 1458 3117 Secundam,
1522 3052 1650 3120 quia
1705 3064 1766 3107 se

181 3144 524 3213 scitjustum,
546 3144 912 3200 obedientiam
943 3161 1051 3199 non
1083 3143 1292 3213 despici
1335 3142 1591 3213 postulat.
1628 3142 1763 3197 Ter-

1878 1942 2148 1989 revertar.
2193 1934 2250 1988 In
2294 1933 2547 1988 columba
2589 1941 2773 1987 autem
2830 1931 3173 2003 spiritualetn
3218 1940 3469 1987 naturam

1875 2025 2146 2095 designat,
2179 2025 2325 2081 sicut
2351 2026 2403 2080 in
2437 2025 2707 2096 baptismo
2736 2032 3018 2080 ostensum
3059 2034 3164 2080 est.
3206 2023 3471 2080 Columba

1879 2119 2112 2190 simplex
2143 2117 2343 2174 animal
2373 2126 2458 2174 est
2483 2119 2689 2187 absque
2733 2116 2888 2184 felle,
2920 2127 2976 2172 et
3006 2132 3034 2171 a
3084 2116 3290 2173 malitia
3329 2116 3472 2173 fellis

1875 2211 2116 2268 alienum
2148 2213 2312 2282 :quia
2342 2212 2591 2266 osculum
2616 2209 2901 2267 cbaritatis
2929 2210 3130 2266 anima:
3154 2210 3428 2282 signiﬁcat
3453 2228 3467 2267 :

1874 2302 2001 2373 quia
2026 2302 2271 2361 Ecclesia
2301 2301 2438 2358 duas
2462 2315 2671 2372 pennas
2694 2300 2882 2369 habet,
2908 2300 3015 2357 hoc
3043 2311 3150 2368 est,
3181 2302 3290 2357 duo
3323 2317 3467 2372 prte-

1872 2402 2028 2463 cepta
2052 2392 2386 2449 cltaritatis:
2419 2392 2767 2448 dilectionem
2803 2392 2896 2448 Dei
2936 2390 3213 2459 videlicet,
3255 2401 3312 2451 et
3342 2408 3467 2462 pre-

1872 2488 2026 2543 ximi.
2074 2546 2077 2549 Α

1945 2578 2080 2635 Ecce
2104 2577 2341 2650 elongavi
2368 2578 2595 2650 fugiens.
2622 2576 2669 2635 Δ
2694 2577 2917 2634 ludatis.
2936 2566 3136 2649 Longe
3155 2585 3240 2635 est
3269 2577 3411 2633 enim
3434 2591 3468 2633 ιι

1872 2672 2257 2741 peccatoribus
2308 2671 2478 2726 salus.
2536 2670 2601 2724 Et
2653 2686 2825 2726 mansi
2871 2671 2926 2725 in
2976 2668 3278 2725 solitudine.
3327 2667 3465 2725 Cum

1869 2764 2120 2834 gentibus
2147 2763 2449 2818 incredulis
2474 2804 2488 2830 ,
2513 2777 2652 2833 quas
2673 2762 2912 2819 adventu
2950 2777 3075 2817 meo
3105 2759 3307 2817 ﬂorere
3334 2759 3459 2817 feci.

1871 2856 1948 2913 De
1974 2856 2174 2927 quibus
2213 2857 2353 2912 alius
2402 2857 2479 2912 ait
2520 2855 2786 2926 prepheta
2829 2874 2842 2910 :
2892 2855 3133 2913 Laetetur
3180 2870 3244 2913 ac
3272 2855 3466 2910 lloreat

1868 2949 2144 3005 desertum
2172 2947 2328 3022 (Isai.
2354 2949 2546 3020 xxxv).
2567 2948 2699 3003 Ecce
2712 2948 2950 3019 elongaui
2966 2948 3196 3021 fugient,
3220 2957 3267 3005 et
3294 2948 3464 3005 mansi

1867 3040 1921 3094 in
1949 3037 2250 3094 solitudine.
2280 3039 2542 3095 Columba
2573 3039 2706 3110 fugit
2736 3057 2766 3094 a
2808 3041 3231 3097 conversatione
3266 3040 3463 3095 buma-

1870 3145 1962 3195 na,
2003 3140 2059 3184 et
2107 3130 2278 3185 sancti
2327 3130 2540 3202 fugiunt
2588 3147 2620 3185 a
2668 3130 2953 3187 consortio
2996 3131 3301 3200 hominum,
3349 3145 3459 3193 non

184 3212 322 3301 tiam,
345 3235 975 3308 propterinﬂrmitatem
1004 3212 1207 3305 carnis,
1255 3245 1311 3291 ut
1336 3212 1457 3292 isibi
1510 3236 1757 3291 intenda-

1878 3222 2248 3291 corporaliter,
2279 3222 2375 3277 sed
2406 3221 2787 3293 spiritualiter,
2813 3222 2920 3280 hoc
2948 3234 3053 3291 est,
3088 3224 3141 3279 in
3176 3225 3462 3283 conscien-

184 3335 258 3381 tur
280 3338 495 3384 exorat.
530 3329 649 3396 Qua
679 3330 895 3384 ratione
916 3328 1182 3400 intellige,
1212 3343 1247 3384 0
1270 3328 1435 3385 homo
1465 3346 1476 3381 :
1507 3328 1631 3396 quia
1658 3330 1761 3384 nisi

183 3432 302 3489 pura
349 3420 683 3478 conscientia
724 3422 1042 3493 depreceris
1068 3464 1082 3491 ,
1143 3438 1173 3476 a
1219 3421 1333 3478 Deo
1375 3435 1603 3493 prorsus
1653 3438 1761 3480 non

182 3511 494 3569 cxaudieris.

243 3604 584 3663 Contristatus
621 3622 736 3661 sum
775 3608 831 3662 in
862 3608 1226 3664 exercitatione
1262 3626 1393 3664 mea.
1433 3609 1607 3678 Quam
1660 3624 1762 3681 pro

185 3696 358 3755 mundi
383 3697 495 3753 vita
521 3699 740 3769 suscepi
773 3717 786 3754 :
814 3702 937 3770 quia
969 3716 1186 3771 semper
1226 3701 1552 3758 exercitatio
1581 3702 1647 3756 ad
1671 3717 1762 3759 res

187 3791 334 3847 utiles
357 3806 421 3849 ac
443 3795 793 3849 necessarias
817 3793 1018 3864 agitur.
1072 3792 1421 3850 Conturbatus
1444 3813 1557 3850 sum
1579 3812 1611 3849 a
1642 3812 1762 3851 uoce

184 3883 382 3941 inimici.
423 3885 527 3956 Qui
558 3902 645 3944 me
675 3887 1121 3957 Samaritanum,
1178 3899 1233 3945 et
1285 3890 1612 3949 daemonium
1663 3894 1760 3947 ita-

186 3973 421 4045 bentem,
450 3992 577 4035 cum
606 3978 749 4034 Deus
784 3994 960 4035 essem
1008 3989 1169 4037 antea
1217 3983 1412 4039 saecula
1440 4025 1455 4050 ,
1506 3983 1760 4056 increpa-

183 4066 313 4124 bant.
349 4071 443 4129 Vel
481 4088 585 4129 vos
616 4073 908 4131 Ecclesiae.
956 4075 1106 4132 Duos
1154 4079 1406 4134 inimicos
1447 4078 1614 4136 habet
1657 4080 1760 4137 Ec-

185 4161 350 4219 clesia.
407 4164 585 4223 linunt
640 4176 870 4238 aperte,
928 4176 987 4226 et
1046 4186 1211 4225 unum
1288 4171 1522 4229 occulte.
1579 4170 1755 4229 Unum

185 4254 333 4312 debet
354 4257 606 4329 diligere,
634 4268 691 4317 et
721 4263 887 4318 alium
917 4263 1091 4321 odire.
1130 4264 1375 4335 Diligere
1425 4268 1753 4336 proximum,

186 4358 236 4403 ιιι
260 4351 377 4408 illud
411 4374 423 4410 ;
461 4353 679 4425 Diligite
728 4355 981 4411 inimicos
1029 4365 1236 4413 vestros
1272 4377 1283 4411 :
1317 4358 1627 4417 benefacite
1672 4362 1757 4418 liis

186 4445 263 4512 qui
289 4446 512 4503 oderunt
540 4446 820 4521 vos,(Luc.
854 4450 929 4517 vr)
962 4467 974 4500 :
1014 4448 1083 4504 Et
1121 4451 1288 4505 alium
1319 4463 1672 4509 contemnere
1700 4462 1757 4509 et

184 4538 354 4595 odire:
382 4540 434 4597 id
457 4552 543 4598 est
564 4583 580 4609 ,
604 4541 889 4597 diabolum
930 4543 1021 4614 qui
1050 4545 1262 4600 occulte
1293 4544 1440 4601 venit
1476 4562 1573 4616 per
1620 4563 1749 4619 sug-

184 4632 433 4698 gestiones
453 4642 510 4691 et
534 4633 954 4692 delectationes.
985 4633 1056 4690 Et
1094 4653 1126 4690 a
1156 4636 1487 4692 tribulatione
1514 4647 1753 4710 peccato-

186 4723 267 4799 ris.
290 4726 383 4793 Qui
407 4729 539 4785 mihi
570 4744 791 4799 semper
817 4729 1227 4786 tribulationum
1252 4731 1477 4787 insidias
1502 4733 1751 4789 intende-

187 4814 283 4872 bat.
315 4819 541 4893 Propter
573 4824 679 4878 lioe
704 4822 927 4879 tribulat
980 4822 1127 4879 Deus
1169 4832 1488 4894 peccatores
1518 4841 1534 4884 :
1575 4836 1669 4881 aut
1696 4833 1754 4881 ut

186 4911 539 4978 emendentur,
567 4922 663 4971 aut
682 4922 745 4971 ut
765 4930 863 4984 per
893 4914 1020 4973 illos
1046 4916 1287 4986 corrigat
1307 4915 1500 4974 bonos.

248 5003 490 5070 Quoniam
510 5007 896 5064 declinaverunt
941 5010 1102 5066 inme
1135 5011 1457 5083 iniquitates.
1516 5012 1754 5085 Pupulus

189 5097 355 5170 utique
376 5102 613 5159 declinat
639 5102 708 5158 ad
739 5104 1100 5174 iniquitatem,
1127 5106 1222 5176 qui
1258 5106 1600 5163 mendacium
1628 5123 1755 5179 pro-

191 5189 278 5247 fert
298 5208 450 5266 super
476 5196 808 5267 proximum.
853 5196 947 5253 Vel
979 5197 1150 5253 Judaei
1200 5213 1368 5268 super
1421 5200 1748 5266 Dominum,

191 5282 570 5345 sicutdixerunt
603 5307 615 5342 :
647 5288 708 5345 In
736 5287 1042 5346 Beelzebub
1071 5290 1320 5361 principe
1348 5289 1751 5348 da'moniorum

190 5375 319 5445 ejicit
344 5380 611 5440 daemonia
635 5382 819 5456 (.llatt.
854 5384 995 5456 xtl):
1040 5383 1109 5440 Et
1157 5386 1212 5439 in
1255 5385 1335 5439 ira
1377 5385 1581 5442 molesti
1607 5396 1754 5443 erant

189 5470 318 5527 mihi.
348 5473 745 5545 Persequeutes
774 5494 860 5532 me
887 5479 940 5533 in
967 5478 1173 5534 invidia
1201 5495 1321 5535 sua.
1357 5479 1421 5533 Et
1448 5482 1503 5535 in
1533 5482 1617 5535 ira
1643 5498 1751 5537 mo-

193 5563 292 5618 lesti
314 5580 473 5625 erant.
502 5570 785 5639 Molestus,
811 5570 866 5626 id
889 5583 996 5639 est,
1027 5586 1227 5627 saevus.
1260 5570 1329 5627 In
1372 5573 1471 5643 ira,
1514 5573 1746 5640 festuca,

199 5655 347 5723 lrabt,
374 5659 574 5717 odium.
607 5661 691 5719 ira
716 5665 1011 5719 conturbat
1036 5679 1050 5722 ;
1098 5662 1248 5719 trabs
1277 5672 1523 5719 excaecat
1548 5683 1558 5716 :
1586 5674 1643 5720 ut
1681 5668 1748 5722 il-

200 5743 278 5800 lud
309 5750 602 5810 :Turbatus
630 5763 715 5812 est
743 5769 855 5825 prae
892 5756 970 5810 ira
1013 5755 1205 5812 oculus
1232 5771 1382 5812 meus
1404 5755 1577 5829 (Psal.
1610 5757 1711 5831 vr).

262 5836 351 5895 Car
389 5858 547 5903 meum
592 5846 952 5905 conturbatum
983 5858 1079 5905 est.
1116 5849 1426 5909 Secundum
1449 5850 1748 5926 hominem,

1867 3316 1965 3383 tia,
1995 3315 2119 3384 quia
2152 3315 2417 3387 cogitant,
2449 3316 2724 3388 quomodo
2753 3331 2812 3371 se
2847 3325 3037 3372 contra
3082 3318 3461 3388 suggestiost

1864 3407 2066 3465 diaboli
2091 3408 2173 3463 vel
2197 3408 2578 3464 haereticorum
2611 3408 2905 3465 defendere
2932 3408 3192 3465 debeant.

1939 3505 2323 3578 Exspectabam
2352 3523 2468 3560 eum
2497 3508 2586 3577 qui
2617 3505 2817 3562 salvum
2853 3522 2934 3562 me
2963 3509 3083 3578 fecit
3110 3524 3141 3563 α
3176 3507 3459 3577 pusillani-

1864 3600 2043 3654 mitatc
2080 3600 2295 3669 spiritus
2332 3607 2383 3654 et
2430 3608 2748 3672 tempestate.
2782 3602 3077 3672 Exspectat
3122 3601 3199 3657 in-
3224 3616 3459 3673 corpore

1866 3697 2098 3768 positus,
2129 3711 2234 3752 non
2266 3694 2440 3751 solum
2472 3696 2828 3753 salvationem
2858 3698 3049 3769 patris,
3080 3706 3139 3753 ut
3169 3710 3200 3751 a
3224 3697 3457 3758 diversis

1866 3792 2282 3861 tempeSIatibns
2309 3805 2573 3849 eruatur:
2625 3794 2720 3849 sed
2764 3796 2951 3861 etiam,
2997 3804 3055 3851 ιιι
3096 3796 3359 3855 ultionem
3383 3795 3456 3855 de

1862 3885 2097 3942 inimicis
2126 3888 2381 3956 accipiat.
2415 3888 2677 3958 Sequitur
2712 3908 2722 3943 :

1933 3977 2241 4051 Prwcipita,
2294 3978 2532 4046 Domine.
2576 3994 2623 4037 et
2670 3983 2842 4041 divide
2891 3984 3098 4055 linguas
3148 3999 3343 4039 eorum.
3396 3983 3453 4042 In

1861 4088 1998 4142 aqua
2026 4072 2224 4144 aliquis
2264 4090 2410 4145 saepe
2441 4076 2834 4146 praecipitatur.
2872 4076 3097 4148 Ergdhi
3128 4077 3200 4132 ita
3234 4076 3453 4133 denter

1858 4176 2058 4237 gantur
2078 4169 2223 4223 sicut
2264 4167 2318 4222 in
2362 4168 2588 4242 diluvio,
2616 4170 3086 4240 etdispergantur
3131 4168 3321 4226 divisis
3350 4169 3456 4225 lin.

1857 4260 2005 4330 guis,
2030 4274 2127 4315 ceu
2153 4258 2354 4316 factum
2378 4272 2461 4317 est
2503 4264 2556 4319 in
2600 4261 2966 4319 aediﬁcatione
2994 4261 3181 4321 turris.
3214 4261 3325 4319 Sed
3353 4278 3452 4323 eus

1858 4351 1959 4407 ista
1987 4351 2141 4419 ﬁant,
2173 4352 2376 4425 adjecit
2402 4371 2416 4411 :
2452 4354 2715 4423 Quoniam
2742 4354 2847 4410 uidi
2876 4355 3223 4426 iniquitatem,
3254 4364 3303 4411 et
3328 4371 3452 4411 con-

1858 4445 2221 4503 tradictionem
2261 4447 2316 4502 in
2362 4447 2588 4503 ciuitate.
2638 4447 2999 4520 lniquitatem,
3030 4463 3155 4505 cum
3187 4465 3291 4505 non
3322 4465 3448 4509 cro.

1858 4540 2137 4596 diderunt.
2191 4539 2687 4610 Contradictionem,
2743 4558 2867 4603 cum
2918 4544 3274 4616 exprobrant,
3314 4559 3449 4605 cott-

1860 4634 2192 4691 tradieentes
2243 4654 2255 4691 :
2312 4634 2502 4693 Nonne
2561 4635 2652 4694 hic
2702 4645 2787 4693 est
2854 4636 2996 4693 [ilius
3049 4635 3252 4708 Joseplt
3310 4637 3449 4701 fabri

1858 4726 2053 4798 (Marc.
2087 4727 2205 4799 vr)?
2235 4728 2302 4783 Et
2328 4729 2433 4785 alia
2464 4730 2654 4786 multa.
3154 4756 3160 4763 ο

1928 4816 2029 4874 Die
2057 4830 2286 4889 acnote.
2323 4822 2377 4876 id
2409 4830 2516 4887 est.
2560 4824 2708 4879 omni
2750 4831 3015 4894 tempore.
3048 4823 3174 4895 Die,
3205 4840 3329 4882 cum
3353 4825 3453 4884 dt»

1857 4924 2005 4969 ceret
2039 4914 2251 4981 turbas,
2289 4921 2347 4970 et
2391 4914 2466 4969 illi
2512 4931 2621 4971 non
2660 4915 3034 4973 crediderunt.
3084 4916 3272 4983 Nocte,
3320 4932 3449 4979 cum

1856 5013 2160 5077 pateretur,
2211 5015 2267 5061 et
2313 5006 2387 5062 illi
2428 5006 2894 5077 blaspltetnarent.
2945 5009 3086 5080 Ergo
3132 5008 3313 5065 taliter
3341 5008 3451 5067 cir-

1858 5098 2110 5155 cumdata
2143 5098 2463 5169 repletaque
2484 5106 2569 5153 est
2596 5113 2786 5157 carum
2813 5101 3030 5167 civitas,
3061 5101 3114 5157 id
3151 5108 3259 5169 est,
3292 5100 3449 5159 lurco

1856 5194 2093 5265 solym,
2139 5201 2383 5263 utsupra
2421 5208 2610 5249 muros
2641 5193 2976 5253 redundaret
3017 5193 3275 5262 iniquitas
3303 5194 3446 5266 ejus.

1928 5285 1997 5339 Et
2019 5303 2121 5341 non
2152 5285 2335 5356 defecit
2359 5285 2422 5341 de
2446 5286 2632 5359 plateis
2659 5289 2773 5358 ejus
2801 5302 2957 5342 usura
2985 5296 3032 5340 et
3058 5287 3229 5344 dolus.
3252 5288 3450 5347 Omnia

1857 5380 2001 5435 enim
2021 5395 2142 5450 qua:
2174 5378 2229 5435 in
2251 5378 2373 5450 lege
2404 5380 2678 5449 prohibita
2707 5387 2861 5445 sunt,
2888 5378 2955 5435 ad
2978 5378 3210 5449 augendi
3235 5383 3450 5452 peccati

1860 5470 2140 5528 emnulnm
2188 5481 2578 5528 excreverunt.
2630 5471 2685 5528 1n
2721 5472 2843 5542 lege
2867 5471 3017 5527 enim
3047 5487 3229 5529 usura!
3274 5473 3450 5544 accipi

1863 5563 2220 5636 prohibentur
2258 5562 2441 5635 (Deut.
2488 5564 2666 5635 nm).
2703 5562 2881 5620 Usura
2922 5572 3010 5620 est
3046 5564 3168 5634 plus
3195 5566 3451 5636 accipere

1860 5674 2022 5730 qnam
2058 5659 2209 5714 dare.
2254 5655 2410 5714 Unde
2446 5657 2712 5727 propheta
2781 5656 2913 5715 dicit
2960 5655 3126 5717 :Non
3180 5656 3451 5726 feneravi,

1862 5767 2038 5822 neque
2089 5750 2354 5807 feneravit
2409 5751 2539 5808 mihi
2589 5750 2871 5823 quisquam
2919 5749 3136 5821 (Jerem.
3180 5751 3295 5825 sv).
3344 5754 3451 5822 Et,

1874 5846 1930 5902 Si
1962 5845 2045 5901 vis
2073 5843 2217 5916 quod
2245 5844 2337 5901 tibi
2374 5844 2699 5915 dimittatur,
2730 5843 2937 5902 dimitte
2966 5842 3182 5917 (Matth.
3209 5845 3306 5917 vn).
