3954 6340
442 254 550 317 983

1226 255 1570 316 APPENDIX
1612 256 1705 316 AD
1743 259 1987 320 TOMUM
2024 261 2379 324 SEPTIMUM
2419 266 2477 325 S.
2525 266 2936 331 BIERONYMI.

3616 279 3710 337 984

518 371 782 440 Quoniam
810 374 858 428 si
879 371 1118 428 inimicus
1146 388 1287 428 meus
1312 373 1666 432 maledixisset
1692 375 1842 439 mihi.
1874 378 2034 433 susti-
2062 379 2119 442 Α
2217 380 2473 440 Exaudiet
2498 382 2663 442 Deus.
2689 387 2774 444 Me
2802 387 3241 460 benedicentem,
3277 405 3385 447 non
3412 389 3535 449 illos
3555 393 3709 451 male-

448 469 681 524 nuissem
705 468 898 547 utique,
929 475 978 522 et
1001 468 1046 522 si
1075 468 1119 522 is
1139 467 1230 540 qui
1254 468 1436 523 oderat
1461 485 1541 524 nte
1569 486 1722 541 super
1747 487 1827 526 me
1851 488 2041 544 magna

446 558 651 614 locutus
677 561 859 632 fuisset
889 575 907 611 :
942 558 1330 615 abscondissem
1368 577 1448 615 me
1475 561 1696 632 forsitan
1724 562 1785 616 ab
1807 579 1891 620 eo.
1924 563 2041 620 Non

447 652 539 711 hic
561 664 768 710 tantum
795 652 865 709 de
893 653 1155 723 passione
1184 654 1452 712 Dominus
1480 658 1747 728 queritur,
1777 657 1873 714 sed
1900 668 1955 715 et
1975 659 2044 716 de

449 744 723 816 discipulo
771 745 1076 816 proditore.
1122 744 1258 801 Nam
1318 745 1545 818 legimus
1600 747 1653 802 in
1708 747 2042 820 Evangeliis,

450 839 575 912 quia
599 839 947 898 absconderit
971 856 1030 897 se
1050 856 1080 896 a
1107 840 1314 897 Judzeis
1340 841 1522 913 (Joan.
1546 841 1690 914 vttt).
1722 844 1764 898 Α
1790 843 1927 900 Juda
1944 860 2046 901 au-

449 941 561 988 tem
586 948 691 990 non
711 948 773 990 se
793 932 1110 991 abscondit:
1135 933 1232 992 sed
1250 949 1375 990 eum
1403 933 1566 991 etiam
1588 936 1837 993 convivio
1858 945 2047 994 sancto

451 1027 670 1094 ascivit,
702 1029 845 1085 sicut
870 1028 1116 1097 sequitur
1143 1047 1157 1084 :

526 1119 607 1175 Tu
634 1136 749 1177 vero
775 1120 932 1176 Itomo
958 1122 1243 1178 unanimis.
1276 1123 1381 1193 Qui
1407 1139 1530 1179 cum
1572 1124 1699 1182 aliis
1727 1126 2052 1197 conjttnctus

458 1229 583 1270 eras
629 1214 915 1285 apostolis.
972 1214 1096 1270 Dux
1143 1232 1306 1271 meus.
1356 1217 1440 1272 Ad
1481 1217 1885 1287 praedicandum
1926 1234 2049 1276 cum

456 1312 672 1364 caneris
718 1308 938 1364 missus.
968 1309 1038 1363 Et
1083 1320 1236 1365 notus
1268 1325 1431 1365 meus.
1477 1309 1612 1382 Quia
1645 1327 1732 1367 me
1778 1327 1876 1382 per
1917 1312 2053 1383 legis

457 1401 776 1474 mysterium
797 1416 1136 1473 cognoveras
1174 1417 1299 1458 esse
1327 1412 1642 1459 venturum.
1676 1401 1804 1459 Dux
1832 1420 1978 1460 meus
2004 1415 2054 1459 et

457 1504 610 1548 notus
653 1508 820 1549 meus.
853 1492 969 1549 Vox
1008 1492 1215 1549 Christi
1246 1493 1314 1550 de
1344 1494 1505 1551 Juda.
1559 1494 1837 1552 Unanimis
1872 1496 2004 1551 dicit
2037 1514 2050 1550 :

461 1585 588 1656 quia
619 1584 907 1642 videbatur
943 1585 1013 1641 ab
1042 1584 1164 1640 aliis
1193 1587 1347 1657 quasi
1370 1586 1567 1643 bonus.
1604 1587 1725 1643 Dux
1752 1587 1904 1654 dicit,
1928 1603 2050 1660 pro-

460 1686 587 1750 pter
608 1678 754 1750 quod
782 1678 1060 1735 Christum
1088 1678 1334 1749 tradidit,
1359 1679 1469 1736 dux
1494 1681 1686 1737 mortis
1712 1680 1833 1738 fuit.
1858 1681 2050 1751 Notus,

2143 473 2407 532 dicentes.
2457 475 2721 534 Exaudiet
2766 478 2909 537 Deus
2940 498 2958 536 :
2990 492 3212 540 sanctos
3236 497 3386 539 suos.
3440 482 3506 538 Et
3550 486 3708 540 Immi-

2144 565 2292 621 liabit
2326 583 2433 625 eos.
2485 567 2599 625 Hoc
2643 580 2748 638 est,
2787 572 3072 644 superbos.
3109 574 3212 642 Qui
3248 583 3323 629 cst
3359 583 3478 631 ante
3505 575 3707 632 saecula.

2144 656 2308 716 Pater
2331 659 2539 731 utique,
2564 677 2725 733 quem
2748 663 2802 719 in
2821 679 2909 722 me
2934 680 3157 723 manere
3178 681 3284 723 non
3314 680 3710 740 cognoverunt:

2145 752 2272 824 quia
2298 761 2386 810 est
2416 762 2542 812 ante
2569 760 2793 828 saecula,
2826 769 2882 816 et
2910 770 3096 818 manet
3118 762 3173 819 in
3202 772 3486 820 aeternum.
3517 764 3613 822 llle
3632 767 3715 837 qui

2148 844 2359 902 initium
2388 849 2620 920 sumpsit
2653 866 2719 906 ex
2757 851 2946 921 Maria,
2975 862 3101 911 ante
3135 857 3335 914 saecula
3367 859 3583 926 genitus
3620 869 3717 915 cst.

2222 938 2347 996 Non
2370 949 2446 995 est
2463 943 2600 997 enim
2619 942 2727 999 illis
2752 949 3105 1004 commutatio.
3136 950 3212 1006 De
3235 951 3379 1006 malo
3403 951 3458 1007 in
3487 951 3712 1008 bonum:

2150 1046 2261 1088 non
2313 1044 2743 1103 commutantur,
2799 1052 2908 1095 non
2967 1041 3370 1099 transferuntur
3424 1043 3712 1101 secundum

2152 1125 2510 1198 Evangelium
2547 1128 2615 1185 de
2658 1139 2834 1187 morte
2883 1132 2938 1188 in
2987 1134 3179 1190 vitam.
3226 1134 3296 1189 Et
3322 1150 3426 1191 non
3455 1136 3721 1193 timuerunt

2155 1214 2348 1274 Deum.
2381 1218 2509 1276 Ideo
2537 1235 2697 1278 causa
2740 1223 2808 1279 ad
2848 1223 3107 1283 ultionem
3136 1227 3437 1294 descendit,
3481 1229 3626 1285 sicut
3652 1246 3729 1286 se-

2154 1312 2339 1383 quitur
2372 1331 2386 1368 :
2430 1314 2696 1386 Expandit
2727 1334 2941 1373 manum
2963 1337 3111 1376 suam
3142 1322 3196 1375 in
3221 1323 3580 1378 retribuendo.
3609 1324 3730 1393 Quia

2154 1417 2277 1459 cum
2306 1405 2387 1460 eis
2417 1405 2484 1463 ad
2507 1408 2767 1465 auxilium
2804 1421 3058 1482 porrecta
3080 1412 3271 1470 fuisset
3302 1432 3317 1470 :
3361 1429 3473 1472 non
3504 1430 3619 1472 eam
3645 1433 3722 1474 re-

2155 1507 2439 1566 ceperunt.
2474 1498 2597 1555 Non
2625 1502 2908 1558 timuerunt
2938 1503 3109 1561 Deum
3149 1523 3168 1561 :
3201 1516 3491 1579 propterea
3518 1524 3621 1566 non
3644 1510 3731 1567 de-

2158 1587 2502 1647 clinaverunt
2538 1591 2607 1649 de
2641 1595 2782 1651 malo
2814 1595 2868 1651 in
2900 1596 3103 1653 bonum
3130 1617 3143 1655 :
3175 1601 3307 1671 quia
3336 1615 3442 1657 non
3465 1617 3726 1673 cognove-

2159 1688 2308 1736 runt.
2337 1679 2407 1734 Et
2435 1684 2666 1738 extendit
2693 1702 2901 1742 manum
2924 1705 3091 1757 suam,
3143 1691 3198 1746 in
3240 1692 3582 1748 retribuendo
3621 1696 3733 1752 illis.

470 1769 685 1839 quando
714 1768 862 1825 misit
891 1784 987 1825 eos
1019 1769 1175 1826 binos
1206 1777 1332 1827 ante
1374 1768 1569 1829 faciem
1600 1786 1752 1828 suam
1784 1772 1836 1829 in
1860 1774 2058 1845 prtcdi-
2085 1762 2132 1823 Β
2163 1771 2412 1831 Extendit
2442 1793 2652 1833 manum
2699 1796 2867 1851 suam,
2903 1790 2962 1838 ut
3003 1782 3080 1838 ait
3129 1784 3400 1855 propheta
3430 1804 3445 1841 :
3486 1785 3622 1842 Tota
3663 1788 3741 1844 die

470 1862 741 1918 cationem
766 1860 919 1936 (Luc.
952 1862 1034 1934 χ).

542 1955 643 2024 Qui
670 1959 828 2014 simul
870 1976 1072 2015 mecum
1093 1960 1269 2017 dulces
1289 1962 1528 2032 capiebas
1556 1961 1716 2018 cibos.
1741 1961 1881 2018 Cum
1909 1977 2062 2019 man-

469 2053 612 2110 datis
659 2054 785 2111 vitce
823 2062 882 2110 et
913 2055 1193 2128 voluntate
1234 2056 1403 2126 patris
1453 2056 1773 2128 plerumque
1823 2056 2064 2114 refectus

474 2162 556 2204 es.
585 2146 755 2204 Cibus
772 2148 915 2204 enim
939 2122 1113 2206 dulcis
1141 2122 1250 2220 est,
1276 2149 1451 2205 Patris
1479 2148 1665 2208 facere
1696 2151 2061 2222 voluntatem,

477 2243 697 2301 utillud
731 2244 871 2312 :Qui
899 2244 1120 2316 intingit
1160 2259 1370 2301 mecum
1408 2260 1628 2301 manum
1663 2246 1719 2301 iu
1750 2247 2061 2318 paropside,

470 2337 671 2394 levabit
691 2346 880 2394 contra
906 2353 993 2394 me
1013 2337 1332 2395 calcaneum
1365 2354 1520 2395 suum
1542 2338 1730 2414 (Matt.
1763 2341 1938 2412 xxvt).
1968 2341 2066 2398 Vel

472 2428 629 2487 cibus
656 2431 854 2499 dulcis,
888 2431 941 2488 id
962 2442 1068 2499 est,
1101 2446 1298 2503 corpus
1319 2443 1371 2489 et
1399 2434 1623 2504 sanguis
1651 2433 1854 2491 Christi
1881 2452 1895 2489 ε
1924 2435 2067 2507 quod

472 2523 592 2595 ipse
619 2524 831 2595 accepit
851 2524 1128 2596 indignus.
1160 2524 1228 2580 In
1256 2525 1412 2581 domo
1430 2524 1526 2581 Dei
1552 2526 1934 2582 ambulavimus
1953 2544 2071 2582 cum

474 2633 748 2673 consensu.
781 2618 939 2689 Saepe
983 2619 1131 2675 enim
1162 2634 1284 2675 cum
1331 2619 1450 2690 ipso
1495 2618 1725 2675 Domino
1764 2619 1817 2675 in
1868 2619 2071 2691 templo

474 2709 785 2769 Salomonis
812 2728 936 2769 cum
968 2713 1374 2785 praedicationis
1399 2727 1670 2769 consensu
1702 2713 1853 2770 abiit.

556 2805 742 2863 Veniat
777 2823 916 2862 mors
942 2823 1098 2880 super
1122 2805 1266 2877 illos,
1300 2816 1348 2861 et
1370 2807 1683 2862 descendant
1720 2807 1791 2861 ad
1813 2808 2072 2878 infernum

477 2899 721 2954 viventes.
765 2897 839 2956 Ut
874 2901 1139 2969 majorem
1170 2899 1252 2954 sui
1283 2898 1464 2954 cordis
1499 2897 1747 2956 dolorem
1776 2898 2072 2955 secundum

480 2991 758 3048 hominem
798 2991 1114 3047 ostenderet
1152 3009 1167 3047 :
1211 2990 1336 3047 ideo
1379 2992 1536 3063 quasi
1586 2992 1639 3046 in
1689 2990 2075 3047 maledictione

486 3102 611 3158 qua:
638 3088 718 3144 eis
759 3095 917 3143 erant
952 3096 1185 3145 ventura
1229 3084 1501 3157 prmdixit.
1540 3084 1723 3142 Veniat
1751 3102 1888 3141 mors
1920 3102 2077 3156 super

483 3182 627 3250 illos,
658 3190 706 3236 et
730 3180 1042 3236 descendant
1064 3181 1134 3235 ad
1163 3182 1429 3253 infernum
1457 3181 1700 3237 viventes.
1725 3178 1951 3235 Factum
1976 3179 2080 3237 fuit

484 3276 590 3333 hoc
614 3275 683 3332 de
709 3275 940 3340 Dathan,
986 3283 1041 3329 et
1078 3272 1240 3342 Core,
1273 3282 1329 3329 et
1353 3272 1583 3339 Abiron,
1615 3282 1671 3329 et
1712 3272 1873 3329 simul
1926 3273 2080 3330 venit

482 3370 626 3440 ignis
649 3376 704 3424 et
730 3371 929 3424 mortui
955 3365 1197 3433 fuerunt,
1232 3375 1286 3424 et
1318 3376 1460 3422 terra
1484 3363 1770 3422 absorbuit
1798 3379 1896 3422 eos
1923 3365 2079 3422 vivos

484 3462 677 3536 (Num.
710 3459 844 3534 xvi).

560 3554 821 3622 Quoniam
865 3555 1089 3626 nequitia
1130 3554 1184 3609 in
1223 3553 1540 3610 habitaculis
1586 3568 1767 3608 eorum
1805 3553 1861 3608 in
1908 3551 2079 3606 medio

486 3650 740 3723 ipsorum.
774 3648 987 3705 Etenim
1030 3655 1137 3703 tam
1179 3660 1349 3723 opere
1389 3661 1552 3719 quam
1600 3646 1953 3718 cogitatione,
1986 3662 2080 3703 ne-

485 3742 656 3814 quitia
687 3743 833 3814 pleni
863 3750 1010 3799 sunt.

562 3835 677 3908 Ego
704 3844 878 3891 autem
903 3836 972 3890 ad
1003 3834 1279 3891 Dominum
1309 3836 1552 3904 clamavi,
1602 3844 1651 3890 et
1699 3833 1953 3889 Dominus
1975 3831 2082 3889 sal-

487 3929 628 3984 uabit
653 3945 752 3984 me.
790 3928 1038 4003 Vespere,
1062 3938 1111 3984 et
1132 3945 1302 3999 mane,
1342 3938 1391 3984 et
1419 3928 1656 3986 meridie.
1684 3926 1927 3999 Vespere
1956 3942 2079 3983 cum

488 4026 802 4097 passionem
826 4024 1086 4095 suscepit,
1120 4039 1277 4080 mane
1305 4039 1430 4080 cum
1458 4024 1800 4080 resurrexit:
1827 4021 2079 4089 meridie,

489 4133 615 4174 cum
659 4118 809 4173 omni
848 4117 1101 4174 claritate
1143 4116 1525 4187 virtutisjsua:
1565 4106 1878 4186 adimpleta,
1910 4114 2083 4170 castos

491 4211 762 4280 ascendit,
792 4212 952 4268 sedet
979 4211 1045 4266 ad
1073 4210 1363 4266 dexteram
1394 4209 1593 4267 Patris.

563 4304 814 4362 Narrabo
862 4314 908 4361 et
947 4305 1287 4372 annuntiabo,
1331 4312 1377 4358 et
1416 4301 1662 4359 exaudiet
1694 4317 1862 4358 vocent
1893 4317 2079 4357 meam.

490 4398 730 4456 Redimet
756 4401 811 4454 in
843 4415 966 4469 pace
993 4400 1221 4453 animam
1262 4413 1449 4460 nteant,
1478 4397 1542 4451 ab
1571 4397 1650 4451 Itis
1675 4398 1766 4467 qui
1796 4396 2085 4468 appr0pin-

492 4501 651 4565 quant
672 4492 819 4547 mihi.
847 4490 1047 4547 Narrat
1072 4489 1281 4547 scilicet
1313 4507 1327 4545 :
1365 4488 1512 4561 quod
1538 4504 1661 4545 eum
1689 4488 1958 4545 velociter
1984 4502 2078 4558 pa-

490 4596 579 4644 ter
604 4585 921 4642 exaudivit:
956 4586 1100 4657 quod
1130 4600 1253 4641 eum
1294 4584 1363 4640 de
1399 4583 1844 4641 tribulationibus
1885 4583 2082 4639 mortis

491 4683 696 4754 eripuit
725 4701 738 4736 :
763 4681 907 4753 quod
938 4681 992 4737 in
1024 4695 1158 4753 pace
1187 4681 1423 4736 animam
1459 4680 1581 4751 ejus
1608 4680 1677 4735 ab
1704 4679 1962 4745 inimicis,
1990 4679 2082 4748 qui

488 4773 634 4830 eiob
660 4771 1000 4828 inferendam
1033 4779 1260 4827 mortem
1300 4774 1832 4843 propinquaverant,
1883 4771 2084 4826 libera-

487 4868 583 4923 vit.
616 4865 738 4931 Vel,
757 4864 1006 4931 narrabo,
1034 4864 1190 4935 quasi
1217 4864 1451 4930 minora,
1482 4875 1530 4919 et
1557 4864 1902 4929 annuntiabo,
1926 4863 2082 4935 quasi

487 4959 716 5029 majora.
751 4957 1031 5013 Liberavit
1064 4955 1119 5011 in
1149 4971 1286 5028 pace
1314 4956 1552 5011 animam
1598 4971 1798 5012 meam.
1832 4954 1899 5011 In
1932 4972 2080 5026 pace,

488 5052 595 5107 hoc
623 5059 729 5114 est,
756 5050 813 5105 in
844 5048 1165 5118 semetipso,
1194 5056 1256 5104 ut
1278 5048 1479 5104 Paulus
1510 5048 1646 5104 dixit
1676 5066 1691 5104 :
1724 5048 1845 5120 ipse
1867 5057 1951 5105 est
1977 5063 2081 5118 pax

488 5150 697 5210 nostra,
730 5142 819 5212 qui
852 5141 983 5199 fecit
1011 5148 1240 5214 utraque
1265 5157 1429 5198 unum
1455 5142 1673 5215 (Ephes.
1705 5142 1765 5215 ι).
1791 5143 1867 5198 Ab
1890 5143 1969 5197 his
1991 5144 2082 5214 qui

486 5234 910 5308 appropinquant
964 5234 1113 5290 mihi.
1169 5234 1625 5308 Appropinquant
1663 5250 1920 5307 corpore,
1970 5249 2078 5290 non

482 5329 597 5383 vita
626 5343 728 5384 nec
750 5328 976 5384 merito.
1012 5327 1275 5397 Quoniam
1304 5330 1439 5385 inter
1466 5330 1659 5386 multos
1686 5338 1836 5386 erant
1856 5344 2075 5384 mecum.

488 5416 640 5475 Inter
669 5420 879 5487 multos,
913 5420 1010 5475 sed
1058 5436 1163 5477 non
1196 5423 1247 5476 in
1282 5422 1489 5492 paucis.
1519 5421 1580 5478 In
1624 5422 1811 5477 multis
1840 5435 1990 5491 vero,
2024 5420 2078 5477 id

484 5520 591 5580 est,
622 5512 675 5567 in
699 5511 991 5582 baptismo,
1024 5521 1079 5568 et
1115 5514 1172 5569 in
1205 5512 1313 5571 [ide
1343 5530 1452 5571 non
1482 5514 1630 5570 ﬁcta.
1659 5513 1719 5570 In
1752 5516 1939 5587 paucis
1968 5531 2076 5572 non

482 5612 632 5669 sunt,
673 5603 777 5659 hoc
805 5611 913 5672 est,
961 5605 1015 5659 in
1046 5602 1154 5661 fide
1186 5606 1364 5673 ﬁrma,
1414 5615 1469 5663 et
1506 5621 1624 5678 spe,
1672 5614 1728 5662 et
1775 5606 2075 5664 charitate.

483 5696 634 5752 Inter
664 5698 876 5767 multos,
902 5698 1215 5768 credentes,
1250 5710 1396 5757 eram
1420 5716 1640 5770 mecum,
1669 5708 1726 5758 et
1755 5715 1863 5758 non
1892 5701 2079 5759 crede-

483 5788 637 5844 bant.

2162 1868 2400 1939 expandi
2433 1885 2629 1926 manus
2674 1887 2823 1930 meas
2869 1875 2937 1930 ad
2979 1877 3237 1947 populum
3277 1895 3384 1935 non
3433 1879 3738 1939 credentem

2163 1968 2219 2016 et
2247 1962 2711 2020 contradicentem
2741 1965 2876 2022 mihi
2907 1967 3062 2039 (Isai.
3112 1968 3245 2043 va)
3276 1989 3291 2027 :
3338 1972 3462 2029 ideo
3495 1974 3617 2046 quia
3643 1991 3738 2031 non

2166 2053 2343 2110 credit
2362 2070 2526 2126 opera
2554 2072 2674 2114 mea
2699 2067 2756 2114 et
2784 2061 3081 2129 potentiam
3105 2079 3303 2120 meam.
3331 2064 3402 2121 In
3428 2067 3745 2123 retribuendo

2168 2147 2297 2214 illis,
2331 2148 2437 2206 hoc
2465 2158 2572 2216 est,
2603 2150 2655 2206 in
2684 2151 2924 2210 vindicta
2956 2153 3009 2209 in
3038 2155 3127 2211 die
3146 2156 3336 2228 judicii
3381 2176 3395 2213 :
3441 2160 3741 2230 prrscrtitn

2169 2255 2292 2296 cum
2339 2240 2574 2297 Abrahae
2626 2242 2740 2300 dixi
2796 2260 2813 2304 :
2862 2245 2919 2301 In
2969 2249 3180 2305 semine
3230 2258 3325 2306 tuo
3365 2250 3748 2309 benedicentur

2171 2348 2361 2390 omnes
2380 2343 2574 2407 gentes
2602 2343 2763 2393 terra:
2789 2336 3000 2408 (Genes.
3026 2340 3179 2413 xxv),
3213 2339 3270 2397 id
3296 2350 3402 2408 est,
3425 2343 3485 2399 in
3518 2343 3744 2412 Christo,

2172 2436 2225 2482 et
2254 2426 2308 2481 in
2357 2426 2469 2485 alio
2500 2426 2672 2485 loco:
2719 2428 2791 2485 Et
2834 2430 2978 2487 dabo
3006 2433 3107 2488 tibi
3147 2443 3337 2505 gentes
3381 2435 3744 2494 luereditatcm

2173 2528 2339 2589 tuam,
2355 2530 2411 2577 et
2432 2523 2835 2593 possessionem
2858 2535 3005 2581 tuam
3028 2528 3293 2586 terminos
3309 2530 3662 2601 terr:e(Psat.
3677 2531 3750 2604 tt).

2173 2611 2427 2671 Christus
2456 2629 2554 2686 per
2583 2629 2782 2672 novum
2822 2616 3236 2676 Testamentum
3268 2621 3570 2693 acquisivit
3599 2622 3753 2681 hatre-

2176 2704 2401 2763 ditatem
2432 2723 2609 2764 suam.

2248 2799 2735 2857 Contaminaverunt
2775 2811 3137 2860 testamentum
3185 2807 3320 2878 ejus.
3370 2807 3516 2878 Quia
3543 2824 3649 2865 non
3685 2808 3756 2864 itt-

2179 2892 2514 2949 tellexerunt
2575 2895 2867 2951 Dominum
2916 2896 3105 2955 Iesum
3163 2908 3477 2956 sanctorum
3530 2900 3756 2958 virorum

2179 2986 2462 3057 praeconio
2483 2988 2902 3057 repromissum.
2946 2988 3015 3043 Et
3061 2990 3213 3046 diuisi
3252 3000 3371 3046 sunt
3407 2993 3473 3047 ab
3502 2993 3587 3048 ira
3607 2994 3758 3050 vultus

2181 3082 2319 3153 ejus.
2357 3078 2440 3135 Ab
2488 3079 2759 3151 spirituali
2805 3082 3177 3153 providentia,
3223 3082 3397 3141 divisa
3422 3094 3513 3142 est
3536 3100 3759 3144 contem-

2102 3151 2149 3216 εἶ
2184 3151 2349 3243 platio
2377 3188 2570 3228 eorum
2605 3191 2619 3227 :
2647 3173 2774 3230 ideo
2806 3151 2932 3244 pars
2957 3190 3148 3232 eorum
3177 3192 3303 3233 cum
3346 3178 3655 3236 infidelibus
3676 3194 3759 3251 po-

2180 3266 2282 3322 sita
2332 3275 2436 3322 est.
2485 3266 2618 3323 Post
2667 3282 2857 3324 eorum
2916 3270 3409 3340 exprobrationem
3459 3271 3534 3328 ad
3582 3272 3757 3331 ludam

2182 3373 2366 3415 sermo
2388 3358 2628 3415 refertur
2655 3359 2844 3416 dicens
2872 3378 2886 3416 :
2919 3361 2985 3416 Et
3004 3363 3468 3434 appropinquavit
3487 3379 3586 3421 cor
3607 3363 3757 3433 illius,

2182 3458 2245 3507 ut
2269 3451 2557 3524 impletum
2584 3466 2614 3507 a
2651 3452 2873 3509 diabolo
2904 3453 3145 3511 traderet
3175 3455 3476 3512 Christum.
3510 3456 3760 3514 Contami-

2183 3556 2436 3601 naverunt
2463 3556 2828 3603 testamentum
2846 3551 2982 3624 ejus,
3005 3559 3055 3606 et
3080 3549 3230 3605 divisi
3253 3560 3374 3605 sunt
3400 3550 3465 3605 ab
3501 3552 3582 3606 ira
3606 3551 3759 3607 vultus

2182 3641 2323 3713 ejus,
2371 3639 2427 3696 id
2467 3648 2573 3709 est,
2625 3640 2895 3708 haeretici,
2941 3642 3033 3714 qui
3086 3642 3379 3699 voluerunt
3406 3645 3761 3701 contaminare

2187 3740 2572 3789 testamentum
2601 3732 2722 3798 Dei,
2750 3733 2912 3790 divisi
2950 3743 3114 3791 erunt
3143 3736 3196 3790 in
3227 3735 3318 3793 die
3339 3735 3533 3808 judicii
3562 3736 3761 3809 quando

2183 3824 2458 3896 accipient
2478 3824 2813 3882 sententiam
2836 3826 3203 3884 damnationis
3227 3844 3241 3881 :
3269 3827 3372 3898 Ite,
3400 3830 3692 3896 maledicti,
3714 3830 3761 3885 in

2185 3919 2362 3989 ignem
2394 3929 2659 3975 aeternum
2701 3918 2884 3991 (Matt.
2910 3920 3063 3993 xxv).
3110 3918 3180 3974 Et
3217 3922 3650 3995 appropinquavit
3686 3939 3765 3977 cor

2185 4010 2356 4067 illius.
2395 4011 2662 4068 Voluntas
2683 4013 2802 4084 ejus
2828 4032 2841 4068 :
2872 4015 3002 4085 quia
3026 4014 3168 4087 quod
3197 4016 3509 4088 intelligunt
3546 4018 3616 4074 de
3638 4017 3767 4075 Scri-

2191 4103 2390 4175 pturis,
2421 4104 2473 4159 in
2509 4103 2711 4159 malum
2760 4114 3005 4174 vertunt,
3048 4107 3172 4178 quia
3219 4106 3289 4164 de
3336 4109 3445 4166 lide
3478 4109 3762 4173 Trinitatis,

2189 4213 2298 4254 non
2328 4208 2480 4255 recte
2509 4198 2767 4255 credunt.
2802 4196 2958 4256 Unde
2996 4200 3201 4255 dictum
3232 4208 3319 4256 est
3349 4215 3366 4257 :
3404 4202 3630 4272 Oportet
3654 4216 3763 4257 ωε

2189 4295 2453 4359 haereses,
2484 4302 2547 4349 ut
2573 4292 2665 4364 qui
2699 4294 2913 4365 probati
2944 4304 3093 4366 sunt,
3124 4294 3402 4352 manifesti
3433 4296 3565 4352 fiant
3599 4298 3651 4352 in
3681 4310 3763 4349 vo-

2186 4387 2271 4443 bis
2303 4386 2349 4459 (Ι
2373 4385 2495 4442 Cor.
2519 4385 2620 4460 ιι).

2253 4479 2450 4535 Molliti
2476 4487 2597 4535 sunt
2621 4494 2880 4534 sermones
2907 4482 3022 4553 ejus
3050 4495 3208 4552 super
3228 4478 3424 4548 oleum,
3455 4488 3504 4535 et
3524 4481 3627 4552 ipsi
3654 4488 3762 4534 sunt

2109 4549 2160 4610 Ῑ)
2177 4573 2381 4648 jacula.
2412 4572 2548 4629 Cum
2578 4573 2674 4640 ait,
2703 4572 2896 4627 molliti
2920 4549 3080 4628 sunt:
3102 4549 3170 4629 de
3195 4573 3443 4644 pluribus
3469 4549 3622 4640 dicit,
3651 4587 3763 4628 cum

2189 4664 2338 4737 prius
2373 4666 2442 4722 de
2483 4682 2591 4721 uno
2618 4666 2831 4722 locutus
2867 4664 3087 4723 fuisset.
3124 4666 3267 4737 Ergo
3307 4666 3552 4737 intellige
3578 4664 3761 4721 diabo-

2146 4802 2151 4807 .
2188 4760 2296 4814 lum
2320 4767 2711 4830 nuncupatum,
2745 4769 2799 4815 et
2837 4758 3057 4829 ludam,
3100 4758 3191 4829 qui
3222 4758 3461 4816 leniores
3489 4758 3617 4815 oleo
3643 4756 3761 4813 fecit

2186 4868 2468 4913 sermones
2499 4870 2649 4925 suos,
2694 4870 2816 4911 cum
2844 4855 2960 4911 ait:
2997 4855 3133 4919 Ave,
3165 4853 3365 4922 Rabbi,
3395 4863 3451 4911 et
3489 4853 3755 4910 osculatus

2185 4955 2415 5005 esteum
2448 4946 2628 5019 (Matt.
2674 4948 2811 5019 xvr).
2844 4946 2981 5002 Tale
3015 4946 3197 5003 oleum
3241 4957 3566 5013 renuentes,
3616 4955 3672 5001 ut
3705 4944 3754 4998 iu

2191 5041 2632 5098 tribulationibus
2679 5042 2863 5113 positi,
2901 5042 2997 5100 Dei
3042 5051 3292 5113 petamus
3320 5041 3613 5107 auxilium,
3654 5039 3763 5109 ipse

2189 5150 2291 5191 nos
2331 5135 2473 5191 Deus
2500 5149 2602 5191 suo
2627 5135 2881 5207 exemplo
2906 5135 3091 5192 docuit
3117 5135 3340 5194 dicens:

2255 5226 2411 5284 Jacta
2445 5230 2501 5284 in
2530 5229 2809 5285 Dominum
2829 5247 3008 5285 curam
3046 5239 3209 5299 tuam,
3243 5237 3291 5286 et
3318 5231 3429 5302 ipse
3449 5241 3496 5287 te
3520 5230 3757 5286 enutriet.

2185 5318 2259 5377 Ut
2280 5321 2348 5377 ab
2373 5336 2441 5378 eo
2466 5322 2731 5379 educatus
2758 5324 2988 5381 inimicis
3009 5322 3176 5380 fortis
3196 5324 3440 5381 resistas.
3471 5324 3596 5379 Non
3629 5322 3766 5378 dabis

2184 5416 2241 5471 in
2270 5426 2519 5472 wternum
2556 5418 2949 5487 ﬂuctuationem
2982 5419 3141 5490 justo.
3179 5417 3239 5474 Si
3264 5420 3410 5475 enim
3442 5419 3625 5490 justus
3652 5417 3761 5472 fue-

2185 5508 2293 5575 ris,
2321 5523 2431 5565 non
2465 5519 2519 5566 te
2552 5510 2754 5581 patitur
2779 5510 2847 5566 ab
2878 5510 3077 5581 iniquis
3104 5508 3364 5567 ﬂuctibus
3404 5508 3629 5580 fatigari.
3659 5506 3755 5575 Qui

2182 5601 2432 5668 ﬂuctuat,
2463 5602 2513 5658 in
2538 5604 2672 5658 mari
2698 5613 2802 5661 est.
2830 5603 2936 5660 Per
2962 5617 3137 5673 mare,
3176 5601 3412 5659 mundus
3438 5601 3540 5658 iste
3569 5598 3757 5656 intelli-

2181 5697 2330 5769 gitur
2360 5715 2375 5753 :
2400 5699 2454 5753 in
2478 5714 2585 5770 quo
2611 5699 2780 5756 sancti
2805 5696 3090 5754 ﬂuctuant.

2255 5790 2336 5846 Tu
2355 5808 2491 5861 vero,
2526 5792 2684 5863 Deus,
2707 5792 2927 5849 deducas
2946 5789 3066 5848 illos
3093 5791 3148 5847 in
3175 5798 3383 5863 puteum
3402 5789 3664 5845 interitus.
3694 5785 3754 5843 Ut
