3954 6340
226 363 320 421 9.35

1175 352 1602 412 BREVIARIUM
1642 352 1706 410 IN
1747 349 2080 409 PSALMOS.
2121 348 2372 407 PSALM.
2414 347 2525 404 LV.

3381 347 3487 406 986

226 483 304 553 qui
331 479 619 536 noluerunt
643 476 834 534 bibere
858 475 926 531 de
950 476 1099 531 fonte
1121 488 1274 546 aqua:
1296 473 1467 528 vivte:
1496 473 1548 527 in
1567 481 1786 542 puteum
1817 472 1869 533 Α
1896 467 2107 523 turbam
2135 463 2317 538 (Joan.
2347 461 2467 533 vn).
2499 460 2686 515 Omnia
2707 459 2931 516 consilia
2963 475 3140 515 eorum
3179 461 3233 515 in
3271 460 3489 517 malum.

223 573 455 633 interitus
481 572 885 643 demerguntur.
923 568 988 623 In
1009 578 1218 642 puteum
1237 567 1472 622 interitus
1501 582 1517 621 :
1549 565 1655 622 hoc
1682 575 1787 634 est,

223 669 270 724 in
301 667 586 731 infernum,
609 664 752 735 justa
779 661 1023 718 vindicta
1053 677 1219 732 super
1245 661 1386 716 illos.

290 761 394 816 Viri
419 759 733 831 sanguinum
763 768 812 812 et
854 757 1044 812 dolosi.
1068 756 1170 825 Qui
1201 764 1328 810 sunt
1365 753 1626 810 eﬁ'usores
1657 767 1784 808 san-

219 853 381 926 guinis
407 849 787 920 Redemptoris
843 849 1034 904 nostri.
1096 846 1224 901 Non
1279 845 1626 900 dimidiabunt
1679 843 1788 898 dies

217 959 326 1000 suos
347 961 367 998 :
395 943 508 998 Non
542 941 718 996 solum
750 955 860 995 non
889 938 1255 1010 impleverunt
1281 936 1606 991 mternitatis
1643 933 1783 1000 dies,

216 1038 301 1095 sed
326 1051 419 1093 nec
443 1035 509 1091 ad
557 1032 843 1090 dimidium
873 1031 1134 1103 temporis
1175 1029 1294 1100 ejus
1340 1030 1531 1085 venire
1566 1042 1786 1084 merue-

216 1141 346 1188 runt.
371 1128 426 1184 lu
454 1128 668 1184 modico
697 1126 844 1183 enim
874 1125 1056 1196 spatio
1082 1125 1135 1179 in
1163 1122 1371 1179 ultione
1408 1121 1691 1178 Dominica
1719 1119 1787 1175 ab

216 1221 443 1279 hostibus
472 1219 730 1275 trucidati
751 1227 902 1274 sunt.

275 1313 380 1386 Ego
408 1321 579 1366 autem
603 1309 822 1384 sperabo
862 1309 919 1364 in
963 1317 1032 1376 te,
1071 1306 1306 1362 Domine.
1341 1305 1411 1362 Ut
1445 1305 1589 1376 pleni
1637 1303 1786 1360 inve-

215 1409 418 1464 niantur
441 1405 558 1461 dies
581 1405 708 1460 mei.
741 1405 800 1458 Et
830 1419 928 1458 nos
958 1403 1242 1474 supplices
1265 1401 1643 1472 deprecamur,
1675 1410 1783 1455 uta

212 1509 278 1568 te,
304 1499 548 1565 Domine,
583 1496 820 1553 exauditi
854 1511 995 1551 :ncc
1026 1495 1233 1564 peccati
1264 1494 1385 1550 oleo
1406 1493 1657 1560 delibuti,
1683 1501 1785 1548 ate

212 1593 439 1657 enutriti,
470 1606 499 1646 a
537 1601 589 1646 te
613 1591 679 1646 ab
703 1591 868 1660 hujus
894 1588 1080 1644 szeculi
1110 1587 1365 1643 ﬂuctibus
1401 1586 1640 1651 liberati,
1672 1600 1701 1638 a
1733 1595 1784 1640 te

214 1699 507 1740 mereamur
555 1682 947 1754 longitudinem
989 1680 1203 1737 dierum
1237 1695 1334 1752 pro
1377 1679 1533 1736 bonis
1575 1677 1783 1734 actibus

211 1778 437 1851 adipisci.
468 1778 667 1834 Amen.

713 1869 1098 1928 PSALMUS
1137 1869 1259 1926 LV.

211 1962 268 2019 In
297 1965 474 2035 ﬁnem,
504 1980 600 2032 pro
626 1965 855 2036 populo,
884 1964 972 2034 qui
995 1981 1028 2018 a
1055 1964 1248 2018 sanctis
1277 1961 1430 2036 longe
1465 1962 1633 2031 factus
1663 1971 1735 2015 est
1765 1978 1784 2017 :

270 2033 428 2090 David
453 2036 506 2089 in
535 2033 675 2090 tituli
702 2033 1111 2105 inscriptionem,
1139 2033 1349 2106 quando
1376 2042 1646 2088 tenuerunt
1669 2050 1783 2106 eum

267 2107 565 2180 alienigena:
606 2109 658 2160 in
700 2104 873 2180 Gelli.
905 2107 967 2180 In
1005 2104 1350 2180 llebrteoita
1390 2107 1568 2180 habet
1610 2122 1623 2158 :
1678 2104 1785 2158 Pro

270 2175 492 2233 columba
537 2187 688 2232 muta
715 2179 1097 2249 longitudinum
1127 2175 1301 2249 Dauid
1321 2218 1336 2240 ,
1382 2175 1593 2249 humilis
1634 2187 1787 2249 atque

267 2252 501 2319 perfecti,
561 2267 677 2303 cum
720 2245 1000 2304 tenuissent
1038 2265 1156 2302 eum
1197 2247 1486 2302 Philistiim
1532 2248 1585 2300 in
1622 2245 1782 2319 AGetlt.

268 2317 521 2376 Columba
559 2331 702 2375 tnuta
725 2363 740 2386 ,
775 2330 831 2376 et
858 2320 1024 2374 David
1057 2320 1280 2374 humilis
1319 2329 1479 2390 atque
1511 2317 1786 2388 perlectus

267 2392 504 2448 Christus
547 2392 603 2446 in
635 2392 891 2463 passione
924 2399 1282 2446 nienstratur.

267 2508 506 2566 Miserere
535 2509 663 2576 mei,
690 2507 850 2577 Deus,
874 2509 1117 2579 quoniam
1142 2507 1460 2563 conculcavit
1483 2523 1562 2562 me
1583 2507 1738 2562 homo
1765 2523 1784 2565 :

203 2609 298 2656 tota
335 2602 416 2658 die
460 2603 781 2676 impugnans
830 2601 1094 2656 tribulauit
1133 2617 1231 2656 me.
1265 2599 1324 2656 ln
1364 2599 1585 2656 homine
1625 2610 1785 2670 atque

204 2693 418 2753 bellante
441 2739 456 2763 ,
499 2696 706 2752 diaboli
735 2696 822 2752 vel
860 2696 1190 2768 reliquarum
1231 2695 1594 2768 nequitiarum
1625 2694 1786 2764 spiri-

205 2792 410 2847 tualium
455 2791 701 2848 ostendit
745 2791 1137 2847 immissionem
1179 2809 1192 2845 :
1242 2805 1475 2862 quorum
1522 2789 1782 2845 instinctu

204 2883 442 2942 Dominus
466 2900 667 2957 passus
687 2894 790 2940 est.
814 2885 870 2940 in
895 2885 983 2940 die
1001 2893 1180 2940 autem
1202 2883 1544 2953 corporalem
1568 2891 1781 2938 aetatem

203 2989 467 3035 monstrat.
503 2977 758 3035 Miserere
778 2977 898 3044 ntei,
934 2977 1173 3031 Domine.
1206 2976 1285 3032 Ac
1309 2977 1353 3031 si
1382 2975 1527 3031 dicat
1556 2993 1569 3030 :
1600 2973 1708 3030 Fac
1729 2976 1781 3031 in

202 3087 278 3128 me
300 3073 765 3130 misericordiam.
802 3073 1060 3141 Quoniam
1086 3072 1398 3127 conculcavit
1418 3088 1496 3126 me
1516 3070 1693 3139 homo,
1731 3070 1782 3127 id

201 3177 291 3231 est.
320 3166 574 3226 Christus
598 3183 629 3224 a
667 3166 869 3224 Judzeis
900 3169 950 3222 in
998 3169 1252 3239 passione
1281 3167 1636 3222 comulcatus
1663 3174 1777 3232 est,

201 3270 243 3316 et
268 3261 504 3318 Ecclesia
534 3277 566 3315 a
599 3260 1071 3332 persecutoribus.
1102 3261 1274 3315 llotno
1302 3274 1440 3314 unus
1471 3273 1567 3329 pro
1596 3258 1780 3314 multis

199 3355 398 3424 dicitur,
429 3367 483 3412 et
518 3357 709 3427 plures
741 3370 839 3426 pro
867 3369 975 3410 uno
1010 3355 1283 3410 dicuntur.
1308 3353 1461 3410 Unus
1495 3370 1508 3407 :
1544 3353 1647 3408 hoc
1675 3363 1779 3419 est,

199 3466 284 3523 pro
313 3453 511 3508 unitate
549 3451 792 3507 malitiae.
835 3449 963 3506 Dure
1001 3449 1250 3506 civitates
1297 3458 1425 3505 sunt
1451 3449 1503 3504 in
1535 3448 1778 3503 mundo:

198 3545 418 3620 Babylon
461 3558 518 3604 et
569 3545 902 3603 Jerusalem.
931 3544 1036 3600 Per
1075 3543 1432 3615 Babyloniam
1468 3542 1784 3615 intelligun-

198 3646 273 3695 tur
287 3641 435 3711 mali,
455 3639 556 3713 qui
579 3647 986 3710 persequuntur
1002 3643 1256 3693 sanctos:
1278 3637 1354 3691 sic
1376 3647 1429 3692 et
1449 3636 1774 3703 Jerusalem,

197 3730 241 3786 id
266 3741 371 3802 est,
406 3733 592 3788 anima
623 3731 820 3796 electa,
851 3745 959 3786 non
989 3739 1166 3785 cessat
1197 3743 1360 3784 orare
1393 3743 1490 3799 pro
1520 3727 1778 3784 inimicis.

198 3821 311 3878 Tota
341 3826 422 3879 die
442 3827 758 3898 impugnans
785 3822 1044 3879 tribulavit
1070 3839 1170 3878 me.
1194 3821 1330 3876 Tota
1359 3820 1474 3887 die,
1509 3828 1622 3876 toto
1646 3829 1781 3876 tem-

193 3930 312 3989 pore
335 3934 560 3991 pugnae.

254 4012 696 4069 Conculcauerunt
721 4030 802 4068 me
827 4013 1025 4068 inimici
1048 4014 1162 4068 ntci.
1195 4011 1369 4069 Judtci
1396 4011 1605 4082 utique.
1650 4008 1779 4064 Tota

191 4106 279 4162 die.
310 4109 350 4164 A
383 4119 638 4180 tempore
669 4109 848 4165 carnis
895 4117 1208 4178 assumptte.
1247 4109 1319 4162 Ab
1355 4107 1634 4162 altitudine
1679 4106 1779 4160 diei

191 4197 376 4254 timebo.
410 4200 560 4256 Duos
590 4214 785 4256 sensus
828 4199 992 4256 habet
1042 4199 1149 4254 hic.
1187 4198 1389 4266 Unum,
1423 4198 1579 4269 quasi
1634 4197 1781 4254 dicat

190 4289 424 4348 Ecclesia
467 4294 525 4349 in
577 4293 821 4364 rogando
868 4311 880 4347 :
913 4293 1029 4348 Non
1059 4293 1269 4350 timebo
1305 4294 1650 4348 altitudinem
1687 4307 1777 4348 su-

187 4383 488 4450 perborum.
522 4383 703 4440 Alium
728 4384 1054 4442 afﬁrmando
1082 4403 1095 4441 :
1126 4385 1356 4443 'l‘imebo
1383 4385 1726 4441 altitudinem
1760 4403 1774 4440 :

187 4474 280 4532 hoc
305 4487 408 4546 est,
445 4477 794 4534 altitudinem
819 4478 1119 4534 divinitatis
1145 4499 1158 4534 :
1190 4481 1314 4552 quia
1345 4483 1436 4550 qui
1461 4495 1569 4536 non
1598 4481 1773 4548 timet,

187 4581 619 4643 prtesumptuose
640 4572 770 4644 agit.
791 4572 1049 4639 Quoniam
1071 4573 1221 4628 multi
1238 4575 1482 4629 bellantes
1505 4573 1774 4628 adversum

183 4677 272 4718 me.
303 4665 384 4721 Ab
412 4665 714 4722 altitudine
735 4665 838 4723 diei
864 4667 1135 4722 timebunt
1164 4685 1177 4720 :
1207 4667 1329 4738 quia
1359 4683 1463 4723 non
1499 4669 1550 4722 in
1579 4668 1771 4735 Deum,

182 4755 270 4810 sed
302 4757 352 4812 in
381 4758 550 4814 rebus
585 4758 912 4815 transitoriis
942 4771 1241 4832 posuerunt
1271 4775 1396 4830 spes
1419 4775 1564 4816 suas.

247 4847 359 4921 Ego
403 4865 525 4905 vero
553 4851 606 4905 in
635 4860 684 4906 te
716 4851 932 4924 sperabo
975 4867 993 4906 :
1030 4853 1085 4906 in
1113 4849 1222 4906 Deo
1246 4853 1469 4907 laudabo
1515 4863 1774 4909 sermones

181 4954 331 4996 meos.
378 4942 520 5010 Quia
553 4944 608 4999 in
639 4943 765 5014 ejus
808 4959 912 5015 ope
945 4945 1308 5017 praesidioque
1339 4946 1554 5002 conﬁdo
1582 4989 1598 5014 ,
1632 4947 1773 5003 sicut

182 5033 440 5093 Dominus
469 5037 608 5093 dixit
641 5055 655 5092 :
683 5038 797 5095 Mea
831 5039 1079 5095 doctrina
1112 5055 1219 5094 non
1247 5049 1331 5096 est
1359 5056 1501 5106 mea,
1529 5040 1625 5096 sed
1654 5043 1771 5110 ejus

178 5129 259 5197 qui
287 5145 372 5186 me
395 5130 546 5186 misit
577 5130 754 5186 Patris
774 5129 960 5203 (Joan.
986 5131 1105 5204 vn).
1127 5132 1339 5200 Quanto
1357 5133 1529 5203 magis
1553 5149 1652 5188 nos
1675 5134 1766 5204 qui

176 5224 345 5278 omnia
372 5225 446 5280 ab
471 5224 568 5280 illo
595 5227 932 5296 accepimus,
956 5236 1010 5282 et
1037 5225 1190 5282 illum
1215 5228 1526 5298 accepimus
1552 5245 1565 5281 :
1587 5227 1765 5298 ipsum

175 5327 386 5384 semper
414 5316 639 5373 laudare
665 5317 957 5373 debemus!

240 5405 304 5462 In
330 5408 444 5464 Deo
473 5411 713 5482 sperabo,
746 5428 849 5465 non
875 5413 1064 5466 timebo
1087 5413 1213 5480 quid
1241 5414 1402 5484 faciat
1434 5413 1560 5467 mihi
1589 5413 1759 5468 homo.

175 5495 228 5552 ln
255 5499 374 5569 ipso
403 5503 784 5570 conﬁrmatus,
817 5518 923 5558 non
954 5503 1157 5558 timebo
1183 5503 1323 5558 bella
1354 5519 1475 5574 qua:
1503 5503 1635 5558 mihi
1669 5504 1767 5558 ad-

175 5595 442 5650 versarius
479 5608 678 5662 movet,
712 5595 838 5665 quia
869 5595 1076 5650 dictum
1115 5604 1200 5651 est
1235 5613 1248 5652 :
1291 5596 1346 5650 Si
1372 5610 1573 5666 corpus
1613 5595 1760 5651 occi-

176 5681 337 5740 dunt:
361 5687 598 5743 animam
614 5697 794 5744 autem
819 5703 929 5744 non
951 5698 1175 5758 possunt
1195 5688 1446 5745 occidere
1467 5687 1647 5761 (Matt.
1677 5688 1756 5760 κ).

242 5778 374 5835 Tota
417 5780 504 5835 die
543 5781 695 5836 verba
748 5799 860 5837 mea
893 5783 1296 5838 exsecrabantur
1335 5783 1607 5838 adversum
1655 5800 1755 5840 me.

176 5870 301 5929 Cum
359 5873 642 5947 dicerent,
677 5891 784 5933 non
822 5884 905 5932 est
928 5875 1018 5932 hic
1047 5875 1312 5949 prephcta
1337 5920 1351 5943 ,
1393 5879 1487 5936 sed
1537 5878 1755 5936 seducit

1893 558 1952 615 In
1987 559 2186 614 malum
2229 557 2375 613 enim
2403 555 2480 610 eis
2507 569 2768 610 conversa
2799 560 2927 608 sunt
2958 571 2974 608 :
3020 568 3140 608 cum
3176 567 3272 608 eos
3307 552 3494 610 divina

1894 651 2032 706 ultio
2082 660 2204 720 post
2250 647 2554 704 Dominica:
2582 645 2856 718 passionis
2900 645 3109 701 scelera
3159 645 3490 702 verberavit.

1895 741 2086 797 Omnia
2143 741 2362 796 consilia
2413 755 2588 794 eorum
2641 739 2693 793 in
2751 736 2952 792 malum
3006 754 3026 793 :
3077 737 3248 794 Judaei
3299 747 3491 794 contra

1888 833 2191 902 Christum,
2225 845 2278 889 et
2311 841 2631 904 peccatores
2663 841 2852 886 contra
2883 838 3127 886 sanctos.

1962 925 2355 982 Inhabitabunt.
2389 923 2754 982 Unanimiter.
2783 923 2849 977 Et
2874 923 3208 980 abscondent.
3237 922 3493 993 Laqueus

1890 1023 2153 1093 nequitia:
2185 1037 2320 1078 sum.
2355 1020 2472 1093 Ipsi
2503 1019 2809 1074 calcaneum
2835 1035 3002 1073 meum
3031 1017 3392 1074 observabant.
3423 1017 3498 1074 Ut

1889 1130 1976 1170 me
2003 1115 2362 1186 supplantare
2395 1112 2629 1184 possint,
2655 1113 2798 1167 sicut
2823 1111 3118 1167 voluerunt
3147 1129 3160 1166 :
3187 1111 3273 1166 vel
3305 1111 3357 1166 in
3389 1127 3491 1166 uu-

1889 1210 2147 1264 mismate
2196 1222 2402 1264 census
2430 1206 2585 1280 (Luc.
2617 1207 2712 1277 sx)
2755 1225 2768 1261 :
2800 1206 2887 1262 vel
2923 1207 2974 1260 in
3026 1205 3257 1261 muliere
3288 1205 3494 1275 depre-

1889 1301 2059 1358 hensa
2090 1301 2272 1372 (Joan.
2302 1300 2439 1370 vni).
2467 1300 2580 1368 Ipsi
2609 1301 2911 1354 calcaneum
2935 1315 3105 1354 meum
3127 1299 3488 1357 observabant.

1887 1393 2065 1449 Judaei
2095 1395 2262 1449 tinem
2290 1391 2516 1458 Christi,
2552 1400 2607 1446 et
2635 1403 2956 1461 peccatores
2988 1391 3151 1448 ﬁnem
3184 1391 3443 1447 Ecclesiae
3470 1409 3485 1447 τ

1885 1487 2014 1558 quia
2045 1487 2247 1556 septies
2285 1486 2336 1540 in
2369 1485 2458 1539 die
2495 1483 2642 1539 cadit
2669 1484 2881 1554 justus,
2931 1495 2984 1541 et
3020 1486 3262 1557 resurgit
3301 1484 3488 1558 (Prov.

1887 1582 2062 1652 xxrv).
2081 1579 2197 1648 Vel,
2220 1580 2518 1634 calcaneum
2541 1594 2709 1633 meum
2731 1579 3107 1633 observabant:
3126 1578 3492 1635 sicutdictum

1886 1685 1970 1731 est
1997 1675 2065 1731 de
2092 1674 2187 1729 illa
2217 1674 2473 1741 muliere,
2505 1683 2559 1728 et
2579 1672 3010 1743 serpente(Gen.
3042 1671 3148 1744 Ill).
3174 1673 3280 1729 Per
3309 1682 3494 1744 caput,

1888 1769 2107 1824 initium
2136 1766 2500 1839 suggestionis
2525 1765 2712 1830 malai,
2741 1775 2794 1821 et
2826 1780 2926 1837 per
2957 1765 3298 1833 caleaneum,
3333 1766 3492 1822 ﬁnem

1817 1869 1863 1930 Β
1893 1863 2043 1918 vitae.
2081 1861 2179 1917 Vel
2219 1861 2461 1916 haeretici
2496 1859 2549 1915 in
2601 1858 2986 1931 qualicumque
3011 1873 3297 1924 sermone,
3332 1859 3494 1915 ﬁnem

1887 1956 2189 2013 observare
2211 1961 2476 2025 quaerunt.

1958 2051 2109 2106 Sicut
2151 2050 2510 2105 sustinuerunt
2558 2047 2787 2102 animant
2827 2063 3013 2102 meam.
3050 2047 3123 2105 Ut
3173 2056 3390 2117 captum
3441 2047 3493 2102 in

1884 2143 2067 2200 verbis
2096 2153 2419 2198 accusarent
2447 2141 2593 2212 apud
2627 2141 2931 2212 principes.
2963 2142 3073 2197 Pro
3104 2141 3270 2197 nihilo
3315 2141 3487 2196 salvos

1887 2237 2048 2309 facies
2085 2235 2228 2291 illos.
2283 2235 2576 2290 Salvantnr
2622 2233 2770 2289 enim
2817 2247 2915 2301 pro
2957 2232 3161 2302 nihilo,
3208 2247 3334 2288 cum
3384 2247 3492 2288 non

1885 2336 2297 2386 commutantur
2327 2325 2394 2382 ad
2427 2327 2655 2397 gloriam
2675 2371 2689 2396 ,
2735 2325 2830 2382 sed
2862 2326 2928 2380 ad
2961 2326 3228 2398 supplicia
3257 2329 3493 2382 transie-

1887 2431 2103 2478 runtur.
2146 2418 2448 2489 Proinihilo
2483 2420 2652 2473 salvos
2684 2419 2840 2490 facies
2869 2418 2988 2474 illos
3019 2434 3039 2474 :
3063 2421 3190 2491 quia
3223 2433 3330 2474 non
3361 2420 3492 2475 fecit

1885 2513 2136 2572 Christus
2169 2523 2396 2584 propter
2443 2513 2586 2584 quod
2627 2514 2927 2577 sustinuit,
2965 2513 3060 2569 sed
3101 2513 3490 2585 espetiverunt

1885 2606 2058 2663 Judazi
2085 2615 2145 2662 ut
2173 2607 2325 2661 illum
2364 2606 2760 2662 interlicerent.
2792 2605 2859 2661 In
2889 2607 2970 2660 ira
3004 2607 3226 2680 papulos
3260 2608 3494 2678 confrin-

1886 2720 1993 2775 ges.
2025 2702 2165 2772 Quia
2208 2704 2429 2774 impacti
2467 2715 2596 2760 sunt
2634 2703 2686 2760 in
2728 2711 2938 2775 petram
2967 2702 3288 2760 oﬁ‘ensionis
3324 2715 3375 2759 et
3411 2703 3491 2758 la-

1886 2796 2068 2867 pidem
2106 2797 2376 2852 scandali.
2408 2797 2539 2852 Post
2567 2797 2709 2853 hanc
2749 2799 3014 2854 ultionem
3042 2797 3309 2871 prepheta
3349 2813 3486 2870 gau-

1886 2887 2056 2955 dens,
2093 2889 2400 2959 prmvidens
2432 2890 2610 2944 lutura
2643 2889 2921 2946 decantat.

1959 2982 2130 3050 Deus,
2158 2985 2315 3039 vitam
2338 3001 2505 3040 meam
2535 2985 2842 3040 annuntiavi
2881 2984 2993 3039 tibi.
3022 2984 3103 3040 Tu
3131 2998 3191 3041 es
3215 2984 3359 3041 enim
3380 2984 3491 3040 vita

1889 3092 2034 3146 mea,
2064 3078 2347 3150 omnisque
2372 3079 2579 3149 populi.
2605 3079 2696 3149 qui
2729 3079 2795 3134 ad
2827 3077 3261 3144 redemptionem
3292 3089 3488 3134 ventu-

1888 3185 1981 3226 rus
2010 3185 2071 3226 es
2101 3171 2308 3227 mundi.
2348 3171 2731 3242 Unusquisque
2754 3170 2919 3227 debet
2945 3170 3198 3226 nuntiare
3229 3187 3327 3242 per
3348 3186 3482 3227 con-

1886 3265 2176 3321 fessionem
2221 3285 2234 3321 :
2282 3267 2425 3322 sicut
2467 3267 2672 3322 Paulus
2710 3266 2892 3335 fecit:
2927 3267 3150 3338 quando
3195 3267 3417 3324 dicebat
3477 3287 3490 3324 :

1882 3361 1982 3430 Qui
2013 3365 2164 3433 prius
2194 3363 2265 3418 lui
2318 3363 2670 3434 blasphemus
2690 3408 2704 3429 ,
2741 3371 2796 3418 et
2826 3373 3165 3432 persecutor,
3196 3373 3246 3419 et
3279 3371 3474 3419 contu-

1885 3455 2179 3521 meliosus,
2206 3455 2302 3512 sed
2331 3456 2760 3512 misericordiam
2792 3464 3118 3512 consecutus
3149 3472 3271 3512 sum
3307 3473 3321 3512 :
3352 3457 3476 3528 quia

1886 3546 2148 3620 ignorans
2182 3547 2280 3604 feci
2313 3549 2368 3603 in
2402 3548 2790 3606 incredulitate
2818 3548 2861 3621 (Ι
2882 3547 3018 3604 Tim.
3050 3551 3110 3616 ι).
3141 3549 3212 3603 Ει
3240 3549 3368 3604 item
3404 3549 3485 3604 di-

1887 3639 2051 3695 ccbat
2088 3658 2100 3694 :
2133 3639 2270 3694 Vivo
2298 3649 2478 3695 autem
2500 3639 2614 3709 jam
2649 3656 2759 3695 non
2791 3655 2895 3710 ego
2939 3658 2950 3694 :
2991 3639 3131 3695 vivit
3159 3655 3289 3694 vcro
3315 3640 3370 3694 in
3405 3656 3492 3697 me

1881 3733 2142 3789 Christus
2171 3731 2372 3805 (Galat.
2417 3734 2499 3804 tt).
2531 3732 2766 3788 Posuisti
2800 3734 3060 3804 lacrymas
3102 3749 3240 3788 meas
3279 3734 3334 3788 in
3365 3750 3492 3788 con-

1881 3835 2061 3896 spectu
2090 3835 2178 3878 tuo
2197 3864 2211 3888 ,
2243 3826 2375 3879 sicut
2397 3834 2445 3878 et
2475 3826 2528 3878 in
2557 3825 2900 3896 promissione
2930 3835 3042 3878 tua.
3082 3824 3231 3878 Tunc
3277 3839 3490 3879 convcr-

1884 3929 2058 3975 tentur
2081 3920 2280 3974 inimici
2304 3921 2408 3974 mei
2429 3929 2730 3972 retrorsum.
2755 3917 3160 3973 Promissiones
3184 3926 3292 3974 tute
3313 3928 3490 3986 erant,

1885 4025 1938 4069 ut
1966 4024 2181 4070 veteres
2207 4015 2506 4086 lacrymas,
2533 4013 2819 4069 conversis
2846 4023 2969 4086 post
2994 4023 3204 4084 tergum
3231 4013 3487 4081 inimicis,

1889 4108 1940 4164 in
1971 4106 2166 4179 gaudia
2200 4107 2414 4162 novella
2463 4106 2794 4161 transferres
2836 4122 2852 4161 :
2885 4121 3082 4176 meque
3127 4121 3251 4159 cum
3284 4105 3490 4160 sanctis

1883 4201 2096 4255 caeteris
2124 4209 2213 4255 tua
2241 4200 2413 4271 gloria
2437 4213 2784 4255 munerares.
2816 4198 3046 4253 Posuisti
3070 4199 3327 4270 lacrymas
3350 4214 3489 4252 meas

1882 4293 1936 4346 in
1967 4300 2244 4363 conspectu
2267 4301 2355 4345 tuo
2385 4307 2404 4347 :
2434 4291 2536 4346 hoc
2577 4299 2681 4357 est,
2711 4290 2914 4346 audiSIi
2943 4302 2997 4347 et
3026 4289 3229 4346 vidisti.
3256 4291 3405 4346 Sicut
3435 4292 3487 4345 in

1881 4385 2220 4458 promissione
2265 4395 2374 4439 tua.
2409 4385 2551 4439 Deus
2605 4383 3106 4454 promisit‘sanctis
3137 4384 3249 4438 suis
3299 4383 3440 4438 bona
3473 4399 3488 4440 :

1880 4478 1976 4535 sed
2011 4488 2189 4533 tamen
2217 4477 2346 4533 dicit
2377 4495 2390 4531 :
2421 4475 2696 4533 Conﬁtere
2727 4487 2780 4532 tu
2809 4477 2962 4547 prius
2997 4475 3310 4548 iniquitates
3342 4485 3485 4543 tuas,

1882 4583 1938 4629 ut
1962 4573 2307 4644 justiﬁeeris.
2337 4571 2485 4626 Tunc
2521 4581 2882 4627 convertentur
2907 4571 3108 4626 inimici
3166 4573 3265 4627 mei
3295 4580 3492 4627 retror-

1879 4683 2015 4722 sum.
2052 4665 2302 4736 Optaudo
2340 4665 2471 4720 dicit
2503 4665 2746 4721 Ecclesia
2770 4707 2784 4732 ,
2817 4674 2876 4720 ut
2906 4665 2996 4736 qui
3037 4674 3269 4721 currunt
3297 4664 3362 4720 ad
3399 4665 3489 4719 in.

1881 4761 2128 4828 lernam,
2163 4768 2559 4816 convertantur
2617 4758 2685 4814 ad
2747 4760 2917 4817 Deum
2965 4759 3122 4834 (Isai.
3164 4775 3333 4828 XLIII,
3381 4775 3485 4819 sec.

1877 4852 2069 4924 LXX).

1949 4946 2016 5000 In
2049 4962 2375 5017 quacumque
2401 4945 2488 5000 die
2516 4946 2823 5000 invocavera
2852 4953 2898 4999 te
2928 4959 2945 4998 :
2977 4961 3089 5000 ecce
3117 4941 3332 5016 regnovi
3358 4959 3487 5013 quo-

1875 5038 2017 5091 niam
2046 5033 2184 5092 Deus
2203 5054 2348 5091 meus
2371 5053 2445 5091 es.
2477 5035 2534 5090 In
2560 5035 2710 5091 omni
2733 5035 2880 5091 enim
2903 5037 3235 5092 necessitate
3259 5043 3315 5088 tu
3341 5034 3484 5090 Deus

1877 5131 2088 5186 assistis
2112 5149 2124 5184 :
2153 5129 2590 5186 misericordiam
2619 5137 2887 5200 prtcstans
2916 5127 3042 5186 tuis.
3072 5126 3137 5181 ln
3159 5143 3484 5198 quacumque

1875 5224 1959 5278 die
1984 5224 2284 5277 invocavero
2312 5225 2379 5290 te,
2415 5220 2465 5275 id
2499 5232 2614 5288 est,
2645 5229 2735 5275 aut
2769 5221 2820 5274 in
2850 5221 3152 5290 prosperis,
3187 5227 3278 5273 aut
3306 5218 3358 5272 in
3385 5217 3484 5273 ad~

1873 5314 2095 5371 versis:
2148 5314 2214 5370 Et
2247 5314 2463 5385 cognoui
2507 5313 2756 5384 quoniam
2790 5311 2927 5366 Deus
2971 5326 3115 5365 meus
3156 5326 3206 5364 es
3245 5321 3319 5362 tu.
3365 5307 3484 5364 Vox

1873 5409 2157 5465 Ecclesiae.
2191 5408 2366 5478 Aliqui
2397 5413 2756 5476 cognoscunt,
2785 5419 2883 5474 per
2908 5414 3216 5459 creaturam
3243 5401 3364 5458 coeli
3387 5443 3401 5465 ,
3427 5411 3483 5457 ct

1870 5511 2031 5559 terrm
2064 5520 2078 5558 :
2111 5507 2254 5558 sicut
2282 5510 2500 5557 sanctus
2531 5499 2725 5555 Paulus
2752 5498 2882 5554 dicit
2919 5515 2932 5553 :
2958 5497 3065 5552 Per
3095 5513 3154 5552 ea
3184 5513 3304 5568 qute
3336 5495 3472 5552 facta

1867 5606 1995 5653 sunt
2032 5597 2309 5653 intellecta
2352 5594 2737 5664 concipiuntur
2786 5592 2963 5664 (Rom.
3013 5594 3077 5661 ι).
3130 5591 3198 5646 Et
3247 5590 3334 5645 alii
3377 5605 3481 5659 per

1866 5691 2062 5758 Deum,
2086 5693 2178 5762 qui
2207 5689 2508 5760 inSpiratin
2542 5686 2751 5742 animos
2778 5685 2999 5741 illorum
3035 5703 3046 5739 :
3082 5685 3222 5739 sicut
3249 5681 3475 5739 Thomas

1864 5787 2000 5842 dixit
2041 5803 2055 5841 :
2084 5787 2222 5842 inter
2245 5784 2468 5856 digitum
2496 5792 2644 5838 tuum
2670 5781 2793 5849 huc,
2819 5788 2875 5837 et
2897 5779 3050 5836 mitte
3074 5794 3297 5834 manum
3328 5788 3472 5832 tuam

1864 5879 1917 5935 in
1955 5878 2093 5933 latus
2124 5891 2325 5947 meum,
2361 5888 2414 5932 et
2455 5889 2723 5947 cognosce
2765 5873 2886 5930 loca
2912 5873 3226 5941 clavorum,
3275 5877 3334 5929 et
3360 5867 3470 5926 noli
