3954 6340
456 310 562 368 987

1218 309 1569 366 APPENDIX
1607 307 1698 365 AD
1733 306 1976 365 τωιιιιι
2017 305 2377 365 SEPTIMUM
2417 306 2477 365 S.
2520 304 2931 367 HIERONYMI.

3644 307 3738 368 988

456 443 581 485 esse
610 428 949 499 incredulus,
983 427 1079 484 sed
1126 427 1299 483 fidelis
1326 427 1508 494 (Joan.
1541 428 1661 500 xx).
1710 428 1775 483 Et
1802 427 1921 498 ipse
1964 439 2048 481 re-
2081 429 2130 487 Α
2158 423 2281 491 ala,
2310 423 2420 483 duo
2445 424 2793 483 Testamenta
2819 465 2836 492 ,
2866 423 2954 480 vel
2981 423 3090 480 duo
3121 432 3397 495 praecepta
3443 422 3736 481 charitatis.

455 521 713 578 cordatus
735 521 867 578 dicit
891 539 904 576 :
934 520 1198 575 Dominus
1227 535 1383 576 meus
1410 531 1465 575 et
1494 520 1641 575 Deus
1664 533 1837 576 tuens.

530 612 599 667 In
633 613 990 668 Deo‘laudabo
1022 611 1265 676 Verbum,
1295 621 1342 667 et
1370 615 1422 667 in
1446 610 1667 666 Domino
1689 612 1919 667 laudabo
1947 627 2055 666 ser—

459 721 660 761 monem
695 722 713 761 :
741 706 793 759 in
828 705 933 760 Deo
962 706 1205 776 sperabo,
1241 723 1343 761 non
1372 706 1554 761 timebo
1583 707 1708 776 quid
1739 708 1898 776 faciat
1927 707 2055 761 mihi

457 800 632 855 homo.
670 800 876 855 Laudat
915 799 1112 856 iterum
1160 799 1423 870 prepheta
1459 800 1694 855 Verbum
1728 799 1895 868 illud,
1935 801 2054 855 sive

454 904 793 960 sermonem,
822 892 912 963 qui
939 902 1055 946 erat
1081 892 1133 947 in
1167 893 1427 962 principio
1458 893 1598 962 apud
1627 892 1843 947 Patrem
1872 908 1887 947 :
1929 890 2052 964 quia

454 1000 683 1057 sperans
706 987 758 1041 in
779 1002 926 1053 eum,
953 1002 1056 1041 non
1076 987 1267 1042 metuit
1287 986 1582 1042 adversarii
1603 986 1800 1051 minas,
1821 986 2010 1042 dicens
2033 1001 2054 1042 :

530 1077 597 1133 In
627 1095 708 1133 me
733 1087 873 1147 sunt,
913 1078 1068 1144 Deus,
1098 1088 1215 1133 vota
1240 1090 1331 1133 tua
1363 1096 1382 1134 :
1405 1095 1523 1147 qua:
1542 1079 1757 1134 reddam
1783 1078 2052 1134 laudatio-

456 1185 546 1225 nes
587 1171 699 1225 tibi.
732 1171 860 1226 Haec
896 1181 1021 1226 sunt
1046 1179 1170 1226 vota
1204 1171 1504 1241 prophetae,
1531 1182 1590 1225 ut
1621 1172 1833 1227 laudem
1874 1170 2055 1226 Domi-

459 1263 638 1317 nicam
670 1262 914 1318 celebret
962 1279 976 1316 :
1015 1265 1158 1319 sicut
1185 1263 1311 1318 alibi
1343 1262 1478 1319 dicit
1510 1282 1523 1319 :
1559 1264 1782 1319 lmmola
1819 1265 1930 1319 Deo
1959 1280 2051 1319 sa-

457 1354 724 1410 crificium
779 1355 954 1411 laudis
983 1355 1159 1429 (Psal.
1211 1359 1321 1427 χι).
1353 1355 1423 1411 Et
1462 1371 1560 1412 cur
1591 1356 1709 1412 huic
1737 1357 1930 1424 faciat,
1957 1356 2054 1412 ad-

450 1449 584 1518 jecit
616 1466 629 1506 :

531 1540 793 1608 Quoniam
814 1542 1048 1614 eripuisti
1069 1544 1297 1598 animam
1322 1561 1487 1599 meum
1514 1540 1779 1601 demor‘te.
1804 1546 2051 1603 Secunda

455 1634 661 1705 utique.
690 1634 886 1690 Oculos
911 1651 1050 1690 meos
1072 1652 1103 1691 a
1123 1637 1391 1707 lacrymis.
1416 1637 1491 1692 Ne
1508 1638 1624 1709 jam
1656 1624 1885 1695 necesse
1906 1650 2053 1697 esset

457 1736 675 1796 peccata
704 1726 910 1783 deﬂere
934 1768 949 1794 ,
983 1738 1042 1782 ut
1070 1728 1202 1782 illud
1253 1744 1269 1782 :
1309 1729 1597 1800 Absterget
1646 1731 1788 1787 Deus
1832 1745 2049 1787 omnem

2158 515 2333 575 Donec
2358 526 2585 574 transeat
2611 519 2881 590 iniquitas.
2906 517 3189 574 lnsultatio
3215 517 3546 589 iniquorum.
3579 517 3736 577 Docet

2155 610 2298 665 enim
2331 625 2428 680 per
2456 610 2575 668 haec
2617 609 2673 664 in
2704 610 3068 677 spiritualium
3112 610 3320 665 alarum
3359 624 3587 681 sperare
3622 624 3737 681 pro.

2157 702 2474 759 lectionem.
2503 702 2642 758 Hinc
2669 702 2932 774 propheta
2956 702 3222 773 loquitur.

2226 794 2472 851 Clamabo
2499 796 2569 849 ad
2595 792 2763 851 Deum
2788 796 3095 851 altissimum
3133 811 3153 851 :
3187 796 3350 853 Deum
3377 796 3465 866 qui
3503 796 3737 867 benefecit

2156 886 2305 941 milii.
2340 886 2467 942 Haec
2494 893 2622 941 sunt
2649 902 2772 957 qua:
2801 896 2927 956 post
2953 886 3300 942 dinumerata
3331 887 3471 942 bona
3502 902 3739 958 sequun-

2158 988 2265 1036 tur.
2296 978 2476 1036 Donec
2502 989 2732 1034 transeat
2763 980 3038 1050 iniquitas,
3074 980 3181 1037 hoc
3204 988 3312 1048 est,
3348 981 3601 1036 diabolus
3628 995 3740 1036 cum

2155 1071 2269 1129 suis
2291 1072 2573 1140 membris,
2600 1073 2683 1129 vel
2708 1073 2825 1129 suis
2837 1072 3193 1133 satellitibus.
3218 1071 3468 1129 Clamabo
3494 1075 3563 1128 ad
3583 1072 3740 1130 Deum

2155 1166 2486 1221 altissimum.
2518 1164 2793 1222 Clamavit
2817 1165 3079 1223 Christus
3118 1168 3184 1224 ad
3218 1168 3387 1224 Deum
3420 1169 3673 1239 Patrem,
3697 1177 3744 1226 et

2155 1261 2332 1342 oravit
2361 1274 2463 1330 pro
2490 1259 2643 1318 falsis
2672 1260 2960 1318 fratribus.
3010 1262 3075 1317 Et
3096 1260 3342 1319 Ecclesia
3371 1279 3472 1333 pro
3514 1263 3743 1320 inimicis

2154 1362 2297 1410 orat.
2329 1348 2395 1410 Et
2422 1357 2492 1410 ad
2520 1355 2690 1410 Deum
2722 1357 2815 1428 qui
2843 1357 3094 1426 benefecit
3116 1358 3268 1423 mihi,
3296 1358 3349 1414 id
3375 1368 3481 1425 est,
3513 1358 3643 1415 fecit
3668 1375 3743 1417 me

2155 1462 2220 1502 ex
2252 1447 2426 1503 nihilo
2452 1448 2521 1503 ad
2547 1461 2703 1503 suam
2748 1448 3073 1519 imaginem,
3113 1459 3173 1506 et
3198 1448 3352 1506 dedit
3394 1449 3532 1506 mihi
3571 1452 3743 1508 omnia

2157 1540 2294 1594 bona
2320 1542 2608 1611 praesentis
2630 1540 2780 1609 vitae,
2812 1551 2868 1596 et
2891 1551 3077 1612 postea
3105 1543 3158 1599 in
3182 1542 3365 1598 futuro
3393 1544 3564 1599 vitam
3592 1554 3740 1600 teter.

2156 1649 2279 1690 nam
2310 1635 2579 1705 promisit.

2227 1725 2372 1780 Misit
2402 1727 2467 1783 de
2494 1726 2645 1792 ctelo,
2680 1738 2727 1782 et
2753 1728 2990 1782 liberavit
3020 1743 3121 1781 me.
3166 1725 3311 1781 Misit
3349 1726 3548 1785 Filium
3599 1741 3744 1783 suum

455 1816 754 1890 lacrymam
786 1818 858 1871 ab
881 1818 1056 1874 oculis
1081 1835 1270 1875 eorum
1296 1820 1348 1876 in
1371 1820 1459 1876 die
1481 1820 1673 1891 iudicii
1695 1822 1882 1895 (Apoc.
1912 1825 2007 1896 vn)
2037 1840 2052 1879 :
2086 1828 2133 1887 Β
2159 1817 2227 1873 de
2252 1817 2428 1883 etelis,
2456 1830 2510 1873 nt
2541 1818 2816 1875 hominem
2847 1834 2876 1874 a
2906 1827 3134 1890 peccato
3159 1828 3380 1874 erueret
3418 1837 3429 1871 :
3466 1818 3555 1872 vel
3584 1833 3743 1889 genus

456 1912 581 1982 quia
630 1913 835 1967 dictum
889 1923 973 1967 cst
1019 1930 1032 1967 :
1068 1913 1217 1968 Beati
1266 1914 1355 1984 qui
1399 1914 1617 1985 lugent,
1662 1916 1916 1986 quoniam
1951 1917 2052 1988 ipsi

455 2004 883 2060 consolabuntur
935 2003 1157 2075 (Matth.
1213 2006 1293 2076 v).
1341 2006 1503 2062 Pedes
1534 2023 1671 2061 meos
1698 2024 1731 2061 a
1760 2008 1937 2078 lapsu.
1975 2007 2053 2064 Ne

456 2097 599 2153 ultra
651 2097 968 2153 laberentur
998 2099 1049 2153 in
1084 2105 1328 2167 peccata.
1362 2098 1530 2154 Pedes
1553 2116 1692 2154 meos
1719 2142 1734 2166 ,
1786 2102 1888 2157 hoc
1926 2111 2049 2169 est,

456 2206 674 2258 sensus,
700 2208 733 2246 a
775 2192 948 2266 lapsu.
979 2194 1104 2263 quia
1140 2208 1249 2248 non
1276 2195 1382 2250 erit
1420 2207 1547 2249 tunc
1579 2197 1859 2265 suggestio
1887 2196 2050 2262 mala,

454 2301 558 2341 nec
574 2285 873 2343 tribulatio.
901 2285 971 2342 Ut
992 2286 1228 2360 placeam
1251 2304 1429 2343 coram
1459 2289 1567 2343 Deo
1592 2290 1644 2342 in
1661 2287 1854 2344 lumine
1880 2290 2054 2343 vitien-

454 2376 603 2430 tium.
631 2377 837 2433 Lumen
862 2377 1162 2433 vlventium
1176 2376 1426 2435 Christus
1441 2389 1547 2447 est,
1567 2380 1865 2436 secundum
1884 2380 2050 2437 illud:

457 2470 570 2541 Ego
601 2486 719 2525 sum
744 2471 834 2527 lux
862 2471 1047 2527 mundi
1077 2472 1264 2544 (Joan.
1285 2472 1421 2546 vin).
1453 2474 1520 2530 Et
1542 2476 1674 2531 item
1699 2484 1850 2531 :erat
1870 2476 2050 2532 lumen

455 2578 642 2619 verum
682 2563 827 2635 quod
868 2563 1138 2620 illuminat
1185 2580 1402 2622 onmem
1435 2566 1709 2622 hominem
1743 2569 2050 2625 venientem

452 2657 521 2713 in.
551 2657 696 2713 hunc
725 2656 984 2713 mundum
1027 2657 1192 2731 (Ibid.
1226 2658 1288 2729 ι).
1325 2659 1476 2716 Sicut
1520 2661 1571 2715 in
1617 2661 2053 2734 Apocalypsijdo

452 2751 544 2806 illa
598 2759 785 2808 sancta
828 2754 1054 2810 civitate
1104 2770 1121 2813 :
1169 2754 1415 2810 Lucerna
1461 2769 1568 2811 non
1600 2766 1723 2813 erat
1767 2756 1878 2825 ibi,
1926 2759 2053 2828 quis

457 2843 721 2899 Dominus
753 2844 892 2901 Deus
920 2846 1275 2916 omnipotens
1308 2846 1635 2903 illuminavit
1683 2864 1802 2904 eam
1823 2890 1840 2919 ,
1871 2860 1926 2905 et
1973 2850 2053 2905 lu-

450 2951 615 2993 cerua
654 2938 774 3009 ejus
819 2949 903 2995 est
940 2956 1111 3009 agnus
1135 2982 1150 3007 ,
1200 2956 1308 3011 quo
1338 2943 1511 2998 sancti
1553 2943 1623 2998 ab
1652 2942 1814 3014 hujus
1862 2943 2050 2999 mundi

455 3031 699 3087 tenebris
718 3033 862 3088 eruti
883 3034 1254 3090 clarificantur
1268 3033 1453 3107 (Apoc.
1472 3037 1607 3105 xxi).
1630 3036 1757 3092 Haec
1780 3037 2048 3107 prephets

454 3139 562 3179 non
598 3141 692 3193 pro
718 3140 779 3181 se
821 3134 1052 3192 tantum,
1080 3126 1173 3182 sed
1196 3137 1253 3183 et
1281 3143 1379 3198 pro
1408 3130 1565 3184 nobis
1586 3137 1728 3184 orat.
1760 3130 1917 3187 Unde
1945 3144 2045 3186 nos

460 3215 837 3286 deprecemur,
872 3227 930 3273 ut
954 3220 1282 3290 compressis
1309 3220 1471 3276 bellis
1498 3223 1799 3292 corporeis,
1828 3239 2051 3293 snpera-
2076 3211 2118 3268 (Σ

456 3310 523 3365 tis
561 3312 746 3366 sa'culi
780 3314 1165 3383 tentamentis,
1214 3330 1527 3371 mercamur
1554 3317 1684 3372 Jesu
1733 3318 1951 3375 Christo
1992 3321 2046 3377 in

455 3402 574 3473 ipso
602 3404 814 3460 lumine
850 3405 1212 3476 complacere.
1249 3405 1444 3462 Amen.

968 3539 1338 3597 PSALMUS
1374 3541 1523 3596 LVI.

454 3645 521 3702 In
534 3648 734 3730 ﬁnem,
766 3666 832 3706 ne
860 3650 1168 3730 disperdas,
1196 3651 1532 3730 ipsinDavid,
1556 3656 1798 3730 _in_tituli
1824 3657 2051 3730 inscrip-

524 3720 686 3799 tione,
715 3737 831 3799 cunt
861 3720 1114 3799 [τέρενα-ᾳ
1141 3726 1275 3799 facie
1298 3724 1434 3799 Saul
1459 3720 1591 3799 regis
1621 3723 1826 3796 Israel,
1857 3729 1909 3782 in
1931 3720 2048 3798 spe-

525 3792 750 3865 luncam.
800 3789 1150 3865 Ipsi'Dnvid,
1193 3797 1247 3849 in
1286 3798 1427 3851 tituli
1464 3789 1895 3865 iit'scriptione'ne
1937 3789 2047 3854 dis-

520 3863 731 3941 perdas,
759 3863 987 3941 hoc-est,
1004 3882 1073 3941 n_e_
1086 3882 1406 3941 corrumpas
1427 3867 1566 3941 tituli
1589 3863 2000 3941 inscriptionem
2026 3887 2042 3929 :

520 3934 991 4007 quandost'ripsit
1019 3936 1224 3993 Pilatus
1251 3934 1416 4007 super
1439 3940 1654 3997 Domini
1686 3934 1904 3996 crucem
1936 3943 2043 3997 lin-

527 4006 648 4074 guis
679 4006 853 4059 tribus
886 4023 899 4060 :
935 4008 1092 4062 Jesns
1126 4025 1217 4063 rex
1263 4006 1596 4065 ludat-orum.
1646 4015 1709 4066 lit
1749 4012 1824 4067 illi
1874 4031 1887 4068 :
1920 4011 2046 4068 Noli

523 4075 885 4153 scribererc‘x
916 4076 1227 4153 Jud:L_-or_m_n
1260 4096 1274 4134 :
1311 4081 1403 4136 sed
1433 4082 1558 4151 quia
1590 4084 1705 4153 ipse
1744 4082 1911 4149 dixit,
1950 4098 2044 4139 rex

522 4160 641 4224 sum
669 4147 1004 4224 Iudaeorum.
1037 4151 1103 4224 Et
1126 4150 1333 4224 Pilatus
1376 4147 1512 4207 dixit
1563 4171 1577 4209 :
1612 4147 1780 4222 'Quod
1811 4147 2043 4224 scripsi,

525 4218 715 4294 scripsi
740 4216 926 4294 (Joan.
952 4219 1084 4294 xix).
1116 4223 1281 4277 David
1310 4224 1362 4279 in
1383 4216 2041 4294 spelunca-absconditus,

526 4286 765 4368 hoc’est,
819 4292 869 4344 in
915 4286 1179 4368 inferiore
1207 4306 1361 4368 parte
1404 4286 1561 4368 terrae
1609 4314 1623 4368 ;
1665 4286 2048 4368 praefigurahat

525 4372 723 4436 corpus
747 4361 1062 4436 humanum,
1079 4361 1183 4420 "ubi
1207 4361 1302 4420 illa
1326 4366 1579 4436 majestas
1604 4361 1705 4423 fuit
1727 4361 2044 4424 abscondita

530 4431 581 4484 in
611 4445 842 4513 corpore
861 4435 1086 4513 Claristi.
1118 4446 1176 4491 ut
1202 4438 1328 4513 illud
1343 4456 1380 4513 _:
1405 4431 1667 4513 traditus
1685 4456 1826 4509 sum,
1851 4451 1905 4497 et
1936 4456 2042 4497 non

525 4503 1030 4580 egrediebarwsal.
1056 4523 1163 4564 Lxx
1177 4508 1321 4580 xvu).
1343 4509 1409 4565 Et
1428 4509 1627 4567 Paulus
1640 4512 1775 4568 dicit
1795 4503 1883 4571 ζ’ὃὶ
1897 4513 2042 4571 enim

2156 1909 2453 1967 humanum
2475 1911 2543 1967 de
2572 1923 2845 1982 potestate
2863 1911 3091 1979 diaboli,
3122 1912 3208 1967 vel
3242 1911 3310 1967 de
3336 1910 3577 1968 inferno.
3609 1910 3743 1967 Misit

2156 2005 2210 2059 in
2255 2005 2587 2077 opprobrium
2619 2005 2985 2061 conculcantes
3029 2020 3131 2059 me.
3175 2005 3379 2076 Impius
3428 2016 3483 2061 et
3532 2017 3744 2075 peccato

2155 2098 2447 2167 obnoxios,
2478 2102 2567 2170 qui
2600 2100 2822 2156 verbum
2850 2100 3226 2171 propheticum
3259 2100 3629 2170 negligcbaut.
3662 2099 3743 2155 Vel

2157 2200 2214 2247 ut
2246 2192 2376 2247 alibi
2422 2208 2435 2246 :
2467 2192 2628 2249 Dedit
2652 2194 2919 2260 apostolis
2948 2200 3276 2263 potestatem
3309 2192 3557 2248 calcandi
3588 2208 3745 2263 super

2142 2297 2473 2355 serpentes,
2512 2298 2561 2343 et
2589 2288 2931 2357 scorpiones,
2964 2297 3020 2343 et
3045 2302 3210 2358 super
3236 2302 3461 2343 omnem
3495 2288 3743 2343 virtutem

2156 2379 2360 2436 inimici
2393 2379 2547 2453 (Luc.
2583 2381 2661 2454 ι).

2228 2472 2372 2527 Misit
2409 2472 2550 2529 Deus
2588 2475 3005 2530 misericordiam
3031 2492 3181 2530 suam
3205 2483 3250 2530 et
3290 2476 3557 2531 veritatem
3580 2492 3737 2532 suam.

2152 2565 2526 2624 Misericordia
2577 2577 2633 2625 et
2662 2570 2865 2625 veritas
2899 2570 3156 2625 Christus
3194 2580 3300 2626 est.
3345 2570 3402 2625 ln
3437 2586 3549 2627 uno
3576 2574 3742 2627 conti-

2154 2671 2356 2718 nentur
2387 2679 2401 2716 :
2440 2678 2539 2719 nec
2571 2679 2677 2719 una
2715 2667 2837 2720 sine
2875 2664 3070 2720 altera.
3111 2662 3170 2720 Si
3212 2663 3329 2721 sola
3374 2665 3738 2720 misericordia

2154 2756 2375 2825 fuisset,
2419 2757 2632 2813 licentia
2665 2758 2858 2814 fuisset
2893 2773 3162 2829 peccare;
3200 2766 3259 2814 et
3283 2758 3330 2813 si
3364 2758 3482 2813 sola
3515 2759 3735 2826 veritas,

2154 2864 2261 2904 non
2290 2849 2562 2919 potuisset
2588 2849 2751 2904 homo
2775 2850 3071 2906 sustinuere.
3102 2849 3344 2904 Animam
3365 2867 3533 2905 nteant
3557 2852 3739 2918 eripuit

2153 2942 2218 2995 de
2243 2941 2415 2995 medio
2460 2942 2753 2995 catulorum
2781 2942 3008 2996 leonmn.
3058 2941 3294 3008 Leones,
3343 2943 3611 3014 principes
3653 2943 3739 2998 Ju-

2150 3032 2395 3087 daaorum
2445 3033 2692 3103 :catuli,
2732 3033 2887 3104 plebs
2924 3032 3169 3103 subjecta
3217 3051 3231 3087 :
3270 3034 3365 3103 qui
3395 3034 3737 3101 clamabant,

2150 3123 2410 3194 crueifige
2427 3140 2572 3180 eum.
2603 3125 2734 3193 Leo,
2755 3125 3027 3195 diabolus,
3048 3126 3205 3195 juxta
3234 3125 3539 3195 Epistulam
3564 3127 3737 3183 Petri:

2154 3219 2519 3275 Adversarius
2544 3228 2731 3276 vester
2755 3219 3009 3275 diabolus
3045 3220 3251 3274 circuit
3274 3220 3434 3289 quasi
3462 3220 3568 3285 leo,
3599 3236 3739 3289 quie-

2151 3325 2276 3367 rens
2323 3325 2483 3381 quem
2526 3310 2756 3366 devoret
2797 3310 2857 3382 (l
2905 3308 3109 3381 Petr.).
3156 3309 3453 3380 Propterea
3486 3312 3598 3379 ipse
3642 3310 3738 3365 Do-

2150 3403 2328 3458 minus
2357 3403 2736 3458 misericordia
2753 3418 2816 3458 ac
2835 3401 3047 3458 veritas
3070 3400 3417 3472 intelligitur,
3436 3403 3527 3473 qui
3548 3403 3737 3459 missus

2148 3512 2177 3551 a
2207 3496 2390 3563 Patre,
2418 3498 2631 3553 animas
2659 3506 2874 3552 nostras
2904 3495 3106 3566 eripuit
3128 3496 3198 3551 de
3218 3498 3533 3555 .dzemonnm
3562 3505 3734 3565 potes.

2152 3598 2260 3645 tate
2284 3608 2298 3645 :
2322 3590 2413 3659 qui
2436 3605 2536 3645 nos
2552 3605 2650 3644 cea
2677 3590 2866 3645 saeculi
2899 3589 3089 3646 leones
3105 3589 3371 3645 devorare
3390 3589 3731 3644 nitebantur:

2148 3681 2242 3750 qui
2271 3690 2328 3737 et
2356 3697 2501 3737 nunc
2530 3681 2802 3749 loquitur,
2850 3680 3041 3736 dicens
3078 3699 3090 3735 :
3123 3680 3354 3735 Dormivi
3386 3680 3732 3737 conturbatus.

2149 3773 2417 3830 Dormivit
2464 3777 2608 3830 enim
2657 3775 2708 3830 in
2755 3789 2948 3829 somno
2989 3774 3258 3843 passionis
3304 3789 3430 3829 cum
3476 3773 3732 3833 diceret:

2149 3867 2300 3923 Nunc
2343 3868 2522 3921 anima
2566 3883 2683 3923 mea
2727 3870 2937 3922 turbata
2981 3876 3066 3923 est
3111 3866 3287 3939 (Psal.
3327 3867 3407 3937 γι)
3452 3886 3465 3920 :
3508 3867 3631 3937 quia
3655 3864 3736 3922 di-

2147 3966 2294 4015 ctum
2331 3969 2416 4015 est
2457 3976 2470 4013 :
2511 3974 2614 4028 ego
2651 3959 2928 4024 dormivi,
2965 3968 3021 4014 et
3060 3967 3352 4029 soporatus
3380 3975 3536 4027 sum,
3568 3968 3622 4014 et
3642 3974 3734 4016 ex-

2146 4050 2359 4105 surrexi
2395 4067 2408 4105 :
2439 4050 2697 4120 quoniam
2729 4050 2990 4106 Dominus
3018 4050 3307 4106 suscitavit
3334 4065 3423 4106 me
3448 4049 3733 4105 secundum

2148 4142 2281 4198 illud
2309 4161 2322 4197 :
2347 4141 2679 4199 Potestatem
2710 4143 2885 4199 habeo
2918 4141 3153 4212 ponendi
3184 4143 3423 4201 animam
3452 4157 3651 4209 meam,
3677 4151 3736 4197 et

2146 4244 2471 4307 potestatem
2501 4237 2693 4293 iterum
2725 4235 2977 4291 sumendi
3008 4250 3129 4290 eam
3160 4234 3342 4303 (lacn.
3378 4235 3455 4306 χ).

2217 4327 2346 4383 Filii
2370 4327 2639 4383 hominum
2663 4329 2840 4385 dentes
2861 4344 3037 4384 eorum
3058 4345 3228 4398 arma,
3250 4336 3356 4386 etc.
3391 4328 3727 4385 luimicorum

2146 4422 2337 4478 dentes
2361 4421 2518 4492 quasi
2571 4436 2720 4476 arma
2774 4421 3204 4491 impugnantium
3251 4434 3375 4478 esse
3424 4421 3555 4479 dicit
3602 4433 3730 4490 quos

2149 4512 2410 4569 Dominus
2439 4528 2537 4569 sua
2564 4514 2967 4570 resurrectione
2992 4512 3281 4584 confregit.

527 4573 964 4681 'gjﬁgfﬂsfleﬂh
1010 4595 1304 4681 ξξξιηιψιθτη
1334 4580 1620 4637 Dominum
1651 4583 1838 4657 ειοτίεε
1866 4586 2045 4641 θηρί’
2072 4596 2124 4658 Ι)
2222 4605 2478 4662 Exaltare
2495 4623 2653 4681 super
2690 4607 2867 4675 calas,
2897 4607 3065 4676 Deus,
3085 4616 3190 4665 etc.
3215 4607 3407 4665 Nullus
3441 4616 3528 4665 est
3550 4608 3728 4664 modus

529 4643 772 4699 ﬁxisseut
796 4644 841 4717 (Ι
864 4643 982 4702 Cor.
1010 4649 1091 4719 ti).

529 4779 778 4835 Miserere
799 4784 920 4852 mei,
961 4782 1132 4853 Deus,
1165 4788 1406 4844 miserere
1435 4792 1533 4845 mei
1565 4808 1578 4845 :
1610 4794 1858 4864 quoniam
1900 4795 1953 4850 in
2003 4803 2052 4852 te

455 4872 670 4943 conﬁdit
710 4875 888 4931 anima
914 4892 1048 4932 mea.
1094 4877 1377 4939 Geminata
1418 4884 1784 4953 postulatione
1827 4888 2047 4945 miseri-

452 4965 652 5022 cordiae
678 5007 695 5033 ,
744 4968 1137 5028 confidentiam
1165 4988 1320 5029 suam
1351 4991 1511 5047 quam
1562 4983 1614 5033 in
1656 4979 1818 5036 Patre
1847 4980 2045 5047 habet,

455 5059 720 5133 adiungit,
751 5070 811 5120 ut
831 5064 1045 5125 facilius
1070 5066 1343 5125 audiatur.
1378 5069 1635 5137 Quoniam
1670 5073 1722 5127 in
1752 5082 1801 5129 te
1829 5074 2046 5144 conﬁdit

454 5152 628 5207 anima
672 5172 805 5213 mea.
837 5158 1003 5227 Quasi
1057 5176 1198 5217 unus
1247 5161 1414 5217 homo
1443 5163 1615 5222 dicit:
1655 5166 1752 5221 sed
1782 5181 1921 5223 unus
1951 5181 2048 5237 pro

454 5246 641 5305 multis
675 5265 691 5304 :
719 5252 850 5322 quia
873 5251 1076 5311 dictum
1102 5267 1186 5312 est
1219 5273 1233 5311 :
1262 5258 1308 5313 A
1341 5258 1538 5314 finibus
1579 5267 1740 5315 terra:
1767 5261 1835 5315 ad
1861 5270 1912 5316 te
1936 5263 2046 5318 cla.

454 5341 625 5408 mavi,
659 5343 887 5403 Domine
911 5346 1090 5419 (Psal.
1118 5348 1219 5423 νι).
1254 5351 1321 5407 Et
1344 5350 1469 5408 alibi
1504 5367 1520 5407 ι
1555 5352 1682 5409 Erat
1714 5353 1821 5411 illis
1863 5341 2047 5413 anima

454 5450 563 5492 una
608 5447 661 5493 et
688 5454 787 5495 cor
813 5456 982 5499 unum
1013 5442 1153 5518 (Act.
1186 5445 1272 5515 ιι).
1306 5445 1371 5500 Et
1398 5447 1453 5500 in
1478 5446 1663 5503 umbra
1698 5448 1902 5503 alarum
1932 5458 2050 5504 tua.

454 5543 571 5582 rum
599 5530 833 5600 sperabo.
862 5531 920 5589 Id
951 5542 1057 5603 est,
1085 5534 1136 5590 in
1165 5536 1502 5603 protectione
1524 5547 1771 5607 paterna.
1796 5539 1843 5596 A
1862 5540 2049 5599 calore

452 5624 645 5678 umbra
674 5626 939 5696 quaeritur
982 5645 995 5682 :
1043 5628 1136 5685 sed
1167 5642 1262 5698 per
1291 5629 1532 5689 calorem
1578 5633 1925 5702 persecutio,
1961 5634 2048 5692 vel

460 5714 733 5773 tribulatio
771 5718 1116 5790 intelligitur,
1148 5731 1205 5778 et
1252 5737 1352 5793 per
1381 5723 1626 5781 umbram
1661 5726 1934 5796 proiectio
1963 5726 2049 5785 di-

506 5805 705 5866 iniistis
737 5826 752 5885 ς
780 5811 872 5869 ubi
900 5827 1118 5884 semper
1144 5814 1444 5887 conlucere
1474 5815 1757 5879 debemus.
1782 5816 1887 5878 Sed
1926 5818 2050 5878 duae

2157 4700 2503 4757 exaltationis
2529 4701 2745 4757 divinae.
2779 4700 2890 4757 Nos
2933 4718 3064 4757 vero
3116 4702 3248 4759 nihil
3290 4702 3436 4759 aliud
3480 4704 3547 4761 de
3589 4703 3732 4759 caelis

2154 4807 2313 4863 quam
2334 4808 2457 4863 quae
2482 4792 2714 4849 vidimus
2735 4794 3006 4851 novimus.
3029 4793 3163 4853 Nam
3185 4810 3307 4852 cum
3337 4796 3447 4863 ait,
3472 4812 3622 4868 super
3637 4811 3732 4849 ca:-

2155 4887 2232 4942 los
2255 4902 2273 4940 :
2294 4888 2537 4943 notitiam
2559 4888 2778 4946 excedit
2799 4888 3110 4947 humanam.
3140 4889 3215 4945 De
3234 4888 3405 4961 gloria
3424 4904 3601 4947 autem
3620 4905 3730 4958 qua:

2154 4994 2316 5050 super
2333 4988 2531 5036 terram
2549 4989 2653 5050 est,
2683 4981 2811 5037 illud
2833 4981 3151 5053 intelligitur
3182 4982 3325 5053 quod
3346 4983 3473 5039 alibi
3498 4984 3609 5053 ipse
3629 4983 3726 5035 υο-

2158 5073 2333 5129 minus
2362 5073 2437 5129 ait
2464 5091 2476 5127 :
2510 5073 2654 5130 Ecce
2683 5088 2787 5145 ego
2814 5074 3092 5133 vobiscum
3124 5090 3243 5132 sum
3276 5076 3528 5133 omnibus
3553 5076 3731 5131 diebus

2156 5180 2327 5236 usque
2354 5165 2420 5221 ad
2460 5167 2986 5225 consummationem
3011 5167 3195 5223 saeculi
3220 5166 3406 5238 (Matt.
3437 5166 3579 5239 ιλιι).
3602 5166 3729 5223 llius

2156 5257 2350 5312 iterum
2385 5257 2642 5313 Dominus
2668 5276 2679 5310 :

2226 5347 2488 5420 Laqueum
2508 5359 2820 5419 paraverunt
2847 5350 3062 5423 pedibus
3084 5352 3231 5407 meis.
3260 5350 3396 5409 Cum
3418 5352 3545 5408 mihi
3572 5352 3721 5406 inter-

2155 5440 2462 5512 rogationes
2495 5441 2803 5499 inferebant
2829 5443 3067 5500 dolosas.
3101 5442 3171 5499 Et
3206 5445 3587 5501 incursaverant
3609 5443 3726 5497 ani.

2154 5552 2290 5591 mam
2311 5552 2500 5590 nteant.
2527 5536 2582 5592 ln
2612 5546 2810 5602 morte,
2838 5537 2934 5594 sed
2955 5553 3062 5594 non
3086 5538 3183 5595 fuit
3204 5538 3580 5609 perpeutaliter
3597 5535 3725 5591 sub-

2153 5629 2263 5686 dita
2287 5631 2468 5687 morti.
2493 5629 2586 5687 Sic
2609 5629 2902 5687 voluerunt
2922 5630 3098 5688 Judaei
3120 5630 3395 5688 Christum
3420 5631 3722 5686 incurvato:

2155 5734 2207 5779 ut
2233 5738 2342 5781 non
2374 5724 2751 5781 nominaretur
2782 5740 2981 5781 nomen
3004 5724 3146 5793 eius.

2164 5893 2168 5896 ⁴
2232 5815 2504 5877 Fuderunt
2535 5828 2654 5877 ante
2677 5819 2867 5892 [aciein
2889 5836 3053 5877 meam
3083 5819 3309 5893 foveam,
3341 5827 3388 5875 et
3410 5817 3505 5891 ipsi
3538 5812 3724 5875 incide-
