3954 6340
194 397 285 455 989

1086 370 1518 434 BREVIARIUM
1554 369 1622 428 ΙΝ
1661 363 1995 426 PSALMOS.
2039 359 2286 421 PSALII.
2330 354 2487 415 LVII.

3342 341 3449 401 990

194 521 296 569 rant
320 510 373 564 in
394 520 524 562 eam.
550 500 689 558 Cum
735 504 859 570 post
885 493 1345 553 resurrectionem
1374 486 1607 547 inimicis
1642 494 1750 545 ιη·
1776 487 1827 546 Α
1856 495 1986 537 usus
2018 476 2183 539 luerit
2210 473 2449 547 publico,
2506 469 2554 525 si
2605 482 2797 525 verum
2841 463 3106 537 loquitur,
3151 468 3207 518 et
3252 475 3442 517 verum

192 604 299 666 diti,
324 597 479 669 capti,
508 592 777 651 interfecti
806 602 970 662 atque
999 586 1230 658 dispersi
1257 592 1406 640 sunt.

253 694 489 751 Paratum
509 704 597 744 cor
612 699 806 751 meum,
827 683 967 739 Deus
980 723 994 749 ,
1011 688 1251 755 paratum
1279 691 1367 731 cor
1388 688 1561 729 meum
1582 687 1600 726 :
1618 686 1749 725 ean-

189 792 293 850 tabo
317 798 363 846 et
392 785 647 861 psalmum
677 782 848 837 dicam
875 777 1118 834 Domino.
1154 771 1400 831 Exsultat
1435 777 1491 825 et
1512 764 1753 835 concipit

188 888 250 944 de
277 858 754 951 triumphomortis
774 874 927 930 illius
954 870 1117 926 liber.
1134 864 1387 930 Cantabo,
1408 858 1751 934 prtedieabo:

189 976 441 1034 Psalmum
464 970 659 1035 dicam,
690 980 857 1038 opere
885 960 1192 1032 complebo.

249 1067 492 1137 Exsurge,
513 1062 681 1135 gloria
707 1075 817 1113 mea
834 1074 851 1123 ;
868 1070 1106 1126 exsurge,
1125 1049 1427 1124 psalterium
1450 1056 1500 1102 et
1514 1044 1717 1101 cithara
1735 1056 1754 1095 :

189 1174 439 1230 exsurgant
470 1152 726 1209 diluculo.
774 1147 1024 1205 Dilucqu
1054 1145 1200 1201 enim
1248 1137 1567 1207 resurrexit,
1597 1149 1756 1191 mane

186 1268 294 1308 cum
321 1228 498 1306 adhuc
526 1246 769 1303 tenebras
798 1252 982 1299 essent
1010 1253 1174 1308 super
1205 1247 1431 1291 terram.
1477 1231 1570 1287 Sic
1609 1228 1756 1285 enim

190 1346 487 1419 psalterium
530 1350 585 1395 et
622 1337 829 1395 cithara
876 1352 891 1390 :
936 1334 1053 1389 haec
1104 1331 1246 1387 enim
1291 1328 1459 1383 dictio
1501 1321 1758 1378 Davidica

187 1411 443 1495 cecinerat
491 1450 505 1489 :
563 1445 780 1502 exsurge
806 1470 821 1496 ,
870 1425 1178 1503 psalterium
1228 1429 1273 1476 et
1332 1416 1556 1472 cithara.
1616 1411 1758 1483 Quid

186 1531 473 1605 significant
514 1527 619 1583 ista
659 1521 901 1594 organa?
947 1533 1114 1575 unum
1162 1515 1231 1572 de
1286 1510 1570 1583 supernis,
1604 1505 1759 1563 aliud

184 1601 250 1682 de
272 1622 520 1681 terrenis.
564 1616 704 1688 Quid
750 1614 1074 1685 intelligitur
1112 1602 1475 1681 psalterium?
1509 1601 1759 1658 Christus

188 1716 486 1787 intelligitur
514 1724 573 1768 ut
605 1708 741 1767 illud
773 1727 787 1764 :
818 1707 919 1773 lte,
952 1705 1117 1761 dicite
1142 1700 1337 1759 Joanni
1379 1712 1497 1770 qua:
1526 1692 1754 1759 vidistis,

185 1823 235 1868 et
256 1808 476 1867 audistis
503 1824 516 1860 :
549 1804 632 1863 Ad
663 1804 846 1860 lumen
878 1799 1106 1881 redeunt
1133 1796 1285 1861 caeci,
1331 1791 1528 1850 mortui
1577 1803 1760 1845 resur-

185 1913 303 1977 gunt
343 1920 357 1958 :
406 1913 678 1972 pauperes
719 1892 1197 1965 evangelizantur,
1251 1897 1305 1943 et
1343 1886 1532 1939 beatus
1572 1884 1659 1954 qui

190 2012 266 2053 tne
293 2010 393 2053 non
424 1992 593 2049 fuerit
629 1986 1050 2053 scandalizatus,
1082 1983 1181 2038 hoc
1211 1989 1297 2037 est
1334 1978 1589 2035 divinitas
1628 1987 1760 2044 ope-

188 2098 292 2145 rata
338 2101 434 2159 per
467 2098 689 2140 carnem
740 2079 941 2152 (Matt.
967 2093 1022 2133 ιι
1050 2075 1092 2147 ).
1123 2075 1344 2132 Cithara
1387 2072 1454 2126 de
1498 2068 1756 2141 terrenis,

188 2180 279 2236 hoc
300 2177 738 2243 estlasseseere,
774 2170 1048 2235 dormire,
1078 2182 1269 2238 cgere,
1303 2162 1549 2228 esurire,
1578 2159 1762 2233 sitire,

190 2273 262 2329 rel
285 2278 499 2329 cetera.
527 2267 700 2325 Aliter
725 2282 739 2320 :
761 2262 1084 2320 Psalterium
1114 2258 1181 2314 ad
1211 2272 1310 2313 nos
1332 2255 1590 2327 pertinet,
1614 2264 1763 2323 spes,

191 2368 332 2435 ﬁdes,
355 2359 1043 2435 charitas,longanitnitas,
1071 2349 1410 2417 bonitas,vel
1437 2346 1544 2403 alia
1574 2346 1658 2401 bis
1686 2344 1764 2401 si—

197 2460 353 2517 milia.
378 2459 483 2516 Per
514 2457 808 2520 citharam,
836 2469 932 2509 sex
958 2465 1123 2525 opera
1157 2441 1544 2503 niisericdrdim
1572 2438 1768 2496 intelli-

191 2562 396 2625 guntur,
424 2567 549 2623 qua:
579 2548 847 2605 debemus
897 2542 1127 2617 implere
1150 2582 1164 2607 ,
1198 2539 1251 2595 id
1281 2546 1395 2605 est,
1429 2533 1631 2591 esurivi
1653 2574 1668 2596 ,
1697 2530 1769 2588 si-

192 2648 295 2712 tivi,
321 2645 524 2715 hospes
549 2656 726 2708 eram,
755 2639 950 2704 nudus,
988 2635 1256 2699 inﬁrmus,
1282 2631 1334 2687 in
1364 2642 1605 2685 carcere.
1635 2625 1768 2681 item

193 2738 502 2812 psalterium,
533 2735 586 2792 id
609 2745 715 2801 est,
742 2733 794 2789 in
824 2729 1178 2787 tribulatione
1199 2725 1402 2798 gratias
1431 2736 1591 2793 agere
1617 2720 1725 2774 Deo
1751 2734 1768 2773 :

193 2832 253 2887 de
277 2830 526 2902 supernis
550 2829 705 2884 venit
728 2842 824 2897 per
845 2839 1008 2898 quem
1035 2820 1294 2878 sustines.
1319 2815 1553 2879 Cithara,
1587 2826 1772 2883 perse-

194 2926 322 2981 cutio
351 2933 401 2981 el
433 2919 726 2983 tribulatio
756 2933 876 2989 qua:
921 2916 973 2975 itt
1008 2927 1240 2983 corpore
1270 2910 1531 2965 sustines.
1570 2905 1770 2960 Exsur-

192 3036 294 3091 gam
323 3018 581 3081 diluculo.
615 3010 925 3085 Respondit
960 3009 1211 3067 Christus
1240 3004 1307 3060 ad
1348 3005 1584 3060 Patrem.
1618 2998 1775 3057 Unde

193 3113 423 3185 superius
449 3111 595 3167 dixit
622 3125 636 3164 :
665 3124 901 3178 exsurge,
932 3102 1103 3178 gloria
1131 3116 1266 3154 mea.

254 3205 543 3278 Conﬁtebor
572 3204 667 3259 tibi
696 3204 749 3258 in
778 3200 1004 3277 pepulis,
1044 3194 1266 3252 Domine
1284 3237 1297 3259 ,
1324 3200 1371 3248 et
1398 3189 1656 3265 psalmum
1686 3187 1771 3242 di-

192 3314 293 3355 cam
318 3299 406 3354 tibi
427 3300 483 3353 in
509 3295 768 3369 gentibus.
788 3293 935 3362 Quas
965 3306 1060 3365 per
1091 3285 1405 3361 prophetas,
1440 3282 1525 3338 vel
1553 3290 1773 3350 aposto-

193 3395 266 3452 los
293 3393 505 3450 vocavi.
561 3388 858 3459 Couﬁtebor
893 3386 985 3441 tibi
1024 3383 1077 3437 in
1106 3379 1341 3457 populis,
1386 3376 1637 3442 Domine,
1673 3373 1775 3428 hoc

198 3495 293 3555 est,
322 3494 615 3557 pOstquant
647 3492 1020 3539 resurrexero.
1058 3476 1329 3533 Psalmum
1366 3473 1535 3527 dicant
1566 3469 1657 3523 tibi
1694 3468 1775 3522 in-

192 3590 259 3635 ter
284 3590 479 3652 gentes,
542 3576 595 3633 id
624 3585 729 3644 est,
763 3572 1091 3644 praedicare,
1124 3582 1291 3639 opere
1321 3564 1568 3635 implere.

256 3672 514 3741 Quoniam
545 3667 878 3738 magniﬁcam
902 3671 978 3719 est
1018 3676 1179 3730 usque
1203 3658 1269 3714 ad
1298 3654 1451 3712 oculos
1483 3652 1775 3708 misericor-

191 3766 269 3819 dia
295 3773 402 3819 tua.
427 3762 549 3819 Mea
572 3760 719 3817 enim
748 3754 1156 3814 resurrectione
1190 3748 1468 3822 paeilicata
1502 3754 1627 3801 sunt
1659 3758 1775 3799 om-

189 3858 267 3913 nia
295 3856 422 3926 tibi,
453 3870 581 3926 qua:
611 3853 667 3910 in
689 3850 832 3909 coelo
860 3857 916 3905 et
940 3863 1059 3919 qua:
1086 3846 1143 3903 in
1168 3853 1312 3901 terra
1340 3848 1487 3896 sunt.
1523 3837 1589 3892 Et
1618 3850 1777 3906 usque

188 3952 249 4005 ad
289 3951 447 4006 nubes
492 3948 685 4005 veritas
730 3954 838 4001 tua.
892 3940 1186 4014 Complens
1213 3933 1629 4014 perAprOpbetas
1654 3944 1776 4002 qua:

190 4042 337 4100 nobis
369 4040 729 4114 pratdixeras.
756 4036 922 4099 Caeli,
962 4008 1088 4089 sunt
1130 4008 1552 4096 sancti'quando
1584 4024 1654 4080 de
1683 4037 1776 4078 su-

189 4136 359 4205 pernis
379 4130 867 4203 contemplantur:
895 4127 1089 4192 nubes,
1112 4121 1330 4195 quando
1356 4119 1582 4191 irrigant
1603 4113 1775 4172 corda

189 4227 417 4285 humana
441 4225 514 4283 de
535 4221 952 4301 praedicatione.

251 4319 511 4376 Ezeltare
536 4297 690 4389 super
719 4314 890 4383 caelos,
928 4309 1092 4366 Deus.
1121 4305 1388 4379 Propheta
1424 4302 1540 4359 haec
1556 4299 1688 4357 dicit
1706 4297 1777 4357 de

183 4412 425 4484 gloriosa
450 4409 661 4468 Christi
689 4406 1032 4465 ascensione.
1066 4401 1135 4459 Et
1160 4416 1316 4475 super
1357 4413 1555 4452 onmem
1588 4406 1778 4451 terram

182 4506 343 4578 gloria
371 4514 489 4562 tua.
519 4502 653 4561 Cum
700 4499 957 4557 eﬂuderis
997 4496 1202 4553 donum
1234 4492 1470 4563 Spiritus
1510 4488 1683 4545 sancti
1717 4485 1774 4545 in

185 4614 396 4655 omnem
427 4612 675 4655 carnem.
705 4593 861 4662 Quod
909 4602 966 4649 et
1014 4605 1158 4649 nunc
1200 4587 1358 4645 nobis
1399 4594 1660 4656 praestare
1686 4580 1775 4637 di-

183 4692 381 4763 gneris,
405 4704 468 4746 ιιι
489 4689 545 4747 in
570 4687 784 4744 cunctis
808 4683 1079 4758 pressaris
1098 4697 1161 4737 ac
1195 4675 1634 4739 tribulationibus
1657 4674 1777 4731 uni-

184 4783 356 4838 versis
390 4782 577 4837 mittas
604 4778 871 4850 Spiritum
894 4785 1045 4832 tuum
1074 4782 1362 4829 sanetum:
1396 4770 1551 4841 cujus
1579 4783 1684 4842 ope
1712 4782 1776 4824 ac

182 4874 461 4945 prmsidio,
485 4873 602 4930 sive
631 4871 932 4929 munitione
964 4866 1218 4944 protecti,
1251 4864 1320 4921 ad
1342 4874 1549 4920 aeterna
1579 4861 1777 4934 gaudia

186 4969 507 5039 prmparari,
526 4968 592 5029 ad
616 4965 859 5025 cmlestia
885 4960 1167 5022 transferri
1201 4959 1419 5032 praemia
1445 4971 1775 5015 mereamur.

182 5059 374 5121 Amen.

723 5149 1040 5211 PSALMUS
1076 5146 1238 5209 LVII.

182 5289 247 5345 In
267 5291 424 5358 ﬁnem
448 5334 466 5357 ,
509 5305 572 5344 ne
601 5286 907 5357 disperdas,
936 5284 1128 5349 David,
1159 5282 1215 5336 in
1247 5279 1384 5335 tituli
1414 5280 1776 5354 inscriptione.

249 5362 359 5418 Vos
389 5361 687 5431 suggeritis
715 5358 1029 5431 falsitatem,
1054 5369 1157 5431 ego
1177 5368 1285 5431 non
1318 5366 1666 5431 corrumpant
1692 5368 1781 5431 ve-

248 5422 526 5490 ritatemvzv
533 5431 678 5504 quod
723 5430 952 5504 scripsi,
1001 5422 1194 5504 scripsi
1226 5422 1580 5504 (domuum-3).
1615 5423 1773 5479 Psal-

250 5492 596 5590 inus-vocent
624 5492 869 5590 continet
898 5492 1185 5570 Propheta:
1232 5492 1302 5551 de
1337 5492 1561 5565 judiciis
1615 5503 1776 5566 atque

248 5580 465 5647 iustitia
498 5580 925 5631 commonentis.

1686 5656 1771 5676 ω

250 5688 309 5743 Si
336 5702 457 5743 vere
500 5686 674 5758 utique
715 5683 982 5759 justitiam
1025 5680 1320 5752 loquimini,
1350 5660 1774 5755 recta‘jialicb‘ie:

188 5779 280 5849 ﬁlii
308 5780 600 5834 hominum.
634 5777 839 5834 Edocet
880 5784 937 5832 ut
965 5774 1210 5847 quisquis
1240 5772 1545 5829 mortalium
1569 5773 1777 5845 judicio

1848 569 2099 641 indicet:
2130 579 2232 623 nec
2251 572 2420 637 ponat
2444 557 2726 619 blanditiis
2751 569 3066 613 sermonum
3091 550 3453 623 muscipulant

1854 660 2214 733 deceptionis,
2246 671 2341 729 per
2367 669 2535 728 quam
2559 650 2773 711 occulte
2805 648 3086 709 interimat
3111 646 3453 707 innocentes.

1858 755 1921 813 Si
1967 770 2083 809 vere
2129 752 2307 823 utique
2343 747 2609 822 justitiam
2653 742 2972 816 loquimini:
3019 742 3163 813 iusta
3183 736 3453 813 judicate,

1855 846 1955 917 ﬁlii
1986 844 2274 898 hominum.
2303 838 2477 895 Judaei
2502 836 2648 908 justa
2672 833 3035 905 loquebantur
3063 828 3127 887 ad
3155 827 3454 896 Christum,

1860 935 2078 1008 quando
2102 933 2392 991 dicebant:
2422 928 2699 999 Magister,
2725 926 2936 980 scimus
2959 921 3088 993 quia
3110 934 3276 977 verax
3308 924 3465 982 es,et

1861 1030 1914 1085 in
1945 1028 2178 1083 veritate
2202 1025 2345 1081 viam
2382 1022 2475 1078 Dei
2505 1021 2671 1077 doces
2701 1016 2886 1090 (Matt.
2915 1013 3068 1084 χιιι).
3103 1011 3221 1069 Non
3245 1009 3460 1083 judica-

1863 1122 1993 1178 bant
2037 1121 2224 1192 justa,
2275 1116 2498 1191 quando
2558 1114 2837 1185 petierunt
2890 1106 3228 1173 Barabbam,
3280 1104 3455 1161 ﬁlium

1865 1214 2099 1280 mortis,
2151 1222 2205 1268 et
2268 1208 2664 1271 interfecerunt
2729 1202 3047 1269 Christum,
3109 1197 3276 1253 ﬁlium
3331 1194 3457 1252 vita:

1865 1307 2047 1383 (Jaan.
2104 1303 2277 1377 svnt).
2303 1301 2401 1361 Vel
2433 1300 2594 1356 aliter
2626 1314 2640 1354 :
2669 1295 2825 1353 Justa
2846 1292 3107 1365 judicate,
3139 1289 3194 1345 id
3224 1297 3328 1359 est,
3362 1303 3459 1344 vos

1864 1381 1955 1472 qui
1975 1398 2231 1472 judicatis
2248 1394 2511 1467 justitiam
2543 1391 2737 1448 bonam
2756 1395 3053 1453 esse,recta
3070 1383 3326 1460 judicate,
3356 1381 3461 1438 hoc

1867 1505 1972 1560 est,
2002 1491 2145 1564 quod
2175 1490 2272 1546 tibi
2304 1505 2409 1545 non
2443 1485 2545 1553 vis,
2580 1483 2736 1541 alteri
2761 1498 2828 1541 ne
2859 1479 3053 1537 facias.

1939 1585 2145 1645 Etenim
2166 1584 2220 1640 in
2245 1581 2399 1639 corde
2419 1578 2714 1651 iniquitates
2735 1574 3016 1647 operamini
3040 1573 3092 1627 in
3113 1569 3334 1627 terra.ln
3359 1567 3461 1625 hac

1868 1690 2009 1738 terra
2041 1694 2200 1751 quam
2257 1675 2546 1740 habitatis,
2577 1669 2910 1743 cogitatione
2954 1666 3091 1723 mala
3113 1706 3129 1733 ,
3159 1664 3289 1720 dum
3315 1662 3457 1719 bona

1867 1772 2125 1831 videmini
2159 1770 2328 1840 loqui.
2368 1765 2709 1841 Iniquitatem
2738 1776 2924 1816 manus
2950 1768 3132 1814 vestra:
3164 1756 3461 1812 concinnat.

1709 1880 1762 1937 in
1794 1879 1842 1941 Β
1868 1868 2046 1939 Opera
2074 1865 2217 1921 enim
2254 1871 2428 1917 rostra
2456 1874 2576 1930 qua:
2598 1854 2900 1913 secundum
2925 1850 3244 1923 allegoriam
3271 1860 3464 1905 manus

1865 1960 2228 2031 accipiuntur,
2264 1953 2550 2025 iniquitate
2580 1949 2790 2021 repleta
2817 1954 2965 2003 sunt.

1938 2052 2167 2111 Alienati
2213 2057 2332 2105 sunt
2375 2054 2667 2119 peccatores
2694 2041 2926 2097 avulva.
2972 2035 3206 2106 Quidam
3256 2033 3324 2089 de
3371 2031 3468 2089 de-

1867 2162 2064 2204 scensu
2091 2143 2289 2200 anima:
2317 2140 2370 2196 in
2412 2152 2636 2209 corpus,
2667 2133 2757 2192 alii
2783 2148 2915 2190 vero
2943 2130 3012 2186 de
3032 2127 3235 2187 Iudaeis
3266 2124 3469 2185 intelli-

1867 2252 2041 2315 gunt:
2075 2237 2219 2312 quod
2273 2233 2563 2291 abalienati
2612 2240 2740 2286 sunt
2780 2243 2811 2284 a
2851 2227 2965 2287 Deo
2997 2245 3010 2279 :
3042 2240 3112 2281 ex
3150 2237 3258 2293 quo
3302 2219 3468 2277 Maria

1867 2313 2055 2408 genuit
2083 2332 2449 2389 Salvatorem.
2502 2325 2819 2381 Erraverunt
2849 2320 2911 2375 ab
2939 2328 3089 2373 utero
3114 2360 3126 2380 ,
3157 2313 3320 2371 locuti
3348 2319 3470 2366 sunt

1869 2405 2024 2500 falsa.
2061 2421 2328 2480 Praescius
2359 2418 2667 2474 futurorum
2700 2414 2869 2479 Deus,
2899 2408 3239 2481 iniquitatem
3267 2405 3467 2476 ipsam,

1872 2520 2021 2591 prius
2046 2531 2207 2587 quam
2240 2519 2580 2577 nasceretur,
2613 2506 2962 2565 exterminat.
2998 2501 3127 2558 ideo
3152 2508 3469 2571 peccatores

1873 2614 2005 2669 falsa
2033 2610 2182 2682 loqui
2211 2608 2367 2675 dicit,
2396 2619 2603 2676 eosque
2629 2616 2819 2663 errare
2850 2607 3015 2670 atque
3066 2592 3299 2650 alienari
3338 2607 3467 2664 pro-

1874 2708 2085 2779 phetat,
2114 2705 2254 2760 sicut
2277 2700 2550 2775 quondam
2594 2696 2662 2753 de
2708 2695 2850 2753 Esau
2897 2692 2990 2763 qui
3030 2690 3346 2762 priusquam
3383 2686 3467 2757 gi.-

1874 2778 2155 2872 gneretur,
2186 2796 2256 2851 ab
2288 2792 2606 2850 haereditate
2643 2789 2737 2844 Dei
2770 2797 2853 2842 est
2884 2783 3135 2858 repulsus
3158 2778 3413 2852 (Malach.
3446 2792 3464 2845 ι

1873 2903 1922 2950 et
1954 2893 2107 2948 Rom.
2139 2893 2238 2950 Ix).

1954 2893 2107 2948 Rom.
2139 2906 2190 2944 ιχ
2226 2928 2238 2942 .

1951 2985 2125 3039 Furor
2157 2888 2264 3037 iliis
2293 2978 2576 3034 secundum
2597 2971 2997 3030 similitudinem
3020 2966 3291 3039 serpentis.
3321 2961 3465 3031 Illis,

1877 3078 1965 3150 qui
1988 3077 2167 3133 obiter
2185 3089 2283 3146 per
2305 3071 2439 3127 iram
2462 3070 2751 3131 devorare,
2777 3062 3034 3120 veneﬁcis
3057 3058 3349 3124 morsibus,
3372 3054 3468 3112 Dei

1880 3149 2111 3226 famulos
2137 3168 2345 3230 volunt,
2374 3172 2427 3220 et
2457 3178 2557 3233 per
2586 3157 2961 3232 ptenitentiam
2992 3154 3292 3225 negligant.
3322 3149 3469 3205 Sicut

1801 3262 1844 3321 (Σ
1879 3261 2080 3335 aspidis
2111 3259 2304 3324 surdae,
2340 3266 2386 3311 et
2415 3254 2704 3311 obturantis
2735 3266 2885 3305 aures
2911 3265 3059 3319 suas,
3090 3254 3198 3301 etc.
3232 3261 3243 3297 :
3274 3240 3475 3297 Diabo-

1881 3334 1990 3411 lum
2024 3353 2107 3409 vel
2138 3350 2409 3407 satellites
2433 3347 2554 3419 ejus
2585 3345 2720 3402 dicit
2758 3361 2771 3399 :
2810 3342 2899 3413 qui
2939 3355 3062 3395 cum
3106 3334 3349 3409 quotidie
3376 3349 3477 3388 no.

1878 3457 2060 3511 ceant,
2086 3457 2141 3502 et
2166 3446 2250 3502 eis
2281 3445 2470 3515 utique
2500 3441 2589 3512 qui
2625 3436 2902 3496 canticum
2940 3450 3038 3506 per
3069 3430 3474 3497 invocationem

1878 3537 2150 3597 Dominici
2192 3534 2429 3592 nominis
2458 3532 2766 3589 indicamus
2806 3548 2817 3579 ε
2852 3528 2933 3583 Illi
2964 3526 3219 3582 obturato
3260 3520 3471 3577 aurium

1879 3634 2052 3702 aditu,
2082 3628 2280 3689 saevire
2310 3641 2417 3682 non
2456 3624 2737 3683 desinunt.
2774 3620 2935 3690 Aspis
2966 3630 3137 3688 genus
3178 3610 3471 3684 serpentis.

1879 3726 1975 3783 Ille
2006 3723 2168 3778 homo
2192 3720 2281 3793 qtti
2308 3720 2573 3787 incantat,
2606 3716 2815 3783 Marsus
2835 3722 2858 3751 α
2882 3710 3104 3775 dicitur,
3134 3716 3189 3764 et
3214 3705 3380 3762 trahit
3410 3704 3475 3758 il-

1885 3820 1967 3873 las
1990 3818 2058 3873 de
2083 3814 2322 3872 tenebris
2348 3812 2412 3867 ad
2438 3812 2643 3866 lumen.

1952 3908 2091 3962 Deus
2122 3914 2350 3961 conteret
2383 3904 2561 3957 dentes
2601 3915 2779 3957 eorum
2814 3898 2865 3951 in
2897 3912 2984 3951 ore
3016 3896 3247 3966 ipsorum
3268 3932 3283 3957 ,
3311 3890 3476 3944 molas

1882 4002 2085 4056 leonum
2099 4000 2389 4071 confringet
2421 3995 2695 4049 Dominus.
2727 3990 2786 4047 ln
2816 3986 3070 4044 dentibus
3091 4027 3106 4053 ,
3140 3989 3326 4054 aperta
3357 3996 3477 4051 per-

1888 4092 2119 4161 secutio,
2147 4092 2199 4146 in
2233 4088 2529 4145 molaribus
2579 4083 2919 4157 signiﬁcatur
2961 4075 3301 4135 abscondita.
3338 4073 3478 4133 Deus

1880 4195 2104 4243 conteret
2141 4185 2319 4241 dentes
2358 4198 2535 4236 eorum
2582 4182 2633 4233 in
2693 4194 2782 4232 ore
2828 4176 3063 4248 ipsorum
3094 4187 3109 4225 :
3142 4184 3209 4224 ne
3236 4167 3479 4222 lacerare

1880 4283 2095 4339 valeant
2129 4279 2332 4353 iniquis
2361 4275 2636 4333 morsibus
2673 4285 2862 4330 servos
2886 4269 3026 4341 ejus.
3064 4263 3234 4319 Melas
3267 4262 3477 4317 leonum

1880 4376 2170 4449 confringet
2203 4372 2475 4428 Dominus.
2506 4366 2767 4423 Malarum
2801 4360 3168 4437 nequitiarum
3200 4354 3428 4413 insidias
3462 4368 3476 4409 :

1881 4471 1972 4545 qui
1999 4467 2154 4542 quasi
2179 4465 2416 4523 molares
2439 4464 2661 4523 leonum
2679 4460 2871 4517 dentes
2893 4454 2958 4511 ad
2982 4451 3303 4510 validiorem
3332 4462 3477 4503 mor-

1889 4580 2010 4621 sum
2044 4562 2333 4619 habentur.

1802 4658 1853 4723 Β
1950 4656 2034 4712 Ad
2088 4653 2311 4709 nihilum
2355 4648 2621 4707 devenient
2668 4657 2930 4719 tamquam
2988 4656 3123 4713 aqua
3175 4636 3477 4691 decurrens.

1886 4749 2036 4808 Sicut
2060 4748 2203 4805 enim
2235 4761 2373 4815 aqua
2404 4743 2732 4811 decurrens,
2763 4747 2854 4795 aut
2881 4733 3205 4793 absorbetur
3231 4745 3261 4785 a
3299 4735 3475 4794 terra,

1885 4850 1979 4900 aut
2004 4844 2055 4898 in
2079 4840 2216 4899 mari
2245 4838 2427 4896 deﬁcit
2459 4856 2473 4892 :
2505 4838 2579 4893 ita
2600 4845 2659 4892 et
2681 4834 2768 4891 isti
2800 4830 2867 4888 ad
2899 4830 3004 4887 hoc
3029 4826 3379 4884 deducuntur
3424 4827 3482 4876 ut

1885 4945 2133 5010 pereant.
2180 4934 2333 4991 Sicut
2377 4946 2518 5005 aqua
2547 4945 2669 5005 quas
2697 4927 2766 4983 ab
2798 4925 2957 4983 initio
2997 4918 3185 4979 sreculi
3235 4918 3290 4972 in
3345 4927 3481 4986 gyro

1885 5030 2081 5087 vadit:
2113 5029 2188 5085 ita
2233 5027 2479 5099 ipsorum
2527 5032 2609 5080 est
2655 5021 2927 5078 doctrina.
2976 5015 3124 5086 Aqua
3173 5010 3479 5075 decurrens,

1886 5123 2030 5196 qttod
2061 5131 2145 5179 est
2169 5097 2383 5177 torrens
2408 5160 2423 5188 ,
2450 5118 2553 5174 hoc
2592 5126 2677 5173 est
2698 5162 2713 5186 ,
2756 5126 2895 5186 aqua
2924 5124 3046 5181 quae
3082 5102 3359 5161 montibus
3384 5097 3481 5155 de-

1888 5216 2059 5273 currit
2090 5215 2143 5270 in
2172 5213 2363 5268 valles.
2401 5210 2495 5267 Vel
2522 5208 2664 5265 sicut
2708 5221 2862 5278 aquae
2905 5198 3184 5276 bycmales
3227 5208 3352 5249 cum
3388 5204 3484 5246 ve—

1880 5309 2060 5375 niunt,
2084 5307 2268 5363 statim
2292 5304 2606 5360 siccantur:
2634 5299 2714 5356 sic
2741 5298 2827 5355 isti
2855 5296 2964 5352 cito
2996 5292 3303 5347 transeunt.
3328 5281 3484 5340 Unde

1883 5404 2088 5461 dictum
2118 5412 2203 5460 est
2235 5422 2248 5458 :
2280 5402 2356 5459 De
2383 5410 2627 5459 torrente
2666 5397 2721 5451 in
2765 5394 2849 5448 via
2883 5389 3020 5446 bibit
3046 5383 3222 5461 (Psal.
3265 5379 3345 5454 χ).
3381 5380 3486 5434 Do-

1887 5498 2071 5555 minus
2121 5496 2187 5552 de
2231 5502 2476 5552 torrente
2504 5492 2557 5548 in
2596 5490 2684 5547 via
2715 5486 2886 5555 bibit,
2917 5484 3039 5554 quia
3073 5480 3142 5536 de
3172 5482 3363 5533 nostro
3393 5488 3485 5528 ac-

1885 5590 2048 5661 cepit.
2082 5586 2316 5644 Intendit
2357 5600 2538 5640 arcum
2588 5596 2739 5639 suum
2790 5576 2956 5631 donec
2992 5572 3348 5643 inﬁrmentur.
3379 5564 3485 5621 Per

1886 5696 2097 5753 areum,
2150 5681 2246 5738 ira:
2308 5688 2365 5737 et
2416 5673 2877 5735 comminationes
2928 5667 3023 5724 Dei
3076 5662 3476 5737 intelliguntur.

1893 5774 2044 5833 Unde
2073 5774 2213 5830 dixit
2242 5793 2253 5828 :
2279 5772 2393 5828 Nisi
2424 5767 2676 5828 conversi
2704 5761 2947 5831 fueritis,
2976 5759 3029 5815 id
3062 5764 3165 5824 est,
3192 5754 3260 5811 de
3289 5764 3484 5822 super-

258 5907 282 5940 ιι
303 5896 509 5955 Notum
536 5896 665 5954 illud
691 5895 846 5955 Ovid.
878 5895 946 5953 de
969 5892 1162 5953 Medic.
1198 5891 1304 5951 fac.
1334 5909 1347 5948 :
1380 5896 1480 5953 Nos
1500 5895 1681 5960 media,
1703 5890 1885 5952 Marsis
1908 5892 2155 5949 ﬁnduntur
2172 5891 2397 5946 cantibus
2408 5896 2615 5952 ansues-
