3954 6340
495 321 596 381 991

1246 324 1597 383 APPENDIX
1633 325 1727 383 AD
1765 327 2013 387 TOMUM
2053 328 2072 388 Ε

2188 331 2406 392 TIMUM
2448 333 2506 394 S.
2551 335 2954 393 IIIERONYMI.
3667 341 3754 400 99?.

493 439 580 496 bia
629 439 698 496 ad
748 439 1153 508 humilitatem;
1206 456 1392 497 arcum
1436 457 1594 498 suum
1629 442 1899 513 vibravit,
1943 445 2086 502 sicut
2113 448 2456 520 Ajudicatus
2487 460 2592 509 est.
2625 453 2692 509 Et
2722 468 2821 510 nos
2848 454 2893 509 si
2924 455 2978 509 in
3019 456 3307 528 praeceptis
3352 457 3471 526 Dei,
3499 472 3644 516 aures
3663 477 3752 520 non

498 532 702 589 Paulus
729 533 930 589 audivit
964 551 976 589 :
1008 533 1203 604 Saule,
1236 534 1400 591 Saule
1421 576 1435 600 ,
1468 535 1595 607 quid
1625 549 1710 591 me
1739 538 2088 608 persequeris

501 625 639 696 (Act.
674 628 795 698 Ix)?
823 625 1059 682 Intendit
1088 643 1271 682 arcum
1297 645 1470 695 suum,
1504 627 1747 684 futurum
1775 628 2041 700 judicium
2071 647 2084 684 :

499 720 664 774 donec
693 720 1018 790 inﬁrmentur
1047 735 1065 775 :
1095 720 1200 776 hoc
1237 726 1354 788 est,
1388 735 1560 792 usque
1595 721 1723 777 dum
1761 731 2090 778 evanescant

499 809 713 865 insidiae
745 824 958 866 eorum.

568 903 718 959 Sicut
750 921 864 959 cera
893 921 1010 975 qute
1049 907 1185 978 ﬂuit,
1239 913 1561 980 auferentur.
1595 910 1748 968 Sicut
1774 912 1920 968 enim
1963 927 2088 968 cera

494 997 619 1069 igne
639 999 979 1072 dissolvitur,
1003 1001 1076 1056 ita
1125 1013 1179 1057 et
1225 1003 1314 1058 isti
1365 1002 1548 1060 futuro
1584 1006 1774 1076 judicii
1807 1011 1929 1080 igne
1961 1024 2089 1079 per-

494 1089 712 1148 dentur.
770 1094 1126 1167 Supercecidit
1181 1098 1338 1168 ignis,
1389 1098 1662 1155 Iudicium
1712 1105 1988 1159 mortuis:
2024 1102 2090 1157 Et

497 1202 598 1240 non
626 1187 867 1242 uiderunt
888 1188 1069 1244 solent.
1115 1189 1230 1245 Non
1260 1192 1641 1248 intellexerunt
1667 1191 1945 1251 Christum
1976 1195 2087 1252 Do-

497 1279 734 1346 minum,
787 1280 877 1350 qui
923 1289 1009 1336 est
1060 1283 1139 1337 sol
1168 1282 1414 1353 justitiae,
1450 1284 1520 1341 de
1549 1301 1657 1357 quo
1689 1285 1742 1341 in
1767 1287 1976 1357 judicio
2001 1266 2088 1343 di-

495 1372 638 1426 cturi
687 1380 815 1427 sunt
859 1373 1009 1442 impii
1045 1392 1059 1430 :
1095 1374 1159 1428 Et
1195 1377 1276 1430 sol
1323 1375 1548 1446 justitia:
1594 1394 1698 1433 non
1745 1380 1882 1434 luxit
1929 1381 2087 1436 nobis

501 1464 656 1539 (Sap.
687 1465 769 1534 v).
799 1465 995 1521 Cecidit
1023 1469 1180 1539 ignis,
1212 1480 1259 1524 et
1285 1487 1388 1525 non
1411 1472 1654 1527 viderunt
1674 1474 1854 1529 solem.
1883 1475 2086 1531 Pecca-

493 1566 644 1614 tores
672 1556 952 1616 Christum
998 1561 1175 1632 ignem
1218 1561 1437 1631 vident,
1477 1565 1610 1635 justi
1639 1565 1808 1622 solem
1836 1567 2082 1636 justitiae.

491 1651 704 1707 Aliter:
733 1652 833 1720 Qui
869 1654 1396 1712 comminationibus
1425 1656 1827 1729 Scripturarum
1863 1663 2085 1718 territus

495 1744 605 1813 agit
638 1743 1042 1817 pmuitentiam,
1074 1745 1202 1803 huic
1231 1762 1328 1819 per
1373 1748 1554 1819 ignem
1581 1751 1972 1822 suppliciorum
2003 1755 2082 1810 sol

492 1850 656 1890 verus
683 1839 1010 1894 ostenditur.

566 1931 856 2000 Antequam
884 1931 1176 2006 intelligant
1203 1935 1364 2007 spime
1391 1947 1572 1993 restrw
1598 1939 1894 1996 rhamnum.
1921 1943 2085 2009 Quasi

497 2020 677 2090 vivos,
698 2024 857 2094 quasi
889 2025 941 2079 in
968 2026 1044 2081 ira
1075 2027 1337 2084 absorbet
1365 2043 1503 2095 eos._
1526 2031 1829 2104 Antequam
1863 2047 2084 2105 peccata

498 2124 687 2170 vestra
715 2117 783 2172 ad
812 2117 972 2174 finem
1017 2135 1186 2192 usque
1229 2125 1575 2193 perveniant,
1605 2136 1660 2182 et
1689 2128 2080 2199 cogitationum

491 2208 668 2279 spinae
707 2209 761 2264 in
791 2210 1042 2267 arborem
1075 2213 1339 2270 ebulliant
1367 2227 1714 2287 peccatorum
1752 2239 1765 2275 :
1807 2222 1947 2278 Deus
1986 2238 2082 2279 vos

487 2304 749 2376 corripiet
770 2320 878 2361 non
907 2306 1098 2376 iratus,
1123 2308 1216 2365 sed
1240 2311 1393 2380 quasi
1427 2311 1615 2368 iratus.
1639 2312 1757 2370 Non
1781 2322 1865 2370 est
1884 2317 2084 2388 quippe

489 2396 582 2452 Dei
616 2399 714 2464 ira,
748 2398 843 2454 sed
867 2400 1196 2470 emendatio,
1231 2411 1286 2458 et
1313 2404 1579 2476 corripiet
1621 2422 1720 2463 vos
1759 2424 1865 2464 non
1910 2420 1967 2467 nt
1998 2413 2082 2467 vi-

486 2503 607 2556 vos,
641 2489 738 2546 sed
771 2491 924 2562 quasi
965 2491 1140 2548 vivos.
1180 2495 1283 2564 Qui
1310 2497 1454 2551 enim
1487 2500 1672 2569 spinas
1717 2501 1918 2556 habent
1945 2502 2082 2558 deli-

488 2591 724 2649 ctorum,
759 2583 865 2640 vivi
896 2601 1001 2641 non
1032 2598 1314 2645 merentur
1342 2593 1545 2648 vocari.
1575 2594 1889 2667 Priusquam
1921 2598 2082 2654 intel-

489 2673 724 2746 ligerent
755 2679 928 2749 spina:
970 2688 1168 2737 vestrae
1217 2683 1506 2740 rhamnum
1529 2727 1542 2747 .
1577 2685 1693 2743 hch
1723 2687 1789 2743 ad
1821 2691 2078 2762 pepulum

484 2779 802 2838 peccantem
833 2773 1078 2844 loquitur
1121 2792 1135 2830 :
1179 2777 1456 2833 Rhamnus
1495 2782 1733 2837 sentium
1783 2800 1953 2854 genus
1996 2799 2080 2844 est

485 2865 850 2934 asperrimum
881 2867 1109 2936 aculeis,
1140 2880 1195 2926 et
1216 2869 1353 2927 ﬂore
1382 2872 1768 2942 gratissimum.
1803 2877 1955 2934 Unde
1997 2882 2079 2936 in-

487 2956 754 3027 telligitur
784 2958 1002 3029 duplam
1045 2960 1249 3018 habere
1286 2963 1540 3020 virtutem
1572 2988 1586 3019 :
1622 2967 1846 3024 ultionis
1888 2981 1941 3026 et
1981 2972 2076 3026 hu-

483 3063 677 3106 norum
703 3051 1080 3109 retributionis
1106 3073 1117 3108 :
1147 3055 1198 3110 id
1225 3066 1330 3127 est,
1351 3057 1516 3128 justis
1536 3059 1695 3115 ﬂoret
1714 3061 1778 3117 ad
1798 3072 2070 3134 ornatum,

485 3147 862 3216 peccatoribus
888 3149 1096 3220 praebet
1127 3152 1314 3220 spinas
1355 3154 1421 3209 ad
1447 3163 1471 3190 ει
1494 3156 1972 3230 confringendum.

557 3237 703 3291 Sicut
723 3241 962 3307 viventes,
994 3243 1124 3297 sicut
1175 3245 1227 3299 in
1270 3247 1348 3300 ira
1393 3247 1631 3302 absorbet
1661 3267 1768 3307 eos.
1799 3252 2072 3309 Velociter

481 3342 578 3383 eos
615 3330 874 3388 absorbet
904 3348 1057 3403 poena
1086 3375 1102 3402 ,
1142 3338 1268 3408 quia
1307 3339 1396 3409 qui
1445 3355 1552 3394 non
1599 3343 1931 3413 crediderit,
1963 3347 2070 3416 jam

475 3421 755 3494 judicatus
783 3433 867 3480 est
896 3425 1078 3498 (Joan.
1114 3429 1219 3500 ιιι).
1260 3430 1519 3503 Viventes,
1557 3434 1609 3489 id
1654 3445 1760 3500 est,
1802 3416 2073 3508 sapientes

484 3516 669 3571 mundi
700 3519 791 3588 qui
824 3535 922 3590 per
955 3521 1169 3578 illorum
1198 3526 1521 3596 sapientiam
1554 3538 1743 3599 putant
1786 3546 1844 3588 se
1871 3574 1885 3599 ,
1917 3536 2072 3604 quasi

481 3609 728 3666 viventes
757 3613 886 3667 sint.
919 3614 1025 3670 Sed
1063 3615 1326 3689 sapientia
1360 3619 1521 3692 hujus
1564 3624 1788 3690 mundi,
1840 3628 2069 3684 stultitia

482 3712 566 3758 est
588 3705 730 3774 apud
769 3707 962 3773 Deum.
992 3709 1097 3766 Sed
1127 3712 1203 3766 ira
1232 3713 1327 3769 Dei
1357 3729 1514 3786 quam
1545 3717 1699 3787 dicit,
1722 3719 1865 3790 justa
1897 3721 2072 3778 vindi-

479 3807 564 3853 Clﬂ
592 3808 696 3854 CSI.

552 3893 838 3950 Lwtabitur
857 3898 1038 3969 justus
1059 3915 1176 3955 cum
1198 3901 1380 3957 viderit
1402 3904 1701 3960 uindictam.
1726 3907 2021 3979 Impiorum
2054 3928 2067 3966 :

477 3985 600 4052 quia
617 3987 834 4058 quando
859 3988 935 4044 illi
969 3989 1291 4048 damnantur
1317 3994 1369 4048 in
1395 3995 1695 4064 paenis,isti
1724 3998 2070 4057 lzetiticantnr

473 4076 532 4130 in
560 4079 826 4147 pra-miis.
851 4078 1041 4136 Manus
1067 4099 1191 4137 suas
1220 4084 1411 4139 lavabit
1452 4089 1503 4140 in
1546 4091 1801 4161 sanguine
1827 4101 2068 4163 peccato-

478 4186 614 4224 rum.
645 4172 782 4240 Quia
810 4173 1052 4229 difficilis
1084 4186 1168 4231 est
1191 4178 1280 4232 hic
1306 4179 1611 4236 versiculus
1650 4183 1716 4237 ad
1760 4185 2068 4254 intelligen-

477 4262 604 4318 dum
632 4283 644 4318 :
676 4265 790 4336 ipsa
817 4267 986 4322 verba
1020 4284 1142 4340 quae
1169 4273 1478 4329 anteriores
1509 4285 1897 4346 tractaverunt,
1931 4279 2066 4335 edu-

478 4370 629 4424 cam;
665 4357 899 4416 Hilarius
925 4361 1118 4418 beatus
1147 4365 1378 4420 antistes
1407 4376 1485 4434 et,
1515 4376 1574 4422 ut
1604 4368 1676 4424 ita
1698 4369 1899 4439 dicam,
1927 4372 2067 4427 inter

478 4449 751 4517 procellas
797 4453 987 4508 mundi
1028 4470 1253 4527 magnus
1299 4466 1634 4515 sustentator
1661 4460 1946 4530 Ecclesiae,
1993 4465 2064 4519 ita

481 4541 550 4597 de
577 4558 643 4598 co
667 4545 798 4602 dicit
830 4565 843 4601 :
880 4566 898 4600 σ
928 4548 1115 4605 Justus
1143 4567 1332 4608 manus
1370 4567 1527 4622 suas,
1565 4571 1673 4612 non
1711 4569 2060 4627 peccatorum

474 4639 739 4708 Sanguine
768 4640 973 4699 abluit:
1022 4643 1117 4700 sed
1161 4660 1286 4702 cum
1338 4658 1654 4718 peccatores
1704 4651 1757 4706 in
1803 4655 2064 4723 sanguine

474 4731 606 4800 sint,
639 4736 760 4803 quia
791 4736 866 4789 rei
901 4741 1372 4810 snntsanguinum
1397 4783 1412 4806 ,
1446 4758 1639 4800 manus
1683 4758 1811 4800 suas
1861 4746 1952 4802 ille
1995 4749 2063 4802 ab

473 4827 618 4882 omni
651 4837 802 4883 reatu
842 4831 1118 4901 sanguinis
1149 4833 1449 4891 continebit
1479 4837 1716 4894 ablutas.
1751 4857 1770 4892 ι
1807 4839 1957 4895 Tunc
1987 4842 2063 4895 la-

471 4928 560 4972 vat
583 4918 764 4987 juslus
811 4936 1001 4977 manus
1034 4923 1086 4978 in
1118 4927 1380 4996 sanguine
1410 4937 1756 4998 peccatorum
1791 4947 1913 4987 cum
1946 4935 2064 4989 vin-

470 5010 674 5067 dictam
704 5013 770 5068 de
801 5015 934 5084 ipsis
957 5016 1179 5084 viderit,
1201 5035 1306 5074 non
1322 5023 1741 5090 procurantibus
1763 5028 1983 5087 sanctis,
2009 5036 2064 5083 et

473 5105 914 5173 tunclactabitur,
952 5123 1074 5164 cum
1107 5111 1456 5181 postexitum
1495 5129 1704 5182 eorum,
1735 5117 1854 5188 ejus
1894 5135 2058 5190 opera

469 5195 706 5266 gloriose
737 5199 1030 5271 refulgent.

532 5288 602 5342 Et
631 5291 764 5346 dicet
786 5293 935 5348 homo
951 5296 996 5350 si
1010 5297 1183 5369 utique
1206 5305 1276 5352 est
1302 5301 1504 5370 fructus
1520 5304 1687 5373 justo.
1722 5302 1874 5358 Tunc
1903 5306 2050 5361 enim

465 5383 570 5435 erit
593 5384 710 5452 ejus
736 5383 967 5451 fructus,
996 5402 1118 5443 cum
1148 5389 1197 5444 ei
1231 5388 1482 5446 Christus
1511 5391 1768 5448 Dominus
1793 5396 2055 5452 caelorum

469 5489 639 5544 regna
679 5479 1105 5550 participaverit.
1153 5483 1342 5555 Utique
1379 5496 1454 5540 est
1479 5485 1618 5542 Deus
1630 5488 1876 5558 judicans
1899 5509 1985 5547 eos
2005 5494 2060 5548 in

466 5575 624 5622 terra.
651 5569 730 5625 Illi
755 5573 1165 5642 antejudicium
1199 5578 1319 5632 linis
1346 5579 1397 5634 in
1428 5579 1527 5636 hac
1561 5584 2055 5656 terrajudicantur,

460 5658 529 5714 de
549 5662 741 5733 quibus
763 5668 1013 5736 superius
1033 5669 1266 5726 diximus
1295 5672 1432 5739 :Qui
1466 5689 1574 5729 non
1605 5675 1922 5747 crediderit,
1945 5680 2057 5750 jam

542 5827 568 5855 ’ί
589 5817 768 5876 Malim
800 5824 1011 5893 reponi,
1037 5825 1106 5878 ad
1135 5829 1556 5902 confingendum.

2093 4623 2146 4682 D

2195 545 2516 602 obturamus
2549 565 2562 601 :
2595 548 2639 604 si
2669 559 2982 605 sanctorum
3018 552 3244 619 monita,
3294 568 3420 607 cum
3477 553 3755 615 innocentia

2192 656 2578 713 exsequamur,
2611 643 2656 698 si
2687 654 3003 700 nostrorum
3034 645 3205 716 spinis
3238 645 3539 702 facinorum
3579 664 3672 704 non
3691 651 3756 706 af-

2195 733 2448 807 fligamur
2475 753 2487 789 :
2521 736 2566 790 si
2597 751 2789 791 manus
2810 737 2876 793 ab
2897 739 3046 793 omni
3077 740 3343 810 sanguine
3374 741 3634 797 immunes
3653 758 3754 801 cum

2191 825 2572 886 innocentibus
2596 831 2902 903 abluamus,
2927 833 3216 889 honorabit
3239 849 3337 889 nos
3353 835 3511 890 Iesus
3529 835 3756 894 Dominus

2191 919 2369 992 dignis
2401 923 2660 993 praemiis,
2689 926 2887 996 quibus
2917 928 3088 983 sancti
3111 943 3234 985 cum
3259 927 3382 1000 ipso
3405 931 3759 1001 perpetualiter

2192 1017 2549 1072 colhetantur.
2582 1020 2776 1075 Amen.

2718 1111 3036 1170 PSALMUS
3075 1112 3260 1170 LVIII.

2192 1201 2258 1258 In
2274 1203 2449 1279 ﬁnem,
2466 1221 2535 1279 ne
2544 1205 2816 1279 disperdas
2834 1205 3065 1279 Davidin
3079 1207 3415 1279 inscriptione
3436 1207 3575 1261 tituli
3595 1225 3760 1278 :quan-

2261 1275 2330 1330 do
2359 1277 2496 1351 misit
2531 1277 2952 1351 Saulicustodire
2979 1278 3206 1351 domum,
3232 1275 3346 1351 ejus
3377 1289 3431 1333 ut
3474 1275 3758 1347 interﬁceret

2262 1365 2396 1401 eum.
2439 1347 2553 1420 Iste
2581 1350 2820 1419 psalmus
2863 1349 2988 1420 quia
3042 1349 3212 1404 David
3244 1347 3403 1406 docet
3433 1365 3531 1419 per
3575 1352 3758 1408 titulum

2262 1419 2536 1496 custodire
2567 1461 2582 1483 ,
2644 1419 2942 1479 Domiuiezc
2988 1420 3257 1492 passionis
3289 1420 3538 1477 declarat
3582 1435 3760 1496 myste-
3797 1475 3802 1480 .

2260 1488 2423 1556 rium,
2457 1490 2674 1547 dicens:

2259 1583 2421 1657 Eripe
2450 1603 2527 1640 me
2557 1586 2618 1641 de
2644 1587 2867 1642 inimicis
2885 1588 3030 1658 meis,
3055 1588 3194 1644 Deus
3216 1605 3382 1658 meus,
3418 1597 3529 1644 etc.
3556 1588 3654 1645 Per
3677 1589 3758 1646 bos

2189 1677 2592 1734 inimicitiarum
2639 1681 2838 1751 gradus
2871 1698 3041 1753 usque
3063 1682 3128 1738 ad
3158 1682 3480 1739 effusionem
3525 1685 3754 1739 ascendi—

2189 1783 2277 1828 tur
2324 1775 2626 1846 sanguinis.
2681 1776 2888 1833 Inimici
2921 1780 3125 1835 etenim
3171 1777 3390 1834 fuerunt
3440 1778 3612 1834 Judmi
3652 1781 3759 1836 Jesu

2118 1840 2162 1901 Β
2189 1865 2408 1922 Christo
2434 1868 2660 1922 Domino
2691 1881 2903 1938 nostro,
2935 1887 3058 1927 cum
3090 1870 3139 1926 ei
3190 1870 3511 1926 invidebant
3552 1873 3757 1928 occulte.

2186 1960 2606 2016 Insurrexerunt
2633 1971 2828 2018 contra
2859 1979 2981 2019 eum
3010 2007 3024 2032 ,
3055 1979 3176 2021 cum
3207 1963 3498 2036 prmccptis
3547 1964 3657 2034 ejus
3679 1965 3760 2019 oh-

2184 2055 2489 2111 viaverunt.
2517 2056 2763 2126 Operarii
2797 2057 3102 2129 iniquitatis
3125 2057 3305 2114 eli‘ecti
3338 2067 3486 2126 sunt,
3522 2073 3637 2112 cum
3666 2073 3761 2112 ma-

2183 2162 2284 2202 nus
2314 2158 2662 2205 armaverunt
2707 2149 2774 2204 ad
2826 2150 3288 2207 interfectionem.
3322 2149 3440 2206 Viri
3483 2159 3608 2205 sunt
3650 2149 3758 2204 facti

2183 2242 2416 2311 cruoris,
2447 2257 2573 2297 cum
2603 2243 2921 2314 sanguinem
2950 2244 3079 2313 justi
3107 2259 3273 2314 super
3297 2258 3357 2299 se
3383 2257 3620 2315 suosque
3640 2242 3758 2299 filios

2183 2337 2422 2393 futurum
2463 2353 2586 2394 esse
2614 2338 2870 2394 dixerunt
2893 2338 3123 2410 (Matth.
3156 2337 3364 2410 xxvn).

2256 2431 2393 2499 Quia
2431 2448 2545 2486 ecce
2567 2443 2809 2504 cepe-runt
2840 2432 3066 2486 animant
3095 2449 3295 2487 meam:
3329 2433 3590 2488 irruerunt
3616 2433 3665 2486 in
3691 2449 3758 2488 me

2182 2525 2360 2595 fortes.
2396 2525 2464 2580 Ut
2493 2541 2578 2580 me
2609 2524 2886 2580 traderent
2916 2529 3101 2583 morti.

2255 2616 2436 2688 Neque
2458 2619 2699 2688 iniquitas
2725 2635 2839 2674 utea
2871 2636 3033 2691 neque
3057 2628 3342 2692 peccatum,
3372 2619 3619 2684 Domine,
3660 2621 3756 2675 sine

2179 2711 2447 2782 iniquitate
2469 2713 2695 2781 cucurri,
2718 2723 2768 2768 et
2793 2713 2982 2770 direxi.
3008 2713 3121 2770 Non
3157 2715 3272 2770 haec
3294 2714 3467 2769 David
3496 2715 3568 2772 de
3592 2730 3647 2770 se
3685 2715 3754 2770 di-

2178 2820 2303 2861 cere
2334 2807 2531 2876 poluit,
2562 2807 2654 2877 qui
2686 2822 2745 2863 se
2780 2805 2834 2861 in
2867 2806 2973 2862 alio
3005 2807 3213 2876 psalmo
3255 2807 3477 2878 plenum
3533 2810 3752 2879 peccatis

2178 2915 2300 2956 esse
2324 2903 2612 2970 cognovit;
2642 2901 2736 2957 sed
2769 2901 2836 2957 de
2861 2916 2930 2958 eo
2955 2902 3045 2973 qui
3069 2911 3288 2973 peccata
3312 2911 3499 2958 nostra
3529 2911 3752 2974 portans,

2175 2993 2296 3048 sine
2319 2994 2429 3050 ullo
2458 2994 2756 3066 iniquitatis
2784 2996 3024 3066 pondere
3047 3011 3218 3068 usque
3245 2995 3315 3052 ad
3336 2998 3544 3052 exitum
3575 3012 3754 3066 corpo-

2175 3101 2284 3142 rea:
2313 3087 2502 3141 mortis
2528 3088 2791 3144 cucurrit.
2826 3087 2952 3144 Sine
2981 3089 3250 3160 iniquitate
3300 3090 3528 3156 cucurri,
3561 3097 3608 3143 et
3635 3089 3753 3142 dire-

2175 3182 2250 3235 xi.
2281 3182 2347 3236 Et
2386 3182 2486 3237 iste
2511 3182 2748 3251 psalmus
2778 3197 2846 3238 ex
2877 3197 3107 3253 persona
3151 3182 3368 3236 Domini
3403 3182 3633 3253 intelligi
3661 3196 3752 3252 po-

2179 3285 2300 3331 test.
2332 3275 2423 3330 Ait
2448 3277 2646 3346 quippe
2675 3293 2689 3331 :
2725 3276 2880 3332 Venit
2904 3277 3154 3346 princeps
3182 3276 3367 3330 mundi
3391 3275 3577 3339 istius,
3604 3285 3652 3330 et
3683 3275 3754 3330 in-

2177 3366 2326 3422 venit
2348 3366 2401 3421 in
2429 3382 2514 3422 me
2544 3365 2679 3421 nihil
2703 3366 2903 3436 (Joan.
2931 3366 3077 3436 xvi).
3109 3366 3204 3422 Vel
3231 3375 3383 3422 certe
3415 3370 3679 3422 cucurrit:
3703 3367 3750 3420 id

2176 3468 2281 3522 est,
2309 3457 2376 3514 de
2403 3461 2543 3515 ςαςό
2570 3459 2722 3513 venit
2750 3459 2803 3513 in
2829 3467 3070 3524 uterum,
3115 3458 3184 3514 de
3211 3468 3367 3514 utero
3399 3461 3451 3514 in
3505 3474 3751 3530 praesepe,

2175 3550 2242 3606 de
2274 3553 2500 3623 praesepi
2552 3552 2605 3606 in
2635 3567 2854 3607 crucem
2882 3570 2894 3606 :
2925 3552 2994 3608 de
3021 3567 3183 3608 cruce
3233 3552 3284 3607 in
3321 3553 3633 3624 sepulcrum
3659 3553 3752 3607 :de

2173 3645 2427 3714 sepulcro
2476 3643 2541 3698 ad
2567 3643 2808 3700 inferos:
2853 3644 2920 3701 de
2943 3644 3132 3700 inferis
3179 3646 3356 3700 victor
3401 3647 3661 3702 remeavit
3695 3644 3751 3700 ad

2172 3737 2363 3793 oculos.
2410 3735 2477 3792 Et
2515 3738 2741 3803 direxit,
2782 3753 2889 3792 non
2935 3753 3132 3794 sensus
3178 3753 3342 3806 suos,
3382 3739 3478 3794 sed
3515 3749 3750 3800 nostros,

2172 3833 2299 3901 quia
2325 3833 2470 3902 pravi
2509 3842 2691 3901 erant,
2719 3841 2775 3888 et
2805 3833 3061 3888 tortuosi.
3098 3831 3253 3888 Unde
3283 3832 3548 3902 propheta
3596 3833 3751 3888 dixit:

2174 3924 2238 3978 Et
2265 3934 2422 3978 erunt
2453 3938 2616 3993 prava
2668 3924 2719 3978 in
2749 3923 2979 3991 directa,
3027 3933 3082 3980 et
3107 3939 3302 3996 aspera
3353 3925 3407 3980 in
3434 3925 3553 3980 vias
3585 3925 3754 3995 planas

2174 4014 2346 4088 (Isai.
2378 4032 2469 4070 xxv

2246 4107 2482 4179 Exsurge
2507 4109 2559 4161 in
2590 4124 2861 4163 occursum
2888 4125 3075 4162 meum.
3104 4108 3182 4164 Ad
3211 4108 3425 4164 Patrem
3453 4109 3570 4166 ltzrc
3593 4109 3753 4179 loqui-

2171 4207 2280 4270 tur,
2315 4215 2345 4254 a
2368 4216 2473 4272 quo
2499 4216 2556 4256 se
2579 4201 2631 4255 in
2657 4201 2966 4272 Evangeliis
2980 4200 3264 4256 clarificari
3293 4210 3571 4273 precatur.
3592 4202 3689 4270 Qui
3709 4209 3756 4254 et

2173 4301 2447 4364 tamquam
2474 4308 2769 4348 occurrens
2789 4335 2802 4359 ,
2836 4309 3166 4364 manumque
3194 4295 3502 4365 porrigens,
3547 4309 3757 4363 respon-

2171 4385 2247 4440 dit
2279 4385 2469 4441 dicens
2522 4403 2534 4439 :
2605 4385 2673 4440 Et
2718 4385 3050 4454 clariﬁcavi,
3096 4394 3154 4442 et
3209 4387 3406 4442 iterum
3459 4386 3754 4442 clariﬁcaho

2169 4477 2366 4550 (Joan.
2401 4477 2530 4549 xu).
2560 4478 2733 4546 Quem
2765 4493 3052 4534 occursum
3084 4493 3260 4548 usque
3301 4479 3370 4534 ad
3403 4479 3754 4535 visitationem

2168 4571 2405 4638 gentium
2434 4570 2651 4626 extendi
2685 4571 2942 4642 postulat,
2969 4571 3158 4626 dicens
3189 4589 3202 4624 :
3233 4571 3343 4626 Sed
3366 4588 3584 4643 exsurge
3606 4574 3658 4626 in
3679 4587 3757 4625 oc-

2169 4677 2372 4716 cursum
2405 4661 2531 4715 milti
2563 4678 2582 4716 :
2605 4661 2656 4716 id
2686 4671 2792 4729 est,
2827 4661 2910 4717 fac
2941 4661 3065 4716 illos
3093 4661 3399 4731 intelligere
3423 4663 3492 4718 de
3524 4664 3622 4717 illo
3644 4678 3757 4717 cur-

2169 4768 2234 4808 su
2257 4768 2416 4822 quem
2471 4752 2654 4819 habui,
2689 4753 2832 4824 quod
2861 4768 2963 4824 ego
2992 4754 3219 4830 aequalis
3247 4754 3364 4809 tibi.
3398 4754 3552 4811 Unde
3576 4756 3687 4812 ait:
3714 4755 3753 4809 A

2167 4860 2382 4901 summo
2422 4847 2560 4901 caelo
2588 4846 2830 4918 egressio
2861 4847 3002 4917 ejus,
3049 4854 3104 4902 et
3156 4862 3418 4903 occursus
3447 4848 3566 4918 ejus
3598 4863 3757 4919 usque

2170 4940 2236 4995 ad
2271 4956 2542 4995 summum
2576 4941 2696 5009 ejus
2731 4939 2860 5013 (Ps.
2894 4939 3064 5010 xvttt)
3102 4959 3113 4995 ε
3152 4941 3258 4996 hoc
3288 4950 3394 5006 est,
3429 4943 3569 4997 Deus
3607 4942 3756 4996 Pater

2170 5047 2334 5102 super
2363 5047 2553 5087 omnes
2605 5042 2889 5087 creaturas
2927 5032 3260 5102 Spirituales.
3323 5031 3394 5086 Et
3440 5033 3576 5088 vide.
3610 5035 3685 5088 Ae
3712 5031 3756 5086 si

2169 5125 2315 5181 dicat
2345 5145 2355 5180 :
2388 5135 2449 5181 ut
2497 5125 2664 5181 facias
2716 5135 2770 5181 tu
2818 5141 2915 5182 eos
2942 5125 3128 5182 videre
3159 5144 3173 5180 :
3209 5125 3263 5181 id
3311 5137 3417 5193 est,
3451 5135 3508 5182 ut
3537 5126 3755 5183 credant

2166 5233 2254 5274 me
2281 5217 2541 5289 aequalem
2577 5217 2694 5272 tibi.

2238 5311 2308 5365 Et
2335 5320 2412 5379 tu,
2441 5309 2658 5365 Domine
2683 5310 2824 5366 Deus
2847 5311 3110 5380 virtutum,
3140 5309 3280 5366 Deus
3309 5311 3482 5368 Israel
3507 5329 3527 5367 :
3556 5313 3754 5368 intende

2165 5404 2234 5457 ad
2259 5404 2542 5458 visitamlas
2572 5420 2747 5458 omnes
2776 5414 2950 5475 gentes
2980 5420 2997 5458 :
3040 5421 3144 5459 non
3188 5405 3482 5470 miserearis
3525 5407 3754 5460 omnibus

2163 5499 2253 5569 qui
2273 5507 2554 5566 operantur
2582 5498 2924 5568 iniquitatem.
2949 5495 3019 5552 Ut
3046 5511 3168 5552 cum
3196 5497 3375 5566 justos
3398 5499 3640 5553 visitatio
3680 5498 3754 5551 di-

2164 5592 2287 5644 vina
2329 5589 2572 5659 respicit,
2600 5589 2724 5644 illos
2756 5589 2965 5659 peccati
3001 5603 3157 5658 paena
3180 5590 3542 5660 constringat.
3576 5587 3646 5642 Et
3673 5599 3747 5654 tu,

2169 5679 2394 5738 Domine
2419 5683 2562 5738 Deus
2588 5682 2834 5736 virtutum
2866 5698 2882 5736 :
2917 5680 2970 5737 id
3019 5689 3104 5738 est
3133 5681 3447 5753 angelorum
3483 5690 3537 5738 et
3587 5680 3752 5736 homi-
