3954 6340
191 293 282 356 993
1086 281 1517 344 BREVIARIUM
1562 283 1626 342 IN
1667 281 2004 342 PSALMOS.
2047 282 2292 341 PSALM.
2339 281 2471 339 LIX.
3281 279 3286 283 ’
3335 282 3442 340 994

188 429 316 470 num.
347 409 482 466 Deus
525 408 691 464 Israel
713 426 730 464 :
755 409 854 464 hoc
901 416 1002 473 est,
1037 407 1179 465 Deus
1206 409 1508 464 animarum
1561 407 1749 464 vidcn-
1774 411 1829 471 Α
1854 406 2072 462 aiebant
2099 405 2336 477 (Matth.
2375 406 2482 475 ix).
2518 400 2583 456 In
2609 401 2687 456 ira
2716 399 3174 455 consummationis
3201 439 3215 466 ,
3266 408 3312 452 et
3341 417 3448 454 non

186 506 299 560 tium
333 500 778 558 Dcum.Christus
822 501 890 556 ad
917 500 1131 557 Patrem
1167 519 1179 555 :
1229 499 1448 556 Intende
1501 499 1569 554 ad
1623 500 1747 554 visi-
1846 508 2018 555 erunt.
2047 497 2118 555 Ut
2149 513 2254 552 non
2281 495 2490 567 possint
2516 509 2874 566 perseverare
2895 493 2949 550 in
2977 492 3183 550 malitia
3205 508 3323 560 sua,
3349 491 3446 548 sed

185 595 347 652 laudas
367 609 531 648 omnes
555 603 731 666 gentes
752 634 766 663 ,
801 607 910 650 non
936 591 1112 649 solum
1141 593 1194 648 in
1219 592 1430 663 Judtea,
1463 591 1555 648 sed
1581 592 1745 648 etiam
1846 591 1900 648 in
1932 605 1995 648 ea
2023 597 2494 647 consummentur.

181 697 229 745 et
250 687 294 742 in
325 685 586 756 gentibus.
937 728 1024 762 \
1920 681 1989 738 Et
2023 684 2186 738 scient
2208 683 2331 752 quia
2364 679 2504 735 Deus
2527 679 2877 735 dominabitur
2903 677 3089 747 Iacob,
3132 677 3315 748 ﬁnium
3347 685 3451 732 ter-

244 779 675 837 Couvertanturad
707 795 992 851 vesperum,
1022 789 1067 834 et
1084 779 1274 851 [amem
1296 778 1556 850 patientur
1583 785 1635 831 ut
1655 792 1747 830 ca-
1846 791 1940 831 rw.
1971 775 2102 831 Nam
2157 782 2283 832 sunt
2313 773 2558 830 nonnulli
2580 773 2670 844 qui
2701 789 2762 829 se
2805 773 3140 830 descendere
3168 772 3238 827 ab
3282 770 3450 827 Iacob

184 893 275 934 nes.
301 873 474 945 Usque
498 872 563 928 ad
581 874 783 929 exitum
806 875 935 930 vitae
965 889 1099 941 sua},
1126 873 1324 928 famem
1354 872 1505 928 verbi
1531 871 1625 926 Dei
1655 885 1749 941 pa-
1847 882 2047 939 genere
2071 867 2391 938 gloriantur.
2422 865 2492 922 Et
2535 865 2722 936 ﬁnium
2753 876 2902 922 terra:
2926 880 2945 921 :
2972 864 3026 921 id
3071 872 3156 922 est
3201 862 3445 920 omnium

186 967 380 1030 tientur,
411 979 509 1021 nec
537 975 839 1036 arguuntur
887 965 942 1020 in
991 965 1224 1020 diversis
1262 965 1442 1030 malis,
1486 972 1545 1018 ut
1573 963 1752 1036 paeni-
1849 961 2113 1033 gentium.

187 1057 380 1114 tentiam
411 1064 654 1128 agerent.
683 1055 751 1111 Et
781 1056 1067 1111 circuibunt
1091 1057 1367 1111 civitatem.
1402 1054 1511 1111 Sed
1543 1053 1748 1110 nullam
1924 1052 2293 1110 Convertentur
2309 1054 2379 1108 ad
2407 1069 2694 1125 vesperam,
2720 1061 2766 1107 et
2789 1054 2976 1124 [autem
2999 1051 3261 1124 patientur
3283 1059 3338 1104 ut
3363 1065 3450 1102 ca-

183 1150 547 1206 solemnitatum
570 1148 968 1220 iucunditatem
991 1165 1054 1206 ac
1076 1149 1472 1205 sacrificiorum
1497 1149 1551 1203 in
1579 1162 1641 1202 ea
1666 1162 1752 1203 re-
1851 1166 1962 1215 nes,
1986 1159 2034 1204 et
2063 1149 2352 1203 circuibunt
2375 1149 2650 1203 civitatem.
2675 1146 2792 1216 Ipsi
2821 1146 3183 1218 dispergentur
3210 1143 3279 1198 ad
3303 1159 3451 1197 man-

185 1244 393 1314 periunt.
422 1239 521 1296 Vel
547 1240 616 1297 de
647 1240 732 1296 his
763 1241 1027 1312 loquitur,
1060 1241 1153 1310 qui
1186 1241 1240 1297 in
1275 1243 1381 1298 line
1426 1256 1495 1296 ex
1551 1239 1752 1295 Judzuis
1853 1243 2154 1299 ducandum
2182 1259 2199 1296 :
2227 1243 2272 1296 si
2301 1258 2416 1298 vero
2449 1257 2550 1296 non
2574 1240 2769 1313 fuerint
2811 1241 3052 1306 saturati,
3085 1249 3131 1294 et
3157 1254 3456 1293 murmura-

185 1333 410 1390 credituri
433 1340 576 1388 sunt.
607 1332 741 1388 Cum
765 1332 907 1388 enim
932 1334 1307 1389 subintroierit
1326 1331 1604 1404 plenitudo
1620 1347 1752 1401 gcn—
1853 1335 2000 1391 bunt.
2032 1336 2162 1390 Post
2187 1335 2510 1406 diapsalma,
2552 1335 2714 1390 iterat
2737 1333 3088 1402 sententiam,
3115 1348 3219 1404 qua
3248 1331 3454 1387 inimici

185 1428 314 1494 tium,
347 1429 467 1482 tunc
488 1425 669 1482 omnis
691 1425 853 1483 Israel
881 1428 1068 1484 salvus
1096 1429 1199 1483 erit
1232 1426 1422 1499 (Ilom.
1452 1442 1502 1481 xi
1530 1425 1569 1498 ).
1851 1429 2056 1484 famem
2080 1428 2361 1499 patientur
2383 1436 2441 1483 ut
2469 1443 2639 1484 canes
2674 1445 2686 1480 :
2728 1427 2856 1482 dum
2904 1427 3040 1498 legis
3074 1427 3307 1482 litteram
3328 1441 3453 1482 cum

149 1520 153 1528 '
243 1519 361 1573 Ecce
387 1521 655 1589 loquentur
686 1521 738 1573 iu
787 1536 875 1574 ore
901 1536 998 1574 suo
1027 1535 1046 1575 :
1075 1529 1123 1574 et
1149 1520 1356 1592 gladius
1386 1521 1441 1574 in
1484 1520 1639 1574 labiis
1668 1535 1754 1573 co-
1855 1520 2274 1576 circumcisiouc
2301 1520 2533 1588 carnali,
2561 1529 2617 1576 et
2649 1519 2920 1575 sacriﬁcia
2943 1520 3010 1576 de
3033 1535 3164 1576 nece
3185 1519 3456 1591 pecudum

184 1629 296 1667 rum.
319 1613 673 1684 Blaspbemite
701 1623 756 1669 et
783 1612 1130 1671 inlidelitates
1155 1629 1363 1678 eorum,
1395 1611 1580 1684 gladio
1606 1626 1754 1667 com-
1854 1625 2290 1684 prosequuntur.
2323 1612 2430 1670 Sed
2455 1613 2582 1684 quia
2610 1613 2662 1667 iu
2686 1613 3128 1684 peregrinatione
3161 1612 3278 1669 hanc
3303 1611 3455 1668 cele-

184 1717 358 1778 paralm
402 1716 548 1763 sunt.
586 1708 846 1775 Quoniam
873 1708 989 1778 quis
1030 1708 1249 1761 audivit.
1280 1706 1451 1762 Nemo
1477 1707 1622 1761 enim
1651 1708 1752 1760 ho-
1856 1707 2034 1775 brant,
2071 1722 2172 1762 nec
2215 1708 2282 1763 ab
2328 1707 2414 1763 his
2444 1707 2764 1763 reficiuntur
2806 1707 3182 1778 spiritualiter,
3213 1722 3454 1763 murmu-

183 1801 357 1856 minum
381 1801 555 1869 audit,
582 1818 703 1858 cum
731 1801 786 1857 lii
818 1817 847 1856 a
881 1801 1446 1868 Dominoirridentur,
1474 1800 1617 1857 sicut
1661 1815 1751 1856 se-
1784 1803 1832 1866 B
1860 1810 1978 1856 rant
2010 1809 2198 1856 contra
2233 1800 2426 1856 Deum.
2469 1799 2609 1856 Ilinc
2635 1799 2900 1871 propheta
2931 1800 3226 1856 Dominicae
3256 1809 3456 1872 myste-

184 1894 360 1964 quitur.
1864 1893 2002 1948 rium
2035 1892 2459 1948 resurrectionis
2486 1902 2774 1961 contuens,
2803 1892 3044 1949 exsultat
3065 1901 3121 1948 et
3150 1891 3282 1947 dicit
3306 1909 3320 1944 :

240 1985 299 2040 Et
325 1997 394 2053 tu,
427 1986 672 2054 Domine,
713 1987 968 2042 deridebis
1007 2003 1108 2042 eos.
1141 1987 1244 2056 Qui
1274 1995 1326 2044 te
1357 1987 1412 2043 in
1445 1987 1557 2042 risu
1580 1996 1633 2043 et
1660 1986 1757 2042 de—
1927 1983 2042 2056 Ego
2084 1993 2256 2039 autent
2313 1985 2531 2039 cantabo
2573 1984 2937 2053 fortitudinem
2983 1993 3158 2050 tuam,
3214 1983 3456 2040 Domine.

184 2088 346 2146 specta
378 2078 601 2134 habent.
628 2077 737 2134 Pro
765 2078 927 2134 nihilo
953 2079 1177 2135 deduces
1199 2096 1376 2136 omnes
1402 2087 1596 2151 gentes.
1631 2078 1753 2134 Illas
1855 2076 1991 2144 Quia
2022 2076 2199 2132 vicisti
2258 2086 2514 2132 mortem.
2547 2077 2646 2133 Vel
2690 2077 3065 2135 fortitudinem
3119 2078 3455 2134 divinitatis:

188 2189 286 2244 quae
316 2184 363 2229 te
406 2173 779 2230 resurrexisse
825 2190 934 2230 non
966 2175 1214 2230 credunt.
1247 2173 1383 2230 Nam
1425 2184 1552 2230 sunt
1584 2173 1638 2228 in
1668 2173 1756 2229 his
1855 2169 2130 2242 quomodo
2163 2171 2295 2226 vicit
2317 2170 2615 2237 diabolum,
2644 2170 2748 2227 hoc
2781 2171 3111 2240 przedicaho.
3148 2171 3213 2226 Et
3233 2172 3460 2226 exsulta-

187 2268 319 2322 multi
363 2269 650 2325 credentes
683 2285 697 2323 ;
731 2269 825 2341 qui
880 2285 987 2326 non
1019 2269 1321 2326 irridentur
1349 2283 1379 2323 ει
1431 2269 1563 2324 Deo.
1604 2268 1702 2324 vel
1737 2309 1752 2336 ,
1859 2261 1919 2316 bo
1940 2262 2354 2317 misericordiam
2376 2271 2538 2318 luam.
2560 2262 2696 2331 Quia
2721 2262 2958 2321 diluculo
2975 2266 3240 2322 surrexit.
3275 2263 3457 2333 Mane,

188 2379 337 2418 omnes
359 2373 529 2435 gentes
557 2407 571 2433 ,
602 2365 695 2436 qui
727 2366 896 2436 ligna,
929 2375 984 2421 et
1029 2364 1236 2436 lapides
1263 2363 1597 2420 adorabunt:
1630 2363 1753 2419 nul-
1858 2355 1963 2437 hoc
1994 2366 2079 2411 est
2105 2397 2120 2422 ,
2152 2356 2373 2427 quando
2411 2357 2685 2413 convertit
2724 2358 2779 2412 in
2816 2357 3123 2427 juventute.
3161 2357 3257 2414 Vel
3289 2373 3461 2424 mane,

187 2454 239 2510 Iis
261 2457 455 2513 meritis
478 2457 922 2528 prmcedentibus
942 2500 957 2527 ,
988 2457 1206 2514 adducit
1233 2457 1357 2514 illos
1391 2457 1537 2514 Deus
1568 2456 1636 2513 ad
1665 2470 1757 2513 co-

1931 2448 2070 2504 tium
2103 2448 2226 2507 fidei
2253 2449 2540 2506 catholica:
2575 2448 2701 2506 :vel
2731 2466 2902 2519 mane,
2928 2459 2987 2506 ut
3011 2449 3146 2518 dixi,
3179 2464 3462 2507 resurrec-

185 2550 520 2620 gnoscendam
558 2553 867 2608 veritatem.
1862 2541 2090 2597 tionem.

243 2642 619 2702 Fortitudinem
651 2663 815 2702 meam
841 2649 910 2702 ad
931 2657 980 2702 te
1017 2647 1326 2703 custodiam.
1362 2647 1418 2703 Id
1450 2655 1535 2704 est
1565 2660 1758 2702 omnes
1937 2635 2074 2701 Quid
2109 2640 2276 2707 [αειίιδ
2306 2653 2359 2691 es
2383 2645 2650 2708 susceptor
2683 2652 2824 2692 meus
2852 2644 2898 2692 ct
2929 2635 3190 2707 refugium
3217 2650 3385 2690 meum
3411 2635 3465 2688 in
3511 2660 3518 2666 -

187 2736 384 2794 virtutes
410 2753 565 2795 meas
590 2739 656 2795 ad
682 2750 732 2796 ιθ
756 2740 1087 2809 custodiam,
1119 2757 1224 2796 non
1243 2741 1309 2796 ad
1331 2755 1436 2808 me,
1463 2739 1559 2796 sed
1589 2739 1656 2794 ad
1682 2750 1756 2805 re;
1863 2730 1947 2784 die
1975 2728 2324 2786 tribulationis
2347 2745 2490 2785 uteie.
2515 2729 2814 2800 Suscepisti
2841 2745 2926 2784 me
2953 2728 3290 2799 protectione
3318 2743 3464 2799 pra:-

187 2829 294 2899 quia
320 2847 528 2903 semper
563 2832 615 2886 in
643 2833 774 2903 ipsis
805 2833 900 2889 tibi
932 2833 1120 2889 Iaudes
1151 2833 1355 2898 refero,
1386 2849 1494 2888 non
1518 2832 1652 2888 meis
1683 2833 1764 2886 vi-
1861 2823 1987 2880 sidii
2017 2825 2108 2891 tui.
2148 2840 2217 2880 ne
2243 2840 2366 2880 cum
2397 2824 2482 2879 his
2511 2822 3288 2894 coniungeretur.conseienlia
3315 2836 3462 2878 mea.

187 2921 334 2978 ribus.
388 2923 542 2980 Unde
573 2923 772 2980 Paulus
801 2924 935 2980 dicit
971 2942 985 2980 :
1015 2925 1073 2980 Si
1105 2925 1250 2981 enim
1304 2924 1594 2995 accepisti,
1630 2922 1763 2994 quid
1932 2919 2160 2992 Adjutor
2189 2937 2354 2986 meus,
2388 2919 2480 2974 tibi
2510 2919 2736 2991 psallam
2765 2933 2784 2973 :
2817 2918 2961 2988 quia,
2996 2915 3162 2986 Deus,
3195 2925 3465 2986 susceptor

187 3016 412 3086 gloriaris
431 3018 590 3090 quasi
618 3035 726 3073 non
755 3017 1033 3089 acceperis
1066 3018 1118 3090 (I
1152 3018 1274 3073 Cor.
1307 3016 1437 3090 tv)?
1468 3015 1764 3072 Fortitudi-
1864 3028 2006 3066 meus
2031 3028 2084 3066 es
2114 3029 2132 3067 :
2165 3011 2309 3067 Deus
2342 3028 2484 3066 meus
2507 3054 2522 3079 ,
2551 3011 2914 3067 misericordia
2945 3027 3080 3066 mea.
3121 3009 3229 3080 Ipsi
3258 3024 3319 3065 se
3352 3008 3464 3063 Do-

187 3124 285 3165 nem
303 3127 458 3166 meam
483 3113 557 3168 ad
584 3120 630 3166 te
653 3112 957 3180 custodiam,
984 3113 1130 3183 quia,
1154 3109 1315 3178 Deus,
1338 3122 1604 3183 susceptor
1617 3127 1763 3165 meus
1865 3105 2016 3161 mino
2045 3107 2308 3176 prapheta
2331 3105 2621 3176 pollicetur
2644 3103 2850 3174 jugiter
2875 3103 3107 3173 psallere
3131 3145 3145 3171 ,
3185 3101 3341 3172 cujus
3363 3114 3467 3171 ope

187 3222 250 3260 es.
276 3207 664 3264 Fortitudinem
695 3208 838 3263 illam
865 3207 1169 3263 custodiam
1190 3206 1346 3272 dicit,
1373 3207 1498 3276 quia
1527 3206 1762 3260 animam
1793 3195 1838 3258 C
1869 3199 2089 3268 adjutus
2123 3207 2292 3269 atque
2335 3205 2622 3266 susceptus
2647 3205 2749 3252 est.
2785 3195 2890 3262 Qui
2919 3204 2973 3251 et
3003 3195 3162 3250 nobis
3205 3201 3468 3264 praestare

187 3299 286 3370 ejus
312 3318 464 3358 nemo
489 3303 711 3358 auferre
742 3303 938 3374 potuit,
967 3302 1085 3372 ipso
1115 3302 1330 3358 dicente
1361 3320 1375 3356 :
1423 3301 1592 3356 Nemo
1640 3317 1762 3356 eam
1867 3292 2144 3364 dignetur.
2180 3301 2234 3347 υι
2261 3291 2540 3362 θάἱυιονίο
2568 3290 2686 3361 eius
2713 3290 2930 3358 mimi".
2968 3287 3345 3346 misericordia
3370 3287 3466 3343 Μ’

187 3395 370 3451 auferet
400 3413 430 3452 a
462 3411 556 3453 me
589 3412 603 3451 :
636 3397 732 3453 sed
762 3410 864 3469 ego
915 3405 1238 3467 potestatem
1284 3394 1459 3450 habeo
1513 3393 1762 3460 tollendi,
1861 3388 1984 3459 juti,
2017 3387 2419 3443 resurrectione
2445 3385 2732 3456 glorificati
2758 3425 2773 3450 ,
2806 3398 3117 3440 mereamur
3142 3382 3195 3437 in
3223 3379 3470 3438 Ecclesia

187 3491 592 3562 resumendique
629 3506 749 3547 eam
779 3489 970 3563 (Joan.
998 3507 1029 3546 x
1053 3491 1098 3562 ).
1131 3489 1274 3545 Deus
1297 3507 1462 3558 nteus,
1481 3489 1766 3544 misericor-

189 3583 262 3636 dia
289 3588 397 3654 ejus
421 3585 699 3654 prim-cniet
741 3601 840 3640 me.
881 3584 1154 3640 Prmvenit
1182 3584 1335 3639 illum
1387 3581 1763 3639 misericordia

189 3671 511 3733 Patris:cum
545 3677 697 3747 prius
718 3677 966 3732 centurio
988 3691 1114 3732 eum
1143 3677 1313 3731 Deum
1346 3677 1626 3731 confessus
1653 3683 1764 3741 est,

190 3783 328 3838 quam
358 3770 578 3828 videret
607 3769 675 3825 ab
705 3770 893 3826 inieris
940 3768 1335 3826 resurrexisse.
1369 3767 1476 3824 Sed
1522 3778 1574 3823 et
1611 3766 1766 3822 multi

189 3864 538 3930 percutientes
583 3873 807 3936 pectora
867 3879 988 3932 sua,
1032 3863 1444 3919 revertebantur
1473 3861 1764 3917 dicentes:

190 3955 313 4015 Vere
340 3959 508 4016 Filius
542 3960 639 4016 Dei
671 3969 789 4015 crat
813 3960 916 4015 iste
952 3957 1158 4032 (Marc.
1191 3957 1309 4028 xv).

248 4049 379 4108 Deus
409 4053 637 4108 ostendit
660 4051 790 4106 mihi
811 4069 966 4119 super
993 4052 1236 4106 inimicos
1271 4065 1430 4118 meos,
1459 4066 1521 4104 nc
1565 4050 1770 4105 occidas

189 4157 259 4197 eos
281 4161 297 4198 :
323 4146 600 4216 nequando
631 4143 998 4199 obliviscantur
1023 4144 1205 4216 populi
1248 4145 1370 4199 mei.
1412 4143 1480 4200 Ut
1505 4152 1558 4199 et
1585 4143 1628 4198 si
1661 4158 1768 4198 non

190 4236 415 4306 credant,
450 4249 634 4294 tamen
664 4237 1118 4309 intelliganteum
1141 4251 1265 4294 esse
1287 4238 1482 4304 Deum,
1511 4236 1668 4308 juxta
1700 4237 1773 4291 il-

190 4325 268 4384 lud
297 4347 308 4384 :
341 4341 393 4386 et
414 4332 624 4389 videbit
655 4333 836 4388 omnis
864 4346 993 4388 caro
1019 4330 1260 4386 salutare
1289 4329 1385 4387 Dei
1415 4331 1585 4386 nostri
1617 4330 1769 4401 (Luc.

190 4424 380 4495 xxxiv).
412 4424 481 4480 Et
512 4439 622 4481 non
653 4423 874 4481 occidas
915 4424 1073 4492 illos,
1106 4439 1174 4480 ne
1198 4423 1341 4480 forte
1387 4424 1776 4481 obliviscantur

189 4515 409 4571 nominis
441 4519 542 4574 tui.

1867 3489 2055 3536 sancta
2114 3479 2305 3536 Iaudes
2341 3480 2460 3551 ejus
2497 3477 2857 3534 immaculatis
2905 3476 3158 3534 sensibus
3207 3475 3468 3532 exaltare.

1866 3573 2064 3632 Amen.

2431 3664 2752 3723 PSALMUS
2782 3663 2922 3720 LIX.

1869 3763 1936 3818 In
1959 3764 2133 3834 ﬁnem,
2171 3779 2264 3836 pro
2294 3763 2372 3836 {iis
2396 3763 2483 3833 qui
2503 3759 2973 3836 conimutabunturf
2992 3759 3047 3814 in
3096 3759 3234 3814 tituli
3277 3758 3465 3836 inseri.

1941 3829 2136 3906 ptionc,
2170 3829 2269 3906 ipsi
2293 3829 2462 3906 David
2493 3835 2545 3887 in
2585 3833 3057 3906 doctrinant,_‘cum_
3077 3830 3340 3884 succendit
3363 3829 3475 3906 Me-

1942 3900 2287 3977 sopotamiam
2336 3905 2593 3977 Syriaa_e_t
2636 3900 3092 3977 Syriampb‘o‘bal,
3128 3909 3176 3955 et
3223 3900 3472 3977 convertit

1944 3972 2101 4043 Joab,
2138 3983 2184 4030 et
2208 3972 2460 4048 percussit
2492 3972 2767 4048 Edoni—in
2788 3972 3253 4048 valle_Salinarum_
3283 3972 3474 4048 duode-

1942 4049 2043 4102 cim
2095 4043 2283 4101 millia.
2326 4047 2606 4114 Qumritur
2631 4046 2725 4099 ubi
2754 4045 2871 4099 hate
2900 4043 3126 4114 historia
3150 4043 3349 4114 scripta
3381 4044 3472 4114 sit.

1945 4118 2000 4174 In
2031 4113 2710 4188 Regnorumlibris,qua3
2738 4115 2826 4170 hic
2848 4113 3305 4188 manifestissime
3329 4113 3471 4188 legi:

1947 4183 2272 4262 tur(ll'lleg.
2292 4190 2432 4262 vin).
2464 4187 2577 4262 Sed
2606 4183 2685 4242 ibi
2717 4201 2813 4258 pro
2835 4186 2967 4262 valle
2990 4185 3298 4241 Salinarum
3325 4183 3470 4240 LXX

1944 4258 2274 4332 Inte'rpretes
2300 4258 2417 4330 ipsa
2462 4260 2692 4315 Hebraea
2738 4258 2907 4313 verba
2938 4266 3473 4332 power-unitos“:

1955 4326 2233 4388 unfSed
2275 4326 2400 4404 quia
2431 4333 2846 4404 interpretatum
2899 4326 3004 4404 non
3039 4338 3147 4396 est,
3178 4327 3360 4404 al)_hi_s
3389 4326 3480 4404 qui

1947 4405 2164 4460 Ilebraei
2193 4398 2465 4459 sermonis
2482 4398 2593 4460 non
2621 4401 2822 4458 habent
2845 4399 3117 4465 notitiam,
3142 4398 3274 4472 quid
3305 4400 3480 4471 signi-

1948 4477 2072 4532 ticet
2100 4475 2402 4547 ignoratur.

250 4607 496 4683 Disperge
521 4612 609 4668 eos
637 4614 691 4667 in
721 4613 906 4669 virtute
935 4623 1042 4669 tua.
1074 4612 1195 4670 Noli
1223 4613 1440 4686 penitus
1466 4613 1649 4670 delere
1677 4613 1773 4670 .Iu-
1795 4583 1853 4646 D
1951 4612 2100 4669 Deus
2120 4654 2134 4680 ,
2165 4611 2402 4683 repulisti
2428 4627 2523 4667 nos
2554 4620 2601 4666 et
2642 4608 2943 4666 destruxisti
2971 4624 3086 4664 nos.
3128 4606 3371 4665 Pertinet
3407 4606 3476 4663 ad

191 4699 323 4759 dros
357 4723 372 4760 :
404 4707 531 4778 quia
565 4707 798 4779 populus
823 4717 948 4764 tuus
978 4723 1195 4779 semper
1218 4716 1301 4764 est
1321 4709 1649 4780 appellatus,
1676 4707 1772 4764 sed
1878 4708 2135 4781 populum
2171 4706 2479 4764 Iudaicum.
2507 4705 2740 4774 Quando
2771 4703 2920 4760 illum
2951 4703 3301 4777 permittebat
3329 4702 3476 4758 Deus

193 4795 239 4852 in
268 4810 372 4855 toto
401 4803 542 4859 orbe
589 4801 841 4874 disperge
866 4845 880 4869 ,
917 4810 976 4859 ut
998 4803 1188 4859 saltem
1222 4801 1300 4858 sic
1328 4801 1644 4869 emendati,
1677 4815 1773 4856 su-
1879 4801 2126 4859 tribulari
2160 4819 2171 4854 :
2202 4801 2356 4870 quasi
2395 4810 2526 4856 tunc
2558 4798 2845 4856 videbatur
2883 4798 3175 4870 repellere.
3211 4797 3278 4851 Et
3315 4793 3479 4850 modo

191 4893 391 4962 perbire
421 4895 716 4963 desistant,
773 4907 832 4952 ut
876 4897 964 4952 vel
995 4898 1050 4952 in
1080 4897 1180 4951 hac
1207 4895 1546 4966 dispersione
1591 4894 1776 4950 scelus
1879 4895 2181 4953 Ecclesiam
2213 4893 2433 4950 videtur
2455 4893 2748 4965 repellere,
2787 4892 3007 4963 quando
3035 4891 3182 4946 illam
3212 4887 3482 4961 permittit

191 4999 333 5043 suum
364 4990 684 5062 paenitendo
711 4990 1020 5062 deplorent.
1045 4989 1114 5044 Et
1151 4990 1350 5062 depone
1379 5006 1485 5058 eos,
1520 4997 1776 5057 protector
1881 4990 2080 5048 tentari
2123 5005 2222 5061 per
2266 4989 2698 5044 tribulationem.
2726 4986 2859 5044 Nam
2881 4987 3041 5042 aliter
3069 4999 3177 5042 non
3213 4981 3432 5054 repellit
3461 4998 3476 5037 :

192 5095 320 5135 meus
339 5080 586 5140 Domine.
609 5081 865 5138 Delictum
882 5085 984 5138 oris
1002 5099 1198 5152 eorum,
1228 5098 1488 5138 sermones
1515 5080 1774 5136 labiorum
1878 5085 2002 5156 quia
2034 5084 2174 5139 dixit
2192 5091 2414 5138 sanctus
2438 5081 2637 5138 Paulus
2665 5099 2678 5136 :
2705 5080 2822 5137 Non
2856 5081 3068 5152 repellit
3098 5079 3241 5134 Deus
3263 5077 3478 5148 plebem

193 5170 432 5242 ipsorum.
468 5174 837 5231 Destruantur
865 5176 919 5230 in
947 5175 1150 5230 malitia
1183 5190 1279 5231 sua
1314 5193 1327 5228 :
1355 5183 1578 5245 prapter
1607 5173 1774 5230 verba
1881 5191 2062 5244 suam,
2092 5191 2252 5246 quam
2289 5175 2566 5247 praascivit
2609 5174 2802 5248 (Rom.
2848 5173 2950 5246 x1).
2987 5171 3142 5230 Unde
3181 5177 3241 5226 et
3275 5185 3377 5225 vox
3409 5167 3478 5225 ad

193 5267 374 5336 quibus
425 5269 704 5326 Christum
745 5279 896 5326 tuum
922 5277 1286 5341 negaverunt,
1328 5277 1384 5324 et
1427 5278 1608 5324 tamen
1636 5265 1778 5322 Iilios
1878 5267 2167 5325 Jeremiam
2194 5267 2527 5339 Prophetam
2558 5269 2636 5323 ait
2669 5285 2679 5321 :
2717 5265 2890 5335 Vade,
2919 5275 2975 5321 et
3002 5265 3246 5332 destrue,
3273 5271 3329 5319 et
3357 5261 3474 5318 dis—

197 5358 415 5416 Abrahae
445 5376 509 5418 se
538 5376 661 5419 esse
681 5362 950 5433 iactitant.
973 5359 1490 5434 Comprehendautur
1513 5361 1566 5414 iu
1595 5375 1776 5430 supero
1879 5364 2020 5435 sipa,
2050 5371 2107 5419 et
2141 5363 2337 5430 evelle,
2363 5372 2418 5420 et
2439 5361 2649 5418 aediﬁca
2679 5358 2898 5432 (Jerent.
2925 5357 2987 5431 ι).
3016 5361 3096 5416 Ac
3132 5357 3178 5413 si
3204 5357 3476 5414 dixisset:

196 5453 270 5508 bia
296 5472 408 5511 sua.
440 5457 558 5513 Hoc
585 5467 689 5524 est,
722 5456 951 5512 humiles
981 5456 1130 5511 fiant.
1362 5444 1372 5452 ’
1883 5456 2117 5512 Destrue
2142 5456 2269 5511 vitia
2298 5465 2355 5513 et
2376 5465 2620 5528 peccata,
2643 5463 2698 5511 et
2721 5453 2928 5509 aedifica
2966 5451 3215 5508 virtutes.
3242 5450 3486 5522 Repellit

261 5545 323 5602 Et
352 5550 417 5604 de
464 5551 816 5605 exsecratione
853 5557 902 5604 et
939 5544 1212 5603 mendacio
1249 5545 1696 5602 aununtiabuntur
1724 5545 1780 5601 in
1884 5568 1987 5610 nos
2025 5568 2089 5610 ac
2119 5553 2371 5621 destruit,
2404 5568 2528 5609 cum
2558 5566 2865 5624 peccamus.
2890 5549 3180 5606 Miseretur
3228 5557 3282 5604 et
3308 5546 3480 5604 aditi-

197 5645 642 5701 consummatione.
667 5645 1108 5702 Exsecrabantur
1132 5644 1278 5701 enim
1306 5643 1630 5700 Dominum:
1654 5659 1776 5699 cum
1884 5654 1974 5702 cat
1998 5661 2123 5702 cum
2151 5646 2220 5703 ad
2246 5663 2370 5703 eum
2393 5645 2712 5718 ptenitendo
2741 5641 3096 5700 revertimur.
3131 5639 3306 5697 Iratus
3336 5657 3408 5708 es,
3433 5653 3481 5696 et

197 5749 310 5790 eum
336 5736 509 5794 ﬁlium
540 5737 740 5812 Joseph
767 5738 908 5796 fabri
936 5738 1190 5795 dicebant
1229 5737 1460 5809 (Matth.
1485 5753 1534 5793 vr
1551 5736 1592 5809 ).
1619 5736 1780 5794 Inne-
1886 5740 2126 5795 misertus
2149 5756 2202 5796 es
2226 5740 2391 5795 nobis.
2422 5739 2505 5794 Ira
2525 5739 2622 5796 Dei
2647 5739 2792 5809 justa
2817 5735 3053 5792 vindicta
3081 5732 3298 5790 dicitur.

195 5831 404 5890 ett-baut
450 5833 794 5892 mendacium
821 5875 836 5904 ,
887 5850 1009 5891 cum
1044 5849 1170 5892 eum
1203 5832 1529 5891 daemonium
1576 5831 1779 5890 habere
1958 5833 2288 5891 Commovisti
2314 5844 2526 5891 terram.
2551 5832 2812 5906 Corporis
2837 5832 3024 5904 utique
3047 5829 3238 5888 nostri.
3268 5826 3338 5884 Et
3359 5843 3482 5884 cou-
