3954 6340
520 262 631 322 995

1269 264 1614 328 APPENDIX
1654 265 1747 326 AD
1788 260 2034 325 TOMl‘M
2073 257 2428 325 SEPTIMUM
2465 263 2526 324 S.
2572 262 2974 329 HIERONYMI.

3700 270 3785 333 996

517 387 736 441 turbasti
766 403 900 442 eam.
924 385 1063 444 Cum
1088 388 1316 445 tribulos
1345 389 1673 460 produceret
1700 397 1752 446 ct
1780 389 1986 461 spinas.
2011 388 2102 445 Sa.
2140 381 2186 439 Α
2216 378 2336 449 ejus
2383 396 2412 435 a
2457 379 2597 438 facie
2625 383 2897 454 aquilonis
2926 381 3139 455 (Jerem.
3175 381 3237 457 t).
3270 382 3342 440 Et
3370 380 3498 439 alibi
3529 381 3689 441 dicit:
3715 384 3781 440 Ab

517 497 586 535 na
616 482 948 537 contritiones
964 484 1098 551 eius,
1128 484 1249 554 quia
1275 493 1534 542 commota
1561 495 1655 542 est.
1688 485 1829 541 Mota
1861 494 1947 542 est
1969 485 2115 541 enim

516 587 548 629 a
578 573 798 629 malitiis
825 588 845 628 :
876 584 933 631 ut
959 572 1207 632 fructum
1226 576 1485 633 exhibeat
1526 577 1855 634 sanctitatis.

591 664 877 721 Ostendisti
905 668 1096 741 populo
1126 678 1214 723 tuo
1248 669 1404 724 dura.
1456 669 1523 727 Ut
1569 679 1622 725 te
1671 670 1931 731 attentius
1968 686 2115 740 qna:-

514 767 680 814 reret.
729 758 972 830 Castigas
1023 762 1169 818 enim
1219 777 1439 820 omnem
1493 762 1661 819 lilium
1707 778 1865 835 quem
1917 763 2117 834 recipis

513 852 704 923 (Hebr.
736 854 854 924 xu).
891 854 1174 912 Ostendiin
1201 856 1396 928 populo
1422 865 1514 912 tuo
1541 857 1676 913 dura
1701 874 1721 915 :
1751 857 1854 914 hoc
1879 868 1982 926 est,
2020 860 2117 914 tri.

511 946 867 1004 bulationem.
914 948 1069 1006 Unde
1095 959 1319 1005 sanctus
1357 950 1557 1007 Paulus
1596 951 1765 1007 dicit:
1796 953 1897 1021 Qui
1923 952 2112 1008 volunt

511 1038 602 1108 pie
635 1040 819 1097 vivere
874 1040 929 1097 in
970 1040 1192 1098 Christo
1213 1084 1227 1110 ,
1260 1043 1694 1113 persecutionem
1724 1045 2005 1115 patiuntur
2035 1042 2111 1116 (ll

512 1129 648 1186 Tim.
680 1133 784 1205 tu).
820 1132 1025 1191 Potas'i
1065 1150 1159 1189 nos
1186 1136 1305 1189 sino
1331 1136 1763 1207 conpunctionis.
1786 1135 1859 1192 lJt
1895 1135 2111 1191 confusi

509 1221 567 1278 in
608 1222 960 1294 facinoribus,
1002 1227 1345 1298 compunctio
1374 1226 1445 1285 sit
1471 1228 1537 1284 ad
1564 1235 1616 1284 te
1643 1227 1975 1284 revertendi.
2007 1227 2111 1283 Per

508 1317 714 1389 viuum,
746 1321 833 1377 lex
862 1321 1044 1394 populi
1072 1321 1165 1377 Del
1193 1321 1533 1393 intelligitur,
1556 1329 1612 1378 et
1632 1322 1744 1393 ipsa
1768 1323 2112 1391 compunctio

508 1412 683 1484 gratia
724 1412 820 1469 Dei
842 1422 945 1469 est.

580 1502 786 1561 Dedisti
834 1507 1182 1562 metuentibus
1222 1514 1272 1562 te
1310 1507 1760 1579 signiﬁcationem,
1804 1517 1860 1561 ut
1907 1506 2109 1579 fugiant

506 1617 540 1655 a
593 1600 727 1672 facie
777 1617 961 1669 arcus,
1013 1611 1069 1655 ut
1117 1602 1397 1657 liberentur
1450 1601 1625 1656 dilecti
1675 1602 1769 1655 tui.
1825 1599 2107 1659 Prmbuisti

2215 472 2473 543 aquilone
2514 476 2877 540 exardescent
2901 477 3062 545 mala,
3100 492 3223 550 quae
3254 485 3384 533 sunt
3420 492 3583 550 super
3611 485 3779 533 terrain

2214 565 2462 639 (Ibidem)
2487 585 2500 622 :
2528 567 2581 631 id
2611 577 2718 636 est,
2753 570 3134 635 tribulatioues
3160 570 3390 628 veniunt
3418 587 3448 625 a
3478 571 3684 628 diabolo
3707 588 3782 627 su-

2214 673 2311 730 per
2338 669 2563 727 terram,
2598 677 2719 732 qua:
2770 672 2855 719 est
2901 664 3167 731 Ecclesia,
3216 665 3360 720 sicut
3408 665 3603 721 Paulus
3633 663 3780 721 dicit:

2213 753 2518 810 Tribulatio
2568 757 2884 826 patientiam
2943 766 3206 829 operatur
3248 774 3264 812 :
3318 757 3577 828 patientia
3626 765 3779 815 autem

2214 846 2627 917 probationem:
2658 848 2912 920 probatio
2940 865 3073 911 vero
3120 864 3314 920 spem:
3348 864 3478 922 spes
3526 863 3650 907 vero
3691 866 3783 905 non

2214 939 2591 1011 confunditur,
2631 942 2756 1012 quia
2800 941 3047 1009 charitas
3080 941 3175 998 Dei
3204 941 3399 999 diti‘usa
3431 951 3514 1001 est
3551 943 3602 998 in
3629 942 3783 998 cordi-

2214 1031 2317 1089 bus
2361 1032 2597 1099 nostris,
2648 1048 2745 1104 per
2789 1033 3051 1104 Spiritum
3097 1045 3351 1097 sanctum
3388 1034 3481 1108 qui
3528 1034 3677 1090 datus
3715 1043 3783 1090 est

2216 1124 2377 1185 nobis
2407 1125 2584 1197 (Rom.
2628 1126 2706 1199 v).

2284 1216 2355 1272 In
2382 1215 2672 1275 Idumazam
2690 1220 2969 1279 extendam
2989 1221 3387 1277 calciamentum
3408 1237 3593 1279 meum.
3629 1219 3781 1293 Usque

2212 1306 2269 1364 in
2320 1310 2599 1381 regionem
2652 1311 2816 1378 Esau,
2868 1312 3242 1383 apostolorum
3283 1314 3448 1383 pedes
3493 1313 3782 1385 dirigendos

2212 1416 2336 1456 esse
2379 1405 2694 1472 pronuntiat
2739 1422 2752 1456 :
2804 1405 2926 1475 quia
2977 1406 3031 1461 in
3074 1406 3473 1470 calciamentis.
3521 1406 3782 1476 pedes:lu

2214 1495 2443 1564 pedibus
2477 1511 2613 1552 vero
2650 1513 2873 1569 gressus
2914 1500 3198 1569 apostolici
3233 1500 3627 1570 intelliguntur,
3651 1500 3778 1570 juxta

2213 1587 2347 1643 illud
2374 1606 2389 1644 :
2420 1588 2593 1657 Quam
2622 1591 2861 1661 speciosi
2890 1592 3055 1662 pedes
3074 1592 3571 1663 evangelizantium
3598 1607 3779 1662 pacein,

505 1690 859 1763 baptismum,
891 1708 1000 1761 quo
1027 1693 1220 1758 abluti,
1258 1693 1566 1763 tugeremus
1597 1707 1629 1747 a
1656 1692 1837 1747 futura
1869 1693 1984 1747 ira:
2013 1705 2109 1761 per
2211 1685 2697 1755 cvangelizantium
2723 1686 2865 1745 bona
2894 1685 3174 1759 (Nahumt
3204 1698 3253 1741 et
3278 1687 3431 1747 lieni.
3456 1687 3544 1758 x)!
3576 1686 3777 1743 Idume:

505 1784 652 1855 quod
684 1799 791 1840 non
834 1784 1011 1840 aulum
1060 1795 1397 1855 peccatores,
1443 1785 1545 1839 sed
1584 1784 1745 1840 etiam
1793 1783 1975 1840 dilecti
2028 1785 2101 1841 ιυί
2131 1769 2185 1847 Β
2212 1775 2626 1849 interpretatur,
2659 1780 2971 1850 sanguinea,
3002 1780 3121 1837 sive
3159 1790 3385 1839 terrena.
3425 1779 3505 1836 Ac
3540 1781 3586 1836 si
3613 1781 3777 1837 dicat:

504 1876 833 1932 liberantur.
869 1876 1089 1932 Salvum
1117 1878 1200 1949 fac
1231 1877 1441 1932 dextera
1473 1887 1583 1933 tua.
1612 1874 1828 1932 Christo
1864 1886 1979 1945 tuo,
2014 1877 2104 1947 qui

506 1977 592 2023 est
616 1968 765 2023 salus
803 1979 1010 2024 nostra.
1055 1967 1124 2023 Et
1150 1970 1341 2025 exaudi
1372 1986 1470 2024 me.
1502 1969 1639 2026 Cum
1672 1979 1726 2024 te
1757 1971 2099 2025 invocavero.

508 2060 742 2116 Dextera
769 2061 965 2131 Patris,
992 2062 1163 2118 Filius
1188 2072 1291 2118 est.
1339 2061 1557 2118 Salvum
1596 2063 1698 2133 fac.
1732 2062 1811 2117 De
1839 2061 1947 2118 illis
1974 2060 2106 2117 dicit

505 2154 596 2225 qui
631 2154 874 2210 salvaudi
907 2166 1087 2223 erunt,
1121 2154 1338 2226 quando
1367 2153 1535 2210 Filius
1562 2163 1686 2209 tuus
1711 2154 1889 2209 mittet
1918 2168 2005 2209 me
2049 2154 2102 2208 in

504 2249 782 2304 dexteram
813 2259 956 2304 tuam
985 2249 1036 2304 in
1058 2248 1148 2304 die
1166 2248 1376 2318 judicii.
1407 2247 1564 2304 Unde
1586 2247 1639 2302 iu
1662 2247 1772 2302 alio
1792 2248 1915 2302 loco
1935 2245 2100 2302 dicit:

504 2341 737 2397 Dextera
766 2340 983 2396 Domini
1006 2340 1136 2398 fecit
1166 2342 1420 2397 virtutem
1450 2339 1625 2414 (Psal.
1656 2340 1850 2411 (ιιι-ιι).

580 2434 721 2490 Deus
762 2437 963 2491 locutus
994 2436 1151 2490 estin
1196 2445 1379 2491 sancto
1414 2451 1528 2489 suo.
1573 2435 1733 2489 Pater
1764 2435 1818 2489 in
1851 2432 1962 2488 Deo
2005 2432 2101 2487 ho-

503 2528 669 2596 mine,
701 2528 768 2583 de
794 2543 901 2598 quo
928 2527 1148 2584 Gabriel
1170 2528 1238 2581 ad
1268 2527 1493 2582 Mariam
1518 2527 1594 2582 ait
1619 2544 1630 2580 :
1662 2526 1818 2593 Quod
1849 2535 2101 2581 nascetur

499 2634 568 2677 ex
598 2632 651 2677 te
680 2631 951 2689 sanctum,
991 2621 1273 2678 vocabitur
1303 2620 1478 2676 Filius
1505 2619 1597 2675 Dei
1630 2618 1787 2691 (Luc.
1816 2618 1877 2691 ι).
1912 2617 2005 2673 Vel
2040 2624 2100 2671 ut

499 2727 723 2772 sanctus
750 2717 949 2771 Paulus
976 2715 1147 2773 dicit:
1180 2716 1327 2771 Deus
1347 2725 1461 2770 erat
1487 2716 1538 2769 in
1572 2713 1810 2779 Christo,
1838 2711 2096 2768 mundum

499 2806 863 2865 reconcilians
887 2810 993 2865 sibi
1015 2808 1059 2880 (l
1087 2807 1208 2863 Cor.
1232 2808 1331 2878 tv).
1355 2806 1596 2863 Latabor
1624 2815 1675 2861 et
1701 2806 1923 2861 dividant
1954 2803 2099 2861 Sice-

499 2917 660 2968 mam,
691 2911 742 2956 et
786 2902 1070 2961 convallem
1116 2900 1566 2957 tabernaculorum
1598 2898 1835 2955 metibor.
1865 2896 2094 2966 Quidam

495 2992 769 3050 Sicemam
800 2992 1107 3050 samariam
1137 3002 1367 3065 putant:
1397 2992 1702 3048 convallem
1740 3006 1869 3046 vero
1916 2989 2097 3044 taber-

495 3087 837 3155 naculorum,
873 3087 1012 3144 hanc
1038 3087 1425 3142 habitationem
1461 3094 1760 3142 terrenam.
1793 3082 1939 3152 Ergo
1970 3095 2092 3137 cum

2211 1869 2265 1923 In
2294 1870 2427 1924 istos
2458 1871 2590 1926 tales
2621 1871 2902 1926 ostendam
2933 1872 3344 1928 calciamentum
3378 1888 3581 1938 meum,
3611 1873 3661 1928 id
3692 1884 3777 1941 est,

2207 1974 2326 2016 mea
2358 1963 2628 2033 exempla.
2660 1963 2797 2017 Mihi
2823 1964 3133 2037 alienigena:
3161 1964 3356 2019 subditi
3382 1975 3524 2023 sunt.
3553 1963 3778 2036 Alienige-

2207 2068 2289 2109 na
2312 2069 2331 2110 :
2364 2055 2416 2113 id
2440 2063 2545 2126 est,
2575 2066 2765 2126 gentes
2793 2074 2806 2113 :
2834 2056 3067 2112 subditzc
3095 2066 3223 2113 sunt
3254 2057 3541 2114 Ecclesiae.
3568 2057 3625 2114 In
3652 2057 3776 2113 Allo-

2207 2148 2408 2219 phylis,
2458 2149 2758 2208 alienarum
2794 2151 3036 2221 gentium
3076 2151 3371 2221 pravitates
3406 2149 3666 2217 ostendit,
3703 2151 3775 2222 qui

2207 2255 2377 2311 usque
2411 2242 2479 2297 ad
2507 2242 2799 2299 adventum
2831 2244 3061 2311 Christi,
3112 2246 3163 2298 in
3205 2244 3531 2315 ignorantiae
3561 2243 3775 2299 tenebris

2205 2332 2538 2391 residebant.
2578 2334 2732 2390 Nunc
2772 2345 2952 2392 autem
2988 2337 3246 2403 subditae,
3294 2338 3349 2393 id
3386 2347 3493 2404 est,
3527 2336 3775 2394 humiliter

2203 2428 2577 2485 auscultantes
2621 2432 2987 2502 prophetiam,
3016 2448 3138 2503 quae
3170 2433 3449 2491 Christum
3478 2434 3771 2491 annuntiat:

2206 2535 2302 2590 per
2333 2522 2494 2577 lidcm
2524 2537 2702 2593 suam,
2736 2524 2914 2580 lucem
2950 2525 3141 2581 vident
3169 2542 3445 2598 magnam.

2277 2614 2407 2679 Quis
2450 2614 2663 2669 deducet
2710 2632 2789 2671 nte
2831 2618 2885 2671 in
2914 2617 3174 2673 civitatem
3215 2618 3515 2673 munitam?
3555 2618 3773 2674 Christus

2204 2703 2466 2762 Dominus
2492 2708 2584 2777 qui
2613 2708 2812 2763 avertit
2843 2709 3182 2781 impietatem
3214 2710 3283 2765 ab
3305 2709 3479 2766 Jacoh
3503 2727 3518 2764 :
3550 2710 3662 2782 ipse
3688 2708 3769 2765 de-

2201 2797 2365 2854 ducet
2396 2815 2495 2856 nos
2522 2799 2574 2856 in
2611 2803 2885 2859 civitatem
2915 2803 3221 2861 Jerusalem
3247 2824 3260 2860 :
3294 2806 3350 2860 in
3379 2821 3483 2877 qua
3512 2807 3679 2861 sancti
3700 2804 3771 2861 di-

2201 2891 2379 2947 vinam
2402 2893 2760 2951 circumstant
2787 2897 3151 2968 majestatem.
3182 2898 3303 2966 Vel,
3326 2899 3381 2953 in
3407 2900 3655 2955 ciuitatem
3673 2916 3768 2953 mu-

2200 2983 2404 3040 uitam:
2435 2986 2538 3042 hoc
2566 3000 2672 3053 est,
2714 2989 2768 3044 in
2809 2991 3110 3046 Ecclesium
3139 3010 3152 3045 :
3184 3007 3306 3063 qua:
3345 2993 3549 3048 munita
3574 3004 3658 3049 est
3693 3006 3771 3064 per

2202 3080 2387 3136 Iidem.
2420 3084 2522 3137 Aut
2551 3083 2664 3154 quis
2694 3084 2913 3139 deducet
2940 3102 3021 3139 nte
3067 3104 3230 3158 usque
3254 3088 3307 3141 in
3342 3086 3669 3143 Iduma'am?
3692 3086 3771 3141 Ille

493 3179 706 3236 venerit
736 3180 997 3238 Dominus
1018 3180 1072 3236 in
1098 3179 1284 3237 laetitia
1308 3178 1616 3250 splendoris
1639 3174 1830 3233 atterni
1852 3174 2097 3245 judicare
2123 3162 2171 3230 C
2201 3178 2291 3250 qui
2319 3193 2380 3235 se
2417 3182 2673 3251 superius
2715 3181 3072 3238 calciamenta
3120 3183 3416 3241 extendere
3462 3181 3768 3255 repromisit,

494 3272 781 3338 mundum,
810 3272 1015 3328 dividet
1045 3272 1347 3329 Samariam
1373 3289 1388 3325 ι
1415 3286 1479 3326 ac
1505 3270 1810 3326 convallem
1841 3268 2094 3325 taberna-

488 3364 741 3420 culorum
769 3362 1109 3420 dimetietur.
1138 3363 1292 3419 Tunc
1316 3362 1481 3418 aliam
1511 3370 1718 3434 partem
1756 3359 1822 3415 ad
1852 3359 2091 3415 beatitu-

490 3456 678 3512 dinem
713 3455 1043 3512 transferet:
1072 3455 1234 3511 aliam
1266 3471 1399 3512 vero
1433 3470 1597 3526 quam
1641 3453 1891 3525 injustam
1936 3465 2091 3521 repe-

488 3546 614 3614 riet,
646 3563 769 3603 cum
795 3547 1100 3605 inﬁdelibus
1129 3549 1334 3619 puniet.

564 3640 717 3696 Meus
742 3651 813 3697 est
835 3641 1065 3709 Galaad,
1090 3651 1138 3697 et
1162 3657 1307 3701 meus
1334 3651 1411 3717 est
1440 3639 1734 3710 Monaeses,
1758 3651 1804 3694 et
1837 3638 2090 3713 Ephraim

487 3736 741 3805 fortitudo
763 3736 950 3807 capitis
972 3737 1092 3790 mei.
1118 3737 1174 3792 ln
1201 3734 1404 3793 Galaad
1429 3748 1591 3807 atque
1618 3735 1887 3802 Manasse,
1918 3744 2086 3792 totum

485 3825 590 3882 sibi
630 3828 935 3900 subjectum
984 3829 1184 3885 indicat
1215 3828 1499 3884 mundum.
1544 3827 1602 3883 ln
1654 3827 1912 3899 Ephraim
1956 3843 2087 3883 vero

482 3921 668 3993 populi
702 3919 867 3978 futuri
893 3941 905 3977 :
940 3921 993 3978 id
1017 3931 1121 3991 est,
1150 3921 1407 3979 Ecclesia:
1426 3921 1819 3993 congreganda:
1848 3922 2081 3992 speciem

479 4014 701 4085 signat:
733 4024 953 4087 propter
981 4015 1413 4075 benedictionem
1456 4015 1644 4081 Jacob,
1678 4030 1838 4086 quam
1867 4016 1920 4070 in
1959 4030 2081 4071 eum

480 4105 689 4163 effudit.
722 4108 1117 4165 Fortitudinem
1159 4118 1364 4175 autem,
1398 4110 1568 4181 ipsam
1602 4108 1898 4164 Ecclesium
1927 4106 2079 4176 dicit,

479 4200 634 4272 cujus
681 4200 855 4259 factus
892 4213 976 4259 est
1017 4213 1199 4275 caput.
1244 4202 1392 4258 Meus
1437 4215 1510 4259 est
1549 4203 1778 4270 Galaad,
1828 4219 1968 4256 meus
2007 4210 2081 4256 est

481 4293 779 4352 narrasses.
820 4295 1090 4354 Uuiversa
1121 4296 1239 4354 lucc
1267 4297 1336 4353 de
1377 4297 1619 4368 gentium
1668 4296 1952 4352 vocatione
1991 4295 2078 4349 di-

478 4397 709 4443 cuntur:
732 4404 961 4460 quarum
984 4391 1218 4448 diversa:
1233 4392 1479 4457 virtutes,
1498 4392 1601 4447 sub
1620 4390 1954 4461 singulorum
1979 4403 2078 4444 no-

478 4480 685 4536 minum
726 4482 1177 4554 interpretatione
1204 4485 1505 4542 referenda:
1531 4494 1711 4541 erunt.

2199 3273 2316 3343 ipse
2352 3274 2518 3330 etiam
2560 3278 2922 3346 prolihetiam,
2956 3277 3010 3332 id
3049 3288 3155 3349 est,
3189 3279 3635 3351 praedicationem
3663 3292 3767 3350 pro.

2195 3367 2471 3437 pheticam
2500 3369 2661 3441 dirigi
2683 3371 2839 3439 jubet
2871 3372 2923 3427 in
2952 3388 3100 3433 eam.

2269 3458 2464 3517 Nonne
2505 3472 2583 3528 tu,
2626 3461 2789 3530 Deus,
2824 3465 2912 3533 qui
2949 3465 3197 3537 rcpulisti
3236 3467 3371 3521 nos?
3418 3465 3487 3523 Ut
3525 3465 3766 3539 probatos

2194 3565 2543 3623 agnosceres.
2586 3554 2864 3625 Itepulisti,
2912 3566 3132 3629 propter
3174 3558 3657 3629 transgressionem
3685 3570 3767 3611 no-

2192 3652 2382 3711 stram,
2411 3647 2494 3701 vel
2523 3659 2802 3718 peccatum
2834 3648 2966 3703 Adm
2992 3667 3005 3703 z
3040 3649 3145 3706 hoc
3171 3660 3280 3719 est,
3311 3652 3587 3707 destruxit
3614 3648 3762 3705 idolo-

2189 3732 2428 3805 latriatn,
2460 3739 2540 3794 vel
2575 3749 2762 3795 nostra
2796 3738 2928 3795 vitia
2967 3748 3020 3794 et
3059 3752 3303 3812 peccata.
3334 3739 3402 3795 Et
3431 3758 3534 3797 non
3562 3738 3765 3812 egredie-

2191 3828 2285 3896 ris,
2317 3827 2476 3899 Deus,
2517 3831 2570 3885 in
2601 3830 2872 3887 virtutibus
2912 3833 3122 3887 nostris.
3155 3832 3294 3902 Quia
3323 3834 3564 3906 peccatis
3590 3828 3765 3889 intirmi

2189 3934 2403 3977 sumus.

2260 4011 2347 4067 Da
2368 4015 2514 4069 nobis
2542 4016 2802 4071 auxilium
2835 4016 2899 4072 de
2930 4016 3265 4072 tribulatione
3287 4034 3306 4072 :
3332 4018 3454 4084 quia
3491 4033 3619 4072 rana
3638 4016 3761 4071 salus

2185 4107 2433 4165 hominis.
2471 4109 2711 4167 Audiant
2748 4111 2865 4167 haec
2892 4112 2985 4184 qui
3017 4126 3145 4182 spes
3171 4125 3300 4167 suas
3328 4112 3382 4165 in
3415 4109 3761 4185 potentatihus

2186 4202 2490 4273 hominum,
2519 4202 2606 4258 vel
2653 4203 2709 4259 in
2752 4213 3095 4260 terrenarum
3133 4203 3446 4260 divitiarum
3476 4203 3761 4275 splendori-

2184 4294 2285 4350 bus
2324 4305 2566 4366 ponunt:
2596 4296 2719 4365 quia
2761 4311 2898 4352 vana
2934 4305 3019 4353 est
3051 4295 3199 4352 salus
3236 4296 3496 4363 hominis,
3543 4302 3598 4352 et
3637 4296 3761 4351 Deus

2180 4387 2335 4444 solus
2380 4396 2748 4463 opportunum
2800 4387 3247 4446 tribulationibus
3297 4390 3504 4446 nostris
3559 4394 3757 4460 przestat

2183 4480 2467 4535 auxilium.

549 4571 699 4631 Juda
725 4589 817 4631 rea:
846 4592 1006 4633 meus.
1032 4577 1172 4646 Quia
1201 4593 1268 4637 ex
1300 4578 1445 4637 tribu
1467 4577 1603 4635 Juda
1629 4584 1782 4633 ortus
1805 4583 1891 4632 est
1913 4573 2073 4631 Cbri-
2097 4556 2155 4625 Β
2250 4571 2319 4627 In
2346 4571 2456 4628 Deo
2487 4573 2731 4644 faciemus
2763 4574 3027 4640 virtutem,
3052 4584 3099 4629 et
3123 4575 3235 4644 ipse
3260 4575 3331 4629 ad
3360 4574 3584 4631 nihilum
3613 4573 3758 4627 dedit-

474 4675 613 4722 stus.
642 4666 778 4734 Quia
806 4682 916 4725 non
944 4668 1159 4728 deﬁciet
1202 4670 1458 4745 princeps
1500 4671 1572 4727 de
1597 4671 1766 4742 stirpe
1792 4668 1910 4741 ejus
1936 4686 1948 4722 :
1976 4667 2074 4723 do-

477 4775 581 4817 nec
591 4762 771 4821 veniat
788 4760 1066 4830 Dominus,
1084 4773 1142 4820 ut
1158 4764 1297 4821 dixit
1315 4765 1483 4823 lacob
1499 4784 1511 4821 :
1530 4764 1691 4835 Juda,
1708 4774 1759 4820 te
1778 4762 2073 4819 laudabunt

470 4850 674 4909 fratres
724 4854 800 4909 tui
845 4871 860 4909 :
909 4869 1102 4913 manus
1147 4866 1252 4913 tua:
1297 4857 1352 4913 in
1389 4856 1691 4914 cervicibus
1727 4855 2068 4912 inimicorum

473 4953 713 5004 tuorum.
748 4948 829 5004 Tu
876 4948 1249 5009 dominaberis
1295 4964 1463 5022 super
1512 4950 1706 5006 fratres
1750 4959 1870 5004 tuos
1909 4945 2065 5019 (Gen.

471 5041 661 5114 xtvn):
708 5039 959 5101 Christus
993 5042 1316 5114 intelligitur
1361 5057 1459 5115 per
1500 5042 1720 5108 ludam,
1773 5050 1832 5098 ut
1880 5040 2012 5096 illud
2049 5056 2062 5097 :

473 5131 613 5189 Vicit
656 5135 743 5190 leo
784 5134 853 5191 de
884 5134 1027 5190 tribu
1055 5134 1190 5191 .luda
1224 5134 1411 5206 (Apoc.
1440 5149 1492 5206 v,
1524 5134 1601 5206 5).
1634 5132 1792 5189 Moab
1824 5131 1933 5187 olla
1958 5132 2067 5204 spei

470 5244 617 5285 mete.
648 5229 809 5291 Moab
838 5230 890 5285 in
919 5228 1118 5287 Genesi
1152 5228 1555 5287 tnalettictlonis
1585 5228 1826 5298 suscepit
1864 5241 2069 5301 oppro-

450 5308 650 5385 lbrium
676 5322 829 5395 (Gen.
863 5323 1013 5397 xxx):
1047 5326 1137 5396 qui
1183 5333 1308 5396 post
1332 5323 1521 5383 decem
1551 5321 1932 5399 generationes
1970 5336 2062 5376 re-

466 5416 670 5487 cipitur
698 5418 753 5476 in
782 5419 1023 5479 Ecclesia
1059 5420 1150 5479 Dei
1184 5417 1366 5492 (Deut.
1399 5418 1573 5492 xxttt).
1606 5419 1838 5491 ideoque
1872 5430 1927 5481 et
1957 5422 2062 5478 olla

465 5512 609 5584 spei,
649 5513 804 5583 quasi
852 5522 975 5584 post
1010 5514 1428 5575 conversionem
1478 5530 1642 5573 urens
1682 5517 2060 5578 crudelitatem

464 5604 701 5674 peccati.
718 5604 858 5675 Spes
886 5609 1031 5664 enim
1065 5608 1161 5665 Dei
1203 5608 1275 5666 de
1314 5610 1693 5682 peccatoribus
1721 5611 1841 5671 hate
1867 5620 1972 5680 est,
2006 5622 2062 5669 ut

467 5697 713 5761 decoctis
744 5706 1002 5771 peccatis,
1036 5713 1425 5769 convertantur
1453 5716 1510 5767 et
1536 5707 1742 5765 vivant.
1775 5706 1906 5766 lude
1933 5707 2064 5769 dicit

468 5789 738 5855 πατρωίη
764 5794 1069 5864 propheta:
1099 5794 1219 5852 Vidi
1247 5797 1411 5861 ollam
1441 5812 1789 5869 succensum,
1812 5809 1867 5857 et
1895 5799 2061 5857 facies

2178 4676 2254 4721 cet
2280 4666 2581 4723 tribulantes
2611 4684 2724 4722 nos.
2758 4668 2813 4723 In
2866 4667 2985 4739 ipso
3010 4668 3080 4723 sit
3109 4669 3280 4724 virtus
3312 4677 3539 4727 nostra:
3570 4668 3624 4727 in
3656 4668 3757 4736 ipso

2177 4760 2355 4815 omnis
2385 4759 2587 4833 gloria,
2619 4773 2674 4815 et
2704 4760 2822 4831 ipse
2851 4760 2916 4816 ad
2950 4760 3178 4817 nihilum
3221 4760 3433 4839 rediget
3480 4770 3589 4817 tarn
3619 4758 3752 4825 vitia,

2177 4868 2297 4926 quae.
2325 4868 2429 4909 nos
2463 4853 2745 4920 tribulant,
2780 4869 2941 4925 quam
2986 4852 3261 4923 inimicos,
3307 4855 3401 4927 qui
3449 4868 3552 4911 nos
3599 4854 3755 4924 impu-

2175 4955 2344 5019 gnant
2369 4956 2423 5005 et
2452 4962 2484 5002 a
2510 4962 2606 5019 spe
2636 4947 2957 5003 aeternitatis
2985 4960 3246 5004 revocare
3273 4955 3564 5011 conantur.

2726 5082 3049 5142 PSALMUS
3085 5083 3201 5141 LX.

2170 5197 2239 5253 In
2262 5199 2439 5268 liuent,
2465 5199 2517 5251 in
2539 5196 2766 5269 hymnis,
2799 5196 3047 5269 Psalmus
3074 5195 3264 5253 Dauid.
3302 5194 3504 5254 Vocem
3525 5197 3751 5252 continet

2240 5270 2565 5342 gratulantis
2580 5268 2868 5342 prophetae
2889 5268 2961 5326 de
2984 5270 3313 5325 mteruitatis
3338 5270 3690 5325 beatitudine.

2240 5428 2474 5498 Exaudi,
2518 5428 2684 5497 Deus,
2730 5429 3145 5501 deprecationem
3174 5446 3363 5493 nteant,
3410 5429 3748 5495 Fiducia“th

2167 5538 2230 5581 se
2271 5522 2446 5579 audiri
2495 5522 2753 5593 postulat.
2804 5524 2929 5594 quia
2978 5522 3082 5579 scit
3127 5538 3189 5581 se
3230 5534 3502 5583 sanctum.
3546 5523 3747 5581 Intende

2170 5617 2395 5675 orationi
2422 5632 2574 5673 utea.
2616 5618 2692 5671 Ac
2721 5615 2768 5670 si
2795 5614 3045 5672 diceret:
3086 5615 3223 5671 Vide
3250 5631 3372 5673 eam
3402 5618 3448 5681 si
3480 5618 3625 5687 juSta
3669 5614 3745 5672 vel

2171 5724 2307 5781 pura
2329 5709 2420 5779 sit,
2453 5707 2545 5771 ubi
2577 5716 2632 5765 tu
2660 5708 2813 5765 solus
2842 5708 3000 5765 audis
3029 5717 3085 5766 et
3112 5709 3271 5767 vides
3300 5711 3357 5769 in
3385 5712 3597 5768 corde:
3619 5712 3743 5767 sicut

2170 5801 2238 5860 ad
2251 5800 2473 5874 Moysen
2490 5799 2695 5858 dictum
2708 5809 2821 5860 est:
2837 5800 2980 5873 Quid
2991 5801 3194 5861 clamas
3205 5802 3273 5860 ad
3291 5818 3377 5861 me
3394 5801 3593 5877 (Exod.
3610 5801 3745 5877 xxv)!
