3954 6340
206 266 299 325 991

1106 255 1543 317 nnevrsatust
1582 254 1649 312 IN
1687 250 2031 313 pannos.
2070 220 2326 313 nsunt.
2368 248 2507 314 ωιι.

3360 247 3467 317 998

204 380 444 452 Numquid
471 391 601 436 voce
623 376 874 436 clamoris
898 376 1071 435 dicit?
1100 378 1219 434 Non
1244 394 1259 435 :
1289 377 1386 434 sed
1418 392 1553 433 voec
1579 378 1758 435 cordis
1785 370 1839 435 Α
1864 369 2011 424 illam
2044 369 2456 439 generationem
2496 364 2665 425 ίιιιυῐί
2692 363 2908 435 iudicii,
2948 361 3017 419 de
3050 375 3156 434 qua
3204 362 3467 421 Dominus

202 479 397 534 clamat.

259 569 297 623 A
316 565 498 638 ﬁnibus
525 574 672 619 terra
707 562 777 618 ad
807 572 854 618 te
879 562 1099 618 clamavi
1125 578 1142 617 :
1165 563 1287 618 dum
1329 564 1633 618 aitaiaretur
1670 576 1760 617 cor

200 676 366 715 meum.
389 657 502 713 Non
525 657 591 712 de
619 656 880 711 extremis
910 667 1068 712 terrm
1093 657 1361 725 terminis,
1390 657 1483 711 sed
1507 655 1575 711 de
1598 654 1759 725 hujus

198 751 417 823 corporis
443 748 747 804 habitacula
773 749 916 821 quod
948 748 1265 819 superindui
1296 750 1466 818 cupit,
1500 757 1555 804 et
1582 764 1646 803 ex
1679 749 1759 801 in-

199 847 297 902 timi
318 844 490 900 cordis
511 843 706 900 dolore
727 844 1001 912 clamavit,
1026 852 1085 899 ut
1109 844 1465 901 absorbeatur
1491 844 1594 898 hoc
1614 842 1761 916 quod

194 940 399 998 mortale
424 947 507 995 est
530 952 561 994 a
590 938 718 993 vita.
754 939 797 993 Α
825 939 1057 1008 ﬁnibus:
1087 938 1139 993 id
1174 947 1277 1005 est,
1305 954 1334 993 a
1372 946 1609 1010 quatuor
1636 953 1760 1008 par-

196 1034 317 1090 tibus
358 1031 537 1087 mundi
567 1050 578 1084 :
610 1032 765 1104 quasi
814 1049 952 1087 unus
1002 1031 1167 1087 homo
1212 1032 1429 1088 clamet.
1476 1034 1574 1088 Vel
1621 1047 1760 1088 unus

192 1127 353 1193 homo,
396 1133 480 1183 eet
524 1141 629 1182 una
680 1123 950 1182 Ecclesia.
998 1126 1227 1197 Pmpter
1266 1127 1530 1182 unitatem
1561 1125 1765 1182 dicitur

191 1237 299 1278 una.
346 1220 497 1278 Unde
526 1230 579 1277 ct
612 1222 665 1275 in
712 1221 941 1277 Cantico
987 1222 1323 1276 canticorum
1366 1221 1607 1277 dicitur:
1643 1221 1758 1277 Una

190 1324 259 1371 est
295 1314 533 1371 columba
565 1328 682 1369 mea
718 1312 894 1388 (Cant.
928 1311 1027 1386 vr),
1057 1313 1111 1369 id
1146 1320 1250 1382 est,
1281 1313 1529 1369 Ecclesia
1562 1314 1617 1369 in
1646 1320 1760 1368 toto

190 1408 366 1466 mundo
415 1407 629 1463 diffusa.
689 1407 825 1462 Dum
874 1408 1178 1463 anxiaretur
1214 1423 1234 1463 :
1278 1407 1331 1462 id
1379 1416 1483 1473 est,
1540 1415 1761 1476 propter

191 1501 652 1572 transgressionem
704 1500 954 1555 aliorum.
1007 1499 1103 1554 Vel
1154 1500 1319 1554 linem
1366 1514 1591 1553 meum:
1629 1500 1756 1553 dum

188 1592 335 1649 nescit
362 1591 523 1646 homo
545 1592 754 1646 exitum
784 1605 960 1647 suum.
989 1589 1054 1645 In
1085 1600 1230 1662 petra
1257 1590 1500 1645 eaaltasti
1524 1606 1603 1643 me
1624 1606 1643 1644 :
1668 1589 1759 1644 de-

189 1686 358 1741 duxisti
376 1701 454 1740 me
474 1686 597 1755 quia
625 1686 792 1757 factus
808 1702 861 1741 es
889 1702 1004 1756 spes
1033 1701 1169 1739 mea.
1199 1684 1254 1739 In
1277 1683 1497 1740 Christo
1524 1698 1585 1741 se
1609 1684 1758 1740 exal-

1861 461 1978 517 ait:
2011 460 2121 519 Vos
2158 461 2252 531 qui
2296 462 2475 518 secuti
2509 461 2645 517 estis
2677 475 2762 514 me
2794 457 2846 513 in
2878 457 3313 529 regeneratioue,
3342 473 3467 514 cum

1860 556 2071 613 sederit
2097 556 2267 612 Filius
2291 555 2531 621 hominis
2564 555 2618 611 in
2649 555 2777 613 sede
2813 554 3120 624 majestatis
3148 569 3282 620 sure,
3310 553 3467 611 sedc-

1863 650 1988 705 bitis
2016 657 2074 706 et
2107 664 2205 704 vos
2237 664 2405 719 super
2447 648 2606 705 sedes
2649 647 2962 714 duodecim,
2988 646 3298 717 iudicantes
3332 646 3472 701 duo-

1862 740 2036 797 decim
2070 741 2245 798 tribus
2267 740 2436 797 Israel
2472 740 2656 814 (Matt.
2687 738 2828 811 ιιι).
2858 739 3002 811 Ergo
3030 739 3359 809 adjicientur
3386 737 3469 799 in-

1862 843 1945 891 ter
1993 835 2123 890 istas
2168 834 2552 905 generationes
2588 833 2735 905 regis
2763 832 2951 903 hujus,
2994 841 3049 888 et
3085 831 3202 888 dies
3231 839 3288 887 et
3315 831 3467 898 anni,

1861 942 1985 982 cum
2034 927 2383 998 congregatis
2433 927 2647 992 electis,
2697 925 3180 996 supplantatisque
3230 923 3469 985 inimicis

1860 1018 1964 1073 sub
2011 1018 2249 1089 pedibus
2294 1017 2624 1074 tradiderit:
2663 1018 2911 1088 Regnum
2957 1017 3071 1073 Deo
3118 1016 3285 1085 Patri,
3334 1017 3467 1089 ipsis

1862 1110 2029 1165 simul
2055 1112 2405 1179 congregatis
2432 1111 2662 1175 sanctis,
2686 1113 2826 1166 sicut
2855 1109 3101 1181 sequitur
3126 1125 3140 1166 :

1938 1200 2216 1259 Permanet
2262 1203 2316 1257 in
2358 1211 2606 1257 tetanum
2649 1203 2703 1257 in
2744 1210 3024 1275 conspectu
3065 1199 3185 1259 Dei.
3228 1199 3466 1259 Manebit

1861 1293 2005 1349 enim
2038 1302 2277 1349 aeternus
2318 1292 2374 1349 in
2411 1292 2519 1359 bis,
2552 1307 2690 1364 quos
2720 1292 2944 1351 tradidit
2978 1293 3090 1350 Dco
3119 1293 3264 1349 Patri
3291 1292 3342 1349 in
3376 1308 3462 1351 re-

1858 1402 2028 1460 gnum
2050 1388 2344 1456 ctelorurn,
2373 1396 2432 1443 et
2460 1385 2588 1443 fecit
2611 1387 2954 1452 coliteredes,
2981 1396 3035 1446 et
3064 1384 3375 1443 conlormes
3400 1401 3463 1441 ac

1861 1479 2155 1551 participes
2191 1481 2321 1547 sibi,
2367 1480 2518 1536 nullo
2573 1481 2687 1549 jam
2741 1480 2795 1535 in
2829 1480 2917 1537 his
2970 1479 3162 1537 mortis
3222 1478 3466 1539 dominio

1857 1573 2198 1629 dominante.
2262 1572 2330 1628 In
2380 1584 2659 1645 conspectu
2710 1571 2805 1630 Dei
2854 1590 2872 1628 :
2925 1573 2979 1628 id
3030 1583 3136 1640 est,
3195 1573 3282 1633 ubi
3356 1589 3462 1629 non

1860 1667 1964 1721 erit
1988 1664 2348 1721 mutabilitas.
2382 1664 2798 1721 Misericordiam
2834 1673 2883 1719 et
2920 1666 3185 1723 ueritatem
3211 1666 3324 1737 ejus
3351 1665 3466 1732 quis

188 1788 333 1835 totum
359 1778 510 1843 dicit,
548 1779 645 1851 qui
673 1777 974 1835 secundum
1009 1778 1351 1849 Apostolum,
1383 1787 1439 1834 et
1467 1787 1618 1847 petra
1644 1785 1755 1832 sta-
1789 1757 1840 1827 Β
1866 1760 2131 1827 "quin"
2154 1759 2525 1851 Μίεθνίοονιητι
2551 1768 2672 1816 8⁵⁸³
2704 1761 2827 1829 qui"
2863 1758 3104 1830 indulget
3132 1771 3317 1817 “05m
3342 1774 3460 1829 Ρθε·

186 1875 310 1941 bilis,
340 1884 390 1931 et
414 1875 756 1932 credentium
788 1891 911 1945 spes
944 1876 1274 1929 nominatur.
1311 1872 1376 1927 In
1420 1882 1565 1943 petra
1610 1871 1757 1926 exal-

187 1971 287 2023 tastt'
307 1985 380 2023 me
398 1968 534 2024 :h‘oc
561 1976 668 2037 est,
695 1968 751 2023 in
775 1967 1088 2038 temetipso,
1116 1975 1172 2020 ιιι
1200 1966 1330 2020 illud
1359 1982 1373 2023 :
1401 1966 1553 2021 Petra
1578 1973 1757 2019 autem

189 2061 615 2133 crathristus(I
646 2062 765 2118 Cor.
803 2065 882 2130 ι).
910 2062 1109 2117 Petrus
1135 2062 1201 2116 dc
1240 2070 1416 2131 petra.
1461 2059 1615 2116 Unde
1656 2059 1759 2112 Do-

188 2155 341 2210 minus
383 2154 555 2209 disit:
592 2155 674 2210 Tu
724 2169 784 2211 es
825 2153 1044 2221 Petrus,
1078 2160 1134 2208 et
1161 2168 1328 2223 super
1366 2152 1505 2207 hanc
1547 2159 1755 2222 petram

185 2246 437 2302 ediﬁcabo
482 2247 783 2304 Ecclesium
835 2261 1015 2301 meam
1065 2242 1242 2318 (Matt.
1293 2243 1436 2314 xw);
1483 2254 1538 2298 et
1578 2243 1755 2299 alibi:

185 2338 434 2395 Venerunt
457 2340 705 2405 (Iuntina,
738 2346 795 2395 et
820 2338 1088 2394 [laverunt
1120 2339 1291 2405 venti,
1318 2348 1369 2392 et
1401 2338 1678 2391 irruerunt
1704 2337 1757 2391 in

187 2432 378 2488 domum
403 2434 577 2501 illam,
607 2442 663 2490 et
695 2449 801 2489 n0n
829 2432 1058 2497 cecidit;
1094 2431 1312 2493 fundata
1346 2432 1490 2487 enim
1520 2442 1639 2488 erat
1670 2448 1760 2487 su-

186 2542 267 2596 pra
308 2525 511 2582 ﬁrmam
558 2537 772 2599 petram
826 2526 1004 2594 (Matt.
1041 2527 1158 2597 vn),
1195 2542 1314 2597 qua:
1353 2534 1436 2580 est
1484 2523 1754 2579 Christus.

186 2616 431 2673 Deduxiin
459 2635 539 2673 me
564 2635 584 2674 :
619 2619 671 2674 id
709 2628 815 2685 est,
849 2618 900 2673 in
936 2618 1224 2689 temetipso
1249 2636 1265 2674 :
1295 2618 1423 2689 quia
1466 2626 1520 2672 tu
1562 2631 1622 2672 es
1649 2615 1757 2671 dux

185 2725 337 2779 tuens,
368 2721 423 2766 tu
468 2727 527 2767 es
568 2712 751 2767 viator
789 2726 961 2767 ruens.
999 2710 1136 2778 Quia
1179 2713 1347 2781 factus
1385 2727 1437 2765 es
1476 2726 1593 2780 spes
1622 2725 1754 2763 mea.

186 2799 282 2856 Vox
326 2802 586 2859 Ecclesia:
629 2802 697 2858 ad
734 2802 1040 2861 Christum.
1072 2802 1153 2859 Ac
1183 2803 1226 2857 si
1268 2801 1413 2857 dicat
1439 2820 1451 2855 :
1477 2801 1759 2869 Quomodo

184 2902 229 2950 tu
251 2897 585 2952 resurrexisti
614 2896 960 2963 immortalis,
985 2904 1040 2951 et
1063 2912 1160 2951 nos
1184 2897 1265 2952 sic
1285 2896 1557 2953 credimus
1577 2911 1759 2953 resur-

1861 1861 2006 1907 cata.
2042 1850 2285 1919 Veritas,
2319 1861 2375 1906 ut
2415 1852 2648 1919 amplius
2679 1866 2789 1905 non
2832 1865 3143 1921 peccemus,
3176 1861 3234 1907 ut
3269 1867 3460 1920 pecca-

1863 1952 1976 1998 tum
2012 1957 2177 2014 super
2205 1952 2486 2012 peccatutn
2526 1960 2635 2000 non
2677 1944 3017 2003 inducamus.
3054 1943 3206 2013 Quia,
3242 1953 3463 2013 promer

1860 2035 1991 2106 quid
2040 2034 2130 2091 hic
2174 2034 2342 2091 dicit?
2391 2035 2524 2102 Quia
2571 2038 2727 2105 pauci
2775 2045 2905 2094 sunt
2948 2039 3039 2105 qui
3083 2034 3285 2106 aliquid
3338 2036 3466 2093 boni

1862 2129 2122 2197 habeant,
2150 2137 2207 2183 ct
2238 2128 2408 2184 Deum
2441 2129 2746 2199 requirant,
2780 2129 2875 2185 sed
2908 2131 3035 2199 plus
3062 2130 3253 2185 dicunt
3273 2144 3464 2187 eorum

1861 2222 2064 2276 virtute
2090 2220 2169 2275 vel
2201 2220 2319 2278 suis
2340 2219 2575 2287 viribus,
2604 2235 2765 2290 quam
2791 2220 2883 2275 Dei
2914 2220 3141 2277 (ιοιιιιω.
3162 2220 3465 2281 Misericor-

1861 2313 2003 2367 diatn
2032 2320 2079 2367 et
2109 2312 2371 2368 veritatem
2399 2313 2513 2380 quis
2542 2312 2767 2381 requiret
2794 2311 2945 2384 ejus?
2969 2310 3087 2373 Non
3126 2310 3247 2380 ejus
3284 2310 3465 2382 requi.

1862 2409 2000 2464 ritur
2026 2407 2411 2464 misericordia
2438 2421 2504 2465 ac
2528 2407 2730 2463 veritas
2767 2406 2835 2461 ab
2871 2405 2973 2472 eis,
3005 2406 3099 2476 qui
3139 2406 3193 2461 in
3232 2406 3468 2475 plenitu-

1861 2501 1990 2557 dine
2026 2498 2124 2557 Dei
2147 2501 2492 2558 consistunt:
2524 2499 2632 2557 Sed
2672 2515 2772 2559 nec
2819 2500 2906 2557 his
2949 2499 3242 2570 quidquam
3285 2499 3460 2566 deest,

1858 2592 2011 2663 juxta
2041 2592 2173 2648 illud
2204 2594 2486 2651 oraculum
2516 2592 2820 2649 Salvatoris
2849 2610 2861 2645 :
2890 2591 2947 2647 lu
2974 2593 3063 2649 die
3093 2592 3184 2649 illa
3215 2592 3346 2647 nihil
3376 2608 3465 2647 rn-

1859 2686 2057 2757 gabitis
2085 2685 2303 2743 Patrem
2339 2685 2522 2758 (Joan.
2551 2687 2688 2757 ινι).
2718 2686 2775 2745 In
2815 2686 2916 2744 hac
2950 2700 3083 2757 ergo
3123 2686 3467 2759 plenitudine

1861 2779 2125 2849 propheta
2147 2793 2301 2849 spem
2335 2793 2561 2850 potiens,
2590 2779 2827 2849 subjecit
2854 2798 2868 2839 :

1932 2872 2023 2928 Sic
2051 2872 2273 2943 psallam
2302 2873 2498 2927 nomini
2522 2882 2634 2939 tuo,
2659 2872 2823 2936 Deus,
2850 2874 2905 2928 in
2951 2872 3203 2931 saeculum
3253 2875 3455 2929 statuti.

183 3002 307 3055 gere.
339 2987 517 3044 Turris
560 2987 890 3060 fortitudinis
936 3004 969 3045 a
1005 2990 1139 3057 facie
1177 2989 1399 3042 inimici.
1447 2987 1575 3043 Haec
1613 2989 1758 3045 enim

1871 2964 1979 3023 Vox
2008 2965 2283 3023 Eeclesim.
2316 2964 2575 3033 Psallam,
2624 2966 2959 3037 praedicabo,
3008 2975 3063 3022 et
3107 2980 3272 3038 opere
3312 2982 3460 3022 coni-

183 3095 307 3149 spes,
350 3057 611 3138 Christus
661 3082 947 3147 Dominus,
998 3081 1164 3136 turris
1209 3079 1362 3135 nobis
1406 3080 1580 3135 factus
1616 3088 1699 3135 cst
1727 3096 1755 3132 ιι

1871 3058 2042 3129 plebo.
2073 3057 2145 3114 Ut
2168 3058 2384 3115 reddam
2404 3067 2519 3117 vota
2548 3075 2662 3115 mea
2690 3059 2754 3113 de
2774 3059 2857 3114 die
2882 3059 2935 3114 in
2958 3060 3117 3117 diem.
3147 3057 3215 3117 Ut
3242 3059 3465 3115 reddant

183 3170 303 3230 lacic
349 3174 573 3243 diaboli,
624 3175 709 3232 vel
744 3175 1102 3245 uequitiarum
1135 3174 1272 3244 ejus,
1304 3185 1360 3229 ut
1394 3188 1493 3229 nos
1532 3173 1599 3228 ab
1639 3174 1756 3244 ejus

1871 3163 1981 3210 tota
2015 3168 2165 3209 mea:
2204 3153 2257 3208 id
2291 3163 2395 3215 est.
2423 3151 2685 3224 quidquid
2716 3151 3106 3223 spopondimus
3136 3152 3247 3208 Deo
3277 3160 3463 3208 custo-

183 3265 369 3322 insidiis
419 3268 636 3323 muniat
687 3281 753 3322 ac
797 3244 1078 3323 defendat.
1136 3265 1244 3323 Sed
1292 3274 1349 3321 et
1406 3265 1552 3323 Dens
1598 3267 1757 3320 Pater

1871 3244 1979 3302 dire
2006 3264 2019 3299 :
2054 3245 2133 3303 De
2153 3244 2237 3303 die
2264 3246 2319 3303 in
2345 3246 2523 3301 diem:
2551 3246 2655 3300 hoc
2679 3254 2786 3310 est,
2819 3255 2874 3300 et
2907 3245 2996 3300 hic
3021 3253 3075 3303 te
3101 3259 3318 3316 semper
3346 3246 3464 3300 tau-

182 3356 335 3415 t‘aetns
362 3369 447 3415 est
476 3360 641 3415 nobis
678 3360 843 3414 turris
872 3357 1213 3414 fortitudinis
1238 3377 1249 3412 :
1279 3359 1530 3414 exultans
1566 3374 1666 3413 nos
1704 3360 1755 3413 in

1871 3341 2022 3407 dare,
2051 3347 2107 3395 et
2135 3339 2187 3397 in
2220 3338 2405 3396 futuro
2446 3339 2564 3393 sine
2594 3337 2723 3394 line.
2758 3335 2962 3392 Psallet
2997 3336 3217 3395 assidue
3242 3347 3296 3393 et
3342 3346 3466 3394 rota

183 3460 337 3522 petra,
370 3453 420 3508 id
460 3462 567 3521 est,
621 3454 675 3508 ίη
721 3452 938 3508 Christ“
977 3467 1097 3507 suo.
1147 3451 1253 3519 νιιη¹
1300 3452 1540 3523 Christe,
1592 3452 1759 3511 umis
1854 3431 2060 3503 jugitcr
2082 3430 2299 3497 reddet,
2318 3445 2440 3489 cum
2462 3428 2743 3499 corruptio
2771 3428 3018 3499 corporis
3042 3428 3201 3501 hujus
3227 3429 3464 3489 induerit

183 3541 514 3614 fortitudinis,
541 3545 637 3616 qui
662 3544 837 3599 vicisti
869 3544 1170 3611 diabolum,
1204 3552 1257 3598 ct
1286 3543 1537 3615 dignatus
1563 3560 1620 3600 es
1649 3545 1757 3616 pati

183 3646 380 3706 propter
425 3652 547 3693 nos.
599 3638 739 3692 Sunt
786 3652 917 3708 ergo
963 3644 1141 3693 turres
1177 3638 1533 3705 inﬁrmitatis,
1570 3638 1622 3694 id
1653 3647 1755 3705 est,

184 3727 251 3782 illi
274 3731 360 3800 qui
390 3730 685 3787 conﬁdunt
712 3731 763 3783 in
795 3731 996 3787 virtute
1021 3744 1142 3798 sua,
1185 3731 1326 3786 sicut
1364 3732 1417 3785 in
1463 3731 1760 3803 Evangelia

184 3820 400 3881 dicitur:
430 3827 486 3880 Si
518 3826 645 3896 quis
678 3825 793 3880 vult
821 3835 1025 3879 turrem
1064 3824 1357 3889 aediﬁcare,
1389 3834 1444 3881 et
1472 3839 1580 3879 non
1610 3839 1761 3880 com-

183 3925 319 3983 putat
354 3928 605 3989 sumptus
631 3918 774 3988 ejus,
813 3926 870 3973 et
896 3918 1126 3989 reliqua,
1172 3927 1362 3989 postea
1391 3917 1484 3987 qui
1523 3915 1760 3972 viderint

184 4004 390 4065 illudent
425 4011 479 4065 ei
515 4011 812 4067 dicentes:
845 4011 934 4066 hic
964 4010 1127 4065 homo
1174 4010 1342 4081 cmpit
1380 4009 1674 4075 aediﬁcare,
1706 4018 1763 4065 et

185 4115 278 4155 non
302 4104 473 4172 potuit
502 4118 911 4160 consummare.

241 4193 541 4253 Inltabitaba
572 4198 627 4252 in
657 4196 992 4252 tabernaculo
1014 4199 1170 4253 tuoin
1201 4197 1414 4253 sarcula.
1441 4196 1498 4251 In
1525 4197 1618 4253 illo
1648 4198 1761 4252 uti-

182 4300 293 4355 que,
320 4288 407 4345 ubi
432 4290 557 4345 sine
584 4289 694 4345 ﬁne
727 4289 965 4344 mansuri
993 4290 1163 4345 Deum
1193 4289 1394 4360 jugiter
1420 4289 1761 4360 contempla-

183 4378 361 4436 bimur.
416 4382 680 4457 Prolegar
705 4384 763 4437 in
802 4384 1087 4439 velamento
1123 4384 1329 4439 alarum
1376 4394 1604 4449 tuarum,
1651 4392 1757 4441 etc.

1862 3526 2344 3597 incorruptionem.
2374 3538 2431 3583 ct
2460 3526 2690 3585 mortale
2722 3524 2826 3583 hoc
2854 3524 3092 3581 induerit
3142 3524 3466 3581 immortali-

1862 3629 2048 3687 tatem,
2079 3630 2133 3675 et
2164 3620 2433 3675 reiulserit
2458 3618 2509 3689 (I
2538 3615 2659 3672 Cor.
2689 3617 2800 3688 xv).
2835 3616 2990 3683 Quod
3017 3626 3075 3673 ct
3112 3618 3269 3673 nobis
3314 3633 3461 3689 pra:-

1860 3722 2007 3768 stare
2035 3711 2315 3781 dignetur,
2341 3720 2401 3767 ut
2424 3712 2740 3766 conformcs
2771 3708 2901 3765 facti
2926 3710 3112 3781 gloria:
3136 3726 3251 3765 suae
3278 3728 3289 3762 :
3319 3712 3460 3767 eruti

1860 3821 1889 3859 a
1920 3804 2268 3875 corruptione
2309 3805 2500 3860 mortis
2542 3801 2823 3869 secunda,
2873 3801 3107 3874 psallere
3156 3818 3462 3858 mercamur

1862 3897 2068 3955 nomini
2096 3898 2216 3968 ejus
2246 3898 2298 3955 in
2327 3896 2686 3969 spiritualium
2717 3894 2992 3953 oblatione
3022 3903 3292 3953 votorum.

2412 4010 2732 4070 PSALHUS
2770 4010 2907 4066 LXI.

1864 4107 1931 4163 In
1958 4110 2134 4181 ﬁnem,
2172 4107 2534 4181 prolditlrnn,
2570 4105 3188 4181 Psalmus_Daoid._Iste
3224 4107 3464 4181 psalmus

1936 4178 2156 4252 plenum
2182 4181 2236 4238 in
2266 4180 2383 4237 Deo
2411 4179 2662 4237 adactum
2695 4178 2971 4249 propheta:
3000 4178 3218 4248 edocet,
3246 4179 3463 4237 dicens:

1941 4272 2126 4329 Nonne
2158 4272 2266 4328 Deo
2294 4271 2523 4346 subjecta
2552 4270 2647 4326 erit
2672 4271 2846 4326 anima
2872 4270 3029 4327 mea?
3056 4270 3118 4325 ab
3168 4271 3221 4343 ip
3238 4287 3280 4326 :o
3323 4271 3462 4327 enim

1865 4365 2100 4422 salutare
2127 4382 2322 4423 meum.
2353 4365 2543 4425 Potest
2569 4364 2672 4423 hoc
2699 4372 2755 4420 et
2783 4364 2945 4418 homo
2968 4363 3061 4419 ille
3092 4364 3308 4421 dicere:
3347 4366 3458 4436 qui,

184 4471 303 4529 Dum
350 4477 531 4532 adhuc
577 4456 894 4533 gommo,
920 4478 975 4534 ίη
1011 4477 1117 4533 hoc
1142 4493 1400 4549 θοι-ροη,
1429 4487 1517 4533 ma
1550 4478 1837 4549 munia,“
1866 4460 2068 4518 relictis
2109 4476 2264 4519 vana:
2312 4460 2686 4519 deliramentis
2731 4456 3114 4530 philosophiae,
3163 4473 3230 4516 ac
3260 4458 3464 4515 erroris

183 4529 531 4633 ρτοιεειίέλζεί
579 4529 895 4641 ῥέ-ᾈέέάᾇίξ
920 4529 995 4624 ᾗ
1011 4529 1760 4636 ‘,,'.,';.’;,,;.;,;;.j‘,;;;;;;;
1786 4529 1840 4592 ι)
1867 4553 2189 4611 idololatria:
2212 4568 2393 4621 emno,
2420 4552 2623 4608 mundo
2660 4565 2719 4606 sc
2738 4529 2914 4606 corde
2941 4550 3170 4606 Domino
3201 4549 3464 4611 subdidit.

183 4670 336 4713 mento
360 4659 598 4716 alarum.
634 4659 751 4716 Alae
781 4669 910 4730 tuae,
945 4661 1054 4716 duo
1085 4661 1435 4719 Testamenta
1464 4671 1613 4732 sunt,
1642 4662 1764 4732 qui-

183 4749 270 4805 bus
305 4755 608 4826 protegitur
649 4754 917 4811 Ecclesia.
957 4754 1053 4810 Vel
1091 4756 1195 4809 sub
1230 4755 1572 4825 protectionc
1625 4752 1765 4809 divi-

182 4844 373 4903 uitatis.

245 4938 438 4995 Dedisti
457 4941 813 4998 haereditate»:
835 4943 1127 4998 timentibus
1158 4958 1340 4999 nomen
1370 4951 1534 4998 tuam.
1572 4940 1628 4998 Id
1656 4950 1762 5011 est,

181 5029 227 5084 in
253 5048 417 5104 regno
448 5035 717 5092 crelorum
762 5037 1061 5107 priestitisti
1092 5037 1195 5103 eis,
1226 5046 1279 5092 ut
1315 5036 1369 5092 in
1398 5037 1565 5092 vitam
1604 5045 1766 5091 teter-

183 5137 293 5178 nam
319 5125 664 5183 haereditent.

244 5215 364 5274 Dies
389 5234 550 5291 super
574 5222 686 5275 dies
713 5224 867 5295 regis.
898 5221 1033 5292 Regi
1064 5233 1305 5278 retento:
1331 5221 1383 5277 id
1415 5230 1520 5287 est,
1542 5221 1765 5276 Christo

183 5304 420 5378 Domino,
470 5310 594 5368 dies
631 5312 820 5369 aeterni
862 5322 1011 5381 sunt,
1042 5312 1134 5384 qui
1161 5314 1406 5384 quotidie
1451 5328 1615 5384 super
1645 5312 1763 5368 dies

182 5412 463 5471 augentur:
484 5404 629 5473 quod
642 5404 946 5462 claritatem
968 5407 1085 5476 ejus
1108 5407 1252 5462 nulla
1273 5407 1759 5463 discriminetnox.

182 5490 397 5566 Adjicies
411 5513 577 5550 annos
592 5500 705 5571 ejus
720 5514 879 5569 usque
898 5499 952 5555 in
966 5500 1103 5554 diem
1122 5501 1465 5571 generationis
1480 5510 1530 5556 et
1550 5516 1767 5572 genera-

185 5583 344 5644 tionis.
364 5586 666 5644 Generatio
693 5590 856 5660 igitur
884 5590 1045 5659 hujus
1060 5594 1206 5663 regis
1229 5591 1400 5663 prima
1418 5600 1502 5647 est
1528 5610 1540 5646 τ
1564 5607 1667 5663 qua
1694 5592 1765 5649 de

184 5674 287 5732 Deo
306 5680 467 5737 Patre
490 5680 838 5737 inefahilitcr
862 5684 1124 5740 nascitur.
1156 5684 1430 5753 Secunda,
1462 5701 1565 5756 qua
1585 5685 1767 5741 lactus

184 5773 655 5845 estprimogenitus
674 5784 1031 5845 mortuorum,
1044 5793 1166 5850 quae
1176 5779 1488 5839 ostenditur
1509 5779 1677 5853 usque
1696 5776 1765 5836 ad

1939 4646 2085 4705 Nam
2108 4656 2157 4704 et
2178 4648 2288 4720 ipse
2312 4644 2452 4701 Deus
2472 4662 2637 4711 meus,
2659 4653 2705 4700 et
2725 4642 2974 4700 salutaris
2994 4661 3157 4700 meus.
3182 4642 3296 4701 Scit
3317 4644 3462 4705 enim

1866 4742 2109 4798 salutare
2136 4739 2346 4805 mundi,
2381 4738 2568 4797 Jesum
2617 4736 2891 4793 Christum
2939 4734 3179 4792 hominis
3229 4736 3465 4797 fortnam

1866 4832 2204 4904 suscepisse,
2248 4832 2338 4903 qui
2378 4845 2438 4889 se
2486 4829 2748 4887 tranferat
2790 4843 2819 4883 a
2864 4837 3041 4889 morte
3075 4829 3125 4885 in
3159 4828 3342 4884 vitam.
3382 4828 3469 4885 Ab

1868 4928 1989 4996 ipso
2014 4927 2158 4984 enim
2185 4927 2295 4983 Deo
2320 4925 2560 4985 salutare
2587 4938 2799 4981 meum:
2825 4924 2969 4979 sicut
3016 4924 3154 4981 dixit
3197 4924 3465 4985 Simeon:

1869 5019 2006 5089 Quia
2035 5020 2289 5077 viderunt
2313 5017 2454 5074 oculi
2486 5018 2592 5074 mei
2620 5017 2864 5075 salutare
2890 5026 3038 5073 tuum
3067 5015 3230 5088 (Luc.
3267 5015 3362 5088 tt).
3399 5016 3468 5075 Et

1868 5113 1923 5169 in
1954 5113 2063 5169 alio
2088 5113 2213 5168 loco
2240 5110 2410 5167 dicit:
2442 5110 2693 5168 Saiutare
2728 5110 2910 5165 vultus
2946 5110 3074 5181 mei,
3124 5108 3269 5167 Deus
3312 5123 3469 5166 meus

1871 5210 2044 5284 (Paul.
2079 5212 2211 5280 xu).
2244 5208 2468 5280 Adjutor
2493 5224 2659 5274 meus,
2686 5224 2789 5267 non
2820 5208 3057 5262 movebar
3078 5207 3322 5276 amplius.
3345 5207 3467 5266 Fir.

1871 5305 2030 5361 miter
2054 5306 2197 5360 enim
2225 5318 2284 5359 se
2309 5303 2360 5357 in
2393 5317 2460 5358 eo
2490 5309 2759 5361 staturum
2786 5300 3028 5359 conlidit.
3052 5300 3280 5372 Adjutor
3309 5316 3467 5363 meus

1869 5400 1923 5456 in
1952 5401 2226 5470 praesenti,
2258 5405 2540 5468 susceptor
2562 5398 2615 5453 in
2639 5396 2965 5454 atternitate.
2998 5395 3119 5468 Ipse
3142 5404 3325 5467 postea
3356 5410 3463 5455 non

1873 5497 2026 5552 timet
2050 5495 2267 5551 cadere.
2298 5493 2417 5550 Non
2469 5492 2629 5551 habet
2676 5492 2765 5550 ubi
2814 5498 2996 5550 currat
3042 5490 3307 5560 amplius,
3361 5489 3468 5551 nisi

1873 5604 2043 5660 usque
2076 5589 2142 5644 ad
2190 5589 2381 5643 Deum.
2432 5586 2680 5657 Apostoli
2725 5586 2980 5643 dixerunt
3026 5584 3093 5645 ad
3143 5583 3464 5645 Christum:

1872 5686 2137 5750 Domine,
2187 5682 2415 5741 ostende
2463 5681 2622 5738 nobis
2665 5680 2904 5749 Patrem,
2954 5689 3014 5739 et
3061 5677 3263 5741 sufﬁcit
3306 5678 3470 5737 nobis

1875 5776 2062 5851 (Joan.
2093 5774 2225 5847 nr).
