3954 6340
501 238 606 296 999
1285 233 1635 294 APPENDIX
1677 235 1769 292 AD
1807 233 2053 292 TOMUM
2094 227 2450 293 SEPTIMUM
2488 233 2548 292 S.
2591 230 3000 292 HIERONYMI.
3637 232 3745 292 1000

564 352 842 420 Quousque
875 349 1070 405 iri-uitis
1119 347 1173 403 in
1215 348 1493 416 hominem,
1547 349 1834 420 inleiﬁcilis
1879 349 2099 403 universi
2125 354 2179 416 Α
2203 355 2350 404 certo
2379 347 2715 413 divitiarum;
2745 347 2840 403 sed
2877 349 2930 402 in
2959 347 3072 404 Deo
3103 345 3248 416 vivo,
3277 347 3369 419 qui
3394 353 3603 419 prastat
3621 349 3747 406 nobis

482 457 594 510 vos,
644 452 905 507 tantquam
952 440 1136 510 parieti
1173 439 1440 509 inclinato,
1473 449 1521 496 et
1547 441 1782 495 maceria:
1809 439 2086 510 depulsw?
2195 442 2376 496 omnia
2410 441 2752 498 abundanter
2782 441 2847 496 ad
2878 439 3164 497 fruendum
3194 442 3245 514 (Ι
3274 441 3414 495 Tim.
3444 438 3540 510 vt).

484 533 606 590 Non
632 535 751 589 vult
780 533 1124 603 acquiescere
1157 531 1380 602 iniquis,
1426 531 1521 603 qui
1541 593 1546 596 _
1565 541 1755 587 tenues
1807 529 2086 586 hominum
2267 537 2438 594 Semel
2463 539 2661 593 locum:
2684 547 2758 592 est
2785 535 2925 592 Deus
2954 537 3079 592 duo,
3113 535 3272 606 Quod
3295 536 3372 592 ait,
3398 533 3571 599 δεηιρι,
3611 533 3746 591 ﬁrmi.

485 639 551 682 ac
594 627 816 682 vitiosas
857 633 1093 691 mentes,
1122 625 1174 680 in
1207 640 1343 680 nova
1375 622 1614 680 facinora
1647 624 1908 679 inclinare
1939 638 2086 679 com-
2194 637 2357 684 tatem
2387 629 2659 685 dictorum
2689 629 2956 697 ostendit,
2987 629 3156 700 quod,
3181 629 3308 696 duo,
3335 627 3459 683 novi
3486 628 3749 698 veterisque

486 720 718 791 pellunt.
753 717 1097 775 lnterﬁcietis
1120 732 1221 773 vos
1252 731 1460 772 omnes.
1492 717 1594 786 Qui
1626 717 1957 773 voluntatem
1993 715 2047 769 h:

2191 722 2527 778 'l‘cstamenti
2557 738 2725 778 unum
2756 722 3103 778 demonstrat
3131 731 3435 778 auctorem.
3461 720 3749 776 Semttlocu-

483 814 576 871 bet
601 813 905 881 occidendi,
935 811 1150 868 etiamsi
1181 825 1287 866 non
1321 812 1608 881 percutiat,
1657 808 1876 865 occidit.
1922 808 2044 874 Qua.

2190 823 2267 868 tus
2294 824 2369 870 est
2396 813 2536 871 Deus
2564 816 2689 885 duo,
2720 815 2840 872 haec
2865 815 3080 883 audivi;
3108 814 3266 882 semel
3288 830 3393 871 non
3415 814 3481 870 ad
3506 829 3749 870 numerum

481 908 668 978 parieti
716 907 988 973 inclinato,
1041 915 1090 960 et
1132 905 1368 960 maceria:
1395 904 1643 975 depulsw.
1675 900 1811 958 Cum
1836 917 1936 973 ego
1965 916 2089 972 pas-
2188 905 2535 964 referendum
2567 917 2671 976 est,
2705 908 2802 964 sed
2831 908 2900 964 ad
2948 911 3235 964 sententiae
3277 907 3602 963 ﬁrmitatem.
3647 906 3751 974 Qua

479 1001 689 1057 sionem
714 1000 823 1070 pati
846 997 1185 1066 advenerim,
1214 1012 1312 1053 vos
1332 998 1486 1068 quasi
1520 996 1750 1051 invitum
1779 995 1915 1050 mori
1941 995 2083 1065 cogi-
2187 1010 2314 1054 sunt
2345 1011 2524 1056 autem
2551 1016 2674 1072 quae
2700 1001 2808 1057 duo
2842 1003 3048 1071 pariter
3076 1000 3317 1058 audivit?
3344 999 3415 1055 Et
3440 1013 3595 1070 posse
3615 999 3750 1055 Deum

482 1094 575 1150 tis.
605 1093 796 1163 Aliter,
821 1092 982 1164 juxta
1010 1090 1324 1164 Symmachi
1346 1100 1523 1146 tamen
1543 1089 2082 1160 interpretationem:
2185 1094 2391 1162 omnia,
2424 1103 2480 1151 et
2506 1096 2557 1150 in
2598 1096 2682 1151 sui
2726 1095 2921 1166 judicii
2964 1095 3198 1151 veritate
3245 1094 3514 1150 misereri.
3563 1092 3750 1159 Quidam

483 1184 762 1240 Naturalis
788 1186 842 1240 in
864 1185 1005 1240 vobis
1041 1185 1272 1239 inversus
1319 1191 1396 1238 est
1439 1197 1657 1238 sensus:
1703 1191 1756 1236 ut
1799 1198 1914 1235 cum
1958 1181 2085 1235 recti
2186 1187 2260 1244 ita
2283 1189 2501 1244 dicunt;
2529 1189 2712 1245 semel
2742 1190 2882 1245 Deus
2909 1189 3122 1245 locutus
3146 1199 3231 1245 est
3255 1188 3312 1244 in
3333 1189 3498 1258 Lege,
3525 1187 3752 1243 eteadem

480 1279 594 1334 sitis
623 1281 807 1348 creati,
841 1278 994 1349 proni
1022 1277 1090 1332 ad
1119 1279 1325 1332 ruinam
1351 1277 1610 1348 feramini.
2186 1296 2374 1337 rursus
2403 1283 2454 1337 in
2490 1280 2780 1353 Evangelia
2809 1282 3074 1352 praecipit.
3112 1281 3240 1336 (hec
3267 1281 3464 1346 audiui,
3498 1280 3616 1352 quia
3638 1291 3753 1352 pote-

559 1373 929 1427 Verumtamen
957 1371 1180 1443 pretium
1209 1383 1379 1423 meum
1407 1369 1756 1440 cogitaverunt
1789 1366 2041 1437 repellere
2063 1382 2083 1422 .'
2183 1380 2288 1426 stas
2314 1371 2414 1427 Dei
2442 1382 2538 1428 est.
2570 1373 2674 1429 Per
2705 1374 2820 1429 hmc
2851 1373 2958 1429 duo
3003 1373 3384 1442 Testamenta,
3439 1381 3750 1443 potestatem,

479 1465 685 1520 cucurri
712 1464 767 1518 in
794 1463 898 1518 siti.
934 1463 1175 1518 Declinat
1202 1477 1233 1517 a
1261 1461 1482 1526 talibus,
1514 1459 1602 1530 qui
1626 1474 1735 1514 non
1760 1459 1932 1514 solum
1959 1474 2084 1529 pec-
2185 1465 2643 1532 misericordiam,
2670 1465 3052 1536 justitiamquc
3081 1467 3176 1521 Dei
3200 1469 3494 1538 cognovit:
3528 1464 3656 1521 sicut
3678 1480 3751 1522 se-

479 1567 696 1616 catores
728 1557 1072 1628 impugnant:
1096 1554 1191 1610 sed
1213 1554 1376 1610 etiam
1395 1553 1556 1623 justis
1579 1553 1844 1609 honorem
1869 1551 2083 1608 auferre
2184 1556 2406 1627 quitur:
2439 1556 2507 1611 Et
2536 1558 2646 1625 tibi,
2676 1556 2923 1624 Domine,
2957 1559 3336 1626 misericordia,
3367 1560 3491 1630 quia
3521 1568 3576 1613 tu
3599 1560 3751 1614 reddes

479 1652 748 1708 nituntur.
783 1649 908 1705 ideo
933 1648 1105 1705 currit
1134 1649 1188 1702 in
1217 1655 1403 1702 sancta
1432 1646 1523 1702 siti
1549 1661 1564 1703 :
1595 1645 1716 1716 quia
1762 1645 1908 1700 beati
1954 1652 2082 1700 sunt
2185 1651 2460 1723 unicuique
2477 1655 2633 1724 juxta
2664 1669 2820 1723 opera
2848 1669 2962 1708 sua.
2998 1653 3118 1724 ipse
3144 1655 3292 1710 enim
3323 1668 3485 1709 omne
3526 1652 3754 1724 judicium

480 1747 571 1819 qui
593 1743 864 1813 esuriant,
889 1754 943 1800 et
964 1741 1156 1799 sitiunt
1177 1741 1443 1812 justitiam
1472 1740 1653 1811 (Matt.
1680 1741 1762 1809 v).
1783 1739 2001 1795 Cucurri
2025 1739 2080 1793 in
2109 1751 2158 1812 Β
2184 1743 2396 1814 accepit
2425 1759 2456 1797 a
2484 1745 2648 1801 Patre
2679 1745 2868 1815 (Joan.
2903 1744 2978 1817 ν),
3019 1756 3080 1802 ut
3121 1746 3526 1818 negligentibus
3566 1746 3755 1802 damna-

479 1839 585 1895 siti.
633 1836 888 1894 Cucurrit
923 1835 1172 1892 Christus
1195 1835 1261 1889 de
1289 1834 1453 1901 coelo,
1485 1833 1630 1888 venit
1661 1832 1716 1887 in
1748 1841 1988 1899 uterum,
2015 1831 2084 1887 de
2188 1835 2410 1902 tionem,
2442 1835 2837 1906 paenitentibus
2865 1838 3327 1906 misericordiam,
3355 1838 3522 1909 justis
3568 1840 3754 1907 prtemia

479 1942 636 1986 utero
667 1929 720 1984 in
748 1931 1115 2000 praesepium:
1144 1927 1230 1982 vel
1257 1935 1452 1982 ctetera
1472 1925 1558 1980 his
1583 1925 1802 1980 similia.
1831 1923 2086 1980 Cucurrit
2185 1937 2476 2000 praeparet,
2511 1929 2606 2000 qui
2636 1944 2738 1985 nos
2766 1945 2795 1984 a
2819 1930 3026 2000 judicio
3065 1932 3262 1986 mortis
3296 1930 3497 2002 eripiat
3523 1946 3541 1986 :
3581 1943 3756 2002 nosque

478 2023 689 2091 sitiens,
721 2024 871 2078 venit
898 2019 966 2076 ad
995 2020 1233 2075 fontem:
1268 2020 1515 2074 esuriens
1544 2018 1690 2074 venit
1710 2016 1779 2072 ad
1807 2017 2078 2072 arborem.
2183 2023 2287 2079 sibi
2333 2026 2484 2094 quasi
2536 2026 2789 2081 alumnos
2833 2025 3084 2096 proprios
3114 2026 3333 2094 subdat,
3368 2024 3756 2095 conformesque

480 2115 580 2171 Vel
610 2115 802 2181 sitivit,
833 2114 884 2168 id
913 2122 1019 2181 est,
1054 2113 1107 2168 in
1137 2126 1302 2167 cruce
1343 2110 1571 2166 salutem
1609 2110 1826 2166 humani
1867 2109 2041 2181 generi

2196 2117 2400 2187 corpori
2430 2132 2531 2174 suo
2576 2118 2786 2184 factos,
2835 2119 3132 2175 aeternitati
3182 2127 3458 2190 perpetuae
3499 2117 3757 2189 dignanter

477 2207 670 2262 sitivit.
703 2205 860 2263 Unde
884 2206 1089 2261 dictum
1132 2214 1252 2263 est:
1293 2204 1370 2260 De
1419 2213 1660 2260 torrente
1710 2205 1762 2258 in
1815 2203 1900 2258 via
1948 2203 2084 2258 bibit
2183 2208 2474 2266 adsciscat.
2507 2211 2643 2278 Quia
2671 2220 2891 2282 potestas
2922 2210 3018 2266 Dei
3059 2221 3154 2266 est.
3201 2212 3451 2268 Potestas
3496 2209 3614 2277 fuit,
3656 2212 3758 2281 quia

478 2297 664 2371 (Psal.
695 2299 831 2369 arx).
867 2297 932 2352 Et
961 2297 1133 2352 sancti
1175 2305 1400 2352 currunt
1441 2304 1498 2352 et
1543 2295 1769 2351 Silium:
1821 2295 2078 2360 Currum,
2183 2319 2372 2360 omnes
2417 2313 2697 2361 creaturas
2727 2320 2796 2360 ex
2830 2305 3002 2360 nihilo
3031 2305 3259 2361 creavit.
3295 2303 3685 2366 Misericordia,
3713 2303 3757 2358 in

477 2402 537 2449 ul
565 2394 764 2449 Paulus
791 2392 960 2449 diuit:
991 2392 1218 2448 Cursum
1245 2389 1642 2457 consummaVi’
1674 2388 1836 2444 ﬁdem
1867 2387 2080 2444 δανεινὶ
2183 2396 2448 2467 regendo,
2477 2407 2534 2454 et
2561 2396 2935 2468 gubernando.
2980 2397 3233 2455 Potestas
3267 2397 3387 2465 ,luit
3424 2397 3479 2452 in
3532 2397 3752 2453 diluvio:

477 2483 561 2556 (ll
590 2485 726 2541 Tim.
754 2488 856 2556 tv).
889 2483 1114 2551 Sitiunt,
1147 2491 1207 2538 ut
1234 2483 1440 2541 dictum
1469 2491 1591 2538 est:
1621 2482 1772 2538 Beati
1821 2481 1912 2553 qui
1955 2496 2079 2537 esu-
2183 2487 2566 2545 misericordia
2597 2489 2849 2545 liberavit
2875 2489 2991 2546 Noe
3021 2489 3188 2562 (Gen.
3218 2506 3291 2546 vn
3320 2500 3369 2545 et
3401 2489 3542 2562 vui).
3575 2489 3692 2556 Quia
3714 2498 3757 2542 tu

474 2580 646 2648 riunt,
674 2588 730 2636 et
754 2577 943 2634 sitiunt
964 2576 1270 2649 justitiam:
1304 2576 1564 2647 quoniam
1607 2575 1712 2646 ipsi
1754 2573 2079 2630 saturabun-
2179 2579 2364 2636 reddes
2391 2581 2669 2653 unicuique
2686 2584 2844 2655 juxta
2867 2596 3025 2654 Opera
3047 2599 3146 2638 sua
3167 2598 3186 2637 :
3219 2581 3367 2638 bona
3411 2583 3604 2652 bonis,
3640 2580 3758 2638 mala

475 2680 584 2728 tur.
622 2670 724 2727 Ore
752 2689 846 2726 suo
871 2669 1255 2737 benedicebant,
1289 2681 1335 2723 et
1361 2669 1516 2724 corde
1543 2684 1639 2723 suo
1674 2665 2072 2722 maledicebant.
2181 2673 2358 2729 malis.
2391 2675 2625 2731 Damnas
2653 2685 2989 2747 peccatores,
3024 2691 3347 2734 remuneras
3368 2676 3569 2748 justos.

473 2766 832 2824 Proferebant
851 2765 919 2821 ad
942 2764 1311 2822 sedueendum
1355 2778 1452 2820 ore
1487 2761 1730 2819 veneﬁco
1761 2762 1923 2830 bona,
1953 2776 2076 2818 cum

786 2811 832 2870 .'.'
851 2811 919 2821 ““
942 2811 1311 2870 “”Ῐ““””““.““’
1359 2811 1452 2820 ”“
1499 2811 1726 2819 ’”’”““
1761 2811 1923 2830 ””’“’
1959 2811 2076 2818 ’“”“
2725 2811 3044 2870 PSALMUS
3072 2812 3237 2870 LXII.

479 2861 622 2918 mala
651 2859 906 2916 cordibus
933 2859 1252 2915 retinerent.
2586 2905 2598 2917 .
2726 2859 2748 2867 ’
2770 2859 3042 2870 ””“”““’“’
3072 2859 3237 2870 ““““’

555 2953 916 2980 "Humum"
968 2951 1068 2980 nn
1101 2952 1326 2980 mum"
1361 2952 1452 2980 ηε,
1487 2952 1660 2980 mu...”
1689 2967 1800 2980 mm
1830 2968 1842 2980 ο
1877 2950 1939 2980 η,-
1965 2951 2077 2980 εῃη
2185 2901 2434 2980 Psalmus
2461 2903 2634 2960 David
2660 2923 2780 2980 cum
2805 2915 2933 2980 esset
2960 2908 3012 2980 in
3053 2909 3253 2980 deserto
3300 2905 3570 2965 Idumam.
3615 2906 3757 2965 David

555 2953 919 3009 veranum
958 2951 1068 3008 υεο
1098 2952 1328 3050 enecta
1357 2952 1452 3050 ςνίι
1483 2952 1662 3050 agema
1874 2950 1939 3005 ab
1965 2951 2077 3050 ίηεο
2185 2950 2210 2956 ·
2238 2950 2932 3046 “ista...”{summa}:
2962 2950 3758 3050 '5.;ia"'ir...;.:.:s:a;.75.1.}:

475 3049 610 3106 enim
636 3049 873 3103 salutare
897 3061 1083 3102 meum.
1118 3043 1259 3100 Nam
1285 3053 1330 3101 et
1359 3046 1466 3116 ipse
1491 3043 1632 3100 Deus
1672 3061 1834 3112 meus,
1859 3053 1906 3098 et
1933 3044 2077 3098 salu-
2254 3043 2433 3122 manu,
2460 3049 2575 3122 sive
2600 3049 2977 3122 desiderabilis.
3003 3051 3237 3106 [dumtea
3261 3043 3644 3122 interpretatur
3657 3069 3757 3106 san-

477 3143 603 3198 tnris
639 3158 800 3210 meus,
844 3141 1060 3214 adjutor
1097 3155 1239 3194 meus
1262 3156 1362 3194 non
1389 3137 1672 3210 emigrabo.
1705 3135 1770 3190 In
1802 3135 1913 3191 Deo
1935 3134 2038 3190 salu

2251 3118 2598 3214 quineaasive
2621 3130 2843 3214 (ει-τερα.
2864 3121 3172 3214 Desertum,
3192 3124 3294 3214 hoc
3315 3118 3422 3187 est,
3441 3124 3754 3214 derelictum,

639 3190 800 3210 "mu,
846 3190 1044 3248 “vim-
1478 3190 1520 3244 ζῗ
1858 3190 1866 3191 ί
2106 3190 2151 3213 υ
2253 3190 2304 3243 id
2330 3198 2414 3244 est
2470 3191 2482 3244 ἱ
2527 3206 2585 3246 se
2645 3205 2680 3246 ο
2720 3191 2842 3248 uius
2871 3192 3134 3249 Judaicus
3161 3211 3174 3247 ;
3201 3212 3233 3248 γ
3273 3194 3288 3248 1
3453 3197 3462 3206 ’
3499 3197 3509 3206 ’
3663 3195 3674 3205 ’
3712 3195 3723 3207 ’

472 3248 581 3296 ίανθ
609 3255 796 3305 meum,
822 3233 1301 3331 ρίοηαπιθαρεξιδ
1323 3233 1756 3331 αυτΑἿΪπθδ-θι
1804 3246 1920 3331 {pes
1964 3245 2077 3331 mf“
2256 3206 2539 3331 san-going,
2571 3207 2652 3316 νὲι
2684 3208 2924 3319 llJerrenis
2954 3265 3209 3320 videntur
3239 3195 3758 3321 iogiiiii-Lsiiiiiaii

472 3333 528 3387 in
559 3331 670 3386 Deo
695 3339 791 3385 est.
822 3329 952 3384 Post
993 3326 1429 3398 interjectionem
1482 3322 1862 3394 Diapsalmatis
1909 3323 2033 3393 prol

2249 3322 2384 3387 musw
2418 3322 2685 3406 adventus
2731 3334 2998 3391 Dominici
3043 3337 3293 3392 declarat
3323 3336 3755 3406 mysteriumzde

474 3433 619 3481 tctur
639 3438 699 3479 se
718 3423 833 3478 sive
859 3419 1213 3492 adjutorium,
1234 3417 1350 3473 sive
1369 3416 1598 3488 gloriam
1620 3416 1687 3472 ab
1705 3415 1822 3485 ipso
1844 3413 2070 3482 habere,
2247 3404 2724 3492 quosepropbeta
2746 3407 2899 3476 quasi
2927 3407 3288 3465 illutninatum
3316 3404 3569 3480 cernens,
3593 3407 3756 3465 exsul-

471 3515 566 3588 qui
596 3514 751 3572 nobis
777 3513 847 3570 de
872 3477 957 3568 his
985 3509 1238 3567 omnibus
1267 3524 1298 3564 a
1316 3506 1588 3581 passionis
1607 3522 1723 3564 sua:
1745 3506 2073 3563 contumelia
2251 3482 2330 3530 ί³⁸
2356 3484 2411 3532 εί
2435 3477 2566 3532 die“
2591 3494 2603 3530 ε

473 3611 699 3683 reliquit
721 3608 996 3681 exempla.
2246 3607 2406 3678 Deus,
2438 3610 2572 3666 Deus
2595 3627 2757 3680 meus,
2785 3612 2856 3668 ad
2876 3621 2925 3667 te
2945 3612 3011 3669 de
3038 3612 3156 3671 luce
3179 3615 3336 3689 vigilo
3357 3632 3376 3671 :
3405 3615 3560 3673 Licet
3585 3630 3755 3672 omnes

547 3706 769 3779 Sperate
796 3705 852 3758 in
881 3719 963 3772 eo,
995 3702 1162 3757 omnis
1192 3699 1524 3771 congregatio
1574 3696 1774 3769 populi.
1824 3695 1944 3767 Ipse
1990 3705 2075 3752 est
2174 3705 2348 3760 sancti
2387 3705 2441 3760 in
2471 3704 2582 3761 Deo
2607 3705 2696 3761 die
2721 3716 2994 3778 noctuque
3041 3707 3307 3779 vigilent:
3355 3709 3448 3764 hic
3496 3720 3666 3765 tamen
3709 3708 3755 3763 in

469 3809 526 3858 et
567 3799 854 3865 auxilium,
900 3805 955 3853 et
979 3811 1148 3866 spes:
1179 3794 1233 3850 in
1265 3808 1373 3865 quo
1405 3792 1584 3848 omnis
1606 3799 1780 3848 coetus
1810 3790 2030 3846 ecclesia

2190 3797 2424 3854 natione
2451 3813 2569 3866 sua,
2605 3799 2765 3869 pleno
2791 3799 2990 3856 divinae
3023 3801 3158 3858 lucis
3183 3803 3479 3873 splendore
3525 3803 3751 3874 refulget.

465 3893 638 3950 sticus
685 3903 912 3961 sperare
957 3887 1125 3944 debet
1163 3902 1228 3943 ac
1268 3886 1582 3957 deprecari,
1616 3885 1756 3940 sicut
1784 3883 2068 3954 sequitur:
2246 3891 2419 3947 Sitivit
2446 3895 2499 3947 in
2532 3903 2580 3948 te
2606 3895 2781 3948 anima
2809 3911 2940 3964 mea,
2971 3913 3127 3966 quam
3153 3898 3514 3968 multipliciter
3539 3899 3625 3955 tibi
3653 3913 3758 3951 caro

469 3985 741 4056 Elfundite
769 4000 946 4040 coram
966 3983 1059 4038 illo
1084 3981 1241 4038 corda
1263 3989 1472 4036 vestra:
1507 3979 1642 4033 Deus
1667 3978 1880 4051 adjutor
1901 3987 2072 4032 noster
2173 3987 2322 4040 mea!
2365 3985 2434 4040 ιη
2475 3996 2611 4041 τευ-να
2649 3988 2870 4053 (fama.
2911 4000 2959 4044 ει
2999 3991 3162 4058 invia,
3191 4001 3236 4046 ει
3267 3993 3542 4064 magno”.
3570 3993 3687 4050 Sim
3709 3992 3754 4046 in

463 4083 522 4138 in
544 4091 814 4138 retentum.
846 4079 904 4135 Si
934 4093 1055 4134 cum
1084 4077 1213 4132 llelu
1243 4075 1290 4132 ei
1320 4073 1531 4130 occulta
1566 4072 1813 4128 cordium
1855 4085 2070 4127 resera-
2175 4077 2307 4146 Deo,
2337 4088 2391 4134 et
2408 4079 2639 4150 ‘animae,
2664 4089 2719 4135 et
2746 4081 2928 4137 cordis
2953 4083 3148 4139 aﬂ'ectu
3175 4099 3187 4137 :
3213 4084 3349 4139 nihil
3369 4084 3616 4154 dubium,
3639 4083 3755 4141 nihil

467 4192 612 4244 mus,
643 4186 702 4231 ut
726 4188 923 4231 omnes
955 4171 1160 4228 faciunt
1189 4170 1388 4236 sancti,
1421 4167 1689 4238 adjutoria
1733 4167 1849 4236 ejus
1897 4164 2071 4235 adipi-
2173 4171 2463 4229 adversum
2497 4172 2550 4228 in
2579 4189 2638 4229 se
2663 4175 2906 4232 retinens
2932 4194 2944 4228 :
2975 4177 3073 4232 sed
3106 4177 3248 4233 inter
3279 4178 3562 4236 ariditates
3594 4194 3654 4235 ac
3675 4193 3752 4234 so-

465 4285 706 4327 scemur.
734 4266 867 4322 Nam
889 4264 1016 4338 quia
1041 4264 1160 4320 haec
1191 4271 1508 4334 peccatores
1542 4261 1820 4326 omittunt,
1849 4257 2065 4328 adjecit:
2174 4262 2429 4321 litudines
2457 4265 2615 4322 istius
2645 4267 2864 4338 saeculi,
2912 4285 3035 4325 eum
3084 4279 3194 4326 tota
3227 4281 3412 4329 mente
3456 4272 3752 4329 desiderat:

546 4361 910 4418 Verumtamen
934 4358 1053 4413 vani
1083 4357 1184 4428 ﬁlii
1215 4355 1500 4422 hominum,
1534 4352 1803 4408 mendaces
1843 4351 1942 4420 ﬁlii
1969 4351 2066 4404 lto-
2171 4356 2320 4412 illum
2353 4356 2562 4415 habens
2585 4359 2860 4429 ardorem,
2893 4376 3001 4431 quo
3027 4363 3236 4432 justitia
3273 4363 3371 4421 Dei
3403 4365 3607 4421 sititur.
3641 4364 3754 4421 Siti-

467 4456 667 4512 mt'num
687 4455 741 4509 in
770 4453 973 4509 stateris
998 4460 1052 4506 ut
1076 4449 1359 4520 decipiant,
1387 4449 1487 4519 ipsi
1514 4449 1568 4503 in
1600 4446 1825 4500 vanitate
1867 4444 1923 4498 in
1966 4444 2068 4498 itli-
2169 4448 2240 4503 uit
2265 4451 2319 4503 in
2345 4460 2393 4506 te
2420 4451 2595 4506 anima
2619 4468 2750 4522 mea,
2783 4469 2939 4524 quam
2967 4455 3320 4527 multipliciter
3346 4458 3439 4512 tibi
3468 4475 3592 4513 caro
3619 4452 3754 4512 mea!

465 4565 636 4623 psunt.
669 4547 770 4615 Qui
802 4546 903 4602 sub
927 4543 1155 4616 justitia:
1183 4541 1582 4613 ponderatione
1609 4548 1772 4610 atque
1808 4537 2070 4608 eloquen-
2094 4545 2146 4606 Ι)
2173 4541 2367 4597 Anima
2399 4541 2612 4614 quidem
2643 4542 2918 4599 desiderat
2945 4544 3150 4615 Deum;
3184 4547 3280 4603 sed
3310 4547 3378 4604 ad
3406 4548 3753 4606 desideratum

461 4642 554 4699 tim
583 4640 844 4706 vanitate,
896 4637 1177 4708 decipiunt
1223 4634 1568 4690 innocentes.
1617 4632 1743 4688 Filii
1787 4630 2024 4687 hominis
2047 4672 2063 4698 ,
2172 4633 2334 4690 linem
2361 4635 2540 4690 carnis
2563 4633 2844 4692 laboribus
2867 4637 3209 4706 pervenitur.
3237 4638 3369 4696 Ideo
3398 4639 3755 4712 multipliciter

463 4734 560 4792 lilii
604 4731 799 4798 Adam,
855 4729 952 4786 lilii
1002 4725 1449 4799 transgressoris.
1503 4724 1660 4780 Unde
1706 4723 1879 4779 dicit:
1941 4722 2064 4776 Filii
2173 4739 2302 4780 caro
2341 4727 2511 4782 Deum
2557 4727 2788 4797 quatrit:
2841 4729 2967 4799 quia
3015 4731 3204 4787 multis
3249 4731 3491 4790 afﬁcitur
3533 4733 3752 4803 injuriis.

462 4827 745 4884 hominum
772 4835 1056 4894 usquequo
1081 4819 1226 4892 gravi
1257 4818 1423 4875 corde
1444 4816 1619 4890 (Psal.
1654 4817 1765 4888 tv)?
1788 4815 2066 4871 Mendaces
2170 4816 2441 4873 Describit
2481 4817 2613 4886 justi
2651 4819 2749 4873 viri
2785 4828 3083 4891 egestatem
3107 4866 3123 4893 ,
3170 4831 3474 4894 tormenta,
3523 4823 3752 4897 vigilias,

461 4921 561 4993 ﬁlii
609 4919 876 4976 hominum
922 4918 978 4970 in
1021 4914 1246 4970 stateris.
1279 4912 1538 4971 Salomon
1565 4911 1699 4967 dicit
1724 4926 1737 4963 :
1767 4909 1984 4965 Pondus
2008 4915 2065 4965 et
2167 4910 2599 4980 aegrotationem.
2630 4910 2812 4968 Sitivit
2857 4913 3120 4972 Dominus
3163 4916 3325 4973 ﬁdem
3367 4918 3668 4983 Ecclesiae,
3705 4925 3754 4973 el

461 5013 697 5087 pondus,
745 5021 998 5068 mensura
1042 5015 1100 5063 et
1132 5021 1425 5062 mensura:
1458 5013 1751 5072 utrumque
1781 5000 2062 5058 abomina—
2165 5003 2392 5058 esurivit
2443 5002 2678 5059 salutem
2722 5002 2943 5060 humani
2986 5009 3224 5078 generis.
3277 5009 3374 5068 Sic
3422 5020 3477 5068 et
3525 5009 3753 5067 Ecclesia

460 5110 573 5166 bile
600 5107 746 5180 apud
775 5107 942 5163 Deum
974 5103 1169 5174 (Prov.
1208 5100 1323 5172 xx).
1359 5101 1425 5156 Et
1469 5100 1520 5154 in
1567 5099 1680 5155 alio
1723 5099 1844 5154 loco
1885 5097 2058 5154 dicit:
2163 5096 2406 5167 quotidie
2434 5096 2548 5150 sitit
2575 5095 2872 5153 Christum.
2901 5097 3055 5156 Unde
3082 5101 3317 5158 dicitur:
3350 5103 3504 5160 Beati
3525 5104 3616 5175 qui
3637 5118 3749 5159 esu-

464 5199 678 5258 Statera
725 5198 913 5254 dolosa
971 5192 1358 5252 abominabilis
1415 5189 1686 5258 Domino,
1743 5201 1799 5247 et
1850 5190 2061 5262 pondus
2164 5187 2311 5243 riunt
2341 5196 2398 5244 et
2427 5188 2616 5243 sitiunt
2658 5188 2927 5258 justitiam
2966 5194 3266 5263 :quoniam
3299 5195 3404 5265 ipsi
3434 5195 3751 5252 saturabun-

461 5307 676 5365 aaquum
702 5290 956 5347 voluntas
983 5287 1102 5358 ejus
1130 5286 1328 5359 (Prov.
1363 5283 1464 5355 xt).
2165 5289 2252 5337 tur
2279 5280 2464 5351 (Matt.
2494 5281 2570 5353 v).
2606 5279 2973 5354 Multipliciter
3002 5301 3126 5342 caro
3147 5301 3169 5341 .°
3195 5288 3326 5356 quia
3359 5288 3481 5359 plus
3527 5288 3752 5344 sustinet

537 5384 719 5441 Nolite
748 5398 955 5456 sperare
979 5382 1032 5436 in
1062 5380 1352 5452 iniquitate,
1397 5386 1445 5432 et
1487 5377 1702 5448 rapinas
1741 5376 1897 5432 nolite
1935 5392 2061 5430 con-
2162 5389 2315 5436 caro.
2346 5389 2507 5446 quam
2533 5377 2734 5430 anima.
2763 5375 3025 5446 Quamvis
3049 5381 3231 5436 anima
3254 5397 3353 5452 per
3378 5382 3749 5455 cogitationem

457 5479 763 5551 cupiscere:
812 5475 1005 5530 divitia:
1047 5474 1092 5528 si
1139 5475 1386 5544 afﬂuant,
1435 5470 1594 5526 nolite
1643 5486 1733 5524 cor
1779 5484 2056 5541 apponere.
2165 5470 2440 5526 crucietur
2471 5471 2522 5526 in
2551 5485 2815 5542 corpore:
2849 5487 3047 5544 corpus
3077 5482 3257 5532 tamen
3287 5477 3523 5534 sustinet
3561 5493 3590 5532 a
3628 5475 3750 5532 loris

458 5573 595 5642 Quia
623 5569 718 5643 qui
743 5570 796 5625 in
829 5568 917 5624 his
945 5565 1268 5638 Speraverit,
1315 5579 1544 5636 regnum
1591 5577 1792 5634 capere
1837 5561 2059 5618 caeleste
2166 5562 2592 5620 tribulationem.
2624 5563 2752 5621 Vult
2777 5564 2996 5623 liberari
3024 5586 3036 5621 :
3069 5567 3124 5624 id
3156 5577 3262 5638 est,
3305 5569 3580 5643 deponere
3611 5583 3748 5626 mor-

457 5681 565 5723 non
597 5673 798 5735 potest.
830 5661 986 5720 Unde
1029 5659 1162 5716 dicit
1203 5657 1504 5732 Apostolus
1551 5659 1620 5714 ad
1667 5656 2055 5714 Timotheum:
2163 5659 2451 5716 talitatem.
2481 5658 2548 5714 In
2585 5668 2721 5715 terra
2761 5661 2982 5728 deserta,
3024 5663 3080 5717 in
3121 5663 3262 5720 inuia
3301 5672 3351 5720 et
3383 5666 3658 5736 inaquosa.
3695 5661 3748 5718 In

459 5759 704 5833 Praecipe
747 5755 1007 5814 divitibus
1052 5753 1216 5825 hujus
1255 5753 1439 5810 saeculi
1483 5767 1594 5810 non
1642 5764 1866 5824 sperare
1896 5750 1949 5807 in
1978 5749 2058 5806 in-
2164 5750 2406 5822 deserto,
2439 5752 2529 5809 ubi
2562 5767 2668 5810 non
2697 5762 2782 5810 est
2805 5754 2891 5811 via
2919 5770 3095 5827 neque
3120 5771 3283 5829 aqua,
3322 5757 3553 5817 mundus
3595 5754 3749 5815 intel-
