3954 6340
242 303 354 362 MOI

1148 294 1584 357 BREVIABIUM
1625 295 1689 354 IN
1730 293 2068 357 PSALMOS.
2107 298 2359 359 PSALM.
2401 301 2583 360 LXIII.

3342 308 3480 367 I002

236 416 408 490 ligitur.
441 413 734 478 Desertum,
761 420 989 483 propter
1015 421 1334 484 peceatores
1360 413 1579 470 dicitur.
1611 412 1701 469 Sic
1728 414 1783 468 in
1805 414 1859 475 Α
1886 424 2001 470 rant
2031 416 2086 471 in
2116 433 2195 473 eo.
2226 418 2329 487 Qui
2357 427 2611 491 suscepta
2638 427 2979 476 sacramenta
3008 419 3131 491 ejus
3153 420 3480 481 inviolabili-

243 516 395 566 sancto
416 502 619 579 apparati
644 503 753 560 tibi.
785 505 845 561 In
872 503 975 562 hac
1000 505 1091 561 siti
1117 506 1346 577 degens,
1377 515 1599 563 sanctus
1617 522 1785 578 appa-_

238 605 351 663 rebo
373 601 479 658 tibi.
500 599 595 657 llic
620 599 879 671 prepheta
911 608 1134 672 propter
1157 614 1310 672 spem
1334 614 1508 669 suam,
1543 599 1782 657 futurum

236 712 323 772 pro
349 694 607 768 praeterito
634 693 833 765 posuit.
869 692 938 750 Ut
978 694 1204 750 viderem
1240 694 1479 750 virtutem
1519 704 1693 763 tuam,
1735 703 1786 750 et

235 789 422 865 gloriam
443 799 598 843 tuam.
629 785 901 844 Christum
924 787 1108 859 utique
1133 788 1243 860 qui,
1263 787 1418 860 juxta
1440 788 1783 859 Apostolum,

236 882 386 940 Patris
411 892 461 938 et
484 880 674 946 virtus,
701 887 760 936 et
784 880 1008 937 claritas
1034 888 1143 937 est.
1184 879 1481 937 Virtutem:
1506 880 1630 952 quia
1659 880 1789 936 vicit

233 975 494 1043 diabolum,
521 972 952 1045 liberavitgenus
977 972 1297 1030 humanum.
1329 972 1597 1030 Virtutem
1629 973 1785 1043 dicit,

232 1070 337 1143 quia
360 1067 494 1140 quod
519 1066 792 1123 infirmum
822 1075 907 1124 est
943 1067 1062 1137 Dei,
1114 1067 1307 1125 fortius
1350 1075 1435 1125 est
1477 1066 1788 1123 hominibus

231 1162 273 1237 (I
293 1162 398 1218 Cor.
427 1159 497 1233 ι).
524 1160 616 1217 Sic
640 1161 693 1215 in
717 1167 893 1216 sancto
921 1161 1143 1234 apparui
1171 1160 1262 1215 tibi
1286 1179 1303 1216 :
1337 1159 1389 1217 id
1420 1170 1526 1229 est,
1570 1160 1622 1216 in
1664 1175 1790 1216 san-

226 1266 302 1314 clo
320 1253 594 1312 desiderio.
624 1252 688 1309 Et
713 1252 937 1328 gloriam
956 1262 1131 1310 luant:
1155 1253 1207 1310 id
1227 1262 1333 1322 est,
1358 1253 1591 1327 gloriam
1616 1267 1792 1310 resur-

222 1349 375 1423 gentis
400 1364 429 1403 a
457 1346 704 1416 mortuis,
733 1345 979 1403 sedentis
1004 1346 1071 1404 ad
1103 1346 1383 1404 dexteram
1412 1346 1611 1403 Patris.

284 1440 407 1510 Quia
436 1438 611 1496 melior
637 1448 711 1494 est
741 1440 1096 1496 misericordia
1123 1451 1211 1495 tua
1232 1456 1391 1513 super
1410 1441 1561 1496 vitas.
1584 1439 1790 1497 Miseri-

221 1537 381 1596 cordia
422 1544 507 1592 tua
555 1535 723 1592 vitam
769 1544 992 1607 prmstat
1037 1544 1319 1592 aeternam.
1372 1533 1492 1592 Vita
1547 1547 1791 1607 praesens

220 1649 347 1705 saepe
368 1640 591 1689 mortem
619 1640 903 1703 operatur.
934 1630 1296 1687 Misericordia
1319 1639 1433 1697 tua,
1455 1644 1563 1702 qua
1590 1629 1794 1686 Iibera~

218 1728 277 1784 sti
302 1741 392 1783 nos
422 1726 487 1782 de
517 1714 788 1797 polestate
816 1722 1040 1781 diaboli.
1068 1721 1233 1778 Labia
1256 1739 1367 1778 mea
1395 1721 1685 1777 laudabunt
1719 1731 1788 1789 te,

218 1818 431 1875 Domine.
462 1817 553 1875 Sic
582 1817 883 1873 benedicam
908 1825 957 1873 te
996 1818 1051 1872 in
1090 1817 1196 1872 vita
1229 1833 1359 1872 mea.
1404 1816 1552 1873 Bene
1593 1817 1645 1871 in
1684 1816 1793 1872 vita
1823 1813 1873 1874 B
1899 1817 2083 1873 timore
2110 1818 2309 1873 inimici
2352 1819 2491 1892 eripe
2527 1819 2754 1875 animum
2798 1836 2985 1876 meam.
3015 1818 3272 1877 Credenti
3303 1822 3496 1890 Deum,
3598 1864 3599 1867 η

215 1930 299 1973 sua
318 1914 468 1971 labiis
492 1913 666 1970 Deum
689 1911 896 1979 laudat,
922 1913 1013 1984 qui
1043 1914 1096 1968 in
1115 1927 1182 1969 eo
1204 1912 1337 1968 vivit
1361 1931 1371 1966 :
1397 1912 1519 1983 quia
1542 1913 1645 1968 scit
1665 1910 1795 1969 alibi

214 2007 419 2065 dictum:
446 2006 561 2064 Non
583 2007 785 2063 mortui
803 2005 1105 2063 laudabunt
1123 2015 1195 2072 te,
1219 2004 1449 2062 Domine
1471 2004 1597 2079 (Ps.
1618 2005 1792 2077 cxtu).

213 2099 329 2157 Post
345 2099 798 2166 misericordiam,
827 2100 975 2157 laus:
1000 2098 1090 2156 hic
1109 2115 1200 2155 ora
1211 2098 1341 2165 ndo,
1366 2097 1475 2155 illic
1498 2098 1794 2156 laudando.

212 2192 273 2248 Et
299 2195 347 2248 in
372 2193 577 2249 nomine
603 2201 694 2248 tuo
716 2191 894 2247 levabo
920 2208 1104 2247 manus
1138 2208 1298 2248 meas.
1331 2190 1573 2248 Perfecti
1613 2191 1797 2262 operis

207 2286 393 2344 bonoa
433 2296 487 2343 te
533 2285 880 2343 sublimabor
909 2284 1198 2343 :Christus
1248 2292 1358 2341 tota
1405 2284 1494 2341 die
1537 2284 1799 2357 expandit

208 2397 381 2439 manus
407 2382 459 2438 in
490 2396 662 2439 cruce
687 2380 758 2438 ad
786 2379 1045 2452 populum
1075 2393 1183 2436 non
1211 2377 1550 2447 credentem,
1580 2386 1637 2434 et
1660 2391 1796 2433 con-

212 2474 550 2532 tradicentem
583 2473 715 2533 sibi.
744 2474 908 2532 Velut
933 2473 1133 2530 Paulus
1162 2473 1213 2528 in
1263 2486 1529 2544 personas
1578 2479 1798 2528 sancto-

206 2585 311 2626 rum
341 2569 528 2626 levans
578 2584 778 2626 manus
814 2584 979 2641 puras
1008 2567 1127 2625 sine
1168 2567 1282 2632 ira,
1314 2574 1369 2622 et
1398 2564 1800 2637 disceptatione

207 2659 353 2736 (Isai.
408 2679 535 2732 uv,
576 2673 627 2720 et
666 2661 691 2720 I
725 2661 860 2721 Tim.
890 2665 985 2734 ιι).
1015 2660 1122 2719 Per
1151 2675 1372 2729 manus,
1406 2673 1574 2732 opera
1600 2657 1801 2715 intelli-

204 2767 405 2829 guntnr.

265 2852 409 2910 Sicut
445 2853 645 2925 adipe,
671 2859 724 2907 et
752 2850 1066 2926 pinguedine
1092 2849 1356 2923 repleatur
1385 2848 1565 2903 anima
1592 2862 1724 2916 mea,
1752 2852 1799 2902 et

200 2947 334 3002 labiis
356 2946 735 3003 exercitationis
760 2944 993 3001 laudabit
1017 2961 1073 2999 os
1102 2959 1293 2999 meum.
1321 2939 1440 2998 Non
1471 2941 1525 2997 in
1549 2939 1708 3011 adipe
1736 2954 1801 2995 ac

199 3040 517 3112 pinguedine
547 3040 836 3097 hircorum
867 3038 957 3095 vel
986 3052 1250 3111 agnorum
1278 3055 1291 3090 :
1326 3035 1468 3093 sicut
1500 3034 1800 3106 priscorum

196 3134 728 3193 holocaustomatum
757 3148 877 3191 mos
901 3144 1018 3202 est;
1054 3132 1155 3190 sed
1194 3131 1359 3189 corde
1399 3145 1571 3203 puro,
1612 3138 1669 3187 et
1705 3144 1801 3187 ore

1890 517 1971 566 ter
1997 519 2372 568 servaverunt.
2406 511 2542 581 Quia
2569 512 2890 567 obstructum
2932 520 3007 567 est
3056 530 3113 568 os
3155 512 3480 587 loquentium

1886 604 2087 676 iniqua.
2129 604 2443 662 Judzeorum
2493 613 2549 662 et
2574 605 2882 678 principum
2918 606 3264 664 sacerdotum
3301 623 3365 666 os
3396 626 3483 666 re-

1887 706 2147 771 surgente
2170 699 2399 755 Domino
2423 700 2720 771 oppilatum
2734 709 2842 771 est,
2866 709 3150 757 crescente
3170 701 3482 760 testimonio

1891 791 2159 847 veritatis.
2204 791 2272 847 Et
2301 807 2401 850 nos
2429 791 2789 863 deprecemur
2826 790 3115 848 Dominum
3149 810 3162 847 :
3197 792 3334 848 utin
3364 793 3485 864 ejus

1889 882 2065 940 lucem
2091 884 2400 956 vigilantes,
2431 884 2605 957 ipsum
2626 884 2825 957 iugiter
2850 883 3125 953 sitientes,
3154 899 3484 956 mereamur,

1890 991 1958 1034 eo
1987 977 2283 1049 largiente,
2315 977 2473 1035 bonis
2497 978 2755 1050 operibus
2783 977 3098 1051 adimpleri.

2421 1131 2741 1191 PSALMUS
2780 1132 2966 1190 LXIII.

1894 1224 1962 1281 In
1990 1226 2146 1298 ﬁnem
2193 1224 2439 1282 Psalmus
2494 1225 2684 1283 David.
2719 1227 2968 1283 Psalmus
3010 1241 3203 1284 vocem
3248 1227 3493 1289 continet

1968 1299 2249 1370 propheta:
2297 1298 2465 1354 Deum
2511 1298 2714 1370 jugiter
2742 1298 3088 1369 deprecantis
3121 1317 3134 1355 :
3167 1308 3228 1354 ut
3263 1316 3372 1356 non
3400 1316 3492 1356 so-

1970 1372 2078 1425 lum
2101 1385 2196 1424 sua
2228 1376 2485 1442 peccata,
2501 1370 2597 1425 sed
2617 1380 2675 1426 et
2699 1370 2803 1425 alia
2827 1371 3092 1426 malorum
3117 1386 3347 1440 venena,
3372 1372 3492 1442 ipso

1967 1450 2318 1515 protegente,
2341 1440 2535 1515 possit
2555 1442 2815 1498 evadere.
2842 1442 2956 1515 Sed
2988 1452 3043 1515 et
3065 1458 3168 1498 nos
3188 1440 3495 1515 intelligere

1966 1512 2230 1569 debemus
2270 1513 2322 1567 id
2350 1512 2494 1584 quod
2524 1512 2579 1567 in
2625 1527 2692 1570 eo
2734 1513 2976 1582 canitur,
3032 1514 3085 1569 in
3140 1512 3492 1571 credentibus

1969 1599 2130 1655 posse
2157 1584 2392 1655 impleri.

1971 1721 2203 1791 Exaudi,
2248 1721 2413 1792 Deus,
2445 1722 2731 1781 orationem
2766 1741 2934 1781 meam
2973 1743 3091 1782 cum
3141 1726 3388 1800 deprecor
3417 1746 3435 1785 :
3462 1747 3497 1784 a

1897 1912 2068 1968 multa
2092 1920 2218 1968 sunt
2243 1920 2601 1982 tentamenta,
2634 1913 2936 1972 secundum
2976 1914 3302 1987 Apostolum
3330 1915 3498 1973 :Om-

1897 2020 2017 2075 nes,
2052 2004 2252 2077 inquit,
2284 2005 2377 2077 Qui
2407 2006 2599 2065 volunt
2646 2007 2734 2078 pie
2779 2008 2962 2065 vivere
3003 2008 3056 2064 in
3088 2007 3305 2066 Christo
3345 2008 3498 2080 Jesu,

1898 2099 2336 2173 persecutionem
2366 2100 2649 2172 patiuntur
2681 2102 2747 2176 (ll
2785 2101 2923 2158 Tim.
2969 2102 3075 2175 ιιι).
3115 2103 3272 2161 Unde
3296 2104 3507 2162 intente

1899 2209 2002 2249 nos
2047 2194 2101 2250 in
2151 2195 2490 2251 orationibus
2536 2194 2765 2267 vigilare
2806 2205 3054 2267 oportet,
3087 2205 3147 2253 ut
3194 2213 3501 2269 repugnare

1900 2288 2174 2361 possimus
2199 2289 2367 2345 vitiis.
2392 2290 2437 2344 Α
2459 2289 2642 2343 timore
2657 2289 2862 2344 inimici
2885 2305 2905 2344 :
2933 2288 2986 2344 id
3013 2297 3118 2356 est,
3150 2289 3350 2346 diaboli
3377 2305 3502 2357 per-

1900 2382 2166 2438 secutoris
2200 2399 2215 2436 :
2246 2390 2307 2438 ut
2341 2380 2474 2437 illud
2504 2399 2516 2435 :
2548 2379 2731 2439 Nolite
2761 2381 2952 2438 timere
2986 2396 3084 2438 eos
3110 2382 3203 2453 qui
3245 2380 3504 2438 occidunt

1900 2489 2100 2546 corpus
2134 2493 2145 2528 :
2187 2474 2429 2530 animam
2457 2484 2641 2531 autem
2679 2490 2787 2530 non
2828 2482 3056 2546 possunt
3080 2473 3370 2539 occidere;
3403 2473 3503 2532 scd

1902 2568 2084 2641 potius
2114 2583 2237 2624 eum
2286 2569 2499 2635 timete,
2531 2567 2622 2640 qui
2655 2576 2834 2638 potest
2859 2583 3063 2640 corpus
3086 2613 3101 2637 ,
3156 2578 3208 2626 et
3257 2571 3500 2627 animam

1902 2661 2131 2734 perdere
2161 2660 2214 2717 in
2246 2660 2552 2735 gehennam
2586 2660 2765 2734 (Matt.
2791 2661 2871 2730 κ).

1977 2752 2260 2810 Protexisti
2301 2770 2383 2810 me
2410 2772 2445 2809 a
2470 2765 2727 2811 conventu
2751 2756 3171 2827 malignantium,
3202 2773 3235 2811 a
3266 2758 3502 2814 multitu-

1904 2851 2026 2906 dine
2045 2851 2376 2922 operantium
2404 2852 2729 2924 iniquitatem
2757 2868 2776 2907 :
2805 2853 2929 2923 quia
2958 2864 3275 2910 exacuerunt
3303 2865 3359 2910 ut
3384 2856 3501 2928 gla—

1905 2945 2050 2999 dium
2079 2944 2289 3015 linguas
2316 2960 2455 3000 suae.
2482 2944 2847 3016 Malignantur
2877 2945 3073 3016 iniqui,
3104 2956 3161 3004 et
3181 2957 3383 3004 acuunt
3407 2949 3503 3004 lin—

1902 3054 2037 3111 guas
2082 3054 2209 3095 suas
2234 3082 2249 3108 ,
2305 3047 2364 3094 ut
2405 3038 2822 3110 blasphement;
2854 3039 2951 3097 sed
2994 3052 3213 3098 sanctus
3260 3041 3350 3098 hic
3391 3057 3500 3099 non

1906 3132 2277 3200 conturbatur,
2307 3132 2434 3203 quia
2465 3147 2494 3187 a
2526 3132 2638 3189 Deo
2667 3135 2994 3205 protegitur.
3027 3135 3073 3189 A
3104 3147 3354 3190 conventu
3388 3154 3499 3192 ma-

196 3232 387 3287 mundo
406 3230 706 3289 concinam
729 3229 933 3287 nomini
960 3239 1071 3286 tuo.
1093 3228 1244 3285 Sicut
1266 3225 1398 3283 illud
1425 3224 1800 3282 holocaustum
1829 3214 1877 3280 C
1907 3225 2223 3299 lignunlium
2262 3241 2280 3279 :
2319 3224 2374 3280 id
2429 3234 2534 3293 est,
2562 3224 2901 3297 Judaaorum,
2940 3228 3025 3284 vel
3063 3240 3496 3300 persecutor-um.

196 3326 243 3381 in
265 3325 642 3383 anterioribus
673 3332 959 3394 acceptum
989 3321 1086 3378 tibi
1115 3320 1247 3377 fuit:
1277 3320 1359 3376 sic
1384 3318 1663 3391 repleatur
1685 3317 1802 3373 ani-

192 3434 271 3473 ma
294 3434 415 3475 mea
442 3418 516 3476 de
543 3416 881 3490 pinguedine
908 3414 1094 3488 gratia:
1123 3412 1359 3485 Spiritus
1396 3412 1591 3468 sancti.
1626 3409 1804 3465 Labiis

190 3513 547 3568 exsultationis
578 3510 819 3567 laudabit
845 3526 901 3565 os
929 3524 1114 3565 meum.
1156 3506 1255 3562 llic
1278 3504 1555 3562 orationes
1572 3546 1586 3572 ,
1608 3511 1666 3560 et
1692 3502 1804 3559 illic

191 3604 556 3674 laudationes,
587 3616 648 3664 et
675 3603 864 3661 laetitia
893 3601 1244 3674 sempiterna.

254 3700 343 3756 Sic
376 3714 587 3756 memor
624 3698 706 3771 fui
738 3697 813 3752 tui
840 3710 993 3769 super
1020 3703 1243 3749 stratum
1281 3709 1469 3749 meum.
1503 3690 1558 3747 In
1597 3689 1804 3748 lcetulo

186 3793 463 3865 pudicitia:
490 3803 673 3865 atque
697 3788 1001 3847 sanctitatis
1024 3802 1232 3844 memor
1248 3802 1368 3843 sum
1396 3785 1472 3843 tui
1506 3803 1521 3841 :
1549 3784 1674 3857 quia
1698 3783 1801 3839 im-

182 3904 389 3946 memor
420 3904 555 3946 sum
590 3884 976 3944 delectationis
1006 3883 1318 3940 mundanas.
1353 3883 1444 3939 Sic
1494 3895 1692 3935 memor
1725 3878 1802 3950 fui

183 3984 270 4037 tui.
297 3983 446 4040 Dicit
471 3982 606 4039 lucc
642 3980 889 4037 Ecclesia
923 3998 936 4034 :
969 3987 1025 4036 et
1063 3978 1117 4034 in
1149 3977 1358 4049 requie,
1393 3983 1449 4032 et
1477 3977 1531 4030 in
1575 3973 1803 4032 tribula-

178 4075 346 4147 tione,
380 4093 499 4134 non
536 4074 624 4131 tui
656 4073 733 4129 fui
765 4072 989 4131 oblitus.
1019 4069 1086 4127 In
1122 4070 1397 4126 matutinis
1430 4067 1720 4126 meditabor
1747 4067 1802 4122 in

179 4180 264 4227 te:
292 4172 421 4244 quia
451 4170 616 4244 fuisti
646 4168 858 4240 adjutor
878 4182 1039 4222 meus.
1073 4163 1266 4222 Merito
1290 4163 1622 4221 conﬁtentur
1650 4159 1804 4232 adju-

175 4273 372 4332 torem,
401 4267 542 4339 quia
573 4277 682 4336 per
711 4263 1077 4333 integritatem
1098 4259 1247 4327 ﬁdei,
1277 4258 1544 4316 matutina
1569 4256 1686 4328 ejus
1709 4255 1804 4312 de-

172 4355 409 4415 lectetur
428 4355 874 4415 resurrectione.
891 4353 1109 4411 Utinam
1136 4362 1191 4409 et
1212 4366 1313 4408 nos
1332 4367 1429 4422 per
1451 4349 1802 4423 splendorem

170 4449 290 4520 puri
317 4449 584 4523 pectoris
615 4462 957 4505 mereremur
984 4447 1037 4502 in
1066 4461 1133 4503 eo
1173 4444 1445 4517 spirituali
1474 4444 1663 4501 laetitia
1708 4443 1802 4500 de~

174 4540 365 4600 lectari
376 4584 392 4600 .

1910 3319 2244 3375 Exacuerunt
2280 3329 2335 3374 ut
2361 3316 2598 3391 gladium
2627 3320 2835 3395 linguas
2856 3338 3000 3376 suas.
3031 3322 3153 3378 Alio
3185 3322 3307 3380 loco
3335 3323 3501 3381 dicit:

1906 3410 2114 3483 Lingua
2141 3427 2328 3469 eorum
2354 3411 2570 3481 gladius
2596 3420 2789 3469 acutus
2816 3411 2992 3488 (Psal.
3023 3413 3157 3487 nvi).

1979 3504 2321 3562 Intenderunt
2366 3524 2546 3563 arcum
2584 3524 2761 3565 suum.
2807 3508 3121 3567 Doctrinam
3162 3526 3337 3568 suam.
3373 3512 3502 3570 Rem

1907 3617 2162 3658 amaram.
2223 3599 2295 3658 Ut
2351 3600 2615 3659 doctrinis
2666 3603 2872 3660 dolosis
2920 3603 3195 3677 decipiant
3239 3609 3494 3679 parvulos

1905 3695 2107 3752 Christi
2138 3713 2149 3750 :
2184 3695 2302 3751 sive
2333 3694 2662 3767 neophytutn
2683 3697 2734 3752 in
2760 3697 3053 3768 baptismo,
3078 3700 3193 3755 sive
3222 3699 3375 3756 illum
3400 3704 3496 3772 qui

1906 3786 2083 3843 adhuc
2108 3787 2320 3859 ignorat
2350 3789 2671 3862 mysterium
2695 3788 2960 3847 doctrina:
2980 3792 3243 3849 cmlestis.

1980 3880 2167 3936 Subito
2194 3881 2507 3952 sagittabunt
2531 3898 2672 3951 eum,
2703 3891 2747 3938 et
2780 3900 2881 3937 non
2914 3884 3187 3941 timebunt.
3214 3884 3348 3942 Cum
3377 3903 3499 3945 eum

1908 3971 2098 4030 dolose
2127 3974 2385 4031 venenosi
2430 3977 2710 4047 sagittant.
2750 3975 2957 4045 Subito,
2997 3979 3150 4049 quasi
3180 3994 3248 4035 ex
3291 3979 3498 4051 impro-

1907 4067 2026 4124 viso
2052 4086 2064 4122 :
2095 4066 2147 4124 id
2177 4078 2293 4138 est,
2342 4066 2397 4123 in
2427 4083 2676 4125 excessu.
2709 4067 2777 4124 Et
2804 4086 2906 4125 non
2938 4071 3188 4127 timebunt
3215 4088 3232 4126 :
3261 4072 3364 4129 hoc
3393 4084 3499 4143 est,

1910 4163 2081 4220 Deum
2124 4169 2180 4218 et
2211 4161 2476 4233 judicium
2507 4162 2647 4233 ejus.
2690 4161 3054 4219 Firmaverunt
3091 4166 3190 4221 sibi
3218 4183 3502 4224 sermonem

1909 4274 2147 4330 nequam.
2184 4255 2544 4312 Narraverunt
2580 4266 2635 4311 nt
2657 4256 3025 4314 absconderant
3055 4260 3261 4332 laqueos
3293 4278 3311 4317 :
3348 4263 3500 4322 diae

1907 4362 2050 4419 runt,
2075 4354 2187 4425 quis
2208 4352 2394 4407 videbit
2422 4355 2547 4409 eos?
2572 4352 2706 4409 Cum
2722 4368 2782 4410 se
2808 4352 2862 4409 in
2895 4354 2997 4408 hac
3025 4354 3231 4410 malitia
3254 4356 3496 4424 firmant,

1911 4453 1970 4502 ut
1999 4444 2098 4501 hos
2120 4443 2460 4515 deceptionis
2487 4444 2713 4517 laqueos
2737 4443 2862 4501 huic
2890 4445 3012 4501 rudi
3033 4444 3317 4504 intendant
3348 4468 3361 4503 :
3392 4466 3503 4508 non

1913 4546 2104 4609 putant
2154 4536 2258 4591 hoc
2296 4536 2467 4593 Deum
2500 4551 2664 4607 posse
2695 4551 3029 4609 cognoscere
3063 4557 3078 4595 :
3107 4540 3195 4597 cui
3234 4542 3371 4599 nihil
3413 4560 3504 4601 oc-

238 4636 312 4694 Et
338 4639 399 4694 in
435 4638 748 4694 velamento
770 4634 974 4691 alarum
1002 4643 1207 4690 tuarum
1238 4632 1529 4689 exsultabo.
1552 4629 1806 4690 Caelestis
1832 4619 1889 4683 D
1914 4631 2116 4690 cultum
2156 4630 2285 4687 latet
2316 4649 2330 4688 :
2358 4630 2450 4703 qui
2481 4638 2535 4687 et
2567 4642 2782 4688 nostras
2818 4646 3036 4704 quoque
3063 4635 3273 4691 animas
3314 4646 3506 4707 potens

168 4732 357 4788 auxilii
413 4730 783 4804 protectione
825 4745 886 4786 se
916 4728 1201 4785 tutandum
1251 4736 1403 4799 putat
1434 4746 1448 4784 :
1477 4726 1599 4784 ideo
1638 4726 1691 4781 in
1739 4742 1808 4784 eo
1911 4735 1995 4783 est
2035 4740 2062 4779 a
2095 4723 2307 4795 sagittis
2344 4738 2535 4781 eorum
2583 4722 2750 4794 largis
2800 4722 3016 4795 pietatis
3052 4740 3166 4783 sua:
3202 4729 3375 4785 armis
3411 4731 3510 4787 dc-

163 4827 433 4884 exsultat.
503 4825 760 4881 Adhaesit
807 4825 987 4879 anima
1035 4840 1148 4878 mea
1190 4831 1305 4895 post
1347 4832 1441 4878 te:
1469 4839 1549 4877 me
1581 4821 1807 4894 suscepit
1911 4816 2153 4873 fendere.

162 4920 387 4976 dextera
423 4930 554 4975 tua.
593 4917 812 4975 Relicto
839 4915 1060 4982 saeculo,
1094 4914 1192 4971 Dei
1223 4914 1447 4972 dextera
1473 4956 1489 4984 ,
1523 4912 1576 4970 id
1604 4921 1711 4980 est,
1739 4913 1807 4969 ab

158 5016 277 5088 ejus
304 5016 564 5075 salutari
596 5028 661 5070 se
682 5021 992 5084 susceptum
1016 5019 1267 5068 testatur.

229 5109 354 5182 Ipsi
385 5126 550 5167 vero.
595 5107 713 5163 IIoc
742 5114 846 5176 est,
881 5105 1103 5161 inimici.
1147 5102 1216 5159 In
1257 5119 1447 5159 vanum
1494 5103 1807 5176 quesierunt

155 5204 405 5260 animam
436 5214 661 5258 meam.
706 5197 842 5268 Quia
883 5198 1155 5254 incassum
1184 5197 1233 5252 ei
1267 5210 1471 5252 nocere
1496 5195 1806 5251 voluerunt.

156 5294 492 5353 Introibsmt
524 5295 593 5349 in
616 5291 871 5365 inferiora
891 5301 1057 5349 terrai.
1077 5291 1137 5347 In
1152 5291 1363 5347 inferno
1382 5289 1804 5346 damnabuntur.

153 5390 488 5449 Tradentur
521 5389 589 5445 in
626 5404 809 5443 manus
830 5387 1017 5460 gladii.
1040 5385 1098 5443 lu
1122 5386 1537 5459 perpetuitatem
1568 5394 1811 5441 tormen—

149 5490 384 5555 torum,
447 5481 677 5554 quibus
725 5478 1077 5537 detruncandi
1118 5488 1265 5536 sunt.
1324 5477 1510 5534 Partes
1552 5478 1785 5547 vulpium

142 5588 328 5636 erunt.
381 5577 647 5634 Sortem
678 5573 931 5640 Ilerodis,
964 5573 1057 5645 qui
1085 5588 1114 5628 a
1142 5571 1379 5629 Domino
1421 5571 1609 5644 vulpes
1632 5569 1810 5628 dictus

148 5684 263 5741 est,
293 5669 662 5744 suscepturi
690 5668 843 5740 (Luc.
872 5667 1011 5741 xui).

221 5767 354 5825 Rea:
384 5781 528 5825 tero
562 5762 835 5819 laetabitur
863 5763 918 5819 in
960 5761 1207 5818 Domino.
1252 5761 1507 5819 Christus
1550 5761 1604 5818 in
1654 5761 1814 5819 Patre

142 5873 284 5939 post
314 5856 848 5922 resurrectionem.
875 5856 944 5911 Et
980 5855 1333 5913 laudabuntur
1365 5872 1541 5914 omnes
1568 5856 1654 5930 qui
1702 5873 1817 5931 spe-

525 5954 822 6018 ΡΔτιιοι..
868 5950 1105 6015 XXVI.

1986 4911 2216 4967 Scrutati
2234 4919 2354 4966 sunt
2371 4909 2665 4982 iniquitates
2694 4925 2713 4977 ,'
2736 4909 3035 4982 defecerunt
3053 4921 3336 4968 scrutantes
3354 4928 3506 4970 scru-

1913 5006 2061 5062 tinia.
2087 5006 2336 5063 llzcretici
2362 5019 2576 5078 quoque
2588 5014 2900 5062 scrutantur
2915 5006 3229 5078 Scripturas
3251 5020 3501 5066 sanctas:

1915 5110 1971 5157 et
2020 5116 2125 5158 non
2155 5096 2511 5171 spiritualiter
2538 5106 2870 5167 tractantes,
2908 5114 3078 5155 vanas
3107 5100 3304 5157 exinde
3329 5102 3511 5173 prole.

1920 5202 2046 5249 runt
2104 5191 2457 5264 qumstiones,
2488 5190 2690 5263 quibus
2744 5208 2842 5248 nos
2896 5206 2992 5264 per
3044 5192 3411 5263 iniquitatem,
3458 5205 3516 5253 et

1920 5285 2105 5343 dolum
2135 5282 2361 5355 cupiunt
2393 5282 2713 5354 illaqueare.
2742 5282 2850 5340 Sed
2893 5283 2968 5339 nil
2998 5286 3376 5357 prmvalenles,
3411 5290 3515 5360 ipsi

1922 5378 2102 5451 potius
2128 5391 2159 5433 a
2191 5376 2306 5433 Deo
2353 5375 2577 5433 scrutati
2614 5385 2778 5449 atque
2817 5376 3115 5448 cxinaniti,
3160 5378 3336 5436 relicti
3385 5391 3515 5440 sunt

1916 5472 2095 5530 vacui.

1992 5566 2209 5624 Accedet
2234 5567 2397 5626 homo
2423 5569 2493 5626 ad
2520 5582 2609 5624 cor
2628 5565 2817 5636 altum,
2842 5574 2889 5622 et
2918 5565 3227 5622 exaltabitur
3262 5564 3424 5624 Deus.
3455 5567 3517 5627 Si

1921 5677 2045 5718 cum
2075 5664 2342 5734 sapientia
2365 5663 2462 5720 Dei
2488 5661 2556 5718 ad
2588 5660 2681 5717 alti
2705 5658 2888 5717 cordis
2915 5658 3248 5715 intellectum
3274 5660 3398 5731 quis
3430 5678 3525 5720 ac-

1923 5756 2127 5815 cedens
2151 5759 2251 5814 ista
2280 5756 2617 5813 discriminat
2648 5770 2663 5812 :
2695 5754 2747 5810 id
2778 5762 2884 5825 est,
2909 5753 3194 5810 veritatem
3225 5767 3289 5809 ac
3318 5752 3524 5811 falsita-

1928 5864 2034 5913 tem
2064 5852 2362 5922 discernat,
2410 5862 2540 5909 tunc
2584 5849 2728 5908 Deus
2775 5848 3122 5907 exaltabitnr.
3158 5845 3259 5915 Qui
3302 5860 3425 5904 cum
3458 5849 3529 5908 sit

2964 5939 3045 6003 32
