3954 6340
449 332 587 392 i005

1205 316 1554 379 APPENDIX
1592 315 1687 373 an
1723 292 1966 371 'ronun
2008 305 2357 368 ssrrmun
2396 311 2455 369 s.
2500 310 2906 371 nmnoavm.

3604 311 3726 372 {CM

439 458 760 524 altissimus,
796 462 977 509 tamen
1009 449 1076 505 de
1107 461 1173 503 eo
1199 444 1419 518 quando
1447 450 1597 500 recte
1623 439 1913 506 sentimus,
1945 449 2037 491 su-
2067 436 2121 497 Α
2148 433 2403 491 Sanctum
2431 442 2505 490 est
2536 435 2783 508 templum
2818 442 2985 491 tuum.
3028 429 3203 490 Homo
3230 429 3323 489 ille
3353 431 3407 488 in
3432 446 3541 502 quo
3570 431 3733 502 pleni-

440 551 707 608 biimatur
736 548 790 603 in
816 544 995 602 nobis.

520 642 740 714 Sagitta:
766 635 1101 709 parvulorum
1126 637 1282 706 [actm
1302 638 1422 687 sunt
1446 630 1617 701 plaga:
1642 638 1841 683 eorum.
1882 621 2045 679 Intel-

446 737 678 807 ligentes
714 730 860 787 enim
907 727 1040 800 justi
1086 742 1211 782 cum
1264 724 1503 780 viderint
1558 722 1703 775 bone
1761 714 2044 789 parvulum

447 840 609 899 quem
633 824 887 896 superius
912 820 1289 892 exposuimus,
1314 817 1384 873 ab
1416 816 1522 872 hoc
1551 810 1925 895 persuasimus
1944 822 2043 864 ve-

447 932 592 977 neno
630 916 779 975 inﬂci
814 935 825 971 :
855 930 977 972 cum
1025 912 1363 971 elevaverint
1401 924 1589 966 vocem
1636 920 1793 964 suam
1835 914 1894 960 ut
1918 918 2042 960 eum

443 1013 748 1084 corrigam,
782 1009 1031 1081 protinus
1059 1013 1223 1063 erunt
1245 1002 1447 1076 iniquis
1478 1003 1642 1057 verba
1676 1010 1867 1055 eorum
1892 996 2044 1067 quasi

445 1107 637 1179 plagm.
684 1103 751 1159 Et
809 1104 1077 1173 inﬁrmata
1121 1110 1191 1156 est
1244 1107 1427 1154 contra
1482 1112 1566 1152 eos
1609 1095 1793 1165 lingua
1847 1108 2044 1147 eorum.

444 1201 660 1258 Nullam
688 1198 835 1270 capit
855 1193 1211 1252 stabilitatem
1241 1191 1483 1249 elocutio
1512 1204 1737 1245 eorum:
1762 1186 1859 1242 sed
1888 1184 2048 1241 dolus

446 1310 632 1352 eorum
655 1293 847 1350 reddet
875 1306 973 1349 eos
1005 1290 1272 1346 inﬁrmos.

517 1388 826 1446 Conturbati
853 1396 974 1443 sunt
1009 1401 1186 1440 omnes
1213 1385 1305 1453 qui
1332 1381 1573 1437 uidebant
1602 1396 1712 1436 eos.
1742 1372 1965 1434 Conlttsi
1995 1383 2052 1430 et

444 1482 752 1540 conturbati
784 1492 929 1547 sunt,
963 1479 1056 1550 qui
1087 1494 1147 1534 se
1199 1475 1363 1531 simili
1406 1484 1599 1532 errore
1640 1469 1930 1541 implicitos
1961 1484 2048 1524 re-

444 1578 799 1648 cognoscunt.
824 1572 892 1628 Et
916 1571 1085 1629 timuit
1118 1571 1284 1626 omnis
1318 1570 1493 1624 homo.
1528 1564 1799 1624 Iudicium
1824 1562 1928 1619 sibi
1952 1561 2051 1617 im-

451 1674 664 1729 mittere
701 1671 964 1727 divinum.

520 1763 1046 1819 Etannuntiaverunt
1091 1772 1249 1827 Opera
1298 1753 1434 1809 Dei:
1468 1764 1517 1809 et
1562 1753 1702 1820 facta
1742 1751 1853 1822 ejus
1900 1745 2052 1801 intel-

2149 528 2280 585 tudo
2294 526 2881 585 divinitatisinbabitat
2911 544 2926 586 :
2956 527 3024 584 de
3040 540 3150 599 quo
3173 525 3373 582 dicitur
3388 523 3458 580 ad
3479 522 3727 580 Mariam:

2152 624 2219 680 Et
2260 623 2404 695 (ιιιθά
2449 635 2708 680 nascetur
2750 637 2815 680 ex
2846 631 2900 679 te
2927 628 3213 688 sanctum,
3246 620 3531 678 vocabitur
3571 619 3734 678 Filius

2149 716 2243 773 Dei
2274 715 2427 789 (Luc.
2458 715 2522 787 It)
2544 726 2559 769 ε
2582 730 2707 771 cum
2729 716 2786 770 in
2806 731 2870 771 ea
2901 713 3163 771 Dominus
3186 727 3409 769 carnem
3432 722 3738 784 assumptu-

2148 824 2241 865 rus
2267 808 2615 864 inbabitabit.
2659 807 2900 863 Mirabile
2934 806 2989 862 in
3025 806 3283 879 tequitate.
3312 805 3446 874 Quia
3479 820 3590 860 non
3623 819 3734 861 cre-

2147 899 2404 957 dentibus
2423 898 2647 967 Judaais,
2675 898 3003 955 mirabiliter
3026 897 3147 969 ipse
3172 897 3436 955 Dominus
3455 896 3735 953 veritatem

2147 995 2382 1063 aperuit.

2222 1085 2435 1142 Exaudi
2467 1102 2579 1154 nos,
2611 1086 2753 1142 Deus
2778 1084 3023 1141 salutaris
3049 1096 3263 1140 noster:
3290 1100 3407 1158 spes
3433 1085 3666 1139 omnium
3683 1084 3740 1155 ﬁ-

2149 1181 2293 1234 nium
2315 1187 2468 1234 terrm
2485 1188 2534 1234 et
2561 1178 2616 1234 in
2642 1178 2776 1233 mari
2806 1178 2977 1251 longe.
3003 1176 3306 1234 Providens
3327 1176 3615 1247 propheta,
3645 1186 3742 1231 ter-

2150 1289 2248 1343 ras,
2279 1274 2476 1339 maris,
2511 1289 2577 1328 ac
2604 1273 2793 1328 finium
2825 1272 3102 1338 omnium,
3131 1284 3285 1341 spem
3315 1269 3594 1326 Christum
3628 1282 3743 1325 esse

2150 1366 2514 1422 annuntlavit.
2544 1365 2699 1435 Quod
2720 1372 2905 1422 autem
2932 1380 2994 1421 se
3015 1364 3083 1421 ab
3100 1378 3170 1420 eo
3196 1359 3447 1420 exandiri
3477 1362 3741 1435 postulat:

2152 1459 2235 1515 sic
2282 1459 2623 1531 intelligitur,
2668 1472 2732 1517 ac
2760 1461 2806 1516 si
2838 1459 3088 1516 diceret:
3121 1458 3243 1514 iam
3271 1457 3429 1525 veni,
3460 1466 3523 1513 ut
3566 1473 3667 1527 per
3696 1468 3741 1513 te

2152 1551 2351 1607 salvari
2383 1564 2620 1609 merear.

2225 1642 2543 1717 Prteparanc
2569 1653 2768 1700 montes
2783 1645 2838 1699 in
2867 1644 3053 1700 virtute
3072 1652 3183 1711 tua,
3212 1642 3473 1698 accinctus
3496 1641 3739 1715 potentia.

2154 1736 2276 1807 Ipse
2306 1737 2565 1793 Dominus
2599 1736 2837 1794 Verbum
2868 1751 3001 1793 caro
3044 1736 3246 1793 factum
3278 1743 3362 1791 est
3391 1735 3446 1790 in
3470 1742 3745 1805 assumpto

446 1859 705 1914 (exerunt.
761 1853 1082 1925 Campum“
1132 1851 1279 1908 enim
1334 1849 1525 1916 col-dc,
1578 1845 1904 1917 ίηιθιιιςυηι,
1956 1857 2052 1895 an-
2082 1828 2397 1925 Bheniine.
2442 1830 2715 1884 Accinctus
2754 1832 2998 1901 potentia,
3046 1828 3431 1886 celsitudinem
3483 1829 3745 1883 montium

448 1951 806 2019 nuntiantque
838 1945 1105 2002 mirabilia
1138 1943 1253 1999 Dei.

522 2042 806 2099 laetabitur
828 2041 1004 2111 justus
1036 2039 1090 2092 in
1124 2034 1372 2101 Domino,
1397 2043 1444 2088 et
1467 2031 1692 2105 sperabit
1715 2030 1768 2084 in
1797 2044 1875 2084 eo.
1898 2027 2054 2084 Sicut

447 2137 647 2208 impius
678 2150 777 2206 pro
806 2134 1133 2190 inﬁdelitate
1176 2146 1269 2185 sua
1320 2127 1577 2185 formidat
1601 2142 1616 2180 :
1644 2128 1715 2181 ita
1738 2125 1917 2196 justus
1956 2136 2053 2193 per

447 2244 600 2299 spem
631 2227 953 2285 aeternitatis
981 2240 1093 2281 sua:
1124 2223 1363 2279 exsultat
1396 2222 1449 2276 in
1488 2220 1742 2275 Domino.
1774 2217 1840 2273 Et
1863 2217 2055 2272 lauda-

448 2323 642 2377 buntur
688 2334 862 2375 omnes
908 2319 1033 2373 recti
1073 2316 1247 2371 corde.
1282 2314 1418 2385 Quia
1459 2307 1628 2369 Deum
1685 2310 1851 2367 visuri
1902 2317 2051 2366 sunt.

451 2418 602 2474 Beati
633 2417 777 2472 enim
810 2415 1011 2470 mundo
1042 2412 1207 2467 eorde
1242 2429 1253 2466 :
1287 2410 1545 2482 quoniam
1573 2408 1673 2478 ipsi
1718 2407 1889 2462 Deum
1915 2404 2058 2461 vide-

450 2511 585 2566 bunt
609 2507 827 2581 (Matth.
855 2507 933 2579 v).
974 2506 1077 2575 Qui
1126 2504 1283 2559 nobis
1324 2510 1591 2575 praestare
1620 2501 1897 2571 dignetur,
1929 2506 1985 2552 ut
2024 2511 2053 2549 a

448 2603 665 2676 sagittis
692 2601 1037 2658 inimicorum
1072 2599 1250 2666 liberi,
1282 2598 1351 2654 ab
1380 2611 1509 2653 arcu
1563 2594 1817 2650 falsitatis
1858 2593 2055 2663 erepti,

451 2711 763 2752 mereamur
809 2695 878 2751 ab
909 2710 976 2749 eo
1009 2692 1241 2764 protegi,
1275 2692 1367 2763 qui
1416 2689 1619 2746 sanctis
1660 2687 1914 2744 omnibus
1961 2696 2058 2758 pro

452 2803 551 2860 spe
580 2789 792 2855 salutis,
824 2786 1054 2858 gloriam
1094 2785 1280 2841 tribuit
1314 2781 1767 2838 immortalitatis.

980 2916 1297 2977 PSALMUS
1337 2910 1524 2974 LXIV.

2154 1921 2438 1978 diabolicae
2482 1922 2875 1979 dominationis
2919 1922 3234 1993 oppressit.
3282 1929 3336 1975 et
3401 1919 3745 1989 sempiternis

2155 2015 2372 2087 ignibus
2401 2015 2746 2086 praeparavit.
2786 2014 3079 2071 Accinctus
3123 2012 3223 2069 Dei
3277 2011 3551 2069 contrahit
3577 2009 3741 2068 vesti-

2156 2119 2423 2166 mentum.
2458 2109 2573 2165 Non
2593 2110 2737 2165 enim
2770 2120 3061 2179 possumus
3086 2118 3382 2178 expansum
3414 2102 3743 2163 fortitudinis

2157 2215 2269 2258 sua:
2313 2208 2520 2257 vestem
2580 2215 2935 2273 cognoscere.
2973 2200 3077 2269 Qui
3115 2201 3395 2255 conturbas
3439 2197 3745 2271 profundum

2156 2295 2334 2349 maris.
2366 2293 2566 2351 Samnii
2598 2293 2764 2365 hujus
2794 2294 3118 2365 profundam
3145 2293 3469 2365 jactantiam
3497 2334 3510 2358 ,
3559 2291 3748 2361 prandi-

2159 2391 2378 2446 catione
2410 2391 2716 2462 apostolica
2743 2400 3117 2447 commovens.
3153 2389 3355 2445 Sanum
3373 2391 3624 2459 ﬂuctuum
3644 2388 3749 2457 ejus

2158 2484 2273 2555 quis
2329 2483 2640 2539 sustinebit?
2688 2483 2743 2539 ln
2795 2485 3083 2541 eversione
3129 2482 3276 2539 enim
3335 2482 3746 2538 simulacrorum

2159 2576 2293 2633 dant
2332 2576 2603 2633 daemonia
2634 2590 2832 2633 sonum
2868 2592 2882 2631 :
2915 2576 3205 2632 inicientes
3232 2588 3494 2646 paganos,
3536 2583 3591 2629 ut
3621 2574 3747 2628 inte-

2160 2668 2365 2726 rlmant
2389 2679 2611 2728 sanctos
2639 2670 2758 2727 Dei.
2792 2668 2901 2726 Sed
2929 2664 3018 2725 hic
3048 2680 3239 2735 sonas,
3272 2664 3367 2724 Dei
3402 2664 3636 2738 potentia
3658 2680 3747 2736 ope

2163 2764 2388 2835 pilatur.

2233 2853 2603 2910 Turbabuntur
2640 2865 2832 2928 gentes.
2878 2855 3016 2910 Cum
3059 2854 3262 2911 sanctis
3305 2853 3605 2923 praevalere
3647 2868 3742 2908 non

2161 2946 2461 3019 potuerint.
2515 2946 2583 3003 Et
2632 2947 2882 3002 timebunt
2935 2947 3140 3002 termini
3183 2954 3334 3002 terra:
3374 2962 3407 3000 a
3445 2945 3602 3018 signis
3634 2946 3745 3000 tuis.

455 3018 521 3074 Ῑη
539 3014 1036 3111 ξζφῖηνηίῖἒξέῖἶῖἶὲδ,
1048 3009 1544 3111 Ρῗξῖζίίςηξῗζῗωξξῗξ
2162 3042 2207 3097 A
2237 3041 2439 3097 virtute
2469 3039 2667 3105 crucis,
2699 3055 2819 3111 quae
2849 3040 2930 3096 eis
2959 3039 3113 3111 prius
3144 3039 3372 3095 stultitia
3402 3047 3521 3096 erat
3550 3044 3659 3095 :vel
3680 3038 3745 3093 ab

527 3079 681 3153 c'ltiel,
712 3079 758 3161 et
788 3088 968 3161 populi
1004 3086 1067 3141 de
1095 3079 1407 3161 captivitate.
1438 3084 1544 3138 Iste
1566 3079 1909 3161 p_salm_us_in_
1937 3094 2060 3161 per-

2171 3079 2207 3096 I.
2246 3079 2439 3097 VIIIMIV
2469 3079 2667 3105 \IIIUID’
2699 3079 2819 3111 Ὶυω
2849 3079 2930 3096 υισ
2960 3079 3113 3111 ’,ΙΙΙ-ὀ
3144 3079 3372 3095 CII-lilii“
3402 3079 3521 3096 νδ...
3550 3079 3562 3093 ο
3594 3079 3623 3094 V‘

2171 3135 2245 3161 ιιι.-
2296 3133 2633 3161 ...ἓ.υ.1.ἱΙζὶ.---
2664 3143 3109 3161 Ληιιηοιιιιιηιι-ιιιο-
3168 3131 3349 3161 βρίθει-
3394 3132 3623 3161 ..ιι-Ωιιιέιιέ

525 3131 898 3217 QBHi’ciiﬁéii
926 3166 1143 3213 cantatu
1154 3131 1199 3223 ἶ,
1232 3164 1288 3210 et
1312 3154 1381 3209 de
1403 3131 1720 3210 reversione
1742 3131 2056 3223 Babylonia;

2171 3135 2248 3189 bis
2296 3133 2635 3190 mirabilibus
2663 3143 3127 3205 compnnguntur.
3160 3131 3349 3187 Exitus
3394 3132 3653 3200 matutini,
3698 3138 3744 3184 et

529 3235 581 3288 in
628 3232 965 3298 Jerusalem,
1023 3240 1078 3285 et
1120 3227 1188 3284 de
1232 3235 1420 3282 nostra
1464 3224 1533 3280 ad
1573 3224 1855 3281 caelestem
1895 3223 2055 3278 Jeru-
2086 3225 2131 3289 C
2164 3244 2372 3300 vespere
2411 3224 2710 3283 delectabis.
2761 3227 3041 3283 Matutinis
3078 3226 3505 3299 vespertinisque
3546 3226 3746 3298 hymnis

534 3303 729 3358 salem.
2164 3320 2422 3377 Ecclesiae
2445 3320 2747 3378 delectatur
2778 3321 2940 3391 Deus,
2973 3338 3072 3393 per
3089 3324 3325 3377 animam
3357 3321 3569 3378 ﬁdelem
3596 3337 3608 3374 :
3633 3336 3742 3391 quat

535 3418 609 3475 Te
634 3419 776 3474 decet
798 3416 1042 3488 hymnus,
1075 3414 1238 3483 Dens,
1268 3414 1321 3467 in
1346 3412 1478 3470 Sion
1503 3420 1584 3466 :et
1598 3411 1687 3466 tibi
1713 3409 1959 3466 reddetur
1978 3424 2066 3463 νο-
2167 3413 2359 3469 relicto
2393 3414 2634 3469 inanium
2661 3415 3107 3485 superstitionum
3138 3414 3245 3471 ritu
3274 3430 3400 3471 eum
3431 3414 3618 3471 devote
3636 3414 3741 3468 lau-

466 3523 573 3567 tum
616 3511 672 3563 in
699 3508 1013 3563 Jerusalem.
1055 3505 1172 3562 Non
1214 3502 1574 3560 theatralibus
1622 3517 1798 3573 neque
1844 3499 2069 3557 simula—
2167 3506 2401 3563 ἀεινθι-ἱι.
2430 3508 2534 3563 Per
2565 3523 2743 3577 mane,
2781 3508 2965 3564 laetitia
3004 3527 3015 3562 :
3048 3524 3143 3571 per
3174 3522 3495 3579 vesperum,
3525 3506 3739 3563 tristitia.

463 3619 683 3661 crorum
712 3600 950 3671 templis,
980 3598 1074 3655 sed
1102 3598 1222 3666 tibi,
1257 3596 1629 3665 omnipotens,
1653 3594 1771 3649 latus
1798 3608 1860 3649 ac
1880 3600 2067 3648 votum
2251 3599 2482 3655 Visitasti
2536 3610 2752 3655 terram.
2804 3601 3052 3657 Visitavit
3106 3602 3293 3673 utique
3341 3612 3538 3659 terram
3588 3599 3737 3656 nostri

462 3697 660 3769 iugiter
691 3702 773 3747 cst
799 3688 1136 3748 reddendum
1185 3690 1237 3744 in
1276 3688 1430 3755 Sion,
1479 3685 1533 3741 id
1564 3697 1669 3753 est,
1715 3686 1768 3741 in
1801 3684 2060 3753 Ecclesia,

2171 3693 2436 3764 corporis,
2478 3694 2803 3750 assumendo
2850 3695 3128 3752 materiam
3168 3697 3369 3753 carnis.
3407 3695 3473 3750 Et
3501 3693 3739 3751 inebriain

471 3801 621 3846 tuam
650 3787 879 3859 gloriam
913 3785 1228 3855 Speculunte
1257 3800 1269 3835 :
1306 3781 1395 3836 vel
1426 3781 1479 3835 in
1522 3780 1734 3836 cmlesti
1762 3777 2060 3834 Jerusalem

2171 3804 2305 3843 eam.
2364 3786 2481 3843 Non
2534 3788 2659 3844 vino
2716 3788 2991 3859 luxurias,
3049 3789 3143 3846 sed
3205 3790 3477 3848 inlusione
3528 3788 3739 3860 Spiritus

469 3882 665 3954 dignus
703 3876 1157 3935 connnemoraris
1204 3872 1556 3929 inliabitator.
1613 3871 1894 3927 Reddetur
1938 3885 2071 3943 ergo

471 3974 567 4030 tibi
602 3973 746 4040 laus,
778 3970 904 4041 quia
950 3968 1092 4025 Deus
1122 3982 1181 4023 es
1214 3983 1228 4024 z
1263 3976 1452 4034 votum,
1485 3966 1610 4037 quia
1639 3966 1950 4037 redemptor
1985 3979 2067 4021 es.

546 4064 759 4122 Exaudi
788 4062 1072 4119 orationem
1110 4076 1296 4115 meam.
1341 4059 1445 4115 Per
1484 4059 1743 4130 Spiritum
1777 4067 2024 4115 sanctum
2055 4076 2067 4113 :

475 4160 565 4231 qui
601 4157 891 4229 gemitibus
922 4153 1386 4211 inenarrabilibus
1419 4153 1732 4224 interpellat
1764 4169 1861 4224 pro
1892 4155 2066 4213 nobis.

477 4252 556 4305 Ad
585 4261 631 4304 te
660 4250 823 4305 omnis
848 4264 971 4303 caro
994 4248 1172 4302 veniet.
1198 4246 1277 4303 Ac
1299 4247 1343 4301 si
1374 4245 1582 4303 diceret
1609 4263 1623 4301 :
1657 4246 1735 4302 Ad
1767 4256 1819 4303 te
1843 4262 2073 4305 conver-

481 4355 625 4400 tetur
656 4344 835 4399 omnis
865 4341 1052 4397 homo.

559 4435 729 4489 Verba
774 4435 1087 4505 iniquorum.
1140 4434 1404 4505 Dogmata
1448 4432 1934 4505 pbilosoiiborum,
1991 4433 2073 4488 fa-

482 4530 810 4597 tuitatesque
833 4527 1137 4598 gentilium.
1165 4526 1562 4583 Prwvalucrunt
1601 4543 1759 4598 super
1793 4545 1905 4582 uos.
1937 4526 2071 4583 Cum

2172 3882 2366 3938 sancti.
2430 3880 2798 3949 Multiplicasti
2848 3884 3161 3956 locupletare
3214 3900 3347 3941 eam.
3420 3884 3734 3943 Diversarum

2172 3976 2368 4047 opibus
2391 3976 2714 4047 gratiarum.

2248 4065 2473 4124 Flumen
2523 4068 2620 4124 Dei
2675 4068 2926 4142 repletum
2976 4081 3052 4126 est
3108 4073 3276 4142 aquis.
3340 4072 3579 4145 Denique
3623 4070 3733 4129 dicit

2176 4160 2436 4218 Dominus
2484 4161 2537 4217 in
2578 4163 2872 4234 Evangelia
2906 4183 2917 4219 ι
2951 4164 3050 4233 Qui
3080 4164 3378 4221 crediderit
3426 4167 3478 4223 in
3510 4181 3612 4234 me,
3648 4166 3732 4221 nu.

2176 4254 2323 4310 mina
2352 4254 2419 4312 de
2446 4262 2638 4312 ventre
2678 4256 2797 4328 ejus
2826 4256 2993 4314 ﬂuent
3040 4273 3195 4329 aqua
3240 4260 3377 4315 viva:
3430 4257 3603 4333 (Joan.
3632 4262 3732 4329 vn).

2176 4348 2411 4407 Attende
2446 4350 2834 4423 evangelistam
2868 4368 2883 4406 :
2915 4351 3019 4409 boc
3041 4353 3186 4409 enim
3216 4352 3433 4411 dicebat
3459 4356 3525 4411 de
3556 4355 3730 4423 Spiritu

2178 4453 2385 4512 sancto,
2415 4457 2577 4514 quem
2603 4444 2878 4515 accepturi
2900 4456 3059 4501 erant
3090 4445 3377 4503 credentes
3405 4448 3461 4503 in
3487 4461 3619 4504 eum.
3643 4444 3733 4502 Nos

2178 4548 2306 4603 ergo
2326 4534 2417 4605 qui
2448 4534 2802 4601 credidimus,
2830 4535 2941 4606 jam
2973 4536 3172 4592 ﬂumen
3205 4536 3301 4593 Dei
3330 4552 3538 4594 sumus.
3566 4537 3730 4607 [lepis-

481 4632 536 4678 te
556 4622 909 4685 nesciremus,
942 4620 1219 4692 quomodo
1248 4621 1520 4678 Jeremias
1546 4622 1682 4677 dixit
1706 4640 1717 4676 :
1748 4621 1892 4679 Vere
1922 4638 2073 4677 meu-
2101 4624 2153 4687 ι)
2177 4627 2354 4685 bimur
2379 4644 2540 4699 aqua,
2573 4642 2695 4684 cum
2727 4629 2995 4699 baptismo
3019 4629 3312 4700 ablnimur,
3336 4641 3393 4687 et
3425 4632 3470 4687 si
3497 4631 3629 4702 digni
3654 4644 3730 4684 su.

482 4718 693 4773 dacinm
722 4727 775 4772 et
811 4715 1103 4771 vanitatem
1133 4714 1437 4772 locutisunt
1463 4726 1642 4787 patres
1666 4717 1859 4783 nostri,
1888 4726 1942 4772 et
1966 4731 2072 4773 non

482 4808 681 4880 profuit
710 4806 1021 4878 eis(lerem.
1054 4806 1187 4878 xrt).
1214 4808 1280 4862 Et
1305 4809 1648 4881 impietatibus
1677 4810 1864 4864 nostris
1888 4818 1939 4863 tu
1955 4825 2074 4881 pro~

482 4901 765 4975 pitiaberis.
793 4899 979 4971 Usque
1012 4901 1063 4954 in
1096 4899 1259 4956 linem
1290 4916 1390 4957 nos
1417 4901 1708 4958 fuissemus
1755 4903 1808 4958 in
1852 4916 2071 4969 errore,

481 4995 584 5050 nisi
620 5003 673 5050 tu
716 4994 989 5066 propitius
1036 4994 1230 5049 fuisses
1274 4995 1445 5051 nostri
1483 5013 1497 5050 :
1539 4995 1631 5065 qui
1671 5010 1771 5051 nos
1812 4995 2075 5067 sanguine

480 5093 701 5164 proprio
731 5102 1005 5148 mercatus
1044 5105 1126 5146 es.
1156 5090 1246 5146 Sic
1279 5100 1336 5145 et
1376 5088 1575 5146 Paulus
1626 5091 1907 5162 apostolos
1954 5091 2069 5147 ait:

481 5189 583 5259 Qui
614 5203 712 5244 nos
732 5186 1104 5244 reconciliavit
1138 5186 1247 5242 Deo
1266 5184 1412 5242 Patri
1432 5200 1528 5255 per
1544 5201 1761 5243 crucem
1784 5185 1827 5259 (l
1852 5184 1972 5241 Cor.
1993 5185 2069 5258 v).

551 5282 743 5339 Beatus
767 5300 918 5355 quem
965 5282 1164 5357 elegisti
1196 5290 1244 5337 et
1287 5282 1613 5349 assumpsisti
1641 5296 1659 5335 :
1686 5280 1990 5336 inltabitabit
2021 5281 2076 5336 in

479 5377 627 5432 atriis
676 5377 794 5431 tuis.
834 5374 1003 5432 Vocat
1040 5375 1187 5432 Deus
1221 5389 1413 5430 omnes
1447 5392 1458 5428 :
1490 5388 1590 5430 nec
1620 5373 1791 5430 ullum
1825 5374 2071 5445 spernit;

478 5470 574 5525 sed
605 5469 757 5541 pauci
804 5478 1127 5540 sequuntur.
1164 5468 1308 5540 Ergo
1337 5467 1431 5538 qui
1462 5483 1524 5523 se
1566 5466 1789 5539 dignum
1820 5468 1939 5539 ejus
1960 5467 2076 5523 ele-

474 5563 645 5620 ctioni
677 5562 993 5632 praebuerit,
1026 5562 1305 5619 cobnbitat
1334 5560 1385 5618 ei
1414 5576 1538 5618 cum
1569 5561 1835 5633 apostolis
1862 5560 2071 5618 sanctis

471 5658 524 5712 in
554 5656 915 5712 tabernaculis
947 5656 1319 5728 sempiternis.

545 5747 876 5820 Replebimur
916 5750 968 5802 in
998 5749 1145 5804 bonis
1173 5750 1354 5804 domus
1398 5760 1520 5806 tute.
1556 5748 1609 5806 id
1639 5758 1743 5817 est,
1780 5750 2065 5821 Ecclesiae,

468 5856 588 5912 qua:
626 5841 858 5899 diversis
889 5856 1174 5898 munerum
1208 5842 1574 5913 spiritualium
1599 5843 1868 5903 exuberat
1889 5844 2064 5903 bonis.

2178 4736 2299 4778 mus
2330 4730 2387 4777 ut
2412 4721 2619 4795 Spiritu
2654 4730 2847 4777 sancto
2876 4724 3214 4793 impleantur.
3258 4721 3732 4794 Locupletanmrsb

2176 4813 2370 4871 eodem
2420 4814 2718 4885 spiritualis
2764 4812 3052 4871 infusionis
3100 4815 3315 4882 imbre,
3363 4829 3486 4872 cum
3515 4816 3626 4871 vite
3654 4828 3731 4883 pe-

2176 4910 2361 4966 rennis
2405 4907 2556 4966 fonte
2585 4909 2803 4979 repleti,
2852 4908 3013 4964 donis
3058 4908 3430 4979 spiritualibus
3458 4911 3728 4981 irrigantur.

2182 5004 2393 5060 Parasti
2416 5004 2584 5061 cibunt
2600 5003 2834 5071 illorum,
2849 5003 3093 5074 quoniam
3112 5004 3184 5057 ita
3198 5015 3275 5060 est
3300 5006 3604 5078 purpuratis
3619 5006 3727 5074 eius.

2178 5096 2527 5169 Praeparasti,
2582 5096 2826 5169 inquam,
2873 5096 3133 5165 Domine,
3183 5097 3367 5153 cibum
3418 5107 3645 5154 nostrum
3686 5096 3728 5148 in

2178 5187 2559 5246 communione
2591 5188 2733 5245 beati
2761 5189 3006 5260 corporis
3051 5200 3116 5245 ac
3165 5191 3441 5261 sanguinis
3471 5190 3541 5246 tui
3573 5184 3729 5259 :quod

2178 5286 2223 5341 si
2244 5284 2409 5356 digne
2438 5283 2747 5340 hauriemus
2770 5328 2786 5354 ,
2826 5282 3090 5354 judicium
3131 5283 3326 5340 mortis
3348 5283 3637 5357 eﬁ‘uginins.
3663 5280 3728 5336 Tu

2178 5393 2238 5433 es
2261 5377 2402 5434 enim
2432 5376 2587 5447 panis
2609 5377 2732 5431 vita:
2757 5374 3095 5432 descendens
3114 5375 3183 5431 de
3204 5376 3347 5433 cmlo
3372 5394 3385 5431 :
3413 5388 3469 5435 et
3487 5376 3632 5432 vitam
3658 5388 3730 5429 re-

2181 5470 2423 5527 tribuens
2455 5468 2676 5525 mundo.

2254 5565 2406 5622 Riuos
2433 5568 2548 5639 ejus
2570 5564 2853 5630 inebrians,
2876 5563 3233 5634 multiplicum
3254 5563 3511 5637 genimina
3527 5564 3624 5635 ejus
3642 5574 3661 5613 :
3682 5562 3730 5611 in

2177 5658 2457 5715 stillicidiis
2480 5659 2617 5727 ejus.
2639 5657 2760 5713 Rivi
2790 5657 2935 5714 enim
2970 5656 3024 5710 in
3056 5656 3217 5713 nobis
3243 5669 3275 5712 a
3302 5656 3518 5712 ﬂumine
3540 5654 3654 5709 illo:
3678 5650 3724 5705 id

2177 5762 2282 5822 est,
2312 5767 2340 5806 a
2372 5750 2578 5823 Spiritu
2606 5760 2796 5807 sancto
2823 5758 3100 5817 emanant,
3130 5750 3223 5820 qui
3254 5764 3353 5806 nos
3377 5748 3595 5805 diversis
3618 5760 3721 5816 gra-

2180 5848 2375 5903 tiarum
2400 5842 2559 5903 donis
2589 5843 2864 5904 inebriant
2892 5860 2907 5899 :
2939 5852 2999 5901 ut
3028 5840 3123 5900 alii
3147 5840 3310 5900 detur
3337 5853 3512 5901 sermo
3532 5839 3716 5909 sapiene
