3954 6340
207 305 328 377 too!

1114 303 1547 367 BREVIARIUM
1586 304 1655 364 IN
1693 300 2031 366 PSALMOS.
2073 303 2322 367 PSALM.
2364 300 2526 367 LXV.

3325 303 3464 371 1006

203 437 276 490 tim.
301 477 312 498 ,
341 428 423 485 alii
453 424 733 499 prephetia
762 468 775 491 ,
818 426 905 480 alii
937 428 1177 494 curatio,
1213 427 1302 482 alii
1331 428 1708 497 interpretatio
1739 478 1750 494 ,
1785 427 1832 488 Λ
1862 429 2111 484 terribilia
2154 437 2269 484 sunt
2293 447 2449 498 opera
2483 438 2568 483 tua
2591 430 2610 483 .'
2641 429 2910 484 Terribile
2939 435 3024 484 est
3051 427 3195 500 quod
3226 434 3458 498 potestis

203 526 274 580 vel
313 523 518 592 reliqum
561 517 889 574 donationes
922 534 935 572 :
969 532 1104 588 quas
1131 527 1390 589 operatur
1420 533 1561 574 unus
1593 527 1756 588 atque

199 617 323 674 idem
388 613 648 684 spiritus,
721 611 966 665 dividens
1041 612 1336 681 unicuique
1420 620 1578 681 prout
1643 612 1760 667 vult

200 711 384 781 (lCor.
410 706 539 777 xu).
574 705 678 760 Per
719 721 838 774 quzn
881 705 1239 759 donationum
1283 720 1482 775 genera
1513 750 1526 770 ,
1573 705 1756 759 tntilli-

197 803 442 873 plicantur
470 797 745 854 Ecclesim.
780 797 915 866 Quze
945 799 1179 868 primum
1210 797 1427 865 quidem
1457 799 1610 867 quasi
1641 799 1761 852 stil-

197 895 356 952 licidia
382 893 433 948 in
466 893 623 948 nobis
651 891 920 950 deﬂuunt.
954 891 1160 946 dehinc
1185 890 1283 946 rivi
1308 891 1462 947 (lunt.
1490 891 1618 948 Post
1645 891 1760 947 lucc

195 987 605 1056 maltiplicantur
646 986 696 1038 in
734 983 1182 1054 generationibus
1217 999 1232 1038 :
1277 993 1336 1040 ut
1371 983 1603 1039 atl‘erant
1643 984 1758 1038 fru-

195 1088 342 1145 ctum,
373 1077 514 1133 aliud
548 1077 926 1142 centesimnm,
967 1075 1112 1130 aliud
1145 1077 1568 1145 sexagesimum,
1613 1076 1757 1131 aliud

195 1172 498 1230 tricesimum
520 1171 540 1241 (
563 1170 751 1224 Matth.
784 1169 924 1239 xm).
951 1167 1237 1223 Laztabt'tur
1254 1170 1568 1238 germinans.
1591 1167 1759 1222 Terra

193 1267 375 1322 scilicet
405 1263 677 1318 laetabitur
708 1266 725 1332 (
758 1259 892 1315 Isai.
922 1261 1086 1331 Lvtn)
1120 1277 1134 1315 :
1167 1274 1287 1316 cum
1321 1259 1375 1314 in
1417 1276 1478 1315 en
1522 1259 1609 1314 hic
1651 1258 1760 1314 fru-

193 1371 297 1419 ctus
316 1355 608 1429 spiritualis
635 1355 937 1411 exorietur.

253 1451 515 1509 Beuediccs
529 1464 772 1505 coronam
789 1450 914 1502 anni
935 1448 1260 1519 benignitatis
1275 1455 1395 1501 tutu.
1414 1446 1526 1513 Qua
1541 1456 1689 1500 sanct
1701 1459 1763 1498 os

192 1544 426 1619 praemiis,
449 1553 502 1598 et
525 1541 872 1611 temetipsum
903 1555 1093 1595 eorum
1119 1538 1422 1610 agminibus
1447 1537 1757 1592 coronabis.

191 1641 383 1700 Annum
426 1653 561 1694 vero
597 1637 988 1706 acceptabilem
1019 1678 1033 1700 ,
1089 1635 1266 1704 ipsum
1298 1648 1420 1688 esse
1474 1633 1758 1687 Dominum

191 1733 312 1788 alius
358 1729 615 1802 propheta
667 1736 1062 1784 commemorat
1101 1745 1110 1780 :
1146 1725 1442 1781 Benedices
1495 1738 1758 1778 coronant

1864 523 2085 589 mirari,
2116 533 2168 578 et
2202 537 2306 578 non
2340 523 2568 592 potestis
2598 521 3105 591 comprehendere,
3137 521 3188 576 id
3218 530 3302 576 est
3323 565 3337 589 ,
3388 525 3454 578 de

1863 618 2061 685 populo
2086 615 2313 672 .lndaico
2339 616 2550 683 electo,
2586 622 2641 670 et
2672 623 2857 684 postea
2891 615 3190 685 reprobate
3208 659 3221 682 ,
3247 623 3301 670 et
3327 631 3459 686 gen-

1865 717 1945 764 tes
1978 709 2225 778 primitus
2253 708 2666 774 condemnatas,
2697 718 2748 763 et
2779 716 2966 777 postea
2991 707 3216 764 electas.
3245 708 3340 763 Vel
3366 710 3456 778 qui

1862 799 2115 855 videntur
2140 801 2294 872 quasi
2324 801 2532 866 sancti,
2559 808 2613 856 et
2639 799 2943 870 reprobati,
2974 810 3029 854 et
3056 793 3126 856 de
3155 802 3458 868 peccatori-

1862 893 1987 962 bus,
2014 893 2102 963 qni
2136 893 2394 948 videntur
2424 891 2578 963 quasi
2618 891 2916 961 reprobati,
2943 899 2996 945 et
3021 892 3206 947 electi.
3235 892 3458 949 Occulta

1865 985 2209 1056 suutjudicia
2245 987 2336 1041 Dei
2376 1005 2387 1040 :
2423 985 2710 1051 terribilia,
2737 986 2788 1039 id
2812 995 2914 1053 est,
2943 983 3200 1040 timenda.
3234 983 3299 1039 In
3323 988 3459 1040 mul-

1865 1079 2082 1133 titudine
2107 1079 2306 1133 virtutis
2326 1089 2429 1134 tute
2447 1080 2761 1134 mentiemur
2779 1078 2870 1133 tibi
2895 1079 3093 1133 inimici
3116 1080 3210 1134 tui.
3228 1080 3460 1148 Quando

1865 1169 2115 1225 viderunt
2158 1173 2212 1225 in
2245 1168 2484 1242 Egypto
2515 1172 2747 1228 virtutes
2774 1213 2788 1239 ,
2841 1181 2891 1227 et
2921 1173 3072 1242 signa
3109 1189 3122 1225 :
3154 1180 3205 1227 et
3239 1173 3290 1226 in
3322 1173 3457 1226 mari

1864 1263 2071 1318 Rubro.
2107 1263 2309 1317 Mentiti
2342 1272 2472 1317 sunt
2509 1263 2724 1332 quando
2755 1263 3010 1319 dixerunt
3045 1281 3055 1317 :
3085 1262 3280 1320 Omnia
3310 1279 3460 1335 quae-

1863 1369 2093 1426 cumque
2180 1355 2506 1425 praeceperit
2583 1356 2742 1412 nobis
2805 1355 3107 1419 Dominus,
3201 1358 3460 1412 faciemus

1865 1446 2079 1514 (Exod.
2104 1448 2292 1519 niv).
2326 1447 2480 1504 Unde
2509 1449 2637 1502 dicit
2671 1466 2683 1501 :
2716 1449 2976 1519 lniquitas
3009 1450 3233 1505 mentita
3260 1459 3378 1517 est,
3405 1460 3462 1506 et

1866 1539 2068 1594 inimici
2096 1540 2307 1594 Domini
2342 1540 2551 1594 mentiti
2582 1550 2710 1594 sunt
2737 1540 2786 1594 ei
2820 1538 3011 1611 (Psal.
3040 1555 3160 1596 xxvi
3182 1540 3224 1611 ).

1941 1630 2126 1686 Omnis
2151 1642 2287 1686 terra
2311 1632 2490 1686 adoret
2520 1640 2568 1686 te
2587 1671 2601 1694 ,
2629 1629 2802 1697 Deus,
2843 1641 2891 1685 et
2934 1633 3125 1703 psallat
3157 1633 3286 1687 tibi:
3311 1632 3462 1688 Psal-

1866 1739 2008 1778 mum
2033 1724 2169 1785 dicat
2193 1725 2393 1778 nomini
2425 1734 2534 1778 tuo.
2574 1722 2644 1777 Te
2663 1724 2876 1787 adoret,
2917 1736 2965 1777 te
2994 1736 3288 1782 veneretur
3315 1743 3328 1778 :
3362 1725 3457 1780 tibi

190 1826 298 1882 anni
328 1824 458 1894 eius.
487 1822 773 1879 Circuhnn
809 1830 864 1876 et
893 1835 1115 1889 semper
1146 1820 1196 1873 in
1228 1834 1288 1872 se
1310 1817 1587 1872 currentia
1632 1814 1756 1868 anni
1796 1821 1837 1884 Β
1866 1817 2143 1882 concinet,
2175 1833 2282 1871 non
2301 1827 2772 1887 creaturamquam
2797 1817 2916 1886 ejus
2933 1817 3122 1872 usibus
3146 1818 3454 1888 subjecisti.

191 1927 412 1986 tempora
433 1954 447 1977 .
495 1927 759 1970 coronam
792 1912 1030 1968 vocavit.
1075 1909 1188 1965 Aut
1211 1919 1358 1964 certe
1387 1908 1514 1977 quia
1561 1907 1611 1960 in
1641 1921 1764 1975 pas-

189 2011 324 2066 sione
355 2009 565 2064 Domini
600 2007 826 2062 victoria
858 2007 927 2060 de
961 2012 1074 2059 toto
1102 2003 1234 2058 orbe
1275 2009 1525 2070 suscepta
1556 2008 1658 2055 est.
1694 1997 1761 2052 Et

189 2107 336 2175 campi
375 2105 447 2158 tui
476 2102 813 2174 replcbuntur
836 2100 1090 2155 ubertate.
1118 2097 1320 2168 Campi,
1350 2094 1488 2165 legis
1519 2095 1606 2164 qui
1642 2093 1764 2146 unl-

188 2198 283 2252 lnm
326 2195 681 2265 iucunditatis
731 2193 963 2247 fructum
1027 2192 1079 2246 in
1138 2190 1318 2268 littera
1369 2187 1758 2258 protulerunt:

187 2304 311 2343 nunc
341 2289 698 2358 spiritualiter
732 2286 1018 2352 intellecti,
1053 2285 1265 2339 fructus
1302 2281 1602 2351 evangelici
1633 2280 1763 2346 dog-

186 2380 324 2434 matis
349 2381 599 2435 ubertate
627 2379 993 2448 complentur.

246 2471 579 2541 Pinguescant
607 2471 836 2542 speciosa
865 2469 1073 2524 deserti.
1104 2468 1350 2523 Ecclesia
1379 2466 1611 2528 scilicet,
1640 2479 1761 2533 qua:

183 2565 337 2622 divina
368 2567 456 2621 Dei
489 2566 669 2636 gratia
700 2564 838 2620 lluit.
860 2564 924 2618 Et
947 2564 1291 2620 exsultatione
1313 2563 1470 2616 colles
1492 2562 1760 2630 accingen-

185 2670 271 2713 tur.
318 2660 620 2730 Martyres,
668 2659 783 2713 sive
831 2657 1021 2728 reliqui
1080 2658 1252 2711 sancti
1284 2674 1294 2710 ε
1332 2655 1420 2725 qui
1481 2653 1762 2708 immensis

180 2768 206 2806 a
235 2753 331 2808 Deo
368 2752 619 2823 primitiis
668 2752 953 2814 honorati,
991 2751 1268 2822 pet-peLuis
1305 2748 1528 2819 gaudiis
1575 2747 1757 2802 accin-

184 2857 378 2916 gentur.

239 2939 407 2996 Induti
449 2949 577 2996 sunt
617 2942 800 2994 arietes
835 2941 1024 2994 ovium.
1065 2936 1430 3002 l’atriarchtu,
1461 2937 1761 3006 prOphette,

180 3037 281 3092 sive
309 3037 542 3107 apostoli
570 3054 582 3089 :
615 3036 702 3105 qui
727 3036 897 3090 duces
921 3035 1140 3090 luerunt
1163 3034 1348 3088 ovium
1377 3031 1555 3102 gregis
1581 3031 1763 3086 cccle-

180 3127 386 3195 siastici,
423 3129 677 3184 translati
707 3142 738 3182 a
771 3137 946 3183 morte
979 3127 1031 3181 in
1075 3126 1243 3180 vitam
1276 3141 1288 3179 :
1317 3124 1617 3179 induuntur
1662 3125 1761 3177 itii-

1868 1907 1966 1962 llic
1997 1909 2295 1979 interponit
2319 1909 2642 1980 diiipsalma,
2661 1916 2720 1966 ut
2741 1911 2806 1966 ad
2837 1925 2936 1966 nos
2957 1911 3130 1966 verba
3153 1920 3458 1979 convertat,

1865 2002 2052 2057 dicens
2090 2021 2102 2057 :

1953 2095 2146 2161 Venite,
2173 2107 2220 2149 et
2241 2098 2408 2153 videte
2438 2114 2594 2168 Opera
2626 2097 2859 2166 Domini,
2885 2100 3125 2155 terribilis
3155 2100 3210 2154 in
3237 2098 3467 2156 consiliis

1867 2205 2024 2257 super
2065 2187 2204 2257 ﬁlios
2248 2190 2532 2246 hominum.
2574 2190 2779 2246 Gentes
2807 2207 2929 2260 quae
2954 2191 3048 2246 diu
3081 2193 3135 2246 in
3162 2208 3356 2248 errore
3385 2193 3458 2247 fa-

1869 2283 2052 2338 natico
2084 2286 2382 2350 vixerunt,
2433 2287 2574 2339 sicut
2603 2287 2879 2356 quondam
2913 2294 3097 2354 patres
3133 2288 3346 2355 nostri,
3395 2288 3461 2342 ad

1872 2374 2036 2429 Deum
2069 2376 2517 2445 cognoscendum
2554 2377 2762 2431 invitat.
2800 2379 2902 2444 Qui
2957 2379 3291 2435 terribilibus
3326 2396 3461 2435 con-

1871 2468 2004 2522 siliis
2064 2470 2300 2524 humano
2356 2471 2544 2540 generi
2602 2472 2909 2537 consuluit,
2958 2481 3016 2526 ut
3064 2485 3464 2543 cognoscentes

1868 2561 2143 2618 Creatoris
2167 2577 2356 2632 opera,
2383 2562 2588 2618 scirent
2607 2580 2837 2633 operum
2854 2567 3221 2620 conditorem.
3257 2565 3463 2626 Venite.

1869 2666 1914 2708 et
1942 2656 2104 2710 ridete
2125 2673 2283 2725 Opera
2304 2653 2538 2712 Domini.
2585 2656 2785 2725 Venite,
2811 2657 3045 2725 credite,
3087 2659 3275 2727 videte,
3307 2660 3466 2713 intel-

1872 2750 2046 2820 ligite.
2075 2749 2188 2806 Vox
2215 2751 2662 2821 praedicatorum.
2691 2752 2860 2818 Quam
2902 2752 3171 2818 terribilis,
3218 2755 3270 2806 in
3296 2757 3464 2807 consi-

1873 2845 1955 2898 liis
1975 2860 2130 2914 super
2141 2845 2278 2914 ﬁlios
2300 2845 2597 2900 hominum!
2620 2845 2908 2911 Terribilis,
2941 2847 3043 2902 hoc
3059 2858 3166 2914 eat,
3188 2851 3464 2919 quomodo

1870 2956 2008 2995 unus
2039 2943 2380 3012 reproliatur,
2409 2949 2466 2996 ct
2496 2942 2634 2996 alter
2677 2941 2915 3011 eligitur.
2955 2942 3338 3011 Reprobantur
3362 2942 3456 2997 Ju-

1867 3036 1991 3100 dull,
2025 3046 2080 3089 et
2109 3038 2384 3104 eliguntur
2411 3046 2600 3106 gentes
2631 3054 2642 3088 ε
2678 3035 2818 3090 sicut
2864 3035 3002 3090 dixit
3033 3036 3085 3090 in
3119 3037 3415 3107 Evangelio
3447 3057 3459 3092 :

1872 3129 1988 3184 Duo
2013 3130 2064 3184 in
2093 3143 2225 3200 agro
2255 3147 2268 3186 :
2307 3143 2447 3184 unus
2470 3141 2802 3194 assumatur,
2845 3140 2898 3182 et
2928 3143 3071 3183 Ullus
3099 3129 3461 3200 relinquetur.

182 3220 493 3275 mortalitate
555 3227 837 3290 perpetua.
899 3215 966 3270 Et
1034 3216 1192 3270 valles
1241 3214 1578 3269 abundabunt
1649 3218 1760 3284 {ru-
1795 3211 1842 3284 C
1877 3221 2004 3276 Duzr
2032 3221 2299 3277 molentes
2331 3239 2344 3275 :
2375 3238 2478 3277 una
2507 3230 2818 3276 assumetnr
2844 3261 2859 3285 ,
2892 3230 2950 3276 et
2989 3221 3098 3275 alia
3126 3223 3462 3292 relinquetur

182 3323 350 3367 mento.
379 3310 712 3368 Clamabunt
738 3310 908 3366 sancti
937 3310 1166 3364 minoris
1191 3307 1398 3373 meriti,
1424 3313 1480 3362 et
1505 3322 1760 3361 coronam

181 3423 275 3463 non
301 3409 510 3478 capient
551 3426 561 3461 :
592 3406 864 3461 fructibus
902 3417 1079 3460 tamen
1114 3413 1336 3459 aeterna:
1367 3404 1489 3455 vita:
1517 3400 1758 3455 alentur.

181 3500 486 3567 Clamabunt,
515 3500 706 3556 etenim
738 3499 985 3569 hymnum
1007 3496 1196 3551 dicent.
1222 3495 1426 3550 Omnes
1458 3494 1764 3564 promiscue

182 3595 320 3650 electi
354 3611 450 3665 pro
495 3595 847 3650 diversorum
881 3608 1164 3647 munerum
1192 3591 1352 3646 donis
1376 3632 1392 3658 ν
1429 3591 1538 3644 Deo
1569 3602 1765 3660 perpe-

182 3695 286 3741 tuas
327 3689 632 3743 concinunt
683 3685 895 3740 laudes.
954 3686 1193 3754 Quorum
1247 3694 1306 3738 ut
1365 3697 1768 3754 congregemur

181 3781 392 3843 meritis.
421 3781 798 3850 deprecantes
825 3794 1068 3845 oramus,
1100 3788 1158 3832 ut
1180 3777 1476 3847 jungamur
1503 3777 1760 3846 prtcmiis,

182 3873 302 3929 utsi
353 3889 460 3930 non
493 3887 778 3929 meremur
825 3871 1085 3926 honorari
1133 3869 1412 3940 prteniiis,
1459 3869 1546 3922 vel
1582 3867 1767 3922 ornari

179 3966 380 4023 coronis
401 4008 417 4033 ,
446 3967 647 4022 saltem
679 3965 894 4021 veniam
926 3964 1209 4020 consecuti
1236 4005 1248 4030 ,
1283 3978 1440 4034 ptena
1484 3977 1768 4018 careamus

180 4062 353 4117 arterei
382 4059 606 4132 iudicii.
633 4059 830 4115 Amen.

710 4169 1028 4228 PSALMUS
1061 4170 1222 4228 LXV.

179 4262 238 4319 In
258 4266 432 4336 ﬁnem,
466 4265 742 4320 Canticum
780 4263 975 4318 Psalmi
1003 4263 1412 4336 resurrectionis.
1445 4264 1544 4336 Per
1583 4263 1762 4317 canti-

237 4353 377 4406 cum,
404 4338 765 4407 intelligentia
789 4337 1088 4406 Spiritualis
1119 4335 1460 4404 intelligitur.
1495 4335 1596 4389 Per
1627 4336 1770 4407 psaI-g

243 4425 417 4472 mum,
449 4405 1044 4480 optts'resurrectiOnis
1077 4424 1095 4480 :7
1140 4407 1266 4475 quia
1299 4409 1402 4462 iste
1435 4407 1672 4475 psalmus
1702 4405 1770 4462 ad

242 4477 704 4537 resurrectionem
727 4477 929 4534 Christi
963 4479 1222 4550 pertinet.

1869 3315 2082 3386 (Matth
2114 3315 2290 3385 XIIV).
2342 3315 2462 3371 Duo
2498 3317 2550 3371 in
2600 3317 2740 3371 lecto
2772 3333 2784 3367 :
2822 3331 2960 3370 unus
3002 3325 3320 3371 assumetur
3344 3359 3360 3381 ,
3408 3328 3464 3373 et

1867 3424 2006 3463 unus
2065 3408 2421 3479 relinquetur.
2481 3409 2753 3464 Tcrribile
2827 3417 2948 3474 est,
3011 3409 3144 3464 dum
3207 3409 3278 3465 de
3355 3426 3463 3465 una

1869 3517 2044 3556 massa
2077 3501 2299 3558 fuerunt
2322 3502 2512 3570 creati,
2546 3510 2602 3556 ct
2634 3503 2725 3557 alii
2757 3503 3050 3573 eliguntur,
3083 3512 3139 3559 et
3159 3504 3253 3558 alii
3281 3520 3468 3576 repro-

1869 3593 2088 3649 bantur.

1945 3687 2045 3755 Qui
2077 3687 2325 3742 convertit
2345 3703 2489 3742 mare
2531 3690 2583 3741 in
2613 3689 2816 3742 aridum
2845 3689 2937 3742 :in
2960 3691 3178 3759 ﬂumine
3202 3698 3466 3760 pertrans-

1871 3779 2016 3834 ibunt
2047 3781 2192 3850 prde.
2244 3781 2425 3851 Ipsum
2481 3780 2709 3835 adorare
2751 3782 2909 3834 docet
2949 3782 3042 3850 qui
3072 3781 3140 3835 ad
3173 3785 3462 3836 transitum

1869 3873 2109 3942 lsraeIis,
2142 3883 2201 3930 et
2233 3889 2383 3930 mare
2405 3875 2657 3939 siccavit,
2690 3881 2746 3928 et
2769 3872 3028 3929 Jordanis
3057 3873 3229 3929 undas
3258 3889 3454 3945 appen-

1871 3968 1952 4022 dit
1984 3966 2190 4037 (Exod.
2220 3967 2370 4036 xw).
2415 3967 2520 4023 Sed
2564 3979 2622 4023 et
2671 3969 2788 4037 ipse
2835 3967 3093 4022 Dominus
3140 3968 3250 4023 dux
3278 4011 3293 4034 ,
3347 3969 3461 4027 haec

1871 4060 2023 4130 quasi
2059 4059 2196 4128 pede
2222 4060 2722 4132 praeteriit,populo
2755 4069 3144 4130 prosequente.
3182 4063 3327 4133 Ergo
3352 4063 3461 4118 sic-

1873 4160 1933 4207 ut
1963 4161 2091 4206 tunc
2128 4153 2212 4207 ha:
2257 4167 2413 4222 aquze
2451 4153 2569 4222 ipso
2599 4153 2736 4206 duce
2768 4152 2953 4207 divisae
2983 4153 3181 4223 populo
3218 4155 3362 4209 viam
3409 4155 3461 4209 in

1875 4254 2075 4300 terram
2128 4244 2575 4315 repromissionis
2620 4253 2954 4313 aperuerunt
2999 4243 3156 4315 (los.
3201 4244 3304 4317 ιιι)
3339 4263 3352 4299 :
3387 4246 3457 4300 ita

1876 4351 2020 4392 nunc
2045 4336 2222 4403 nobis,
2245 4337 2290 4390 si
2317 4334 2645 4406 baptismum
2670 4352 2777 4392 non
2810 4336 3133 4406 polluamus,
3161 4351 3257 4408 per
3280 4339 3456 4406 ipsum

1875 4432 2069 4497 abluti,
2104 4438 2378 4500 praeeunte
2407 4446 2493 4497 eo,
2525 4431 2577 4485 in
2609 4446 2716 4500 quo
2745 4431 2923 4486 renati
2956 4446 3168 4495 sumus,
3202 4433 3254 4486 in
3286 4432 3463 4502 regio-

1877 4540 2003 4580 nem
2047 4523 2290 4579 vivorum
2325 4523 2678 4594 ingredimur.
2739 4522 2831 4578 Vel
2881 4523 3267 4590 pertransibunt
3315 4529 3464 4596 pede,

241 4617 476 4674 Jubilate
501 4617 636 4683 Deo,
673 4617 840 4672 ontnis
868 4626 1006 4672 terra
1038 4633 1054 4670 :
1085 4615 1358 4671 Psalmum
1389 4617 1544 4670 dicite
1573 4616 1767 4670 nomini
1797 4621 1848 4684 Β
1875 4615 2050 4672 sancti
2099 4616 2484 4686 prtrdicatores
2538 4615 2749 4672 fortiter
2810 4616 3227 4672 ambulaverunt
3275 4619 3465 4687 praedi-

178 4715 304 4783 ejus.
333 4711 497 4778 Quod
529 4711 624 4775 ait,
655 4711 820 4764 omnis
853 4720 988 4764 terra
1021 4726 1039 4764 :
1074 4723 1238 4764 omne
1269 4707 1565 4764 humanum
1601 4722 1774 4779 genus

181 4813 456 4862 terrenum
492 4820 620 4861 esse
651 4803 1015 4860 demonstrat.
1043 4804 1144 4859 Cui
1173 4804 1372 4875 iugiter
1395 4804 1772 4874 jubilationem

179 4899 242 4954 ad
271 4900 446 4956 Deum
479 4909 701 4969 Oportet
727 4899 1013 4964 emittere,
1047 4909 1102 4953 ut
1129 4913 1160 4954 a
1193 4899 1452 4970 nequitiis
1479 4898 1776 4968 spirituali-

178 4992 273 5048 bus
303 5005 562 5050 eruatur.
599 4993 869 5048 Psalmum
900 4994 1056 5048 dicite
1085 4995 1280 5049 nomini
1311 4997 1443 5067 ejus.
1480 4993 1632 5048 Multi
1661 4993 1777 5049 lan-

179 5084 336 5153 dant,
371 5086 472 5144 sed
522 5101 627 5141 non
683 5087 913 5157 implent
965 5102 1154 5158 opere.
1192 5087 1322 5143 Date
1372 5088 1594 5158 gloriam
1633 5087 1780 5143 laudi

181 5179 309 5248 ejus.
357 5178 425 5236 Ut
461 5180 605 5235 sicut
634 5180 685 5236 ei
728 5179 952 5236 vocibus
989 5181 1236 5250 jubilatis
1272 5197 1286 5234 :
1324 5182 1395 5235 ita
1429 5181 1482 5235 in
1512 5196 1636 5236 eum
1681 5197 1781 5251 pro

179 5269 333 5328 bonis
393 5271 617 5328 actibus
682 5273 1031 5344 gloriemini;
1087 5282 1143 5328 ut
1209 5273 1462 5329 videntes
1531 5273 1781 5328 homines

182 5377 344 5434 opera
375 5373 563 5421 vestra
593 5366 728 5420 bona
753 5409 770 5436 ,
819 5367 1130 5437 gloriﬁcent
1159 5365 1376 5421 Patrem
1411 5377 1654 5422 vestrum
1687 5366 1780 5437 qui

183 5469 263 5514 est
293 5464 347 5515 in
379 5460 566 5516 caelis.
609 5459 702 5516 Vel
733 5459 864 5515 illud
901 5479 912 5514 :
955 5461 1068 5515 Non
1105 5462 1300 5529 nobis,
1355 5461 1582 5517 Domine
1608 5504 1622 5525 ,
1673 5479 1779 5518 non

184 5553 362 5619 nobis,
395 5553 498 5610 sed
536 5553 735 5608 nomini
767 5561 860 5608 tuo
889 5554 956 5608 da
982 5555 1212 5625 gloriam
1245 5555 1263 5628 (
1291 5554 1438 5611 Psal.
1469 5572 1600 5614 cxm
1628 5557 1665 5628 ).

257 5648 427 5704 Dicite
444 5646 584 5722 Deo,
611 5663 763 5718 quam
793 5649 1044 5703 terribilia
1063 5661 1183 5704 sunt
1206 5667 1362 5723 Opera
1382 5661 1492 5716 tua,
1522 5649 1780 5706 Domine!

186 5742 407 5799 Scilicet
434 5751 494 5796 ut
529 5756 634 5796 non
664 5751 966 5798 creaturam
999 5742 1205 5813 colant,
1240 5743 1335 5800 sed
1364 5745 1642 5801 Creatoris
1671 5744 1782 5800 vir-

187 5842 357 5891 tutem
393 5835 447 5888 in
479 5831 568 5886 his
597 5848 716 5904 quae
747 5834 1191 5906 contemplantur
1215 5879 1228 5900 ,
1258 5836 1581 5907 intelligant.
1615 5836 1785 5902 Quam

1875 4711 2097 4767 cando:
2141 4711 2270 4780 quia
2315 4709 2461 4765 Deus
2505 4719 2776 4782 praeparat
2821 4710 2932 4766 illis
2981 4711 3145 4767 viam.
3193 4711 3343 4769 Unde
3380 4713 3465 4768 di-

1877 4815 2023 4857 ctum
2057 4812 2139 4856 est
2169 4818 2182 4854 :
2219 4801 2465 4857 Calciate
2496 4801 2662 4872 pedes
2709 4811 2925 4857 vestros
2963 4801 3018 4857 in
3065 4804 3464 4876 praeparatione

1879 4897 2162 4968 Evangelii
2212 4897 2356 4966 pacis
2399 4895 2630 4968 (Epiros.
2657 4898 2766 4967 Vt).
2813 4895 2899 4952 Ibi
2942 4898 3228 4955 hrtabimur
3268 4902 3326 4954 in
3365 4901 3467 4955 idi-

1877 5009 2024 5065 psum
2053 5007 2070 5044 .'
2099 4991 2189 5062 qui
2217 4991 2555 5045 dominantur
2585 4993 2636 5045 in
2669 4993 2854 5046 uirtute
2877 5009 2972 5047 sua
3007 4993 3063 5047 in
3094 5004 3360 5048 internum.
3399 4993 3464 5048 In

1877 5087 2126 5155 idipsum,
2159 5084 2260 5138 hoc
2281 5094 2384 5145 est,
2411 5085 2462 5137 in
2486 5084 2701 5139 Christo
2726 5102 2738 5139 :
2771 5087 2897 5156 quia
2927 5087 3017 5156 qui
3045 5086 3132 5140 hic
3163 5088 3263 5141 luit
3287 5088 3466 5143 humi.

1881 5177 2062 5238 liatus.
2098 5176 2216 5247 ipse
2240 5175 2555 5231 dominatur
2585 5176 2637 5231 in
2661 5180 2990 5233 aeternitate.
3011 5179 3163 5235 Sicut
3189 5181 3334 5236 enim
3354 5183 3473 5252 ejus

1883 5273 2099 5327 virtutis
2127 5271 2430 5327 dominatio
2472 5272 2624 5328 nullo
2655 5271 2931 5328 clauditur
2972 5273 3082 5330 line
3134 5291 3146 5328 :
3183 5275 3252 5330 ita
3284 5287 3469 5333 nostra

1883 5367 2068 5423 laetitia
2089 5409 2105 5433 ,
2134 5383 2236 5439 qua
2269 5369 2319 5422 ei
2345 5369 2659 5424 conlormes
2688 5368 2996 5424 eftieiemnr
3016 5405 3032 5436 ,
3062 5382 3330 5442 perpetuo
3355 5389 3478 5443 per-

1887 5460 2146 5516 manebit.

1964 5556 2115 5610 Oculi
2143 5560 2259 5629 ejus
2287 5573 2439 5630 super
2466 5566 2640 5628 gentes
2681 5556 2982 5628 respiciunt.
3030 5557 3099 5615 Ut
3127 5561 3483 5629 reprobentnr

1887 5647 2064 5704 ειυόωί
2094 5689 2108 5712 ,
2158 5657 2213 5702 et
2264 5649 2535 5717 eligantur
2580 5650 2848 5719 gentiles;
2897 5661 2953 5704 ut
2985 5651 3119 5705 illud
3155 5669 3166 5704 :
3197 5653 3295 5720 Qui
3328 5653 3484 5708 tinxit

1890 5743 2109 5798 oculum
2140 5783 2154 5807 ,
2205 5757 2314 5796 non
2355 5743 2672 5798 considerat.
2722 5743 2738 5815 (
2774 5742 2919 5796 Psal.
2959 5758 3088 5798 scut
3133 5744 3172 5812 ).
3229 5745 3484 5800 Contem-

1891 5837 2128 5909 platione
2181 5845 2365 5891 sancta
2421 5836 2639 5906 inspicit
2696 5837 2923 5908 populos
2969 5835 3321 5894 credituros:
3355 5855 3480 5894 nam
