3954 6340
479 251 616 316 1007
1227 251 1585 316 'APPENDIX
1623 255 1716 317 AD
1755 253 2002 318 TOMUM
2041 251 2395 318 SEPTIMUM
2437 253 2499 317 S.
2543 254 2935 317 HIERONYMI.
3637 249 3751 316 1008

478 371 644 428 nullis
675 369 891 441 penitus
911 370 1274 443 distinguitur
1299 374 1585 431 membris.
1623 375 1725 443 Qui
1751 383 2076 444 exasperant,
2108 372 2163 436 Α
2189 384 2334 429 runt.
2369 373 2498 428 Cum
2527 373 2712 430 hircis.
2741 373 2842 440 Qui
2874 378 2993 443 post
3023 377 3309 440 peccatum
3335 365 3617 435 conversi,
3639 368 3754 426 lide-

478 483 584 519 non
609 463 905 520 exaltentur
936 466 988 518 in
1019 466 1324 537 semetipsis.
1355 466 1526 522 Judaei
1558 467 1790 534 scilicet,
1821 467 1948 524 dum
1982 482 2078 538 per
2181 469 2307 524 liter
2356 468 2409 523 in
2460 468 2724 540 martyrio
2775 466 3154 537 perstiterunt.
3200 463 3301 520 llic
3349 471 3536 519 autem
3591 477 3751 520 omnes

475 557 629 613 fellis
658 557 1078 614 amaritudinem
1122 559 1174 614 in
1228 560 1462 616 Abrahze
1514 561 1796 616 nativitate
1826 562 2028 617 carnali
2057 604 2073 630 ,
2182 561 2416 618 Domino
2459 578 2554 633 per
2581 561 2964 617 holocaustum
2995 559 3281 631 paciﬁcum
3311 559 3620 614 oll'eruntur
3653 578 3662 610 :
3697 559 3753 615 ad

474 651 573 708 Dei
605 651 834 722 gloriam
881 651 1198 720 collocant,
1248 668 1465 722 semper
1497 654 1868 710 humiliantur.
1905 654 2078 711 lnter-
2179 670 2319 728 quos
2359 669 2502 710 nunc
2553 654 2822 726 propheta
2858 663 2979 724 post
3011 651 3310 724 diapsalma
3357 649 3630 707 convertit
3655 663 3752 707 ser-

471 744 639 813 jectio
667 743 1042 814 diapsalmatis
1069 745 1318 802 ordinem
1349 747 1621 802 dictorum
1651 745 1925 813 immutat,
1957 757 2014 802 ut
2045 765 2075 802 a
2180 762 2423 816 monem,
2458 746 2648 802 dicens
2681 763 2694 800 :

470 835 793 907 prophetica
830 837 1226 895 vaticinatione
1256 881 1270 906 ,
1319 838 1387 895 ad
1429 839 1788 910 apostolicam
1841 848 2078 896 transeat
2257 837 2467 907 Venite,
2512 848 2561 894 et
2589 838 2802 906 audite,
2852 847 2898 892 et
2935 839 3196 905 narrabo,
3254 853 3427 892 omnes
3467 837 3559 908 qui
3591 836 3755 892 timetis

473 927 932 986 exhortationem.
2181 933 2376 1003 Deum,
2426 943 2624 1006 quanta
2659 932 2782 1003 fecit
2813 933 3005 988 anima:
3032 950 3177 989 mea).
3205 932 3288 987 Ad
3329 933 3501 1003 ipsum
3536 948 3624 987 ore
3662 949 3755 987 meo

545 1021 866 1091 Benedicite,
891 1034 1095 1096 gentes,
1126 1023 1407 1080 Dominum
1434 1026 1598 1082 Deum
1622 1037 1876 1095 nostrum,
1905 1038 1952 1083 et
1979 1045 2077 1083 au-
2177 1028 2413 1095 clamavi,
2430 1037 2475 1082 et
2495 1027 2852 1082 exsultavisub
2882 1026 3064 1099 lingua
3091 1043 3225 1082 mea.
3242 1025 3352 1082 Vos
3379 1027 3468 1097 qui
3488 1026 3754 1082 Dominum

471 1117 639 1172 ditant
669 1119 827 1188 facile
856 1134 1028 1173 vocem
1059 1120 1236 1174 laudis
1277 1123 1412 1192 ejus.
1449 1120 1700 1192 Apostoli
1732 1122 1848 1177 haec
1880 1122 2078 1193 prmdi-
2177 1124 2440 1190 metuitis,
2498 1122 2742 1178 accedite
2789 1132 2844 1178 et
2870 1122 3221 1178 considerate
3267 1121 3502 1194 qualiter
3539 1121 3753 1176 animam

467 1222 601 1268 cant
628 1260 640 1276 ,
702 1223 761 1268 ut
816 1214 992 1284 ipsum
1052 1214 1383 1270 benedicant
1422 1227 1614 1285 gentes
1661 1216 1833 1272 Deum
1867 1233 1879 1269 :
1913 1232 2074 1288 quem
2178 1233 2355 1273 meam
2397 1217 2454 1272 in
2485 1215 2878 1272 beatitudinem
2930 1214 3288 1270 constituerit
3332 1215 3752 1284 sempiternam:

468 1307 632 1363 iidem
678 1307 916 1378 apostoli
954 1306 1146 1363 dicunt
1181 1323 1338 1362 suum
1367 1350 1382 1376 ,
1436 1308 1845 1380 obaudiantque
1894 1309 2073 1379 ipsum
2176 1325 2276 1382 pro
2309 1324 2377 1365 eo
2407 1307 2553 1380 quod
2583 1323 2690 1364 non
2731 1308 2906 1364 solum
2930 1323 3028 1364 ore
3069 1307 3284 1379 postulo
3311 1351 3325 1376 ,
3376 1307 3475 1363 sed
3526 1307 3684 1363 etiam
3710 1308 3756 1362 in

464 1403 520 1458 in
567 1419 730 1474 queui
777 1413 907 1459 sunt
951 1402 1126 1459 renati
1172 1418 1272 1474 per
1316 1404 1668 1474 baptismum.
1700 1404 1837 1460 l'linc
1871 1404 2070 1460 iterum
2175 1401 2394 1457 arcanis
2425 1399 2605 1455 cordis
2631 1401 2750 1471 puri
2777 1400 3010 1456 clamavi
3049 1400 3116 1454 ad
3148 1400 3460 1455 Dominum.
3495 1401 3580 1454 Ad
3607 1400 3754 1471 ipsum

464 1497 734 1568 pmpheta
765 1497 1027 1568 loquitur.
2177 1513 2264 1552 ore
2298 1513 2410 1552 meo
2461 1497 2679 1550 clamavi
2718 1511 2736 1549 :
2768 1494 3210 1551 manifestissime
3252 1494 3566 1551 declaratur
3592 1495 3644 1550 in
3670 1494 3755 1551 hoc

537 1593 640 1659 Qui
685 1592 857 1663 posuit
895 1592 1127 1646 animam
1159 1609 1324 1647 meam
1353 1592 1422 1649 ad
1453 1592 1606 1646 vitam
1638 1609 1654 1645 :
1686 1591 1765 1648 Ne
1794 1607 1914 1648 eam
1947 1606 2072 1663 per-

459 1696 624 1758 petua
655 1694 1009 1741 consumeret
1063 1701 1238 1742 mors.
1271 1687 1419 1742 Mors
1459 1686 1665 1742 occidit
1695 1695 1927 1742 mortem
1954 1729 1968 1753 ,
2016 1684 2068 1740 id

463 1792 548 1838 est
569 1826 582 1848 ,
619 1796 767 1836 mors
809 1779 1014 1836 Christi
1069 1781 1268 1836 occidit
1299 1789 1530 1837 mortem
1560 1789 1827 1837 nostram.
1865 1779 1932 1833 Et
1963 1797 2065 1834 non
2095 1766 2144 1829 Β

462 1875 607 1930 dedit
643 1875 698 1928 in
725 1872 1120 1928 commotionem
1150 1874 1304 1946 pedes
1347 1890 1508 1930 meos.
1541 1873 1649 1930 Sed
1683 1873 1943 1928 stabilivit
1980 1888 2066 1929 me

461 1969 518 2023 in
563 1967 1046 2038 praedicationibus
1076 1983 1210 2038 quas
1239 1968 1497 2039 gentibus
1541 1967 1720 2022 intuli.
1756 1966 1894 2022 Hinc
1936 1981 2060 2023 suc-

461 2060 606 2117 cedit
635 2075 740 2115 vox
773 2069 1096 2131 martyrum.

536 2154 792 2222 Quoniam
818 2153 1108 2223 reprobain
1134 2168 1251 2218 nos,
1280 2151 1444 2218 Deus,
1467 2153 1584 2223 igne
1611 2171 1701 2208 nos
1727 2154 2062 2220 examinasti,

453 2249 589 2302 sicut
612 2244 942 2300 examinatur
960 2253 1248 2316 argentum,
1270 2255 1317 2298 et
1333 2245 1591 2302 induristi
1611 2262 1704 2300 nos
1725 2247 1778 2300 in
1799 2246 2058 2316 laqueum,

449 2321 671 2414 piiiinu
718 2339 1071 2395 tribulationes
1100 2339 1156 2394 in
1194 2339 1352 2394 dorso
1369 2349 1566 2394 mostro
1590 2356 1608 2394 :
1635 2341 1932 2412 imposuisti
1971 2341 2067 2394 Ito-

458 2435 619 2488 mines
642 2450 796 2506 super
826 2433 1001 2506 capita
1032 2445 1236 2490 nostra.
1267 2434 1325 2489 ld
1355 2442 1460 2499 est,
1494 2433 1792 2500 diabolum,
1817 2443 1875 2488 ut
1896 2449 2064 2505 super

451 2543 557 2583 nos
583 2529 912 2598 crigeretur,
944 2528 1012 2582 ad
1045 2529 1524 2598 probandumA’el
1558 2528 1747 2584 aliter:
1770 2527 1887 2583 Non
1921 2528 2064 2582 dixit

451 2619 523 2676 de
548 2621 781 2692 angelis,
813 2636 988 2692 neque
1011 2620 1079 2676 de
1107 2622 1336 2690 sanctis,
1365 2621 1461 2676 sed
1489 2621 1559 2676 de
1584 2621 1982 2690 peccatoribus,
2010 2620 2061 2674 id

453 2721 570 2781 est,
604 2722 928 2784 peccatores
960 2714 1138 2768 iecisti
1167 2729 1294 2769 esse
1323 2728 1495 2784 super
1522 2723 1652 2777 nos,
1683 2720 1742 2768 ut
1772 2727 1871 2768 nos
1899 2713 2064 2768 susti-

452 2824 683 2865 neamus
736 2825 830 2880 per
875 2809 1218 2879 patientiam.
1254 2808 1326 2866 Ut
1368 2807 1504 2864 illud
1541 2827 1551 2861 :
1584 2807 1690 2864 Per
1721 2809 1922 2864 multas
1968 2809 2062 2862 tri-

449 2903 762 2959 bulationes
833 2910 1054 2972 Oportet
1109 2916 1210 2957 nos
1281 2900 1512 2957 introire
1569 2901 1622 2956 in
1685 2917 1911 2974 regnum
1965 2901 2060 2958 Dei

453 2995 475 3067 (
501 2995 619 3049 Act.
641 3011 730 3049 xw
753 2997 795 3066 ).

524 3087 880 3143 Transivimus
904 3104 994 3160 per
1019 3089 1192 3161 ignem
1221 3099 1271 3143 et
1295 3105 1516 3160 aquam,
1563 3099 1612 3144 et
1640 3091 1865 3146 eduxisti
1890 3107 1983 3146 nos
2008 3093 2060 3146 in

453 3185 807 3256 refrigerium.
843 3183 1140 3255 Martyrum
1172 3183 1265 3239 hic
1302 3184 1545 3239 ostendit.
1578 3185 1836 3241 victorias
1861 3229 1875 3253 ,
1929 3201 2063 3257 quas
2088 3163 2136 3230 Ο
2171 3223 2237 3279 In
2265 3225 2301 3295 ﬁ

455 3279 510 3334 in
543 3278 779 3334 diversis
826 3277 1179 3347 passionibus
1211 3288 1554 3346 meruerunt,
1587 3289 1640 3334 et
1672 3279 1737 3334 ad
1769 3296 1938 3335 unum
1970 3297 2066 3337 eos

458 3375 613 3430 ducit
650 3371 1014 3442 refrigerium,
1046 3370 1102 3425 id
1148 3380 1254 3432 est.
1289 3370 1564 3428 Christum
1603 3373 1890 3429 Dominum
1928 3393 1939 3427 :
1971 3389 2068 3447 per

460 3465 710 3536 laqueos,
742 3478 842 3536 per
871 3477 1089 3530 cruces,
1128 3479 1230 3533 per
1258 3462 1517 3529 verbera,
1543 3479 1640 3535 per
1668 3464 1838 3534 ignes,
1870 3475 2067 3520 a‘stns-

461 3572 566 3628 que
579 3566 633 3612 et
653 3554 757 3610 alia
783 3555 999 3612 diversa
1029 3554 1318 3626 supplicia,
1346 3569 1441 3625 per
1467 3571 1585 3626 qum
1609 3564 1665 3610 et
1687 3555 2066 3611 holocaustum

461 3657 745 3719 acceptum
779 3647 963 3704 ellecti
994 3657 1143 3716 sunt,
1193 3648 1534 3718 pervenisse.
1557 3647 1702 3719 Ignis
1725 3657 1900 3715 vorat,
1931 3663 2068 3720 aqua

464 3741 748 3798 absorbet.
782 3740 927 3813 Ignis
953 3781 969 3808 ,
1024 3740 1256 3796 tentatio
1294 3760 1306 3794 :
1338 3757 1506 3812 aqua,
1562 3741 1916 3813 prosperitas.
1969 3741 2071 3798 Vel

464 3837 647 3908 ignem
680 3835 921 3908 Spiritus
948 3834 1146 3891 sancti.
1183 3833 1448 3890 Induxisti
1484 3854 1580 3891 nos
1617 3838 1668 3892 in
1696 3837 2067 3911 refrigerium,

470 3932 575 3986 hoc
600 3939 707 3997 est,
741 3929 794 3982 in
817 3927 1214 3983 beatitudinem
1249 3935 1536 3982 a-temam.

542 4020 780 4076 lntroibo
821 4020 875 4073 in
921 4019 1133 4073 domum
1159 4029 1303 4073 tuam
1343 4019 1396 4072 in
1436 4019 1770 4075 holocaustis.
1813 4020 1914 4076 Hic
1941 4035 2072 4091 pro-

471 4118 631 4189 pheta
655 4131 764 4171 non
795 4113 862 4170 de
883 4128 943 4170 se
976 4122 1186 4169 tantum
1219 4113 1486 4182 loquitur,
1523 4115 1617 4169 sed
1646 4125 1700 4170 et
1729 4115 1795 4169 de
1826 4114 1913 4172 his
1935 4130 2074 4186 quos

472 4212 724 4282 superius
748 4207 1097 4274 memoravit,
1130 4207 1224 4278 qui
1253 4207 1588 4262 introierunt
1612 4208 1664 4262 in
1693 4208 1911 4264 domum
1939 4208 2030 4263 Dei
2059 4226 2070 4260 :

476 4311 539 4358 ut
565 4317 672 4356 non
703 4299 884 4356 solum
913 4313 974 4354 se
1005 4297 1333 4353 exhiberem
1352 4297 1465 4353 Deo
1491 4297 1728 4353 hostiam
1748 4298 1948 4364 vivam,
1973 4298 2074 4353 sed

479 4410 536 4457 et
565 4399 689 4454 illos
717 4396 810 4468 qui
840 4412 1032 4452 eorum
1063 4395 1313 4465 exemplo
1331 4409 1430 4464 pro
1453 4394 1673 4450 nomine
1696 4394 1907 4449 Domini
1930 4395 2074 4465 passi

481 4500 610 4549 sunt
643 4508 654 4541 :
691 4488 754 4544 Ut
780 4487 994 4542 reddam
1028 4486 1116 4540 tibi
1145 4494 1260 4540 rota
1283 4501 1397 4540 mea
1427 4500 1447 4539 :
1473 4501 1590 4554 gnte
1626 4485 1975 4540 distinxerunt
2000 4487 2079 4540 la-

2174 1589 2298 1644 loco
2324 1590 2618 1645 clamorem
2652 1588 2708 1644 in
2741 1588 3042 1660 Scripturis
3073 1603 3179 1645 non
3211 1589 3366 1644 vocis
3391 1587 3752 1660 accipiendum

2173 1696 2296 1738 esse
2320 1722 2334 1746 ,
2364 1680 2461 1737 sed
2488 1681 2692 1736 cordis.

2247 1773 2580 1846 Iniquitatem
2619 1775 2665 1828 si
2704 1776 2883 1847 aspexi
2912 1775 2967 1829 in
2995 1777 3151 1830 corde
3198 1792 3311 1832 meo
3342 1791 3360 1830 :
3391 1792 3496 1831 non
3532 1778 3752 1833 exaudiet

2171 1868 2450 1922 Dominus.
2487 1866 2775 1936 Propterea
2799 1868 3063 1922 exaudiuit
3103 1885 3182 1923 me
3222 1867 3360 1924 Deus
3389 1886 3533 1925 meus
3565 1886 3585 1924 .·
3613 1881 3661 1925 et
3685 1871 3752 1924 in-

2169 1961 2335 2017 tendit
2367 1960 2478 2014 roci
2509 1961 2760 2015 orationis
2790 1976 2935 2015 mete.
2970 1959 3093 2016 Vidi
3121 1961 3266 2018 enim
3295 1963 3591 2032 puritatem
3621 1979 3753 2019 men-

2169 2055 2238 2112 tis
2270 2071 2427 2120 mete,
2453 2053 2581 2111 ideo
2611 2062 2797 2125 petere
2828 2055 3172 2126 praesumpsi.

2241 2147 2554 2202 Benedictus
2618 2147 2892 2216 Dominus,
2950 2149 3043 2219 qui
3089 2166 3192 2204 non
3237 2153 3429 2206 amarit
3482 2152 3750 2206 orationem

2167 2259 2355 2310 meam,
2416 2252 2462 2295 et
2516 2242 2929 2297 misericordiam
2955 2258 3104 2298 suam
3131 2260 3163 2298 a
3188 2260 3290 2299 me.
3329 2245 3532 2302 Plenus
3557 2245 3751 2303 miseri-

2167 2336 2353 2393 cordia
2381 2351 2487 2390 non
2520 2337 2722 2391 amovit
2750 2334 3194 2405 deprecationem
3241 2352 3421 2393 meam
3452 2353 3481 2391 a
3508 2353 3564 2393 se
3596 2356 3610 2391 :
3642 2338 3748 2410 quia

2167 2430 2451 2502 quazjusm
2481 2439 2658 2495 erant,
2679 2428 3042 2499 postulabam.
3070 2429 3202 2484 Nam
3231 2445 3452 2502 semper
3477 2431 3581 2502 piae
3606 2446 3749 2486 aures

2167 2523 2285 2595 ejus
2307 2524 2576 2594 justorum
2609 2523 2865 2594 precibus
2918 2533 3124 2594 patent.
3174 2523 3285 2580 Sed
3317 2539 3416 2580 nos
3445 2525 3750 2597 suppliciter

2168 2617 2456 2674 Dominum
2513 2617 2890 2688 deprecemur,
2937 2625 2997 2672 ut
3047 2617 3259 2688 aperiat
3310 2633 3475 2674 aures
3521 2633 3647 2675 suas
3688 2617 3746 2674 ad

2166 2727 2360 2784 preces
2388 2721 2625 2777 nostras,
2660 2722 2714 2768 et
2736 2713 2852 2782 ipse
2875 2727 2994 2778 nos,
3027 2711 3152 2768 data
3183 2723 3536 2783 peccatorum
3564 2712 3746 2770 remis-

2166 2807 2343 2873 sione,
2375 2806 2442 2862 de
2477 2805 2838 2876 prmsentibus
2863 2805 3121 2860 arumnis
3147 2805 3383 2876 eripiat:
3415 2806 3626 2876 sibique
3665 2805 3749 2860 ho-

2167 2899 2469 2956 locaustum
2503 2915 2696 2968 purum
2743 2899 2988 2968 ctl'ectos,
3032 2899 3282 2955 mactatis
3329 2899 3496 2968 vitiis,
3539 2909 3747 2956 sancto-

2167 3010 2288 3050 rum
2315 2991 2620 3064 agminibus
2638 2993 2849 3063 jungat.
2881 2993 3079 3050 Amen.

2694 3109 3016 3169 PSALMUS
3055 3110 3241 3169 LXVI.

2306 3241 2441 3290 nent,
2474 3224 2526 3278 in
2557 3222 2806 3294 Hymnis,
2859 3221 3109 3278 Psalmus
3164 3224 3366 3279 Cantici
3416 3223 3604 3281 Dauid.
3656 3224 3749 3282 lste

2241 3297 2486 3365 psalmus
2511 3295 2636 3351 licet
2664 3309 2862 3365 parvus
2894 3295 2984 3359 sit,
3027 3305 3206 3352 tamen
3232 3299 3600 3368 apostolorum
3631 3313 3750 3368 pro-

2242 3369 2636 3438 phetarumqne
2661 3369 2905 3422 continet
2928 3382 3140 3436 vocem,
3166 3369 3256 3438 qui
3287 3377 3382 3424 aut
3404 3370 3644 3437 venisse,
3663 3378 3744 3424 aut

2243 3450 2529 3496 venturum
2562 3439 2851 3494 Dominum
2881 3439 3136 3509 gentibus
3162 3440 3568 3497 nuntiaverunt.

2241 3549 2385 3605 Deus
2409 3551 2714 3604 misereatur
2761 3549 2950 3615 nostri,
3001 3559 3048 3604 et
3097 3549 3360 3606 benedieat
3388 3551 3554 3606 nobis.
3585 3551 3748 3607 Prima

2173 3643 2488 3715 deprecatio
2543 3653 2628 3699 est
2678 3652 2738 3697 ut
2793 3642 3224 3698 misericordiam
3279 3644 3521 3714 praebeat
3575 3644 3748 3700 Deus:

2173 3737 2371 3794 deinde
2395 3735 2854 3792 benedictionem.
2881 3736 3199 3792 Benedictio
3229 3753 3362 3809 ergo
3383 3753 3504 3810 qua:
3528 3738 3754 3794 succedit

2174 3829 2587 3897 misericordiae,
2615 3829 2734 3884 talis
2780 3829 2870 3897 sit,
2932 3839 2993 3885 ut
3038 3845 3357 3900 compressa
3397 3831 3753 3887 dominatione

2175 3925 2400 3990 carnali,
2427 3925 2681 3996 spiritum
2728 3923 2891 3979 faciat
2938 3925 3298 3997 triumphare.
3330 3925 3449 3981 Non
3481 3927 3650 3983 nostri
3675 3926 3753 3994 juo

2176 4019 2279 4075 dex
2313 4019 2407 4083 sit,
2445 4017 2542 4074 sed
2569 4017 2902 4074 misericors.
2937 4016 3077 4074 Deus
3108 4020 3415 4075 misereatur
3443 4022 3619 4077 nostri.
3649 4019 3752 4075 Vox

2177 4113 2553 4186 apostolorum
2581 4121 2686 4181 est,
2721 4113 3055 4183 loquentium
3085 4115 3152 4169 ad
3185 4114 3399 4185 plebem
3428 4114 3495 4171 de
3525 4114 3755 4187 gentibus

2177 4215 2584 4279 congregatam.
2610 4206 2935 4263 Credidistis
2957 4207 3173 4278 quidem
3195 4207 3261 4264 ad
3284 4223 3477 4264 vocem
3506 4217 3751 4265 nostram.

2181 4301 2327 4356 Ecce
2355 4300 2471 4355 haec
2504 4299 2750 4356 Ecclesia
2782 4311 3112 4373 congregata
3138 4311 3222 4358 est
3247 4302 3300 4357 in
3334 4303 3555 4360 nomine
3586 4302 3754 4359 Domi-

2181 4395 2234 4450 ni
2272 4409 2284 4446 :
2316 4400 2601 4463 propterea
2628 4407 2728 4448 nos
2755 4392 2986 4449 dicimus
3012 4411 3022 4447 :
3055 4391 3196 4448 Deus
3225 4396 3538 4450 misereatur
3581 4395 3751 4461 nostri,

2180 4495 2230 4540 et
2254 4484 2522 4540 benedicat
2551 4484 2719 4538 nobis.
2745 4483 3175 4541 Maledictionem
3207 4485 3442 4558 primam
3473 4487 3527 4542 in
3557 4486 3756 4542 homine

483 4587 566 4640 bia
593 4599 726 4637 mea.
755 4581 888 4650 Quae
918 4590 1044 4635 vota
1075 4578 1465 4644 distinxerunt,
1496 4577 1602 4633 nisi
1638 4587 1697 4633 ut
1727 4579 1866 4634 alios
1893 4579 1997 4634 sibi
2027 4580 2077 4634 in
2104 4561 2159 4624 Ῑ)
2185 4594 2280 4635 sua
2309 4579 2690 4636 benedictione
2735 4579 3019 4640 dissolvat,
3069 4579 3340 4635 lltuminet
3384 4582 3586 4637 vultum
3621 4597 3756 4636 suum

485 4675 806 4748 martyrium
833 4670 1200 4742 c0pularent?
1253 4669 1350 4725 Vel
1383 4670 1711 4739 promissum
1740 4711 1754 4738 ,
1805 4679 1865 4725 ut
1907 4670 2078 4725 Deum

485 4767 793 4833 laudemus,
829 4774 885 4819 et
915 4763 1272 4818 conﬁtcamur
1298 4761 1452 4816 illum
1476 4770 1804 4817 creatorem.
1825 4761 2084 4817 Locutum

486 4872 560 4918 est
601 4878 659 4916 os
682 4873 855 4913 meum
882 4857 938 4909 in
969 4853 1298 4910 tribulatione
1340 4871 1474 4910 mea.
1522 4854 1713 4910 Loculi
1739 4866 1867 4910 sunt
1891 4860 2036 4911 enim
2063 4898 2080 4923 ,

488 4968 548 5013 ut
587 4965 884 5024 numquam
915 4963 1014 5005 eos
1044 4957 1325 5020 separaret
1367 4964 1399 5003 a
1442 4947 1712 5004 charitate
1741 4947 1943 5005 Clu-isti
1975 4949 2083 5005 ulla

486 5046 824 5123 persecutio.

567 5141 891 5196 Holocausta
922 5136 1210 5192 medullula
1235 5136 1452 5205 o/j'eram
1483 5137 1594 5191 tibi.
1647 5137 1832 5194 Fidem
1863 5141 2077 5207 animm,

488 5239 576 5294 vel
604 5234 850 5306 corporis
877 5231 1154 5298 allectum,
1190 5229 1275 5286 vel
1303 5246 1503 5303 corpus
1527 5230 1750 5288 Christi.
1781 5233 1920 5290 Ossa
1946 5234 2084 5292 infe—

487 5331 636 5386 riora
661 5327 812 5384 carni
840 5345 851 5380 :
883 5333 940 5382 et
964 5323 1227 5390 medulla,
1256 5322 1483 5380 inferior
1500 5325 1736 5381 ossibus.
1770 5325 2080 5396 Medullata,

487 5425 593 5480 hoc
621 5430 742 5489 est,
784 5420 1052 5476 viscerata
1084 5433 1206 5474 cum
1240 5433 1470 5490 corpore
1499 5428 1554 5475 et
1583 5421 1784 5476 anima.
1817 5421 1949 5477 Cum
1997 5425 2082 5479 in-

490 5531 664 5570 censo.
698 5513 834 5570 Cum
865 5508 1190 5582 acceptabili
1237 5511 1500 5566 orationis
1534 5511 1725 5568 odore.
1770 5512 1835 5566 Et
1875 5515 2081 5571 arietes.

484 5607 757 5681 Apostoli,
787 5606 879 5663 vel
909 5605 1160 5662 doctores
1193 5604 1583 5660 Ecclesiarum.

563 5703 796 5770 Olferam
837 5699 927 5754 tibi
961 5700 1131 5754 boves.
1164 5698 1288 5766 Qui,
1315 5699 1519 5768 rejecta
1547 5701 1888 5757 contumacia
1919 5703 2071 5774 legis,

484 5797 612 5870 jugo
639 5794 853 5851 Domini
882 5792 1126 5850 cervices
1147 5807 1298 5862 suas,
1329 5792 1475 5865 quod
1501 5808 1668 5851 suave
1699 5803 1803 5867 est,
1831 5797 2081 5857 subdide-

2183 4689 2340 4743 super
2357 4689 2469 4727 nos.
2498 4671 2616 4728 Non
2663 4672 2812 4727 illum
2859 4673 3073 4728 tristem
3107 4671 3390 4729 videamus
3440 4674 3492 4728 in
3542 4672 3758 4745 peccatis

2185 4767 2411 4835 nostris,
2442 4767 2536 4822 sed
2565 4765 2888 4838 gaudentem
2922 4767 2977 4822 in
3004 4767 3316 4823 virtutibus.
3349 4766 3466 4823 Non
3505 4783 3622 4824 eum
3647 4779 3760 4822 sen-

2187 4859 2384 4915 tiamus
2407 4858 2672 4928 judicem,
2704 4859 2800 4916 sed
2828 4860 3067 4916 Patrem.
3099 4858 3372 4914 Illuminet
3402 4859 3600 4916 vultum
3622 4876 3758 4913 suum

2185 4970 2341 5024 super
2386 4969 2502 5007 nos.
2551 4952 2648 5008 Dei
2703 4953 2867 5009 iacies
2897 4969 3017 5025 qua:
3045 4951 3161 5008 cst?
3185 4951 3384 5023 Utique
3416 4953 3592 5025 imago
3629 4952 3752 5022 ejus.

2187 5049 2329 5104 Dicit
2353 5048 2497 5103 enim
2547 5055 2602 5102 et
2649 5046 2964 5116 Apostolus,
2999 5046 3286 5118 imaginem
3318 5045 3494 5102 Patris
3538 5061 3647 5103 esse
3669 5043 3756 5100 Fi-

2188 5141 2319 5196 lium
2345 5139 2522 5212 (Rom.
2553 5137 2636 5211 tt).
2672 5139 2815 5209 Ergo
2847 5139 3080 5210 imagine
3108 5154 3203 5195 sua
3233 5153 3333 5195 nos
3360 5141 3636 5207 illuminet,
3659 5137 3757 5193 hoe

2187 5246 2290 5303 est,
2325 5237 2616 5307 imaginem
2654 5249 2805 5290 suam
2836 5233 3032 5290 Filium
3061 5235 3354 5292 :illuminet
3393 5253 3546 5308 super
3577 5249 3675 5298 nos,
3699 5239 3758 5288 ut

2189 5327 2747 5399 ipseuosilluminet.
2795 5326 2910 5382 Lux
2956 5327 3099 5382 enim
3130 5325 3328 5393 Patris,
3382 5327 3475 5383 lux
3519 5325 3630 5382 Filii
3655 5335 3754 5383 est.

2189 5425 2289 5492 Qui
2315 5423 2460 5479 videt
2491 5422 2728 5489 Patrem,
2757 5420 2906 5477 videt
2933 5429 2990 5478 et
3019 5420 3237 5478 Filium.
3266 5421 3369 5478 Ubi
3406 5421 3554 5478 nulla
3580 5429 3652 5478 est
3677 5417 3759 5473 di-

2187 5516 2386 5571 stantia
2414 5516 2556 5572 inter
2585 5514 2820 5586 gloriam
2849 5523 2902 5570 et
2928 5514 3183 5586 gloriam,
3216 5523 3449 5588 uterque
3470 5525 3550 5572 est
3576 5512 3752 5584 gloria.

2186 5611 2486 5668 Precantur
2529 5609 2646 5666 haec
2693 5610 2926 5682 apostoli
2957 5620 3013 5667 et
3045 5611 3350 5683 prophetae,
3392 5621 3452 5669 ut
3492 5612 3625 5668 vultu
3665 5608 3755 5663 Dei

2185 5705 2498 5773 illuminati,
2561 5705 2656 5761 ﬁat
2711 5705 3024 5777 praedicatio
3069 5721 3258 5764 eorum
3310 5708 3488 5764 lumen
3528 5705 3748 5762 omnium

2181 5803 2446 5877 gentium.
2683 5817 2692 5823 ‘
2763 5812 2818 5843 ἐ’
