3954 6340
237 363 256 418 l
266 357 352 416 CO9

1106 347 1537 407 BREVIARIUM
1577 347 1642 406 IN
1683 345 2016 406 PSALMOS.
2059 347 2311 406 PSALM.
2356 347 2542 408 LXVI.

3338 348 3479 406 1010

293 470 353 527 Ut
372 480 714 542 cognoscamus
739 463 792 518 in
817 470 955 518 terra
996 464 1131 518 riam
1172 473 1338 531 tuam,
1377 473 1425 519 et
1452 465 1506 519 in
1537 462 1774 518 onmibus
1797 463 1854 524 Α
1879 475 2072 518 sensus
2093 471 2178 519 est
2208 461 2514 518 :Laztentur
2551 470 2600 516 et
2634 461 2895 517 exsultent
2921 469 3116 535 gentes.
3149 462 3350 530 Quare,
3383 462 3481 519 la:-

229 562 433 641 gentibus
458 559 674 615 salutare
701 566 865 611 tuum.
909 556 1001 613 Sic
1049 556 1194 612 enim
1245 557 1544 613 invalescat
1575 557 1772 629 prtedi-

229 659 348 716 catie
366 666 556 721 nostra,
584 663 640 709 ut
667 653 748 706 via
778 651 893 708 sive
921 652 1160 709 salutare
1187 660 1361 717 tuum,
1393 652 1451 708 id
1483 659 1588 719 est,
1615 649 1775 706 Chri-

227 767 325 812 stus
350 751 594 807 Dominus
623 748 674 803 in
699 747 783 803 bis
811 745 903 818 qui
931 761 1073 801 nunc
1102 756 1319 802 terrena
1360 746 1601 815 sapiunt,
1635 753 1694 801 et
1720 744 1774 800 in

227 842 507 920 gentilitatis
552 849 837 897 versantur
867 855 1076 908 errore,
1111 849 1427 896 cernantur.
1463 837 1532 895 Ut
1577 855 1773 910 cogno-

225 957 401 998 scamus
445 939 495 992 in
542 946 672 991 terra
700 936 839 990 viam
871 944 1035 990 tuam.
1077 935 1193 991 lloc
1220 944 1400 991 autem
1428 934 1685 1006 petimus,
1717 941 1774 989 ut

224 1033 465 1091 illumines
513 1030 712 1085 vultum
745 1039 932 1085 tuum:
969 1028 1073 1085 hoc
1125 1038 1232 1097 est,
1282 1028 1569 1100 imaginem
1627 1036 1774 1082 tuam

223 1143 362 1199 super
383 1140 496 1192 nos,
524 1138 644 1195 quas
685 1123 830 1194 apud
878 1131 931 1178 te
976 1137 1194 1193 semper
1221 1121 1541 1178 abscondita
1574 1120 1694 1183 fuit,
1723 1130 1779 1176 et

221 1218 352 1292 quasi
402 1219 452 1272 in
511 1223 770 1283 secreto,
826 1223 882 1271 et
930 1215 1166 1271 tenebris
1222 1224 1340 1271 erat
1389 1214 1777 1286 mysteriorum

221 1307 769 1368 tuorumzsecundum
821 1307 953 1362 illud
1005 1307 1148 1378 quod
1203 1308 1466 1378 scriptum
1519 1317 1602 1362 est
1637 1326 1650 1362 :
1680 1321 1777 1376 po-

216 1407 307 1462 ειιίι
356 1403 600 1460 tenebras
658 1402 939 1458 latibulum
990 1417 1146 1456 suum
1195 1399 1383 1468 (Psal.
1439 1402 1607 1471 xvu).
1668 1400 1779 1457 Hoc

217 1498 448 1572 petimus,
499 1505 556 1552 ut
611 1495 881 1552 illumines
934 1510 1097 1565 super
1154 1509 1287 1561 nos,
1340 1505 1399 1550 ut
1449 1494 1776 1566 mysterium

213 1589 338 1663 quod
361 1605 389 1644 a
417 1587 862 1661 generationibus
887 1586 1272 1642 absconditum
1313 1586 1433 1656 fuit,
1459 1586 1610 1656 juxta
1634 1586 1782 1658 Apo-

215 1683 408 1750 stolum,
441 1681 716 1738 reveletur
762 1681 815 1736 in
866 1679 1022 1736 nobis
1076 1678 1117 1748 (l
1146 1678 1267 1735 Cor.
1300 1679 1386 1751 ιι).
1437 1678 1550 1735 Hoc
1596 1689 1777 1734 autem

211 1783 358 1829 totum
384 1788 552 1845 quare
581 1772 879 1844 poscimus,
913 1786 1089 1844 quare
1117 1771 1528 1827 desideramus?
1572 1769 1686 1826 Nisi
1714 1771 1780 1825 il-

1878 557 2084 610 tentur?
2115 555 2376 621 Quoniam
2413 556 2627 626 judicas
2656 555 2879 629 pepulos
2927 557 2979 611 in
3020 557 3261 626 (equitate
3289 574 3308 612 :
3345 573 3484 628 quo-

1880 651 2024 706 niam
2049 666 2391 722 nequaquam
2423 651 2627 720 accipis
2659 666 2949 722 personam
2971 652 3136 707 unius
3157 653 3356 724 gentis,
3381 652 3480 708 sed

1879 748 2122 802 omnium
2155 747 2296 802 Deus
2323 761 2403 802 es.
2434 744 2553 802 Non
2604 746 2699 802 tibi
2743 747 2845 802 soli
2891 745 3066 803 Judmi
3113 748 3348 818 placent,
3381 746 3479 803 sed

1879 839 2060 894 omnis
2113 839 2347 895 mundus
2392 848 2517 895 tuus
2557 849 2663 895 est.
2719 839 2873 895 Dicat
2914 839 3110 910 aliquis
3145 858 3159 894 :
3198 840 3317 896 Vim
3350 839 3484 895 lacis

1880 930 2202 1001 Scripturte,
2232 947 2338 987 non
2371 931 2479 988 hoc
2507 947 2674 987 sensu
2703 931 2862 988 dixit.
2889 932 3284 1003 Interpretatur
3307 933 3493 1004 seipsa

1881 1025 2186 1097 Scriptura,
2229 1042 2348 1096 qua:
2395 1025 2679 1098 loquitur:
2713 1026 2971 1094 Quoniam
2987 1025 3206 1098 judicas
3247 1024 3472 1096 populos

1880 1121 1934 1176 in
1962 1123 2220 1193 (equitate.
2249 1120 2397 1190 Quos
2425 1121 2683 1192 populos?
2714 1120 2780 1175 Et
2807 1131 2982 1194 gentes
3017 1121 3071 1175 in
3101 1129 3242 1177 terra
3268 1120 3479 1194 dirigis.

1881 1213 2085 1270 Gentes
2109 1229 2231 1284 qua:
2262 1223 2387 1269 ante
2431 1229 2538 1269 non
2591 1222 2741 1270 recto
2786 1215 2920 1285 pede
2946 1213 3362 1286 gradiebantur,
3407 1218 3485 1270 tc-

1881 1307 2002 1362 cisti
2034 1322 2129 1362 eas
2157 1315 2214 1361 ut
2243 1306 2582 1362 ambularent
2609 1307 2662 1362 in
2691 1308 2835 1363 viam
2886 1316 3053 1363 tuam.
3086 1307 3154 1364 Ut
3183 1321 3480 1378 cognosce-

1883 1417 2067 1458 remus
2098 1403 2149 1457 in
2181 1411 2324 1458 terra
2353 1403 2495 1457 viam
2529 1412 2699 1466 tuam,
2748 1413 2808 1457 ut
2853 1403 3259 1458 ambularemus
3289 1403 3342 1458 in
3369 1406 3478 1468 via,

1883 1509 1990 1550 non
2024 1495 2076 1549 in
2104 1495 2284 1562 inviis,
2317 1503 2372 1550 et
2395 1509 2490 1566 per
2525 1509 2688 1550 unam
2716 1495 2856 1550 viam
2878 1495 3190 1551 veniremus
3213 1495 3279 1550 ad
3312 1505 3384 1562 te,
3412 1495 3481 1551 de

1881 1604 1990 1659 quo
2040 1591 2283 1644 nascitur
2337 1590 2441 1645 via.
2478 1589 2594 1644 Non
2624 1589 2769 1645 enim
2799 1591 2941 1645 imus
2981 1590 3049 1645 ad
3102 1592 3345 1661 Patrem,
3377 1591 3480 1646 nisi

1882 1696 1979 1751 per
2010 1681 2228 1737 Filium.
2278 1682 2434 1738 Dicat
2477 1683 2722 1754 aliquis:
2756 1681 3086 1739 Arianorum
3133 1683 3330 1754 dogma
3375 1693 3481 1739 est.

1884 1774 2028 1846 Ergo
2058 1791 2152 1844 per
2189 1776 2385 1831 Filium
2415 1778 2633 1832 venitur
2661 1776 2728 1832 ad
2761 1777 3003 1832 Patrem.
3039 1777 3153 1849 Ego
3183 1777 3290 1833 hoc
3334 1778 3479 1845 dico,

211 1867 533 1922 luminaveris
565 1865 858 1936 imaginem
891 1873 1039 1920 tuam
1068 1878 1234 1934 super
1272 1878 1398 1932 nos,
1433 1863 1578 1918 viam
1607 1874 1775 1930 tuam,
1808 1867 1858 1928 B
1882 1869 2140 1939 quoniam
2173 1884 2268 1941 per
2292 1870 2585 1942 imaginem
2614 1870 2754 1925 imus
2777 1871 2844 1926 ad
2872 1870 3092 1938 faciem;
3121 1872 3252 1927 etin
3277 1871 3484 1928 lumine

209 1969 255 2016 et
277 1959 550 2015 scientiam
582 1966 730 2013 tuam
759 1960 1057 2028 nossejnon
1088 1971 1399 2029 possumus,
1429 1965 1488 2011 ut
1518 1957 1774 2026 majesta-

211 2063 299 2108 tem
325 2061 462 2108 tuam
490 2068 610 2124 qua:
636 2052 691 2108 in
718 2053 872 2109 etelis
895 2060 1022 2108 nota
1051 2063 1158 2120 est,
1190 2062 1370 2107 notam
1397 2051 1696 2108 habeamus
1724 2061 1780 2107 et

206 2148 429 2204 interra.
485 2146 556 2203 Ut
613 2165 990 2220 cognoscamus
1042 2148 1096 2202 in
1142 2158 1278 2202 terra
1304 2149 1440 2202 viam
1470 2157 1632 2202 tuam.
1666 2148 1778 2219 Ego

206 2255 324 2312 sum,
355 2242 547 2313 inquit,
600 2243 717 2312 via,
763 2243 874 2298 vita
902 2253 958 2299 et
983 2243 1186 2299 veritas
1211 2242 1397 2315 (Jean.
1423 2242 1563 2314 xw).
1591 2241 1660 2299 Ut
1687 2259 1778 2298 co-

203 2351 482 2406 gnoscamus
511 2336 565 2391 in
592 2348 732 2392 terra
758 2338 892 2392 viam
915 2347 1079 2394 tuam.
1107 2337 1162 2392 ln
1188 2347 1331 2393 terra
1355 2352 1778 2410 cognoscamus:

205 2426 306 2484 Fiat
331 2429 577 2486 voluntas
609 2440 702 2486 tua
733 2431 875 2487 sicut
898 2432 950 2487 in
973 2434 1114 2488 cmlo
1138 2441 1194 2488 et
1224 2433 1277 2488 in
1302 2442 1442 2488 terra
1474 2431 1656 2504 (Matt.
1677 2435 1777 2504 vr),

203 2528 252 2574 ut
275 2536 425 2592 quem
455 2523 645 2593 angeli
689 2523 922 2580 adorant
955 2526 1007 2580 in
1038 2526 1214 2592 cmlis,
1265 2525 1518 2583 homines
1563 2541 1780 2599 quoque

201 2614 406 2672 adorent
426 2617 478 2672 in
513 2627 686 2674 terra.
721 2617 827 2675 Sed
874 2619 1021 2676 dicet
1059 2621 1259 2692 aliquis
1292 2643 1305 2678 :
1352 2622 1480 2692 quia
1506 2631 1636 2677 nota
1663 2631 1782 2677 erat

199 2709 271 2762 via
299 2710 384 2764 Dei
417 2727 432 2764 :
465 2710 646 2766 Notus
676 2711 822 2767 enim
852 2711 907 2766 in
942 2711 1130 2768 Judara
1163 2713 1342 2768 Deus:
1375 2712 1430 2769 in
1472 2713 1640 2770 Israel
1669 2729 1782 2768 ma-

198 2818 342 2872 gnum
371 2819 568 2860 nomen
602 2806 746 2876 ejus.
773 2805 948 2862 Notus
970 2815 1089 2863 erat
1111 2808 1281 2873 Deus,
1309 2809 1405 2864 sed
1431 2809 1527 2864 Dei
1555 2808 1639 2864 via
1672 2825 1780 2863 non

196 2908 438 2954 cratnota
471 2899 524 2956 in
561 2899 776 2956 Judtca.
825 2901 1092 2969 Quoniam
1147 2917 1280 2973 ergo
1329 2902 1414 2957 via
1463 2902 1558 2958 Dei
1605 2902 1784 2957 Patris

197 3007 290 3047 non
317 3002 432 3049 erat
462 3005 594 3050 nota
645 2995 698 3049 in
730 2995 959 3057 Judaeis,
1003 3005 1290 3066 propterea
1329 3010 1473 3051 nunc
1505 2995 1638 3052 dicit
1669 3015 1682 3052 :
1716 2994 1784 3050 In

193 3089 411 3143 omnibus
440 3090 690 3162 gentibus
715 3089 942 3145 salutare
964 3099 1133 3144 tuum.
1178 3090 1295 3146 Non
1329 3091 1384 3146 in
1410 3106 1518 3145 uno
1558 3092 1782 3161 populo,

1881 1961 2127 2019 videmus
2180 1963 2388 2031 lumen,
2441 1964 2495 2018 in
2526 1964 2666 2020 Filio
2698 1965 2943 2021 videmus
2991 1967 3230 2022 Patrem.
3281 1967 3488 2037 Myste-

1880 2056 2022 2112 rium
2068 2066 2121 2112 ct
2164 2056 2502 2127 dispensatio
2539 2067 2624 2113 est
2664 2074 2785 2129 qua:
2830 2058 3093 2130 loquitur.
3137 2060 3406 2115 Cteterum
3440 2060 3485 2115 si

1882 2153 2004 2222 quis
2034 2161 2185 2221 putat
2207 2166 2329 2208 esse
2357 2151 2761 2223 blaspliemum,
2788 2154 3047 2224 quoniam
3071 2154 3214 2209 viam
3246 2154 3487 2210 diximus

1882 2259 2004 2302 esse
2033 2245 2254 2314 Filium,
2285 2258 2340 2303 et
2373 2262 2470 2317 per
2510 2247 2653 2301 viam
2691 2248 2833 2303 imus
2876 2248 3031 2319 quasi
3061 2245 3128 2302 ad
3173 2247 3367 2315 Deum,
3406 2248 3489 2302 vi-

1882 2338 2106 2394 deamus
2134 2339 2250 2395 haec
2280 2341 2396 2412 ipsa
2422 2341 2507 2396 via
2539 2341 2668 2412 quid
2689 2339 2840 2397 dicat
2867 2360 2878 2396 :
2910 2340 3083 2397 Nemo
3104 2343 3254 2397 venit
3280 2343 3346 2396 ad
3375 2357 3486 2409 me,

1885 2434 1986 2489 nisi
2011 2433 2173 2490 Pater
2204 2450 2361 2490 meus
2389 2419 2686 2491 adduxei‘it
2738 2452 2862 2492 eum
2913 2436 2982 2492 ad
3031 2452 3119 2492 me
3171 2435 3484 2506 (Jaan.vt).

1884 2527 2168 2596 Quomodo
2196 2543 2329 2600 ergo
2358 2527 2527 2584 Filius
2556 2529 2704 2586 ducit
2731 2530 2799 2585 ad
2848 2530 3090 2599 Patrem,
3121 2529 3200 2586 sic
3241 2541 3295 2586 et
3325 2531 3486 2585 Pater

1885 2621 2036 2677 ducit
2064 2623 2130 2677 ad
2161 2622 2382 2678 Filium.
2414 2623 2542 2678 llaec
2564 2623 2801 2678 humana
2836 2623 3009 2678 verba
3036 2631 3185 2679 sunt.
3217 2622 3487 2679 Cmterum

1885 2723 1940 2770 et
1965 2714 2134 2770 Filius
2154 2715 2304 2773 ducit
2327 2716 2395 2772 ad
2422 2716 2660 2783 Patrem,
2698 2725 2753 2771 et
2778 2717 2944 2772 Pater
2975 2715 3124 2772 ducit
3152 2716 3220 2771 ad
3253 2715 3478 2782 Filium,

1886 2820 1938 2864 et
1961 2824 2066 2864 una
2089 2818 2300 2877 natura,
2331 2820 2386 2865 et
2417 2826 2520 2865 una
2549 2810 2858 2866 substantia
2889 2821 2994 2866 ρει.

1962 2901 2321 2971 Cenﬁteantur
2346 2904 2437 2958 tibi
2459 2904 2664 2976 pepuli,
2699 2903 2863 2970 Deus,
2893 2905 3243 2974 conﬁteantur
3273 2903 3362 2958 tibi
3393 2921 3488 2972 po-

1887 2995 2000 3067 puli
2039 3013 2230 3052 omnes.
2263 2996 2383 3052 Jam
2419 3012 2583 3066 supra
2611 2996 2843 3064 dixerat,
2888 3005 2944 3052 et
2993 2998 3046 3051 in
3099 2997 3204 3053 isto
3260 2997 3488 3066 parvulo

1888 3092 2122 3164 psalmo,
2147 3094 2245 3147 bos
2273 3091 2412 3148 duos
2436 3093 2735 3148 versiculos
2762 3093 2956 3148 iterum
2991 3091 3212 3162 repetit.
3267 3092 3489 3146 Dixerat

192 3180 274 3234 sed
305 3182 354 3237 in
381 3184 605 3240 cunctis
632 3184 912 3254 gentibus.
943 3183 1012 3239 In
1033 3184 1269 3239 omnibus
1296 3184 1531 3258 gentibus
1557 3185 1786 3240 salutare
1887 3189 2032 3242 enim
2078 3203 2248 3262 supra
2279 3205 2294 3245 :
2327 3189 2689 3260 Conﬁteantur
2727 3188 2820 3242 tibi
2860 3188 3064 3260 populi,
3097 3186 3280 3242 Deus:
3312 3185 3482 3254 conﬁ-

190 3283 343 3328 tuum.
375 3274 476 3332 Ubi
512 3291 622 3332 nos
653 3277 920 3333 habemus
951 3277 1007 3332 in
1043 3276 1258 3344 Latino,
1297 3280 1556 3343 salutare;
1593 3278 1644 3332 in
1679 3277 1783 3333 He-
1812 3262 1859 3328 Ο
1891 3289 2097 3336 teantur
2127 3284 2217 3338 tibi
2245 3284 2426 3356 populi
2451 3298 2670 3338 omnes:
2704 3279 2962 3336 Lwtentur
2987 3290 3035 3334 et
3077 3279 3331 3334 exsultent
3363 3294 3490 3350 gen-

190 3365 344 3434 braeo,
384 3368 547 3426 Iesus
579 3369 801 3426 dicitur.
835 3371 1076 3443 Denique
1118 3381 1173 3427 et
1218 3372 1443 3442 angelus
1475 3372 1579 3429 hoc
1608 3373 1784 3444 loqui-

189 3469 307 3517 tur:
338 3461 408 3518 Et
441 3466 678 3522 vocabis
708 3482 910 3522 nomen
959 3469 1077 3537 ejus
1117 3466 1302 3522 Jesum
1352 3466 1504 3539 (Luc.
1553 3467 1636 3540 ιι).
1687 3468 1786 3525 Hic

187 3556 314 3611 enim
348 3559 593 3616 salvabit
638 3561 894 3632 pepulum
942 3575 1125 3616 suum.
1176 3560 1242 3615 In
1270 3563 1505 3617 omnibus
1549 3563 1787 3636 gentibus

183 3653 400 3710 salutare
441 3664 623 3711 tuum.
678 3656 816 3712 Ecce
855 3656 1190 3726 completum
1238 3667 1346 3725 est,
1377 3658 1518 3728 quod
1551 3657 1786 3728 apostoli

182 3744 454 3816 deprecati
480 3760 618 3807 sunt
652 3769 666 3806 :
696 3751 751 3806 ln
788 3751 1040 3806 omnibus
1079 3752 1331 3822 gentibus
1363 3762 1550 3808 notum
1578 3761 1664 3809 est
1699 3767 1786 3807 sa-

179 3837 343 3898 lutare
371 3845 519 3915 ejus.
546 3845 911 3917 Quocumque
932 3845 1203 3902 humanus
1224 3861 1408 3902 sermo
1432 3862 1556 3903 esse
1579 3854 1782 3917 potest,

178 3931 241 3989 ibi
265 3934 427 3993 Jesus
455 3949 715 3996 resonat.

240 4028 618 4103 Conﬁteantur
661 4033 753 4089 tibi
796 4036 996 4108 populi,
1041 4033 1182 4090 Deus
1231 4053 1250 4091 :
1296 4036 1641 4104 confiteantur
1695 4034 1786 4088 tibi

175 4125 347 4191 populi
377 4142 593 4182 omnes.
626 4125 991 4197 Cen/iteantur
1040 4128 1133 4182 tibi
1176 4128 1382 4201 populi,
1421 4126 1784 4184 Judmorum?

171 4215 280 4273 Non
311 4238 327 4275 :
360 4222 490 4290 sed,
528 4223 724 4294 populi
751 4239 926 4278 omnes
957 4225 1319 4293 conﬁteantur.
1352 4221 1637 4292 Quomodo
1669 4238 1786 4277 om-

171 4326 260 4366 nes
299 4322 530 4384 gentes,
591 4315 674 4370 sic
726 4324 780 4369 et
827 4330 1019 4371 onmes
1051 4316 1253 4385 populi.
1303 4313 1664 4385 Conﬁteantur
1697 4315 1788 4370 tibi

169 4405 368 4477 populi,
388 4406 570 4462 Deus.
601 4407 743 4476 Quid
771 4407 1172 4463 conﬁteantur?
1190 4407 1385 4479 Utique
1408 4419 1628 4478 peccata
1650 4422 1745 4462 sua
1771 4425 1785 4463 :

167 4497 412 4556 vcleerte
425 4500 809 4556 conﬁteantur
824 4501 1109 4572 imaginem
1127 4510 1270 4556 tuam
1285 4502 1472 4557 essein
1490 4501 1624 4556 te.|n
1645 4499 1786 4556 Filio

167 4596 217 4645 te
240 4594 661 4661 conﬁteantur,
686 4594 739 4648 in
768 4593 861 4649 illo
885 4604 937 4650 te
958 4594 1214 4649 videant:
1243 4595 1294 4649 in
1323 4595 1414 4650 illo
1447 4604 1499 4649 te
1528 4593 1780 4650 adorent.

1893 3387 1986 3446 tes,
2020 3385 2074 3432 et
2102 3386 2299 3433 cetera
2345 3395 2358 3430 :
2399 3386 2455 3432 et
2481 3391 2624 3432 nunc
2665 3391 2856 3432 rursus
2888 3374 3088 3444 repetit
3126 3375 3224 3430 hos
3247 3375 3491 3429 versicu-

1890 3471 1993 3540 los,
2023 3472 2178 3542 quasi
2201 3470 2434 3541 apostoli
2466 3470 2764 3538 prmeinant
2791 3469 3002 3524 cunctis
3023 3469 3299 3538 gentibus.
3333 3467 3495 3537 Saepe

1889 3572 2340 3636 expugnaverunt
2371 3579 2457 3619 me
2488 3579 2517 3617 a
2545 3565 2833 3633 juventute
2865 3578 3007 3629 mea,
3049 3563 3196 3618 dicat
3240 3577 3384 3618 nunc
3415 3560 3492 3616 ls-

1890 3658 2002 3714 rael
2029 3656 2206 3725 (Psal.
2231 3654 2480 3728 cxxvut).
2513 3655 2673 3726 Smpe
2720 3665 3167 3727 expugnaverunt
3208 3670 3295 3710 me
3337 3671 3368 3709 a
3406 3655 3496 3724 ju-

1889 3757 2111 3805 ventute
2136 3763 2276 3804 mea.
2305 3747 2495 3803 Videte
2521 3747 2796 3819 quomodo
2826 3748 2902 3802 illi
2929 3749 3258 3818 praecinunt,
3284 3756 3338 3801 et
3373 3761 3492 3801 om-

1889 3843 2040 3897 nium
2065 3841 2307 3910 gentium
2333 3841 2483 3894 turba
2513 3839 2836 3908 respondet.
2870 3839 2961 3895 Sic
2998 3848 3055 3894 et
3097 3853 3242 3894 nunc
3264 3838 3496 3893 dicenti-

1891 3935 1990 3990 bus
2014 3934 2118 3988 illis
2147 3934 2200 3988 in
2233 3933 2503 4004 principio
2533 3951 2545 3986 :
2573 3933 2936 4003 Conﬁteantur
2959 3932 3050 3986 tibi
3079 3931 3260 4003 populi
3288 3947 3491 3998 omnes,

1890 4036 1947 4083 et
1984 4026 2425 4096 praecipientibus
2472 4025 2757 4097 apostolis,
2809 4035 2864 4080 et
2915 4025 3270 4080 dicentibus:
3313 4023 3489 4093 Conﬁ-

1891 4128 2094 4176 teantnr
2138 4119 2231 4173 tibi
2272 4119 2472 4188 populi,
2514 4117 2655 4172 Deus
2701 4135 2720 4172 :
2764 4116 3122 4187 Conﬁteantur
3164 4115 3256 4170 tibi
3306 4116 3492 4185 populi

1892 4231 2092 4280 omnes,
2123 4214 2380 4285 quoniam
2421 4213 2546 4269 illos
2575 4212 2761 4269 vident
2810 4213 3160 4279 reticescere,
3195 4219 3490 4282 propterea

1894 4309 2128 4380 idipsum
2159 4308 2378 4376 iterant,
2409 4319 2462 4364 et
2491 4307 2681 4363 dicunt
2709 4325 2722 4362 :
2756 4307 3113 4376 Conﬁteantur
3160 4307 3252 4362 tibi
3283 4306 3489 4379 populi,

1896 4403 2056 4468 Deus,
2083 4404 2429 4474 conﬁteantur
2450 4401 2544 4456 tibi
2571 4400 2754 4474 pepuli
2785 4417 2980 4454 omnes.
3013 4399 3195 4456 Semel
3227 4399 3487 4466 diximus,

1892 4512 2000 4551 non
2027 4496 2284 4563 audistis;
2315 4495 2508 4550 iterum
2530 4493 2798 4560 dicimus,
2831 4502 2892 4548 ut
2920 4493 3149 4548 canalis.
3173 4491 3288 4548 Hoc
3308 4501 3490 4548 autem

1893 4599 2062 4647 totum
2093 4605 2265 4662 quare
2294 4589 2552 4656 diximus,
2576 4599 2631 4644 et
2660 4589 2828 4644 semel
2854 4599 2908 4643 et
2931 4588 3198 4659 secundo,
3235 4598 3291 4644 ut
3321 4589 3494 4643 conli-

229 4683 520 4742 Laetentur
549 4695 600 4741 et
631 4659 883 4742 exsultent
908 4697 1106 4761 gentes.
1142 4687 1410 4756 Quoniam
1451 4689 1520 4742 de
1559 4686 1788 4756 eaptivi-
1812 4659 1867 4719 D
1896 4659 2319 4755 teantnrvapuli
2355 4685 2498 4738 Deo?
2544 4683 2722 4751 Quare
2753 4683 2855 4739 hoc
2886 4683 3165 4740 dicimus?
3192 4700 3363 4755 quare
3391 4683 3496 4738 hoc

163 4783 267 4833 tate
293 4779 515 4835 diaboli
549 4779 802 4835 liberatae
825 4789 952 4835 sunt
977 4797 989 4834 :
1023 4779 1280 4850 quoniam
1305 4793 1428 4850 quae
1453 4787 1580 4834 ante
1609 4779 1790 4834 incur-

160 4873 438 4929 vabantur
473 4874 550 4928 ad
587 4872 868 4928 adoranda
917 4873 1090 4940 idola,
1118 4873 1261 4943 ligna
1285 4882 1341 4928 et
1369 4871 1600 4944 lapides,
1645 4887 1790 4928 nunc

159 4975 347 5021 erecto
390 4967 563 5020 vultu
593 4966 764 5021 ctelos
805 4966 1122 5036 reSpiciunt.
1173 4965 1431 5032 Quoniam
1453 4965 1667 5037 judicas
1699 4981 1792 5034 po-

156 5059 307 5126 pules
337 5059 397 5113 in
431 5057 718 5129 (equitate.
744 5055 1086 5128 Ubicumque
1125 5057 1355 5126 aequitas
1395 5067 1480 5112 est
1516 5065 1678 5127 atque
1704 5057 1792 5126 ju-

156 5149 392 5216 dicium,
424 5152 508 5207 ibi
541 5165 660 5205 non
687 5149 897 5216 laetitia,
919 5149 1016 5206 sed
1045 5148 1282 5205 formido
1304 5159 1389 5205 est
1416 5159 1792 5219 peccatorum.

155 5244 220 5298 Et
247 5244 566 5316 quomodo
598 5243 734 5298 dixit
763 5261 775 5298 :
806 5244 946 5298 Deus
975 5243 1304 5298 misereatur
1326 5243 1522 5308 nostri,
1547 5253 1606 5298 et
1633 5243 1798 5298 bene—

154 5335 305 5393 dicat
339 5353 482 5399 nos,
520 5347 585 5392 et
607 5350 754 5391 nunc
783 5335 922 5390 dixit
951 5354 962 5390 :
995 5335 1262 5391 Ltetentur
1288 5346 1337 5391 et
1371 5336 1634 5391 exsultent
1670 5352 1794 5409 gen-

152 5443 225 5489 tes
260 5451 279 5488 :
311 5433 602 5506 quoniam
637 5431 846 5503 judicas
891 5432 1112 5503 pepulos
1152 5432 1207 5485 in
1253 5433 1538 5502 (equitate?
1563 5429 1794 5486 Videtur

150 5527 260 5583 sibi
293 5543 431 5585 esse
463 5526 812 5582 contrarius.
847 5525 901 5582 Si
932 5524 1078 5580 enim
1113 5524 1493 5582 misericordia
1525 5523 1794 5593 indigent,

146 5624 455 5695 quomodo
492 5623 764 5677 laetantur
810 5629 866 5677 et
911 5622 1185 5676 exsultant
1231 5639 1242 5674 :
1299 5622 1551 5691 quoniam
1587 5619 1801 5688 judieas

151 5718 394 5790 populos
425 5717 490 5771 in
537 5714 826 5787 (equitate?
855 5713 1197 5783 Ubicumque
1226 5713 1372 5769 enim
1417 5711 1803 5769 misericordia

147 5821 262 5877 est,
295 5812 380 5868 ibi
409 5825 544 5867 non
585 5818 665 5864 est
686 5808 990 5880 judicium;
1013 5806 1103 5862 ubi
1132 5817 1314 5861 autem
1337 5805 1608 5877 judicium
1640 5815 1726 5862 est
1749 5813 1805 5861 et

150 5907 405 5980 mquitas
428 5904 663 5977 iudicii,
700 5905 773 5964 ibi
804 5904 988 5978 procul
1023 5912 1108 5962 est
1133 5901 1527 5961 misericordia.
1562 5899 1669 5959 Sed
1701 5901 1803 5957 iste

1897 4776 2277 4847 prweipimus?
2327 4776 2592 4843 Quoniam
2629 4775 2841 4846 judicas
2894 4776 3117 4848 populos
3147 4777 3200 4831 in
3230 4776 3496 4848 tenuitate.

1895 4867 2135 4935 Judaeos,
2159 4867 2250 4937 qui
2287 4882 2399 4934 prae
2427 4866 2707 4922 nimietate
2735 4866 2979 4932 malitiae,
3010 4867 3191 4938 populi
3217 4866 3496 4934 accipiun-

1899 4971 2006 5027 tur,
2032 4961 2188 5030 juxta
2221 4958 2356 5014 illud
2399 4977 2409 5012 :
2455 4958 2651 5030 Populi
2683 4959 2925 5014 meditati
2950 4969 3079 5015 sunt
3108 4959 3285 5015 inania
3318 4958 3495 5030 (Psal.

1895 5057 1981 5122 ιι).
2018 5053 2080 5107 Et
2111 5062 2286 5126 gentes
2315 5053 2369 5107 in
2399 5062 2538 5107 terra
2568 5052 2770 5123 dirigis.
2809 5053 3012 5122 Diriget
3036 5067 3128 5108 eas
3154 5053 3205 5106 in
3231 5055 3317 5107 via
3348 5051 3500 5118 vitae,

1899 5146 2026 5202 data
2070 5153 2414 5216 peccatorum
2469 5145 2811 5200 remissione.
2846 5143 2979 5200 Cum
3027 5145 3244 5212 dicitur,
3301 5160 3500 5210 omnes,

1904 5253 2014 5293 non
2043 5236 2218 5292 solum
2251 5250 2351 5307 pro
2382 5236 2625 5307 gentium
2656 5235 2877 5306 populo,
2927 5235 3023 5292 sed
3073 5236 3238 5292 etiam
3279 5251 3378 5307 pro
3405 5235 3498 5291 Ju-

1904 5332 2146 5388 daaorum
2173 5338 2315 5396 orat,
2343 5337 2404 5384 ut
2423 5339 2474 5384 et
2509 5329 2610 5400 ipsi
2641 5331 2915 5396 conversi,
2946 5330 3317 5385 centiteantur
3346 5328 3504 5386 Chri-

1905 5436 2050 5484 stum
2084 5426 2286 5482 Filium
2321 5426 2436 5482 Dei.
2480 5424 2641 5479 Terra
2670 5425 2814 5479 dedit
2848 5428 3074 5496 fructum
3099 5439 3270 5479 suum.
3319 5422 3503 5490 Terra,

1907 5531 2097 5577 sancta
2127 5520 2314 5584 Maria,
2347 5519 2417 5576 de
2446 5529 2634 5575 nostra
2668 5526 2832 5581 terra,
2855 5517 2924 5574 de
2949 5527 3138 5573 nostro
3168 5518 3402 5584 semine,
3433 5516 3506 5572 de

1905 5611 2011 5666 hoc
2038 5611 2176 5677 luto,
2207 5609 2275 5665 de
2306 5611 2410 5664 hoc
2455 5610 2610 5673 limo,
2661 5608 2733 5664 de
2777 5607 2974 5662 Adam.
3007 5606 3176 5663 Terra
3215 5622 3296 5673 es,
3352 5613 3408 5661 et
3448 5605 3503 5660 in

1910 5713 2110 5760 terram
2131 5702 2235 5758 ibis
2254 5701 2408 5773 (Gen.
2433 5699 2535 5772 ιιι).
2558 5701 2745 5767 Terra,
2769 5700 2897 5766 ista,
2919 5699 3061 5754 dedit
3083 5699 3308 5767 fructum
3328 5713 3503 5752 suum.

1903 5799 2058 5871 Quod
2085 5796 2328 5870 perdidit
2355 5799 2406 5852 in
2434 5795 2705 5868 paradiso,
2734 5795 2942 5852 invenit
2963 5795 3016 5850 in
3051 5794 3185 5849 lilio.
3223 5792 3386 5848 Terra
3414 5792 3512 5846 dea

1917 5898 1996 5951 dit
2018 5899 2241 5966 fructum
2282 5909 2458 5953 suum.
2512 5891 2754 5950 Primum
2784 5887 2936 5949 dedit
2957 5887 3169 5947 ﬂorem.
3203 5885 3346 5944 Dicit
3380 5893 3434 5944 et
3461 5884 3518 5945 in
