3954 6340
498 356 630 413 1⁸11

1242 348 1589 408 ΛΡΡΕΝΒΙΧ
1628 348 1721 404 AD
1754 343 2001 403 TOMUM
2039 340 2387 399 SEPTIMUM
2425 341 2484 397 S.
2532 340 2932 396 IIIERONYSII.

3652 334 3773 391 Illi!

491 470 722 527 (Iantico
746 472 1081 528 canticorum
1115 486 1127 523 :
1156 467 1267 536 Ego
1293 465 1397 520 llos
1427 463 1628 534 campi,
1667 470 1723 517 et
1752 460 1927 516 lilium
1955 471 2090 512 con-
2117 459 2166 519 Α
2197 456 2338 510 Deus
2371 456 2422 511 ei
2456 470 2749 525 numquam
2782 454 2994 509 locutus
3041 451 3215 508 fuerat
3245 468 3257 504 :
3293 459 3572 522 postquam
3614 459 3771 508 autem

492 564 956 637 vallinm(Cant.n
969 579 1007 635 θ.
1024 564 1131 619 Iste
1152 561 1315 631 igitur
1338 557 1441 613 llos
1469 556 1679 611 fructus
1707 555 1881 609 factus
1904 559 2010 617 est,
2033 557 2095 604 ut

495 673 598 710 nos
627 657 779 712 illum
811 655 1256 719 comederemus,
1283 662 1344 708 ut
1369 664 1470 704 nos
1497 646 1947 702 inanducarentus
1972 657 2094 697 car-

495 762 595 804 nes
627 749 765 817 ejus.
797 748 973 805 Vultis
997 747 1140 802 seire
1167 746 1287 813 quis
1327 743 1400 797 sit
1429 742 1534 797 iste
1563 736 1811 795 fructus?
1840 737 1999 806 Virgo
2024 734 2093 791 de

485 842 699 910 virgine
725 860 737 894 :
771 842 1035 897 Dominus
1056 840 1125 895 de
1153 837 1350 893 ancilla
1376 854 1389 889 :
1419 837 1559 890 Dens
1580 849 1644 889 ex
1677 831 1920 896 homine,
1952 827 2095 883 filius

487 949 554 989 ex
585 942 780 1000 matre,
808 932 1017 989 fructus
1049 947 1118 986 ex
1163 939 1332 986 terra.
1382 928 1574 982 Videte
1618 924 1746 996 quid
1789 924 1935 978 dicat
1977 921 2093 991 ipse

492 1031 698 1082 fructus
732 1046 744 1081 :
770 1026 882 1082 Nisi
913 1040 1138 1097 granunt
1169 1022 1425 1078 frumenti
1454 1018 1717 1076 ceciderit
1761 1016 1817 1071 in
1865 1023 2089 1081 terram,

491 1130 544 1175 et
575 1132 847 1176 mortuum
889 1118 1071 1184 fuerit,
1101 1133 1206 1173 non
1236 1125 1414 1187 potest
1445 1114 1470 1169 f
1486 1128 1626 1169 .cere
1656 1111 1865 1167 fructus
1893 1108 2091 1165 multos

489 1213 678 1279 (loun.
709 1215 830 1285 xtt).
853 1212 1023 1268 Terra
1044 1212 1185 1268 dedit
1218 1213 1446 1283 fructum
1467 1223 1620 1264 suum
1643 1222 1661 1261 :
1685 1204 1835 1260 dedit
1862 1216 2089 1274 granum

488 1308 770 1362 frumenti.
802 1306 959 1374 Quod
1000 1320 1232 1376 granum
1261 1301 1520 1357 frumenti
1554 1299 1751 1355 cecidit
1783 1299 1834 1352 in
1866 1308 2089 1361 terram,

490 1411 544 1456 et
575 1411 847 1457 mortuum
876 1410 984 1465 est,
1015 1412 1067 1454 et
1098 1399 1224 1455 ideo
1257 1398 1458 1453 multos
1488 1396 1699 1451 fructus
1726 1393 1905 1449 affert.
1951 1392 2090 1448 Mul-

487 1496 788 1565 tiplicatum
827 1506 912 1551 est
963 1495 1018 1549 in
1061 1494 1208 1565 spica
1243 1512 1258 1549 :
1288 1494 1432 1563 quod
1476 1505 1642 1546 unum
1694 1488 1992 1553 ceciderat,
2037 1488 2089 1541 in

487 1589 671 1643 muttis
694 1586 1014 1643 resurrexit.
1047 1585 1257 1642 Cecidit
1278 1586 1421 1641 enim
1444 1597 1672 1656 granum
1703 1582 1865 1638 tritici
1896 1582 1949 1636 in
1982 1591 2093 1635 ter-

487 1696 629 1744 ram,
657 1688 714 1734 et
754 1695 914 1750 seges
937 1682 1158 1751 copiosa
1190 1678 1448 1737 surrexit.
1480 1674 1644 1730 Terra
1687 1675 1833 1729 dedit
1863 1677 2090 1745 fructum

487 1791 657 1828 suunt.
696 1775 1015 1844 Propterea,
1050 1772 1509 1843 conﬁteanturtibi
1532 1768 1735 1841 pepuli,
1770 1768 1931 1832 Deus,
1964 1783 2089 1822 con-

2199 558 2435 606 tentatus
2465 560 2569 614 est,
2609 549 2849 605 venitad
2877 564 3000 604 eunt
3040 549 3199 613 Deus,
3244 554 3300 601 ct
3339 545 3671 600 familiariter
3702 546 3772 600 Ιο-

2197 645 2402 716 quitur,
2432 644 2583 714 quasi
2603 644 2810 697 amicus
2837 658 2962 696 cntn
2989 642 3166 696 amico
3194 655 3315 694 suo.
3350 637 3574 693 Veniant
3601 637 3769 708 plagae,

2198 736 2378 792 omnia
2411 751 2695 807 ptenarum
2728 750 2929 806 genera
2956 777 2970 798 ,
3005 734 3135 789 dum
3166 742 3292 804 post
3315 731 3523 802 plagas,
3552 730 3772 789 Christus

2198 829 2473 886 adveniat.
2510 828 2725 898 Egressi
2757 843 2947 883 smnus
2973 826 3042 883 de
3073 825 3308 898 psnlmo,
3360 824 3460 881 sed
3489 839 3593 880 non
3631 822 3771 881 inuti—

2200 921 2345 986 liter,
2372 922 2497 992 quia
2525 921 2841 977 diseramus
2871 938 2886 974 :
2936 918 3005 974 Et
3047 926 3278 974 metuant
3320 934 3441 974 eum
3467 932 3635 972 omnes
3659 917 3770 987 ﬁnes

2198 1024 2370 1084 teme,
2403 1024 2458 1071 et
2487 1018 2838 1084 dixeramus,
2885 1013 3140 1087 quoniam
3173 1023 3424 1070 metuere
3450 1013 3769 1084 parvulorum

2197 1118 2281 1162 est
2310 1125 2323 1159 :
2354 1115 2618 1163 cteterutn
2660 1106 2914 1178 diligere,
2950 1105 3318 1178 perfecturum
3338 1147 3355 1173 ,
3386 1115 3444 1162 et
3486 1105 3770 1165 dixeramus

2196 1199 2263 1256 ad
2295 1199 2399 1255 hoc
2442 1199 2914 1271 comprobandum
2961 1200 3033 1255 de
3077 1197 3388 1269 Apostolo:
3431 1196 3767 1267 Diligentihus

2196 1302 2376 1350 autem
2409 1293 2698 1349 Dominum
2721 1337 2735 1361 ,
2769 1293 2951 1347 omnia
2993 1298 3361 1361 cooperantur
3386 1289 3443 1345 in
3473 1289 3683 1345 bonum.
3712 1288 3770 1347 Et

2195 1387 2413 1441 timeant
2443 1402 2560 1441 eum
2592 1400 2770 1441 omnes
2799 1384 2930 1453 lines
2958 1394 3129 1438 terrae.
3171 1382 3527 1453 Nequaquam
3564 1382 3671 1438 Sola
3694 1382 3772 1439 Ju-

2195 1481 2334 1546 dara,
2366 1480 2460 1537 sed
2483 1495 2674 1537 omnes
2705 1480 2841 1537 lines
2867 1490 3045 1535 terrm.
3083 1478 3404 1535 Secundum
3434 1478 3766 1550 tr0pologiam

2195 1584 2420 1640 autem,
2472 1590 2643 1629 omnes
2697 1573 2828 1643 lines
2878 1581 3076 1628 teme:
3110 1587 3217 1627 non
3275 1571 3537 1628 medietas
3584 1580 3767 1628 terrae:

2197 1686 2304 1726 non
2352 1670 2429 1724 illi
2482 1670 2572 1740 qui
2622 1669 2675 1724 in
2721 1676 2868 1723 terra
2917 1676 3048 1723 sunt
3096 1666 3299 1735 media,
3354 1666 3450 1722 sed
3480 1665 3570 1737 qui
3597 1665 3649 1721 in
3678 1666 3766 1722 line

2197 1775 2354 1819 terra!
2382 1773 2529 1826 sunt,
2557 1762 2649 1833 qui
2693 1762 3010 1834 relinquunt
3066 1771 3294 1829 terrain,
3326 1770 3381 1816 ct
3407 1761 3475 1816 ad
3521 1761 3766 1818 rtelnsiru

483 1867 728 1936 ﬁteuntur
755 1867 846 1920 tibi
869 1866 1051 1936 populi
1080 1881 1272 1919 omnes.
1302 1862 1467 1918 Terra
1491 1863 1634 1917 dedit
1662 1865 1889 1933 fructum
1912 1876 2084 1914 suum.
2120 1858 2165 1919 Β
2195 1861 2473 1916 festinant.
2501 1860 2614 1915 Hoc
2635 1861 2800 1931 igitur
2825 1859 2970 1930 quod
3011 1858 3248 1929 apostoli
3277 1857 3533 1913 dixerunt
3560 1858 3609 1911 in
3647 1857 3764 1927 prino

483 1957 616 2024 Quis
648 1968 736 2012 est
757 1958 860 2013 iste
891 1956 1135 2013 fructus?

560 2050 836 2106 Benedicat
858 2067 951 2106 nos
972 2049 1110 2105 Deus
1128 2049 1277 2125 ‘Deus
1299 2060 1491 2110 noster,
1511 2048 1777 2103 benedicat
1802 2064 1897 2101 nos
1924 2045 2083 2101 Deus.

486 2144 646 2208 Deus,
688 2144 847 2199 Pater
879 2162 891 2199 :
924 2143 1065 2198 Deus
1118 2154 1312 2207 noster,
1360 2141 1550 2198 Filius.
1598 2141 1719 2212 Ipse
1761 2139 1910 2196 enim
1946 2141 2089 2196 Deus

480 2245 694 2290 noster.
729 2236 793 2291 Et
819 2235 1063 2299 vocabis,
1111 2235 1308 2306 inquit,
1343 2249 1542 2290 nomen
1574 2233 1696 2303 ejus
1734 2232 2083 2300 Emmanuel,

480 2328 670 2396 idest,
716 2327 1000 2384 nobiscum
1046 2328 1209 2384 Deus.
1258 2327 1395 2384 Deus
1439 2338 1613 2383 noster
1655 2326 1923 2382 benedicat
1967 2343 2083 2381 nos.

480 2427 624 2477 Deus
654 2421 893 2489 Spiritus
933 2429 1177 2477 sanctus.
1218 2420 1413 2476 Videte
1443 2419 1765 2492 tnys1crinin
1803 2418 2086 2476 Trinitatis

480 2516 534 2571 in
562 2532 670 2572 uno
698 2517 972 2572 versiculo
995 2516 1478 2586 comprehensum.
1504 2516 1668 2574 Terra
1689 2515 1829 2571 dedit
1858 2516 2086 2584 fructum

482 2626 655 2664 suum.
688 2609 748 2665 In
779 2608 885 2665 isto
913 2608 1112 2676 fructu,
1149 2609 1432 2665 Trinitatis
1482 2608 1803 2679 mysterium
1836 2607 2084 2664 contine-

480 2710 587 2755 tur.
624 2699 909 2756 Benedicat
960 2718 1055 2757 uos
1088 2701 1231 2757 Deus
1271 2699 1414 2757 Deus
1444 2710 1640 2756 noster.
1695 2701 1798 2769 Qui
1832 2700 1975 2756 Deus
2001 2710 2088 2759 est

475 2794 719 2850 omnium
771 2808 870 2865 per
922 2805 1207 2862 naturam,
1263 2806 1456 2851 noster
1511 2795 1730 2865 proprie
1782 2796 1957 2851 factus
2001 2807 2085 2855 est

477 2891 644 2946 Deus.
682 2889 967 2945 Benedicnt
998 2906 1092 2945 nos
1124 2889 1286 2945 Deus.
1323 2889 1573 2961 Expellat
1625 2900 1862 2947 veterem
1915 2891 2086 2947 male-

477 2985 799 3040 dictinnem.
835 2983 1147 3040 Maledictio
1181 3000 1280 3039 nos
1305 2983 1463 3053 eiecit
1488 2984 1557 3039 de
1584 2984 1880 3052 paradiso:
1924 2985 2084 3040 redu~

476 3086 566 3132 eat
595 3076 927 3133 benedictio.
980 3076 1046 3131 Et
1092 3086 1320 3132 metuant
1358 3094 1476 3131 eunt
1525 3093 1700 3133 omnes
1754 3079 1879 3145 ﬁnes
1909 3089 2082 3135 terra.

475 3171 594 3227 Non
624 3171 762 3227 dixit
797 3188 810 3224 :
845 3170 1081 3241 Diligant
1126 3187 1247 3226 eum
1296 3187 1487 3227 «ιιιιιεθς
1523 3173 1660 3231 lines
1685 3182 1865 3233 terras.
1894 3171 2082 3229 Perfe-

2193 1956 2360 2026 cipin,
2396 1970 2495 2012 nos
2516 1954 2766 2011 dicamus
2796 1956 2847 2008 in
2875 1956 2981 2010 line
3007 1972 3019 2007 :
3053 1953 3195 2008 Deus
3227 1954 3534 2007 misereatur
3556 1952 3702 2005 nostri
3724 1960 3763 2004 et

2191 2049 2455 2104 benedicat
2481 2047 2631 2103 nobis
2657 2063 2675 2111 ,'
2705 2049 2967 2103 illuminet
2998 2052 3195 2101 rnttum
3235 2062 3388 2101 suum
3415 2061 3568 2118 super
3594 2061 3697 2112 nos,
3722 2053 3763 2099 et

2193 2145 2506 2198 misereatur
2560 2142 2765 2207 nostri;
2821 2150 2878 2195 et
2922 2151 3105 2196 notant
3160 2139 3322 2194 faciet
3383 2140 3607 2192 interra
3642 2139 3763 2193 riam

2190 2252 2369 2293 suam.
2395 2235 2529 2293 Cum
2561 2236 2881 2291 manifestus
2908 2236 2961 2291 in
2990 2234 3245 2290 claritate
3278 2232 3487 2289 venerit
3518 2230 3763 2297 Christus,

2193 2341 2320 2385 tunc
2352 2329 2606 2386 omnibus
2637 2336 2823 2383 notum
2859 2327 3021 2383 faciet
3057 2344 3157 2383 cur
3194 2334 3344 2381 tanta
3396 2326 3574 2381 carnis
3611 2322 3765 2378 hinni-

2191 2423 2343 2478 litate
2363 2421 2732 2478 descenderit.
2773 2420 2933 2476 Terra
2973 2419 3114 2474 dedit
3143 2419 3373 2489 fructum
3419 2433 3586 2471 suum.
3622 2414 3763 2472 llaria

2187 2514 2379 2586 genuit
2402 2513 2762 2571 Salvatorem.

2703 2605 3026 2664 PSALMUS
3065 2605 3281 2663 LXVII.

2194 2701 2260 2757 In
2293 2704 2468 2769 ﬁnem,
2513 2701 2762 2757 Psalmus
2804 2698 3009 2755 Cantiei
3042 2699 3229 2755 Dauid.
3274 2698 3546 2761 Psalmns,
3582 2710 3762 2766 opera:

2260 2775 2567 2838 Canticum,
2610 2773 2965 2844 intelligentia
3007 2774 3204 2844 mentis
3252 2771 3570 2844 spiritualis.
3601 2770 3764 2844 _S_rxa-

2260 2847 2497 2915 gesimus
2529 2839 3065 2915 septitnus'psaltnus
3096 2844 3141 2897 si
3175 2839 3512 2913 intelligatur
3539 2839 3761 2915 spiritua-

2265 2913 2407 2983 liter,
2453 2913 2689 2972 refertus
2737 2913 2894 2985 Legis
2950 2915 3479 2984 Etangeliormnque
3529 2913 3761 2978 rep-ritur

2260 2989 2635 3054 sacramentis,
2664 2989 2858 3059 quisic
2890 2990 3110 3045 inchoat
3139 3003 3203 3041 rx
3230 3002 3361 3041 voce
3393 2985 3691 3055 prophetica
3715 3000 3726 3033 :

2260 3081 2523 3154 Exsurgat
2552 3082 2716 3150 Deus,
2758 3093 2805 3136 et
2837 3082 3158 3153 dissipentur
3186 3081 3387 3135 inimici
3417 3080 3546 3151 ejus.
3578 3079 3635 3132 Et
3657 3092 3759 3147 spe-

2194 3178 2406 3233 cialiter
2428 3177 2749 3247 intelligitur
2781 3177 2881 3231 iste
2908 3175 3173 3247 psalmus,
3200 3185 3256 3230 et
3273 3173 3620 3245 generaliter.
3642 3170 3755 3242 Spe-

477 3278 562 3319 cta
595 3268 800 3337 quippe
847 3265 1097 3328 dilectio.
1147 3264 1293 3322 foras
1341 3267 1505 3323 mittit
1555 3265 1828 3322 timorem.
1859 3266 2080 3323 Timere
2106 3256 2153 3321 C
2183 3270 2393 3325 cialiter
2442 3269 2509 3324 de
2541 3270 2659 3339 ipso
2690 3269 2939 3335 Domino,
2981 3279 3037 3322 ut
3069 3276 3322 3338 resurgat
3351 3283 3378 3319 a
3429 3269 3671 3329 mortuis,
3711 3270 3755 3317 et

479 3359 857 3429 ineipientium
888 3371 1015 3427 est;
1047 3360 1301 3430 diligere,
1337 3360 1726 3431 perfecturum.
1769 3360 1872 3429 Qni
1907 3360 2085 3419 adhuc
2184 3364 2461 3435 disperdat
2495 3364 2742 3419 inimico;
2773 3380 2922 3432 suos,
2958 3362 3062 3418 hoc
3103 3372 3225 3430 est,
3257 3362 3530 3417 diabolum
3558 3372 3755 3417 etexcr-

478 3454 656 3518 titnet,
694 3454 745 3508 in
787 3453 942 3509 initio
975 3463 1059 3510 est
1088 3454 1323 3523 positus,
1355 3470 1461 3509 non
1504 3454 1667 3509 habet
1697 3453 1994 3524 perfectam
2028 3463 2088 3512 et
2185 3458 2351 3512 citum
2384 3456 2523 3526 ejus,
2551 3465 2643 3511 aut
2681 3455 2923 3512 Judteos.
2956 3454 3303 3513 Generaliter
3328 3466 3533 3522 autem,
3574 3452 3754 3525 quando

480 3549 699 3615 plenam
744 3547 925 3605 fidem.
968 3548 1071 3618 Qui
1121 3559 1300 3604 autem
1348 3548 1525 3618 diligit
1574 3548 1766 3609 Dennt,
1809 3547 1993 3603 omnia
2031 3548 2082 3605 ei

479 3642 806 3713 provenient
847 3645 899 3699 in
949 3643 1172 3699 bonum.
1226 3640 1451 3696 Videtur
1495 3641 1696 3709 brevis,
1749 3648 1805 3695 et
1850 3639 2084 3709 simplex

480 3749 606 3790 esse
649 3734 1005 3789 sententiola.
1062 3732 1170 3790 Sed
1223 3734 1541 3790 ventilemns
1581 3749 1725 3801 eam,
1758 3744 1812 3789 et
1862 3734 1916 3789 in
1964 3734 2084 3791 istis

475 3826 823 3897 simplicibus
862 3825 1062 3891 verbis,
1118 3825 1359 3896 ingentia
1410 3826 1668 3898 mysteria
1721 3826 2080 3896 reperiemus.

481 3919 829 3977 Inveniemus
857 3920 1212 3989 intrinsecus,
1242 3918 1387 3990 quod
1411 3918 1718 3977 forinsecus
1749 3919 1901 3975 latet.
1952 3919 2086 3976 Dili-

479 4012 737 4081 gentibus
782 4021 965 4069 autem
1016 4010 1331 4077 Dominum,
1380 4011 1565 4067 omnia
1616 4022 1986 4083 cooperantur
2028 4012 2085 4068 in

480 4106 708 4161 bonum.
743 4106 850 4164 Job
878 4106 961 4162 vir
991 4114 1216 4162 sanctus
1249 4116 1492 4162 tentatus
1523 4116 1629 4174 est,
1669 4106 1912 4178 perdidit
1945 4107 2085 4164 ﬁlios

480 4206 539 4253 et
589 4197 755 4268 tilias,
785 4199 979 4257 domus
1028 4200 1201 4269 ipsius
1238 4201 1473 4267 corruit,
1522 4202 1775 4257 universa
1823 4201 2081 4273 perdidit,

477 4292 667 4355 omnia
705 4300 931 4362 repente
962 4293 1226 4363 perdidit;
1274 4309 1374 4349 nec
1425 4304 1605 4365 pater,
1640 4309 1739 4350 nec
1788 4295 2084 4361 dominus;

484 4382 618 4439 nihil
641 4385 788 4440 enim
812 4386 888 4441 illi
914 4386 1179 4445 remansit
1207 4388 1259 4442 in
1280 4401 1516 4458 corpore
1539 4388 1806 4460 sanitatis,
1833 4390 1936 4447 nisi
1964 4390 2085 4447 sola

483 4476 666 4548 lingua
696 4493 792 4547 per
820 4494 980 4547 quam
1020 4480 1402 4551 blasphemare
1445 4490 1656 4551 posset.
1682 4482 1879 4540 Videte
1909 4492 2085 4539 tenta-

480 4577 660 4623 torem
689 4568 988 4625 diabolum.
1037 4576 1075 4627 Α
1132 4572 1337 4643 planta,
1382 4572 1580 4643 inquit,
1618 4574 1770 4643 pedis
1810 4590 1985 4645 usque
2014 4576 2083 4632 ad

2184 3551 2236 3607 in
2265 3550 2618 3606 tribulatione
2655 3564 2845 3605 sumus
2881 3558 2938 3606 et
2976 3550 3245 3620 angustia.
3278 3559 3337 3604 et
3380 3548 3641 3603 dicimus:
3669 3546 3753 3601 Ex-

2186 3660 2368 3716 surge,
2401 3643 2587 3715 utquid
2633 3644 2917 3705 dortnitas.
2949 3642 3214 3698 Domine?
3249 3643 3497 3713 Exsurge
3516 3652 3569 3699 et
3590 3640 3753 3710 adjnva

2187 3752 2288 3794 nos
2337 3736 2514 3807 (Psal.
2559 3738 2678 3807 45).
2722 3730 3009 3805 Quomodo
3056 3745 3113 3792 et
3158 3737 3391 3805 apostoli
3441 3737 3492 3790 in
3539 3731 3751 3789 navicula

2186 3831 2424 3887 excitant
2458 3830 2745 3886 Dominum
2773 3827 3162 3895 dormientem,
3199 3828 3448 3884 dicentes
3472 3845 3486 3881 :
3514 3827 3751 3896 M-tgister,

2187 3922 2334 3977 Salva
2367 3938 2466 3977 nos
2496 3940 2508 3975 :
2545 3926 2786 3991 perimus
2817 3920 3034 3995 (Matth.
3062 3920 3201 3992 VIII).
3242 3920 3304 3984 Et
3332 3921 3535 3993 fugiant
3556 3918 3637 3989 qui
3661 3917 3754 3972 ode-

2185 4026 2309 4070 runt
2348 4032 2461 4071 eum
2496 4032 2529 4070 a
2562 4016 2695 4087 facie
2738 4018 2876 4088 ejus.
2924 4015 3040 4072 Non
3091 4014 3245 4073 dixit.
3280 4024 3527 4084 pereant,
3551 4014 3655 4078 sed,
3683 4011 3752 4080 fti-

2186 4110 2331 4179 giant
2358 4123 2376 4161 :
2407 4108 2498 4177 qui
2532 4120 2846 4176 peccatores
2875 4109 2927 4162 in
2958 4116 3255 4178 conspectu
3288 4108 3379 4164 Dei
3413 4125 3518 4163 non
3560 4111 3753 4177 possunt

2187 4209 2355 4256 stare.
2387 4198 2699 4256 Praevidens
2729 4200 2996 4271 propheta
3029 4210 3170 4265 orat,
3220 4210 3278 4254 ut
3324 4217 3389 4255 eo
3441 4207 3752 4269 exsurgente,

2186 4296 2472 4353 diabolica:
2503 4296 2901 4354 dominationes
2932 4296 3217 4368 effugiant,
3249 4296 3375 4368 quia
3427 4308 3481 4352 et
3513 4310 3643 4351 nunc
3681 4295 3752 4348 in-

2187 4389 2501 4446 dubitanter
2541 4391 2873 4447 credendum
2920 4400 3038 4459 est,
3089 4391 3231 4461 quod
3279 4392 3348 4446 ad
3391 4390 3754 4446 invocationem

2189 4482 2308 4552 ejus
2335 4484 2572 4539 nominis
2599 4495 2745 4540 stare
2774 4500 2882 4539 non
2907 4492 3158 4554 possunt.

2260 4572 2413 4630 Sicut
2454 4574 2626 4644 deﬁcit
2675 4576 2869 4647 fumus,
2922 4576 3188 4643 deﬁciant.
3221 4574 3337 4632 Non
3387 4588 3446 4632 ut
3478 4579 3529 4633 in
3559 4576 3755 4632 nihilum

480 4661 743 4715 verticem
790 4661 1065 4731 percussit
1109 4679 1231 4719 eum
1280 4663 1510 4721 vulnere
1543 4668 1803 4736 pessimo,
1839 4644 1944 4724 hoc
1973 4677 2080 4737 cst,
2110 4644 2163 4705 D
2190 4666 2538 4733 reducantur,
2570 4644 2759 4722 sedut
2804 4667 3088 4739 quiescant
3117 4684 3147 4723 a
3181 4671 3419 4738 peccatis
3458 4670 3586 4726 suis.
3632 4666 3757 4724 Sicut

484 4750 793 4821 elephantia
820 4751 962 4823 (Job.
988 4752 1051 4825 ι).
1081 4754 1214 4810 Inde
1268 4765 1382 4813 toto
1430 4772 1664 4829 corpore
1701 4775 1917 4817 vermes
1949 4760 2083 4817 Ilne—

481 4844 636 4910 bant,
664 4855 719 4899 et
749 4843 999 4914 putredo.
1030 4844 1223 4903 Solam
1256 4849 1495 4920 linguam
1528 4851 1792 4921 integram
1823 4854 1872 4907 ei
1903 4867 2083 4908 reser-

484 4936 652 5002 vavit,
698 4946 756 4991 ut
807 4947 994 5006 posset
1041 4939 1326 4995 Dominum
1373 4957 1530 4998 suum
1575 4942 1978 5014 hlasphemare.
2022 4946 2080 5004 In

483 5028 734 5084 omnibus
777 5027 864 5084 liis
907 5044 1020 5086 non
1066 5031 1314 5101 peccavit
1353 5032 1457 5089 Job
1505 5033 1663 5092 labiis
1701 5038 1833 5093 suis.
1891 5038 2082 5098 Videte

482 5122 915 5192 magnitudinem
941 5125 1282 5193 tentationis,
1312 5128 1492 5186 videte
1518 5132 1942 5204 magnitudinem
1973 5137 2083 5192 vir-

482 5217 633 5274 tutis.
661 5218 858 5278 Videte
882 5228 940 5278 et
961 5221 1307 5281 considerate
1334 5228 1662 5282 sententiam
1684 5227 1933 5298 Apostoli
1956 5245 2081 5288 esse

480 5310 810 5380 completam
842 5330 858 5368 :
890 5314 1253 5386 Diligentibus
1286 5325 1472 5375 autem
1521 5319 1849 5388 Dominum,
1893 5324 2076 5379 omnia

480 5414 851 5473 cooperantur
880 5407 936 5462 in
956 5406 1157 5465 bonum
1190 5408 1370 5480 (Rom.
1402 5411 1547 5481 vm).
1588 5413 1664 5468 Eo
1695 5423 1942 5483 tempore
1967 5431 2079 5487 quo

477 5496 743 5565 perdebat
782 5513 873 5554 res
901 5513 1049 5569 suas,
1099 5516 1214 5573 quo
1242 5501 1382 5561 filios
1410 5504 1721 5570 amittebat;
1756 5507 2078 5565 videbantur

473 5586 697 5656 quidem
735 5590 784 5645 ei
816 5604 940 5646 esse
970 5593 1245 5651 contraria
1266 5610 1389 5665 qua:
1429 5595 1785 5664 accidissent;
1817 5599 1915 5655 sed
1941 5616 2077 5672 quo-

474 5679 619 5734 niam
646 5679 910 5750 diligebat
940 5681 1225 5741 Dominum
1252 5726 1267 5752 ,
1299 5685 1389 5742 illa
1446 5688 1590 5744 mala
1618 5704 1741 5758 qua:
1791 5690 1845 5745 ei
1888 5690 2071 5760 infert,

471 5780 834 5841 cooperantur
886 5772 967 5828 illi
1017 5774 1177 5831 bona.
1235 5778 1311 5833 llli
1369 5793 1503 5835 vero
1562 5795 1772 5838 vermes
1825 5786 2072 5854 corporis

475 5863 850 5935 praeparabant
872 5865 926 5927 ei
944 5864 1072 5927 coeli
1096 5880 1374 5929 coronam.
1405 5874 1715 5945 Antequam
1745 5882 2068 5951 tentaretur,

2188 4761 2444 4829 ﬂuiteera
2468 4777 2502 4814 a
2532 4761 2667 4831 faeie
2697 4760 2854 4833 ignis.
2903 4760 3057 4817 Sicut
3101 4776 3231 4817 cera
3276 4763 3530 4828 solvitur,
3576 4770 3628 4817 et
3667 4774 3755 4816 non

2189 4854 2369 4924 perdit
2396 4865 2645 4911 naturain
2691 4870 2867 4922 suam,
2913 4856 3009 4911 sed
3032 4856 3302 4912 mollescit
3329 4873 3344 4912 :
3377 4858 3459 4913 sic
3485 4858 3639 4913 etisti
3665 4870 3754 4910 non

2190 4957 2437 5017 pereant,
2490 4946 2588 5004 sed
2627 4949 2902 5017 deponant
2943 4946 3203 5003 malitiam
3249 4963 3431 5017 suam,
3463 4958 3519 5004 et
3545 4950 3619 5005 sic
3641 4962 3754 5002 con-

2188 5050 2468 5099 vertantur
2495 5042 2562 5098 ad
2588 5042 2980 5112 pcenitentiam,
3010 5051 3066 5098 et
3105 5041 3407 5098 solventur.
3453 5043 3543 5100 Sic
3572 5048 3755 5115 pereant

2185 5147 2477 5208 peccatores
2500 5152 2532 5190 a
2555 5134 2690 5207 {acie
2717 5134 2831 5189 Dei.
2853 5135 2988 5201 Quia
3013 5143 3334 5204 peccatores
3357 5152 3465 5191 non
3489 5146 3610 5192 sunt
3626 5132 3753 5204 digni

2185 5227 2372 5283 videre
2404 5227 2594 5283 Deum.

2258 5320 2324 5377 Et
2339 5321 2473 5395 justi
2495 5320 2788 5393 epulantur.
2811 5321 2914 5390 Qui
2948 5331 3271 5393 permanent
3314 5325 3370 5379 in
3412 5338 3507 5378 sua
3548 5320 3749 5392 jnstitia,

2182 5416 2274 5485 qui
2313 5414 2443 5470 vitia
2475 5430 2578 5469 non
2613 5415 2835 5481 habent,
2883 5414 3228 5472 delectentur
3278 5418 3333 5472 in
3386 5417 3625 5473 Domino.
3674 5410 3749 5467 Vcl

2185 5511 2385 5567 aliter:
2416 5526 2576 5582 paena
2624 5526 2721 5566 eos
2741 5510 2933 5582 judicii
2957 5522 3344 5583 persequatur,
3379 5523 3438 5568 ut
3467 5512 3612 5582 quasi
3639 5505 3745 5563 fonti

2186 5604 2423 5661 tenuitas
2462 5606 2745 5673 deficiant,
2794 5616 2850 5662 et
2877 5614 2935 5661 ut
2960 5621 3081 5663 cera
3111 5617 3239 5663 ante
3266 5607 3407 5679 ignis
3434 5606 3610 5663 faciem
3650 5603 3741 5656 dis-

2182 5697 2487 5766 solvantur,
2535 5697 2880 5769 epulantibus
2927 5699 3135 5756 sanctis
3164 5699 3219 5755 in
3250 5698 3556 5757 ccelestibns
3588 5696 3733 5751 bonis.

2181 5786 2458 5844 Exsultent
2482 5790 2537 5844 in
2564 5797 2841 5860 conspectu
2885 5788 3007 5856 Dei,
3034 5801 3084 5846 et
3129 5790 3451 5848 delectentur
3486 5791 3535 5845 in
3562 5785 3731 5843 latitia.

2179 5879 2414 5941 Grandis
2443 5881 2638 5953 fiducia
2664 5891 2770 5956 est,
2800 5883 3075 5945 exsultare
3122 5884 3179 5944 in
3208 5892 3510 5963 conspectu
3534 5875 3728 5945 Domitii-
