3954 6340
256 281 386 341 ’1015

1152 267 1582 333 ΒΒΕῪΙΑΚΙΗΜ
1621 265 1686 327 ιιι
1726 263 2039 323 PSALMOS
2100 264 2352 325 PSALM.
2395 267 2605 326 ικνιι.

3377 270 3518 328 1014

260 392 395 450 Sicut
419 390 744 461 dispensator
770 384 1033 445 creditam
1081 385 1182 441 sibi
1214 399 1244 443 s
1288 383 1519 440 Domino
1565 381 1815 439 substan-
1848 384 1898 444 Α
1928 377 2058 435 Cant
2096 384 2444 455 pertransires
2482 386 2538 442 in
2568 385 2792 443 deserto.
2848 385 2994 442 Dens
3040 399 3146 442 non
3193 386 3526 443 immoratur

250 488 372 547 .tiatn
407 482 448 538 si
477 482 608 541 male
633 480 957 541 tractaverit
981 487 1039 534 et
1063 476 1381 549 perdiderit,
1427 477 1582 531 tiutet
1611 472 1823 529 Domini

261 574 591 650 praesentiam,
624 571 695 627 ita
725 581 780 627 et
805 570 902 644 qui
926 560 1075 627 bene
1103 566 1528 640 dispensaveiit,
1580 564 1822 624 exsultat

258 670 306 727 in
334 664 531 721 Domini
561 664 870 734 praesentia.
900 660 1176 721 Exsultenl
1217 663 1269 716 in
1298 667 1583 731 conspectu
1624 657 1743 725 Dei,
1770 668 1822 717 et

250 759 541 823 delectentur
576 756 631 810 in
677 754 864 811 lwtitia
895 771 915 811 :
965 771 1073 813 non
1120 755 1296 811 solum
1344 753 1415 810 de
1440 752 1699 822 vindicta,
1724 752 1821 811 sed

255 851 397 906 etiam
426 847 489 903 de
518 846 851 903 beatitudine
878 846 1231 916 sempiterna.

316 941 520 999 Cantate
545 937 686 1007 Deo,
715 939 976 1011 psalmum
1005 938 1161 995 dicite
1189 939 1383 994 nomini
1408 941 1544 1013 ejus.
1579 935 1818 1009 Cantate,

253 1037 301 1095 in
329 1034 554 1093 theorica
603 1048 822 1105 semper
864 1031 1136 1104 signiﬁcat
1179 1030 1466 1104 Scriptura
1508 1049 1524 1091 :
1575 1032 1682 1088 hoc
1712 1040 1818 1102 est,

253 1129 573 1187 considerare
600 1129 883 1202 mysteria,
916 1137 973 1185 ct
1012 1142 1238 1185 sensum
1272 1127 1470 1183 divina:
1496 1126 1818 1198 Scriptum.

252 1223 470 1283 Psallere
493 1231 671 1277 autem
709 1222 764 1277 in
787 1222 933 1278 bono
971 1235 1141 1291 opere
1180 1220 1451 1292 signiﬁcat
1481 1219 1769 1293 Scriptura
1803 1237 1818 1275 :

251 1318 385 1376 verbi
408 1316 602 1389 gratia,
631 1328 690 1373 ut
710 1317 931 1373 auditus
957 1332 1120 1372 suum
1152 1331 1292 1388 opus
1324 1325 1569 1388 praestet.
1612 1315 1820 1372 Simili-

248 1425 322 1470 ter
343 1425 391 1468 et
417 1427 498 1482 os,
529 1423 585 1468 et
611 1412 784 1480 oculi,
816 1422 874 1469 et
895 1427 1114 1481 manus,
1144 1421 1201 1470 et
1224 1412 1412 1468 omnia
1457 1411 1703 1468 membra
1724 1451 1740 1477 ,
1772 1409 1819 1467 si

246 1506 590 1573 consentiunt,
620 1514 676 1561 et
701 1507 774 1563 ita
813 1505 1122 1576 percutiunt
1170 1504 1485 1576 psalterium
1517 1503 1569 1559 in
1597 1502 1816 1559 virtuti-

249 1601 355 1655 bus.
383 1599 647 1670 Largitori
691 1598 900 1655 laetitia:
929 1600 1282 1670 sempiternas
1315 1599 1499 1654 canite
1527 1617 1541 1652 :
1587 1611 1822 1668 euntque

251 1691 451 1747 vocibus
479 1691 767 1747 honorate.
814 1689 925 1745 Iter
974 1690 1132 1761 facile
1171 1692 1218 1745 ei
1264 1690 1353 1762 qui
1399 1690 1631 1745 ascendit
1666 1704 1821 1759 saper

1925 472 1981 529 in
2007 472 2257 542 deserto,
2288 476 2385 533 sed
2418 479 2745 548 pertransit.
2780 477 2946 535 Terra
2989 489 3130 535 mola
3169 490 3278 549 est,
3328 480 3525 535 etenim

1924 566 2040 623 ειειὶ
2084 567 2471 627 distillarerstnt
2512 588 2547 625 a
2596 573 2732 643 {acie
2774 570 2877 628 Dei
2922 574 3112 641 findi,
3161 590 3195 628 a
3241 574 3381 644 {acie
3424 571 3528 629 Dei

1925 656 2117 716 Israel.
2149 660 2278 717 Caeli
2306 662 2720 735 distillaverunt,
2754 665 2859 721 hoc
2888 678 2996 733 est,
3040 681 3243 722 manna
3292 664 3521 736 (ΕΜ.

1920 750 2058 822 xu).
2109 751 2262 811 Sinai
2308 754 2710 826 interpretatur
2745 757 2983 813 tentatio.
3016 758 3157 830 Ergo
3186 760 3330 816 Deus
3358 758 3414 815 in
3439 759 3525 815 eis

1924 842 2154 913 habitat,
2186 845 2278 915 qui
2330 856 2615 903 tentantur
2660 856 2718 904 et
2761 859 3048 920 superant.
3098 848 3159 905 In
3209 850 3297 905 eis
3334 859 3520 907 autem

1922 937 2015 1006 qui
2062 936 2117 992 in
2160 935 2375 993 deliciis
2400 947 2550 1007 sunt,
2580 955 2689 995 non
2722 939 3013 1001 inhabitat.
3054 937 3267 996 Etenim
3295 940 3412 997 caeli
3435 940 3522 999 di-

1922 1027 2253 1085 stillaverant
2301 1047 2334 1085 a
2376 1033 2516 1104 {acie
2562 1032 2659 1089 Dei
2708 1034 2882 1103 Sinni,
2933 1051 2967 1089 a
2995 1036 3132 1106 facie
3182 1034 3280 1090 Iles'
3327 1035 3520 1092 Israel.

1927 1120 2100 1178 Unum
2132 1123 2258 1179 novi
2297 1126 2612 1197 veterisque
2640 1125 2977 1185 Testamenti
3018 1126 3109 1183 hic
3136 1126 3392 1199 designat
3417 1145 3519 1184 an-

1922 1224 2151 1269 ctorem.
2200 1214 2335 1272 Nam
2379 1218 2470 1288 qui
2515 1233 2701 1275 coram
2754 1220 3059 1277 Israelitico
3108 1222 3396 1293 populoin
3433 1221 3525 1280 de-

1921 1319 2070 1367 serto
2098 1313 2405 1380 precessit,
2437 1312 2557 1383 ipse
2586 1312 2639 1368 in
2673 1312 2982 1383 Evangeliis
3020 1314 3244 1373 deserta
3273 1320 3521 1389 gentium

1921 1400 2184 1458 visitavit.
2215 1401 2284 1457 Et
2314 1418 2413 1474 per
2440 1420 2602 1475 quem
2630 1416 2760 1463 tunc
2784 1407 2839 1465 in
2870 1408 2999 1464 Sina
3026 1408 3153 1465 huic
3180 1412 3525 1478 generationi

1920 1509 2119 1551 manna
2146 1494 2413 1555 deﬂuxit;
2445 1495 2563 1568 ipse
2593 1497 2919 1555 Christianae
2944 1502 3094 1572 genti
3123 1503 3373 1573 corporis
3397 1518 3524 1560 san-

1919 1590 2211 1661 guinisque
2242 1592 2329 1647 sui
2358 1606 2563 1649 manna
2587 1592 2643 1649 in
2677 1593 2929 1650 Ecclesia
2963 1596 3365 1653 subministrat.

1994 1682 2242 1739 Pluviam
2289 1685 2645 1743 voluntariam
2688 1687 3009 1760 segregobis,
3041 1689 3200 1759 Deus,
3234 1689 3525 1745 hccreditati

244 1798 456 1837 accusant
485 1800 505 1839 :
534 1782 794 1837 Dominus
824 1798 1011 1838 nomen
1034 1790 1112 1838 est
1132 1780 1238 1836 illi.
1267 1781 1441 1837 Docet
1462 1790 1518 1837 ut
1545 1795 1819 1851 compres-
1852 1782 1895 1842 Β
1925 1786 2047 1831 tate.
2095 1776 2553 1835 Praedicationcm
2600 1788 2848 1834 sanctam
2868 1820 2883 1845 ,
2934 1794 3057 1850 qua:
3105 1794 3203 1850 per
3246 1782 3522 1851 apostolos

243 1875 309 1931 sis
333 1878 530 1947 peccati
559 1876 898 1943 tumoribus,
926 1876 1146 1947 planam
1171 1874 1223 1930 ei
1246 1874 1298 1931 in
1324 1874 1586 1933 cordibus
1614 1873 1819 1930 nostris

241 1968 365 2025 viam
408 1983 502 2041 per
543 1966 816 2039 justitiam
864 1983 1234 2039 prteparemus
1272 1986 1285 2022 :
1327 1969 1419 2039 qui
1447 1982 1614 2038 super
1661 1981 1822 2025 occa-

242 2078 344 2118 sum
373 2062 561 2118 mortis
588 2062 915 2129 ascendens,
942 2062 1120 2118 victor
1142 2060 1407 2118 remeavit
1437 2077 1501 2116 es
1528 2061 1737 2118 inferis.
1760 2060 1820 2118 Si

240 2158 512 2214 nonnobis
538 2158 760 2213 occidat
788 2157 872 2213 sol
900 2156 1228 2228 iniquitatis,
1282 2172 1389 2211 non
1438 2163 1623 2226 potest
1663 2153 1820 2211 nobis

240 2251 355 2307 oriri
380 2251 461 2308 sol
481 2253 739 2323 iustitiae,
772 2253 931 2326 cujus
952 2254 1162 2311 sanitas
1188 2254 1241 2309 iu
1272 2252 1427 2311 ctelis
1448 2263 1553 2309 est.

299 2341 566 2400 Exsultote
591 2346 649 2401 in
689 2355 966 2417 conspecta
996 2349 1132 2415 eius.
1164 2346 1221 2400 lu
1247 2345 1367 2417 ejus
1392 2342 1538 2400 enim
1570 2359 1671 2399 nos
1692 2356 1823 2399 con-

239 2439 491 2509 spectibus
522 2441 767 2510 gaudere
799 2449 1040 2511 Oportet,
1087 2450 1140 2496 et
1189 2455 1296 2494 non
1327 2441 1382 2495 in
1423 2437 1586 2508 hujus
1634 2436 1821 2493 saeculi

235 2531 483 2590 illecebris
529 2532 821 2593 delectari.
862 2532 1239 2589 Turbobuntar
1267 2532 1455 2604 afacie
1501 2533 1615 2604 ejus
1647 2539 1821 2600 patres

233 2625 590 2697 orphanorum,
620 2637 669 2682 et
696 2626 906 2700 judices
930 2626 1230 2683 viduarum.
1254 2626 1335 2683 llli
1358 2624 1450 2696 qui
1481 2638 1542 2680 se
1567 2638 1712 2680 nunc
1737 2631 1819 2678 tu-

233 2728 362 2775 tores
388 2731 441 2776 et
462 2721 683 2793 judices
735 2723 947 2789 dicunt,
983 2731 1038 2778 et
1066 2721 1166 2777 hac
1199 2722 1493 2778 occasione
1541 2720 1820 2791 decipiunt

233 2824 309 2864 res
333 2809 588 2882 inopum;
618 2811 1045 2880 confundantur,
1092 2826 1220 2869 cum
1264 2812 1545 2883 respicere
1585 2812 1820 2884 cmperit

229 2900 539 2965 Altissimus.
1321 2960 1326 2965 .

295 2994 426 3053 Deus
450 2997 507 3053 in
530 2997 651 3054 loco
693 3008 874 3054 sancto
918 3015 1034 3055 suo.
1065 2998 1126 3055 In
1155 2998 1335 3057 anima
1365 2996 1536 3055 lldeli.
1588 2998 1820 3072 Semper

232 3086 357 3144 Deus
388 3089 438 3147 in
471 3089 684 3147 sanctis
731 3092 848 3147 suis
901 3090 1133 3149 habitat.
1188 3090 1529 3161 Ubicumque
1558 3094 1818 3147 sanctitas

1921 1870 1979 1925 in
2020 1870 2187 1926 corda
2234 1870 2519 1927 hominum
2571 1870 2778 1942 proﬂua
2840 1871 3159 1943 irrigatione
3207 1874 3519 1931 descendit.

1925 1963 2022 2018 Vel
2047 1964 2119 2020 de
2149 1964 2269 2035 lege
2299 1965 2451 2027 dicit,
2497 1980 2620 2036 qua:
2648 1964 2774 2021 data
2802 1976 2885 2021 est
2916 1981 3012 2036 per
3033 1965 3282 2038 Moysen.
3315 1965 3523 2023 Etenim

1921 2056 2189 2127 inﬁrmata
2232 2066 2329 2113 est.
2366 2056 2464 2115 Vel
2512 2072 2634 2115 cum
2668 2057 2874 2116 Paulus
2898 2058 3170 2129 judicium
3223 2062 3419 2117 mortis
3463 2061 3519 2119 in

1923 2166 1985 2208 se
2038 2151 2268 2209 habuit:
2296 2153 2379 2210 vel
2408 2169 2532 2208 cum
2562 2154 2758 2211 Petrus
2792 2154 3082 2211 Dominum
3128 2166 3213 2214 ter
3262 2158 3521 2229 negavit:

1923 2246 2042 2305 sive
2091 2260 2214 2302 cum
2256 2247 2455 2319 reliqui
2481 2248 2715 2319 apostoli
2743 2290 2756 2315 ,
2813 2249 3009 2306 relicto
3035 2251 3091 2306 in
3121 2252 3380 2324 passione
3419 2253 3524 2309 Do-

1922 2339 2096 2405 mino,
2132 2338 2390 2412 fugerunt
2416 2341 2636 2414 (Matth.
2673 2342 2751 2413 v).
2782 2341 3065 2413 Inﬁrmata
3093 2354 3191 2410 est,
3221 2344 3348 2401 les:
3381 2359 3523 2417 quo-

1925 2434 2070 2490 niam
2117 2450 2282 2490 nemo
2327 2436 2508 2507 potuit
2536 2436 2766 2507 implere
2808 2451 2955 2505 eam,
2997 2437 3101 2492 uisi
3141 2436 3403 2495 Dominus
3428 2439 3522 2509 qui

1918 2526 2100 2583 dixit:
2130 2526 2249 2583 Non
2278 2527 2405 2583 veni
2446 2527 2666 2585 solvere
2695 2528 2904 2601 legem,
2952 2528 3051 2587 sed
3091 2527 3415 2599 adimplere.
3453 2529 3525 2586 Et

1922 2621 2222 2679 secundum
2255 2622 2577 2694 Apostolum
2618 2640 2631 2676 :
2676 2622 3183 2694 lmpossibilitatem
3212 2624 3357 2680 enim
3386 2626 3524 2697 legis

1922 2715 1978 2771 in
2020 2729 2129 2785 quo
2177 2714 2575 2782 inﬁrmabatnr,
2609 2714 2751 2771 Deus
2779 2714 2978 2773 Filium
3028 2731 3188 2772 suum
3238 2717 3405 2786 misit,
3443 2720 3521 2771 la—

1921 2819 2068 2867 etum
2094 2826 2162 2866 es
2192 2810 2452 2877 muliere,
2496 2810 2701 2866 factum
2732 2810 2836 2866 sub
2862 2811 2984 2882 lege
3016 2828 3032 2869 :
3068 2820 3129 2869 ut
3157 2826 3254 2868 eos
3294 2812 3386 2883 qui
3421 2813 3524 2868 sub

1922 2904 2040 2976 lege
2077 2915 2272 2974 erant,
2317 2905 2609 2963 redimeret
2657 2904 2874 2977 (Colat.
2915 2907 3027 2979 ιν).
3081 2905 3163 2963 Ta
3200 2923 3314 2962 vero
3343 2911 3521 2980 perfe-

1921 2996 2038 3052 cisti
2061 3013 2214 3057 eam:
2242 2997 2493 3053 animalia
2518 3006 2608 3051 tua
2635 2996 2947 3053 habitabant
2973 2998 3027 3052 in
3057 3014 3137 3054 ea.
3166 2998 3519 3055 Resurrectio

1921 3089 2069 3146 enim
2111 3100 2198 3145 tua
2240 3089 2389 3161 quod
2434 3089 2706 3149 titubabat
2732 3100 3011 3158 avertens,
3041 3092 3116 3147 ita
3150 3090 3290 3147 hanc
3317 3091 3520 3162 pracdi-

230 3188 323 3245 est,
352 3181 421 3238 ibi
449 3181 831 3240 habitaculum
879 3184 974 3243 Dei
1006 3192 1112 3241 est.
1143 3181 1285 3243 Deus
1305 3184 1395 3255 qui
1422 3183 1711 3239 inhabitare
1730 3187 1816 3256 [a-
1841 3170 1886 3234 C
1919 3181 2189 3239 cntionem
2220 3181 2288 3237 ad
2317 3180 2619 3253 perlectum
2644 3181 2801 3238 duxit
2832 3198 2848 3238 :
2895 3192 2955 3238 ut
2981 3182 3035 3239 in
3068 3198 3129 3239 ea
3175 3192 3369 3254 gentes
3394 3200 3518 3254 qua

228 3273 289 3328 cit
308 3275 459 3331 unius
498 3278 665 3333 moris
692 3278 746 3333 in
772 3278 948 3336 domo.
975 3278 1031 3334 In
1058 3278 1333 3346 Ecclesia,
1360 3278 1417 3335 in
1446 3294 1550 3351 qua
1580 3279 1816 3339 lidelitet'

226 3369 652 3429 consistentibus
679 3371 929 3445 spiritum
962 3371 1245 3429 cbaritatis
1272 3372 1631 3445 infundit,qni
1654 3372 1816 3431 unius

226 3461 382 3519 moris
403 3474 566 3535 sunt,
603 3475 661 3523 et
691 3482 800 3524 non
834 3477 1133 3525 mutantur.
1175 3466 1458 3540 Siquidem
1491 3468 1671 3539 justus
1706 3482 1813 3527 non

226 3566 485 3614 mutatur:
518 3562 649 3633 quia
675 3562 847 3617 semel
871 3561 1138 3633 judicavit
1159 3562 1209 3616 in
1230 3561 1445 3633 justitia
1476 3578 1815 3633 permanere.

227 3646 478 3706 Peccator
506 3662 697 3709 autem
733 3664 991 3713 mutamr.
1040 3652 1307 3725 [nsipiens
1336 3654 1481 3713 enim
1513 3657 1662 3712 sicut
1690 3656 1817 3713 luna

223 3753 452 3801 mutatur
502 3746 715 3820 (Eccli.
772 3749 978 3818 xxvii).
1017 3748 1073 3805 lu
1117 3749 1350 3807 Hebraeo
1381 3755 1562 3805 autem
1601 3750 1764 3808 habet
1797 3767 1813 3809 t

222 3836 469 3896 Dominus
500 3841 797 3898 inhabitare
826 3843 955 3916 facit
981 3842 1263 3898 monachos
1287 3845 1341 3897 in
1373 3844 1527 3899 domo
1556 3858 1575 3897 :
1603 3842 1657 3901 id
1682 3850 1767 3901 est
1795 3882 1813 3911 ,

223 3934 270 3991 in
297 3938 493 4008 quibus
517 3954 630 3995 non
654 3937 931 3995 cohabitat
962 3946 1267 4010 peccatum.

286 4029 391 4097 Qui
413 4032 597 4087 educit
617 4032 810 4089 uinctos
838 4032 892 4087 in
920 4031 1241 4103 fortitudine.
1271 4031 1391 4103 Ipse
1415 4032 1560 4089 Deus
1582 4045 1681 4087 sua
1708 4030 1817 4087 vir-

221 4132 327 4179 tute
351 4123 538 4181 educit
561 4139 680 4193 eos,
708 4125 802 4196 qui
834 4124 982 4195 ligati
1006 4136 1129 4181 sunt
1160 4139 1192 4181 a
1217 4125 1436 4181 diabolo
1464 4125 1517 4181 in
1540 4122 1814 4196 peccatis:

218 4219 353 4275 sicut
385 4222 482 4276 illa
512 4220 717 4276 mulier
742 4220 793 4274 in
817 4219 1156 4291 Evangelia:
1185 4235 1305 4291 quae
1329 4219 1492 4291 ligata
1522 4218 1697 4275 iuerat
1721 4217 1818 4274 tle-

217 4327 329 4370 cem
359 4322 418 4370 et
444 4325 579 4370 octo
601 4314 807 4371 annisa
829 4313 1053 4370 diabolo
1082 4312 1238 4387 (Luc.
1264 4312 1409 4386 snt).
1458 4312 1715 4369 Similiter
1732 4328 1818 4369 eos

215 4408 302 4478 qui
319 4416 664 4481 exasperant,
689 4407 780 4479 qui
806 4407 1039 4462 habitant
1064 4407 1118 4462 in
1135 4407 1405 4479 sepulcris.
1435 4406 1575 4462 Deus
1622 4414 1816 4461 natura

217 4501 388 4559 dulcis
419 4512 529 4561 est.
563 4502 669 4571 Qui
705 4509 887 4559 autem
924 4502 989 4558 ad
1028 4501 1446 4558 amaritudinem
1478 4516 1599 4557 eum
1645 4499 1817 4556 addu-

1920 3275 2070 3347 prius
2109 3281 2385 3347 tamquam
2428 3274 2822 3331 irrationabilia
2856 3274 3200 3332 habebantur
3237 3275 3515 3347 animalia,

1918 3376 2415 3423 commorarentur.
2444 3366 2704 3421 Animalia
2740 3375 2831 3421 tua
2858 3365 3168 3422 habitabant
3199 3368 3251 3422 in
3282 3384 3341 3422 ea
3370 3382 3386 3422 :
3413 3368 3519 3423 hoc

1919 3469 2021 3529 est,
2071 3460 2124 3517 in
2175 3459 2521 3519 haereditate.
2564 3460 2833 3517 Animalia
2879 3468 3060 3516 autem
3112 3459 3249 3516 dixit
3276 3474 3395 3525 eos,
3423 3460 3516 3531 qui

1921 3559 1973 3612 in
2003 3557 2113 3613 Deo
2141 3556 2355 3614 vivunt;
2379 3554 2484 3611 hoc
2521 3564 2625 3623 est,
2656 3564 2897 3611 sanctos.
2930 3553 3027 3610 Vel
3057 3555 3248 3611 aliter:
3269 3553 3514 3611 Pluviam

1920 3650 2268 3704 uoluntariam
2319 3648 2630 3721 segregabis.
2687 3647 2929 3704 Placidus
2984 3649 3365 3717 voluntariam,
3423 3658 3518 3709 aut

1919 3753 2219 3815 praecepta,
2248 3752 2341 3799 aut
2390 3756 2588 3797 manna
2628 3742 2891 3797 debemus
2932 3741 3210 3813 accipere.
3264 3740 3330 3796 Et
3369 3742 3518 3810 iit/ir-

1919 3846 2060 3892 mata
2088 3846 2161 3890 est
2189 3853 2207 3893 .'
2239 3846 2293 3891 tu
2319 3853 2437 3890 vero
2465 3835 2725 3906 perfecisti
2755 3852 2886 3890 eam.
2918 3835 3031 3891 Lex
3059 3852 3180 3905 quae
3210 3849 3311 3907 per
3340 3845 3515 3889 trans.

1915 3927 2251 4000 gressionetn
2298 3926 2610 3983 Iudaeorum
2656 3926 2836 3983 fuerat
2881 3926 3180 3990 inﬁrmata,
3231 3925 3514 3997 Evangelii

1916 4022 2089 4094 gratia
2118 4022 2370 4079 veniente
2394 4022 2659 4092 completa
2686 4032 2789 4077 est.

1990 4113 2202 4169 Parasti
2227 4115 2280 4169 iu
2311 4113 2587 4170 dulcedine
2622 4124 2715 4170 tua
2763 4114 3002 4186 pauperi,
3051 4114 3205 4169 Deus.
3253 4112 3513 4174 Dominus

1917 4210 2056 4266 dabit
2082 4208 2288 4265 verbum
2325 4208 2799 4281 euangelizantibus
2841 4209 3028 4264 virtute
3067 4208 3255 4269 multa.
3290 4208 3351 4265 In
3402 4210 3512 4267 lle-

1918 4301 2065 4362 ιιι-ιιξο
2093 4302 2257 4358 habet
2288 4319 2301 4356 :
2337 4301 2466 4370 Qua:
2490 4302 2913 4375 cvangelisantur
2938 4318 2956 4358 :
2996 4301 3102 4358 hoc
3131 4310 3241 4373 est,
3270 4304 3521 4361 mulieri-

1919 4396 2021 4450 bus
2067 4411 2190 4466 qua:
2238 4394 2685 4467 evangelizabaut
2731 4395 2999 4468 apostolis
3045 4412 3059 4450 :
3114 4395 3207 4451 ubi
3254 4395 3453 4453 dicitur
3501 4412 3516 4456 :

1926 4490 2127 4546 Euntes
2147 4490 2311 4548 dicite
2333 4490 2591 4549 fratribus
2615 4491 2776 4560 meis,
2794 4501 2850 4547 et
2870 4500 3068 4548 caetera
3088 4491 3270 4563 (illan.
3301 4489 3515 4562 sxvm).

214 4607 359 4664 cunt,
394 4605 725 4668 peccatores
743 4604 892 4663 sunt,
919 4604 975 4651 et
999 4594 1203 4655 faciunt
1223 4596 1327 4652 sibi
1358 4608 1599 4650 amarum
1623 4568 1819 4651 Deum.

1928 4583 2034 4637 Ant
2062 4582 2273 4639 animas
2323 4584 2610 4654 signiﬁcat,
2651 4599 2771 4654 qum
2801 4562 3153 4640 crediderunt
3198 4584 3251 4640 in
3277 4581 3518 4641 Christo.

216 4689 331 4747 Non
362 4700 622 4749 naturam
651 4705 806 4749 sttam
842 4698 1074 4755 mutant,
1105 4688 1200 4747 sed
1235 4688 1337 4760 ipsi
1369 4687 1474 4744 sibi
1506 4695 1821 4758 peccatores

214 4780 423 4843 faciunt
441 4798 696 4841 amarum
730 4782 925 4839 Deum.
954 4782 1056 4849 Qui
1081 4781 1398 4837 habitantia
1427 4780 1700 4853 sepulcris.
1733 4780 1825 4837 ΔΙο

217 4874 441 4946 ligatum
467 4876 617 4932 intra
637 4874 856 4931 domum
882 4888 1036 4930 suam
1063 4874 1281 4941 fortem,
1305 4872 1359 4929 id
1385 4880 1491 4939 est,
1514 4871 1819 4939 diabolum,

213 4969 301 5036 qui
335 4968 590 5041 peccatis
617 4967 784 5024 vineti
817 4966 1173 5033 tenebantur,
1207 4964 1461 5029 absolvit,
1495 4974 1547 5020 et
1576 4964 1702 5019 illos
1731 4964 1821 5034 qui

214 5062 375 5120 idolis
404 5062 608 5129 dediti,
642 5062 808 5117 Deum
840 5060 1221 5125 irritaverant,
1260 5068 1316 5115 et
1343 5068 1618 5129 tamquam
1650 5057 1705 5113 in
1735 5072 1824 5113 se-

214 5157 420 5228 pulcris
463 5156 728 5228 jacehant
771 5156 1011 5222 mortui,
1062 5154 1357 5210 liberavit:
1400 5153 1541 5208 sicut
1584 5150 1716 5206 illud
1767 5149 1822 5206 in

214 5248 532 5321 Evangelia
555 5247 678 5305 εγω
706 5247 881 5317 vobis,
907 5246 1119 5303 Scriba:
1154 5255 1210 5302 et
1232 5244 1491 5301 Pharismi
1522 5262 1534 5298 :
1566 5244 1822 5314 quoniam

212 5343 434 5400 similes
453 5343 595 5399 estis
621 5342 893 5413 sepulcris
920 5341 1222 5412 dealbatis(
1250 5340 1437 5395 Matth.
1472 5354 1602 5396 xxnt
1627 5337 1667 5410 ).
1701 5338 1822 5395 Sic-

214 5447 271 5492 ut
308 5445 584 5503 sanctus,
630 5436 891 5507 templum
930 5435 1027 5492 Dei
1063 5444 1147 5492 est
1176 5474 1191 5502 ,
1242 5434 1321 5490 sic
1370 5433 1679 5504 sepulcrum
1719 5431 1823 5488 sibi

214 5531 461 5589 efﬁcitur
492 5539 768 5602 peccator.

284 5623 439 5678 Deus
470 5640 594 5678 cum
622 5622 938 5696 egredereris
966 5621 1022 5675 in
1049 5626 1326 5692 conspectu
1355 5618 1536 5691 populi
1578 5618 1674 5671 tui.
1718 5616 1830 5672 lloc

212 5716 535 5772 secundum
564 5714 868 5781 historiam,
912 5712 1133 5785 quando
1162 5711 1306 5768 Deus
1340 5708 1699 5766 antecedebat
1736 5722 1831 5779 po-

215 5811 412 5881 pulum
450 5822 613 5862 sunm
654 5807 1027 5880 egredientem
1057 5803 1123 5860 de
1166 5801 1403 5877 Aﬁgypto
1451 5800 1649 5874 (Exod.
1690 5802 1826 5870 xiv).

1924 4674 2233 4733 Secundum
2250 4677 2609 4748 Septuaginta
2628 4690 2810 4737 autem
2835 4678 3186 4749 interpretes,
3205 4677 3275 4735 ad
3296 4688 3519 4751 aposto-

1928 4765 2012 4821 los
2036 4766 2240 4824 dicitur
2266 4785 2279 4822 :
2307 4768 2434 4839 quia
2469 4770 2728 4827 Dominus
2769 4770 2923 4828 dedit
2958 4773 3039 4827 eis
3075 4773 3332 4829 virtutem
3383 4787 3525 4841 pra!-

1928 4857 2145 4915 dicandi
2198 4859 2575 4932 Evangeliutn.
2645 4862 2772 4919 litae
2821 4863 3053 4919 dulcedo
3104 4863 3343 4933 pluvias,
3400 4876 3525 4932 qua:

1929 4954 2106 5008 mellis
2135 4967 2200 5008 ac
2230 4953 2336 5009 lavi
2356 4968 2608 5024 saporem
2643 4955 2831 5024 vincit,
2863 4955 2915 5012 in
2942 4955 3295 5027 pauperibus,
3328 4952 3380 5009 id
3411 4962 3520 5023 est,

1928 5048 1981 5101 in
2013 5048 2217 5101 sanctis
2243 5045 2339 5101 Dei
2367 5045 2611 5116 deﬂuxit,
2643 5064 2767 5119 qum
2788 5049 2858 5103 ab
2884 5064 2982 5105 ore
3012 5048 3410 5119 apostolorum,
3437 5046 3527 5114 ju-

1931 5138 2093 5193 hcnte
2122 5138 2257 5205 Deo,
2288 5155 2411 5196 cum
2436 5140 2605 5197 multa
2636 5140 2841 5198 virtute
2873 5139 3162 5211 processit.

2005 5231 2118 5286 Rea:
2146 5232 2395 5286 uirtutum
2424 5231 2617 5299 dilecti,
2649 5233 2846 5287 dilecti.
2885 5231 3128 5288 Virtutes
3158 5230 3344 5288 dilecti
3386 5230 3480 5286 Dei
3510 5248 3523 5284 :

1931 5325 1985 5380 id
2026 5337 2133 5395 est,
2164 5326 2391 5392 Christi,
2425 5327 2663 5398 apostoli
2695 5335 2846 5382 sunt.
2878 5326 3138 5383 Dominus
3168 5341 3301 5397 ergo
3323 5324 3416 5397 qui
3446 5333 3528 5381 cst

1933 5436 2030 5477 res
2062 5422 2321 5477 virtutum
2353 5420 2573 5488 dilecti,
2621 5420 2769 5476 dabit
2810 5420 3318 5492 evangelizautibus
3357 5422 3531 5475 virtu-

1935 5524 2050 5573 tem
2102 5515 2324 5573 multam
2363 5517 2417 5572 in
2456 5514 2851 5587 praedicando:
2895 5523 2954 5571 nt
2999 5514 3266 5571 Ecclesia:
3305 5511 3533 5570 devictis

1939 5608 2207 5671 hostibus,
2260 5608 2482 5674 Iudaeis,
2516 5610 2631 5664 sive
2662 5608 3028 5675 daemonibus,
3070 5607 3248 5678 spolia
3293 5606 3534 5676 partian-

1940 5711 2046 5757 tur.
2080 5701 2429 5757 Pulchritudo
2458 5701 2675 5770 domus,
2707 5701 2950 5758 Ecclesia
2985 5710 3071 5759 est
3102 5718 3117 5757 :
3161 5701 3321 5773 cujus
3360 5698 3535 5755 divisa

1945 5797 2254 5854 referuntur
2288 5796 2460 5869 spolia
2497 5814 2510 5852 :
2563 5796 2615 5851 id
2639 5806 2743 5865 est,
2778 5811 2899 5854 cum
2924 5792 3226 5854 credentes
3263 5792 3421 5859 divisi
3451 5791 3521 5849 ab
