3954 6340
406 245 545 304 1015

1201 242 1546 304 APPENDIX
1589 243 1680 301 AD
1718 241 1960 303 TOMUM
1999 241 2352 308 SEPTIMUM
2390 246 2450 309 S.
2493 245 2901 310 lllERONYMI.

3575 243 3716 304 lOlS

399 367 582 436 idolis,
609 367 857 426 diversos
897 364 1325 423 ministeriorum
1366 365 1566 437 gradus
1601 366 1655 422 in
1701 381 1766 422 ea
1807 364 1997 422 sortiti
2026 389 2076 450 Α
2105 364 2256 434 dedi,
2289 381 2395 423 non
2427 378 2609 422 escam
2645 365 2689 439 (ι
2717 364 2839 422 Cor.
2889 361 2995 438 ιιι).
3027 362 3125 420 Vel
3168 375 3324 420 mons
3356 363 3446 436 qui
3485 363 3550 420 in
3582 361 3716 420 Eze-

401 470 530 518 sunt
568 479 582 517 :
625 461 993 518 distribuente
1034 460 1154 530 ipso
1199 459 1397 516 dilecto
1447 457 1650 526 Patris,
1691 467 1748 515 et
1792 473 1996 530 coope-

404 566 563 612 rante
606 555 911 612 Paraeleto.
959 553 1070 609 Rea
1099 555 1345 608 virtutum
1384 552 1581 607 dilecti.
1629 552 1742 608 Rea:
1790 551 1952 608 Pater
1980 567 2000 606 :

403 650 694 704 virtutum:
725 649 828 704 hoc
873 655 980 716 est,
1028 655 1364 703 sanctorum.
1416 646 1628 712 Dilecti,
1667 643 1808 700 Filii.
1859 645 2000 701 Ecce

407 741 579 798 Filius
605 756 758 797 meus
788 740 1044 806 dilectus,
1074 741 1252 812 ipsum
1283 739 1470 796 audite
1501 740 1684 813 (Matt.
1712 741 1870 810 xvn).
1904 737 2001 793 Di-

401 835 540 890 lecti.
579 835 636 890 Si
687 835 810 906 quis
842 833 1084 906 aliquem
1135 833 1333 905 diligit,
1385 848 1604 905 semper
1650 833 1703 888 in
1747 847 1844 889 ore
1873 847 1997 888 eum

404 927 590 984 habet.
627 928 770 1000 Ergo
804 927 1043 998 Spiritus
1070 935 1288 984 sanctus
1321 934 1543 998 propter
1569 941 1810 983 amorem
1838 941 1997 996 quem

403 1018 573 1076 habet
603 1021 654 1076 in
685 1021 904 1087 Filium,
931 1019 1245 1091 frequenter
1273 1020 1388 1092 ejus
1418 1019 1687 1075 meminit.
1719 1018 1786 1074 Et
1814 1019 2001 1092 speciei

404 1113 589 1169 domus
628 1112 859 1169 dividere
888 1113 1075 1185 spolia.
1112 1113 1218 1185 Ipsi
1256 1113 1489 1184 apostoli
1517 1111 1766 1168 dividunt
1805 1111 1858 1167 in
1900 1111 2002 1167 Ec-

402 1206 582 1263 clesiis
609 1207 808 1278 spolia,
843 1222 963 1278 quae
994 1218 1329 1279 acceperunt
1357 1207 1426 1263 de
1454 1206 1635 1263 idolis.

459 1300 520 1358 Si
537 1301 809 1356 dormiatis
828 1303 962 1356 inter
979 1302 1172 1356 medios
1194 1302 1377 1369 cleros,
1399 1317 1583 1374 penna?
1594 1300 1842 1356 columine
1859 1301 2000 1356 dear-

400 1403 622 1467 gentuta:
659 1403 705 1448 et
733 1394 1016 1466 posteriora
1062 1395 1206 1448 dorsi
1239 1398 1353 1469 ejus
1383 1394 1435 1448 in
1464 1395 1662 1465 pallore
1703 1395 1834 1448 auri.
1863 1392 1997 1450 Cum

399 1485 611 1540 duobus
642 1485 949 1542 credideris
983 1485 1372 1554 Testamentis,
1405 1487 1649 1542 invenies
1680 1487 1734 1542 in
1769 1497 1999 1557 utroque

397 1577 658 1648 Spiritum
679 1589 946 1635 sanctum.
975 1578 1041 1634 Et
1059 1579 1184 1634 licet
1201 1580 1272 1635 sit
1295 1577 1644 1649 pulchritudo
1663 1578 1826 1633 etiam
1846 1577 1996 1649 juxta

400 1670 658 1739 litteram,
693 1671 832 1727 seire
863 1687 987 1742 quae
1010 1672 1163 1743 legas
1196 1690 1208 1726 :
1246 1681 1427 1727 tamen
1464 1671 1548 1726 vis
1575 1670 1792 1727 decoris
1821 1670 2000 1726 omnis

2109 461 2282 518 chiele
2311 461 2566 517 vulnerat
2595 462 2893 532 principem
2923 459 3051 533 Tyri
3084 457 3300 532 (Ezec/t.
3341 464 3518 529 XXVI).
3568 457 3717 514 Mon-

2108 564 2214 611 tem
2255 566 2439 612 autem
2479 557 2613 613 dicit
2651 558 2825 629 ipsum
2871 555 3181 611 Dominum.
3226 555 3422 627 thuid
3468 555 3713 625 suspica-

2107 649 2235 704 mini
2275 658 2472 706 montes
2520 651 2832 722 coagulatos.
2887 650 3001 706 l-{oc
3032 649 3100 704 ad
3147 647 3365 704 Judteos
3411 648 3579 714 dicit,
3622 647 3714 718 qui

2107 744 2423 800 existimant
2468 744 2691 817 Moysen
2733 754 2788 801 et
2829 743 3124 817 prephetas
3170 741 3373 798 similes
3416 756 3552 797 esse
3601 739 3717 797 Salo

2106 838 2301 892 vatori.

2177 929 2332 986 Mons
2359 931 2411 986 in
2438 947 2538 1003 quo
2578 932 2888 1003 complacuit
2921 931 3027 986 Deo
3068 929 3299 985 habitare
3338 931 3388 983 in
3438 944 3501 983 eo
3527 945 3549 981 :
3583 925 3716 982 Scn-

2105 1039 2200 1081 sus
2247 1025 2350 1080 iste
2391 1035 2515 1080 est:
2567 1025 2684 1081 Non
2733 1025 2943 1081 debetis
2992 1025 3311 1081 existimare
3357 1023 3552 1094 plures
3593 1035 3715 1076 esse

2106 1117 2404 1185 Ecclesias,
2443 1133 2568 1188 qua:
2600 1116 2837 1174 habeant
2872 1117 3038 1174 ubera
3071 1117 3468 1182 doctrinarum,
3499 1125 3564 1169 et
3592 1127 3719 1184 pos-

2105 1210 2216 1266 sint
2253 1209 2542 1266 credentes
2585 1210 2831 1266 scientiae
2874 1209 3013 1264 lacte
3053 1210 3284 1264 nutrire.
3317 1206 3437 1264 Una
3481 1217 3576 1262 est
3618 1205 3717 1260 Ec-

2107 1304 2292 1373 clesia,
2328 1313 2382 1360 et
2431 1320 2570 1359 unus
2603 1304 2854 1360 Christus
2886 1318 3119 1372 sponsus
3147 1302 3428 1358 Ecclesiae.
3463 1300 3526 1356 In
3568 1300 3717 1356 nullo

2105 1398 2249 1453 enim
2288 1398 2398 1453 alio
2429 1397 2756 1452 inhabilahit
2791 1397 2994 1468 jugiter
3025 1396 3263 1467 Spiritus
3307 1405 3560 1465 sanctus,
3615 1395 3713 1450 nisi

2106 1491 2161 1545 in
2195 1490 2504 1558 Salvatore,
2539 1491 2749 1547 Joanne
2775 1491 3036 1547 dicente:
3070 1491 3125 1546 ln
3157 1505 3318 1562 quem
3345 1489 3562 1547 videris
3594 1488 3716 1560 δρία

2119 1586 2279 1640 ritum
2310 1585 2760 1652 descendentem,
2795 1595 2849 1642 et
2874 1597 3186 1643 manentem
3217 1587 3270 1641 in
3297 1601 3364 1642 eo
3394 1584 3592 1657 (Joan.
3616 1580 3666 1656 ἰ)
3697 1602 3710 1651 ;

2106 1681 2223 1752 ipse
2255 1689 2340 1736 est
2363 1681 2456 1751 qui
2487 1683 2702 1737 excisus
2731 1681 2850 1736 sine
2881 1681 3152 1747 manibus,
3183 1679 3428 1750 implevit
3452 1679 3713 1734 latitudi-

401 1764 457 1820 in
489 1779 652 1820 sensu
693 1774 798 1820 est.
831 1765 1086 1821 Exterior
1127 1766 1308 1836 itaque
1356 1766 1647 1821 verborum
1689 1776 1914 1821 ornatus
1945 1766 1998 1820 in
2033 1794 2078 1854 Β
2108 1790 2228 1830 nem
2259 1775 2438 1830 omnis
2469 1784 2633 1831 terra;
2663 1793 2675 1828 ε
2710 1774 2760 1829 id
2793 1785 2898 1842 est,
2953 1775 3290 1830 nominicum
3326 1767 3356 1811 b
3396 1773 3712 1829 hominem.

397 1859 614 1930 argenti
672 1859 898 1914 nomine
963 1859 1374 1915 demonstratur
1429 1877 1443 1914 :
1503 1857 1807 1915 occultiora
1870 1873 2000 1915 vero

398 1952 664 2026 mysteria
692 1953 748 2008 in
779 1953 1083 2009 reconditis
1110 1953 1226 2008 auri
1277 1953 1598 2011 muneribus
1624 1953 1995 2008 continentur.

402 2047 464 2104 Si
495 2048 763 2104 dor-vitiatis
797 2048 930 2102 inter
950 2048 1145 2101 medios
1168 2047 1332 2102 cteros
1363 2064 1380 2101 :
1410 2047 1514 2104 hoc
1539 2055 1642 2116 est,
1678 2045 1724 2102 si
1751 2046 2003 2117 quiesca-

401 2149 471 2203 tis
503 2149 646 2204 inter
679 2162 876 2203 novum
909 2155 962 2202 et
1003 2155 1156 2202 vetus
1203 2145 1612 2202 Testamentum
1644 2159 1659 2199 :
1710 2142 2001 2199 invenietis

399 2243 457 2298 in
512 2242 726 2298 duobus
779 2239 1145 2297 Testamentis
1216 2237 1449 2310 gratiam
1511 2237 1747 2309 Spiritus
1801 2235 1999 2291 sancti.

400 2335 548 2392 Cleri
575 2334 830 2390 dicuntur
862 2333 1068 2404 singuli
1099 2332 1264 2388 libri:
1297 2331 1401 2386 hoc
1431 2341 1536 2400 est,
1569 2329 1826 2395 Genesis,
1860 2329 2006 2384 Exo-

403 2431 526 2500 dus,
580 2429 868 2496 Judicum,
920 2428 1244 2500 Evangelia,
1302 2427 1619 2500 Apostolus.
1671 2426 1865 2482 Pemue
1917 2442 2004 2481 co-

401 2525 591 2581 lumbae
634 2524 1001 2594 deargentatae.
1031 2521 1414 2595 Deargentatw,
1461 2522 1670 2577 clarum
1715 2518 1942 2576 verbum
1975 2527 2002 2556 ει

403 2619 676 2692 signiﬁcat
703 2617 906 2673 divina:
935 2617 1256 2687 Seripturae.
1290 2615 1357 2671 Et
1390 2617 1677 2688 posteriora
1715 2614 1857 2669 dorsi
1890 2615 2009 2684 ejus.

404 2713 459 2767 in
508 2711 708 2782 pallore
737 2710 851 2766 auri
884 2727 903 2765 :
951 2709 1054 2766 hoc
1085 2721 1191 2776 est,
1227 2710 1281 2765 in
1315 2707 1699 2775 interioribus,
1748 2707 2006 2777 spiritua-

403 2805 533 2862 liter
563 2806 824 2878 mysteria
855 2804 1253 2876 intelliguntur.
1287 2803 1342 2861 Si
1369 2818 1540 2875 usque
1569 2803 1632 2858 ad
1661 2815 2006 2858 consumma-

403 2899 616 2956 tionem
641 2902 765 2956 vita:
796 2901 1105 2972 praesentis,
1137 2914 1259 2972 quae
1281 2913 1427 2970 saepe
1458 2913 1685 2955 somnus
1711 2895 2000 2969 accipitur,

403 2993 550 3049 inter
576 2992 686 3049 duo
711 2993 1065 3050 Testamenta
1101 3011 1111 3047 :
1154 2993 1206 3048 id
1233 3002 1336 3059 est,
1373 3007 1569 3047 novum
1603 3000 1872 3063 vetusque
1900 2990 2005 3046 Te-

405 3094 734 3142 stamentum
779 3086 1072 3160 quiescatis
1107 3103 1119 3138 :
1154 3084 1440 3140 invenietis
1487 3086 1542 3140 in
1599 3083 1683 3140 his
1741 3084 2002 3154 Spiritum

2106 1866 2311 1922 Etenim
2340 1866 2595 1922 Dominus
2625 1865 2874 1921 habitabit
2895 1867 2948 1920 in
2979 1867 3152 1937 ﬁnem.
3185 1865 3243 1921 In
3274 1881 3532 1938 corpore,
3567 1865 3715 1936 quod

2105 1963 2312 2034 accepit
2341 1962 2408 2019 de
2435 1971 2622 2018 sancta
2652 1961 2838 2030 Maria,
2869 1961 2993 2034 quia
3020 1977 3143 2017 cum
3173 1975 3238 2018 eo
3280 1969 3365 2017 est
3391 1973 3629 2018 evecms
3662 1964 3714 2016 in

2106 2058 2326 2114 caelum.

2178 2151 2374 2206 Curru:
2414 2150 2512 2206 Dei
2539 2152 2710 2207 decem
2740 2151 2970 2207 millibus
3001 2151 3291 2224 multiplex.
3339 2150 3716 2223 llyperbolice

2106 2243 2238 2300 dicit
2293 2243 2795 2301 administratorias
2844 2253 3139 2316 potestates
3183 2253 3239 2300 et
3280 2255 3520 2312 sanctos,
3589 2242 3716 2314 quia

2107 2337 2538 2393 innumerabiles
2578 2346 2728 2406 sunt,
2778 2340 2918 2393 sicut
2957 2336 3104 2392 dixit
3149 2336 3205 2392 in
3259 2335 3533 2392 Danicle:
3572 2335 3717 2391 Mille

2108 2432 2277 2489 millia
2304 2430 2689 2487 ministrabant
2719 2429 2818 2496 illi,
2851 2438 2908 2486 et
2933 2431 3118 2486 det-les
3143 2439 3378 2486 centena
3409 2429 3596 2485 millia
3629 2445 3717 2484 as-

2108 2526 2374 2583 sistebant
2403 2525 2453 2582 ei
2481 2525 2645 2595 (Dan.
2676 2523 2798 2597 vn).
2846 2524 2910 2580 Et
2939 2525 2992 2580 in
3037 2523 3320 2580 Ezechiele
3351 2524 3711 2589 describitur,

2108 2616 2401 2674 Cherubin]
2456 2628 2688 2688 quatuor
2733 2631 3058 2687 pennarum,
3108 2615 3163 2670 in
3215 2623 3446 2686 quatuor
3493 2615 3715 2686 angulis

2109 2712 2313 2768 habere
2361 2720 2597 2783 quatuor
2636 2724 2947 2781 personas:
2995 2709 3149 2780 cujus
3192 2710 3376 2780 auriga
3432 2709 3587 2764 Deus
3632 2717 3718 2764 est

2111 2803 2326 2877 (Ezech.
2357 2815 2443 2859 tet
2467 2803 2543 2875 ιι).
2572 2804 2867 2861 Cherubitn
2893 2811 3072 2859 autem
3103 2804 3516 2874 interpretatur,
3545 2804 3716 2857 scien-

2109 2900 2196 2955 tia:
2242 2898 2528 2972 plenitudo.
2575 2897 2856 2970 Signiﬁcat
2885 2907 3064 2954 autem
3096 2911 3327 2969 persona
3372 2896 3577 2963 leonis,
3628 2912 3718 2952 reo

2107 2991 2286 3062 galem
2325 3010 2335 3045 :
2369 2991 2472 3047 hoc
2513 3000 2617 3059 est,
2653 3006 2880 3061 regnare
2911 2991 3259 3061 passionibus
3294 3008 3306 3044 :
3341 3004 3581 3062 persona
3615 2989 3715 3043 ho-

2110 3084 2294 3152 minis,
2331 3084 2714 3140 rationabilem
2743 3099 2758 3149 ;
2784 3097 3016 3154 persona
3044 3081 3220 3149 vituli,
3258 3083 3309 3137 in
3337 3095 3504 3153 opere
3540 3099 3556 3136 :
3589 3096 3717 3152 per-

403 3186 655 3233 sanctum
685 3197 696 3232 :
723 3178 879 3248 cujus
910 3192 1107 3248 penna:
1153 3176 1206 3231 in
1253 3175 1709 3246 praedicatoribus
1735 3175 2001 3247 deargen-
2034 3193 2080 3256 ρ
2112 3191 2243 3232 sona
2266 3176 2482 3247 aquilae,
2509 3175 2563 3231 in
2589 3175 3074 3246 contemplatione,
3103 3175 3206 3230 hoc
3233 3183 3338 3244 est,
3365 3174 3417 3228 in
3451 3173 3670 3228 theoria
3697 3190 3710 3226 :

403 3281 554 3341 tatm,
580 3288 677 3343 pro
701 3273 898 3344 eloquii
923 3269 1328 3343 pulchritudine
1344 3269 1699 3340 respondent.
1726 3271 1782 3324 ln
1820 3279 2003 3341 poste-

403 3366 554 3422 riora
584 3381 736 3434 vero,
771 3380 894 3435 quae
941 3363 1180 3434 scapulm
1207 3363 1488 3428 dicuntur,
1519 3376 1585 3418 eo
1625 3361 1770 3433 quod
1811 3371 2005 3433 pectus

405 3461 677 3530 eperiant,
705 3459 862 3514 bona:
892 3456 1245 3514 conscientiae
1266 3454 1478 3510 fructus
1505 3453 1814 3510 ostenditur
1840 3473 1853 3508 :
1885 3469 2006 3525 quae

405 3562 531 3624 post
563 3561 847 3624 peractum
873 3550 1247 3622 livangelium,
1280 3549 1332 3604 in
1357 3549 1477 3604 auri
1505 3550 1706 3619 specie,
1737 3548 1916 3619 idest,
1950 3550 2002 3606 in

405 3646 618 3704 honore
651 3646 800 3717 regio
821 3651 1248 3701 commutantur.

478 3738 619 3793 Dum
662 3737 911 3793 discernit
934 3735 1172 3802 ctelestis,
1212 3750 1358 3808 reges
1389 3750 1544 3804 super
1573 3751 1686 3788 eam
1714 3735 1828 3790 nive
1858 3735 2006 3790 deal-

403 3831 662 3888 babuntur
690 3831 744 3885 in
785 3828 1021 3886 Selmon.
1075 3827 1250 3896 Reges
1292 3825 1425 3882 dicit
1450 3835 1690 3894 sanctos,
1719 3829 1810 3898 qui
1842 3842 2006 3896 repu-

399 3933 571 3996 gnant
601 3922 718 3978 suis
757 3919 1124 3992 passionibus.
1177 3917 1270 3973 Isti
1315 3933 1444 3989 ergo
1472 3919 1644 3973 sancti
1691 3917 2005 3974 dividuntur

399 4017 457 4070 in
504 4013 819 4070 Ecclesiis:
872 4013 1016 4068 sicut
1045 4010 1244 4066 Paulus
1290 4011 1343 4065 in
1385 4008 1668 4079 Gentibus,
1725 4009 1916 4066 Petrus
1947 4010 2003 4065 in

401 4108 845 4166 circumcisione.
888 4105 1144 4162 Caelestis
1174 4103 1456 4173 Dominus,
1491 4113 1773 4174 separatos
1805 4104 1902 4160 hos
1934 4105 2003 4160 ab

400 4199 730 4256 idololatriis
755 4215 892 4270 quos
941 4197 1192 4270 superius
1224 4196 1482 4263 diximus,
1525 4197 1808 4253 constituit
1852 4197 1906 4252 in
1941 4198 2005 4252 il-

403 4296 508 4351 lius
527 4294 722 4350 domus
744 4294 1151 4366 pulchritudine
1179 4307 1358 4364 reges.
1390 4291 1496 4349 Sed
1523 4294 1672 4363 prius
1699 4295 1824 4349 nive
1850 4293 2005 4351 deal-

402 4388 682 4445 babuntnr
711 4389 765 4443 in
797 4390 1040 4446 Selmon.
1073 4388 1188 4444 Hoc
1215 4396 1297 4442 est
1327 4386 1470 4456 quod
1498 4387 1649 4453 dicit,
1676 4388 1803 4444 licet
1826 4389 2002 4444 sancti

404 4481 543 4548 sint;
577 4481 672 4537 sed
705 4492 887 4537 tamen
921 4483 972 4537 in
996 4483 1102 4538 isto
1131 4480 1334 4538 saeculo
1359 4482 1660 4552 suntquasi
1691 4482 1904 4550 umbra,
1933 4497 1999 4538 ex

2109 3284 2228 3341 qua:
2261 3284 2361 3324 nos
2384 3269 2587 3324 exaltat
2615 3269 2671 3322 in
2703 3267 3017 3324 virtutibus.
3045 3266 3218 3323 Simul
3255 3274 3437 3322 autem
3470 3275 3532 3321 ut
3561 3265 3716 3322 dica-

2109 3375 2270 3418 mus:
2311 3360 2561 3416 Thronus
2609 3361 2705 3416 Dei
2751 3361 2804 3415 in
2849 3361 3054 3417 sanctis
3097 3368 3202 3416 est.
3237 3357 3424 3416 Decem
3481 3360 3712 3415 millibus

2107 3455 2379 3527 multiplex
2402 3471 2423 3510 :
2451 3455 2613 3510 Multa
2637 3455 2784 3511 enim
2815 3455 2986 3510 millia
3025 3470 3286 3511 curruum
3316 3455 3665 3511 sa‘cularium
3690 3495 3708 3522 ,

2108 3547 2422 3604 devicerunt
2479 3548 2915 3620 evangelizantes
2985 3548 3267 3605 Christum
3336 3551 3392 3605 in
3447 3549 3710 3604 universo

2109 3641 2331 3696 mundo.
2383 3639 2556 3695 Millia
2586 3641 2893 3708 lwtantium,
2932 3641 3186 3697 Dominus
3214 3644 3267 3698 in
3297 3642 3419 3696 illis.
3463 3641 3711 3698 Ministe-

2108 3733 2186 3789 ria
2216 3731 2395 3788 divina
2426 3733 2512 3788 hic
2546 3747 2668 3789 esse
2702 3734 2924 3790 indicat.
2970 3733 3036 3789 In
3068 3735 3241 3802 Sinai,
3270 3736 3321 3789 in
3351 3744 3549 3789 sancto.
3591 3734 3709 3791 Hoc

2109 3837 2212 3898 est,
2263 3828 2316 3884 in
2362 3829 2569 3885 sanctis
2598 3837 2680 3884 est
2724 3829 2869 3884 Deus
2913 3829 3130 3898 quando
3162 3837 3460 3896 tentantur,
3499 3837 3556 3883 et
3585 3839 3711 3898 post

2109 3921 2462 3975 tentationem
2490 3920 2740 3992 sequitur
2766 3921 3048 3975 sanctitas.
3080 3919 3421 3990 lmpossibile
3450 3928 3531 3974 est
3554 3920 3704 3974 enim

2109 4011 2364 4084 aliquem,
2415 4013 2542 4069 licet
2586 4021 2809 4068 sanctus
2839 4013 2931 4078 sit,
2983 4012 3102 4068 sine
3141 4011 3440 4067 tentatione
3470 4011 3706 4065 transire

2109 4104 2160 4158 in
2199 4105 2302 4161 hoc
2354 4104 2576 4170 saeculo,
2623 4103 2920 4160 secundum
2953 4103 3054 4160 Job
3107 4121 3117 4156 :
3161 4103 3412 4158 Tentatio
3456 4111 3539 4158 est
3589 4102 3704 4156 vita

2108 4197 2344 4252 hominis
2372 4213 2536 4269 super
2561 4205 2766 4253 terram
2799 4195 2944 4268 (Job.
2984 4195 3102 4268 vn).

2179 4294 2466 4348 Aseendisti
2496 4296 2548 4349 in
2579 4294 2762 4358 altum,
2791 4294 2970 4366 cepisti
2995 4294 3362 4366 captivitatem.
3395 4291 3704 4348 AscendiSIi

2109 4389 2161 4444 in
2192 4389 2360 4445 caelos
2405 4407 2418 4442 :
2465 4390 2750 4460 captivasti
2783 4403 2900 4454 nos,
2949 4389 3037 4460 qui
3069 4388 3266 4460 captivi
3314 4386 3634 4443 tenebamur
3671 4401 3704 4440 a

2106 4481 2348 4538 diabolo.
2377 4481 2480 4549 Qui
2510 4480 2784 4551 quondam
2829 4479 2883 4535 in
2919 4481 3063 4536 Sinai
3105 4480 3466 4548 descendens,
3498 4479 3700 4550 pepulo

401 4583 558 4646 parte
609 4583 1022 4644 cognoscentes.
1075 4574 1320 4640 Selmon,
1364 4572 1546 4626 umbra
1587 4573 1994 4643 interpretatur.
2027 4597 2080 4658 D
2108 4574 2278 4645 legem
2323 4573 2622 4640 distribuit,
2653 4574 2771 4645 ipse
2801 4589 2944 4630 nunc
2971 4575 3024 4629 in
3058 4585 3267 4639 saneto,
3300 4573 3353 4628 id
3381 4584 3485 4639 est,
3524 4573 3577 4627 in
3605 4587 3702 4627 as-

403 4666 537 4724 Cum
559 4666 726 4738 igitur
747 4682 843 4722 rex
866 4667 1105 4722 caelestis
1125 4666 1374 4722 Christus
1398 4666 1449 4722 in
1486 4666 1730 4722 Ecclesia
1761 4682 1856 4722 sua
1888 4682 2001 4722 caa-

401 4763 546 4834 perit
575 4762 876 4834 apostolos,
909 4769 964 4816 et
993 4760 1266 4830 principes
1294 4761 1636 4816 constituere
1666 4768 1829 4830 atque
1859 4760 1998 4815 divi-

401 4856 533 4912 dere
576 4874 589 4912 :
642 4871 747 4910 non
794 4854 1073 4911 habebunt
1120 4855 1335 4925 plenam
1393 4856 1602 4920 lucem,
1646 4855 1740 4910 sed
1787 4865 1997 4925 portent

403 4952 643 5023 aliquam
675 4950 923 5006 scientiae
955 4966 969 5002 :
1001 4949 1126 5020 quia
1159 4963 1304 5004 nunc
1347 4962 1411 5004 ex
1457 4956 1613 5020 parte
1645 4949 1908 5013 videmus,
1943 4957 1997 5004 et

401 5060 466 5101 ex
497 5057 652 5116 parte
683 5043 1072 5115 prophetamus
1105 5040 1147 5114 (Ι
1179 5040 1298 5096 Cor.
1350 5043 1492 5110 xm).

476 5137 629 5192 Mons
665 5136 778 5203 Dei,
817 5152 962 5189 mons
1002 5135 1210 5206 pinguis
1247 5149 1264 5186 :
1295 5149 1439 5187 mons
1479 5133 1806 5205 coagulatus,
1849 5149 1996 5188 mons

403 5233 635 5305 pinguis.
668 5230 774 5286 lste
803 5237 888 5286 est
916 5243 1071 5285 mons
1098 5229 1164 5283 ad
1195 5243 1354 5300 quem
1387 5238 1440 5283 et
1470 5227 1523 5282 in
1553 5227 1686 5283 Isaia
1715 5236 1771 5283 et
1811 5229 1862 5283 in
1895 5229 1996 5283 Mi-

400 5325 573 5395 ehtca,
600 5334 657 5379 ut
684 5323 1042 5379 ascendentes
1073 5329 1323 5393 pergant,
1352 5335 1411 5376 se
1433 5320 1666 5376 invicem
1698 5319 1992 5376 cohortan-

405 5432 492 5479 tur
511 5419 645 5495 (Isa.
674 5437 733 5487 ll,
757 5430 803 5475 ct
829 5419 990 5474 Illic/1.
1022 5419 1120 5490 tv).
1152 5418 1306 5487 Quod
1323 5429 1503 5474 autem
1521 5419 1594 5473 ait
1616 5420 1951 5490 :eoagulatus
1976 5436 1992 5473 :

401 5515 646 5586 Apostoli
690 5513 937 5585 congruit
965 5511 1168 5580 verbis,
1201 5511 1292 5583 qui
1323 5511 1395 5567 ait
1423 5529 1434 5564 :
1469 5509 1577 5566 Lac
1613 5510 1769 5567 vobis
1801 5519 1987 5581 potum

397 5789 432 5844 4
471 5715 738 5843 ιιῖἳιιΐθιν
777 5710 1007 5780 Hieron,
1053 5715 1104 5770 in
1148 5729 1267 5785 cap.
1316 5729 1371 5768 Ill
1403 5711 1555 5768 Isaiae
1607 5722 1662 5770 et
1709 5712 1764 5769 in
1809 5727 1975 5771 serm.

459 5805 486 5844 e
577 5798 630 5844 ί.

459 5798 512 5846 et
542 5798 630 5844 Ιυ.

2105 4678 2320 4738 sumpto
2342 4668 2560 4724 homine
2589 4667 2682 4741 (de
2704 4683 2812 4740 quo
2831 4669 3061 4740 angelus
3086 4669 3151 4724 ad
3179 4668 3403 4724 Mariam
3430 4666 3580 4741 (Luc.
3606 4666 3652 4736 ι)
3680 4683 3696 4724 :

2101 4760 2256 4829 Quod
2290 4768 2542 4817 nascetur
2569 4776 2636 4816 ex
2674 4770 2748 4826 te,
2788 4769 3034 4817 sanctum
3073 4760 3383 4831 vocabitur)
3431 4759 3695 4816 caelorum

2101 4854 2317 4909 excelsa
2347 4855 2727 4910 conscendens
2761 4872 2774 4908 :
2808 4869 2905 4911 eos
2933 4855 3025 4926 qui
3060 4855 3114 4910 in
3145 4855 3464 4925 captivitate
3491 4853 3693 4910 diaboli

2103 4947 2446 5015 tenebantur,
2479 4948 2718 5004 absolvit
2753 4968 2764 5003 :
2813 4963 2876 5004 ac
2904 4957 3026 5019 post
3054 4963 3114 5004 se
3139 4957 3414 5020 tamquam
3450 4946 3690 5019 captivos

2101 5042 2363 5099 deductos
2392 5051 2611 5098 mternae
2639 5043 2765 5098 vitae
2804 5041 3061 5097 restituit.
3108 5041 3199 5098 Sic
3239 5052 3293 5097 et
3335 5057 3550 5097 carnem
3592 5053 3693 5093 as-

2103 5144 2396 5206 sumptam,
2439 5135 2598 5206 quasi
2638 5136 2908 5207 captivam
2937 5135 3116 5190 evexit
3161 5133 3228 5189 ad
3279 5134 3483 5190 sidera.
3535 5133 3692 5187 Acce-

2104 5229 2226 5298 pisti
2253 5228 2390 5282 dona
2415 5228 2468 5282 in
2501 5227 2810 5282 hominibus.
2843 5227 2988 5282 Bene
3017 5227 3175 5295 dixit,
3223 5227 3485 5296 accepisti.
3517 5227 3554 5280 Δ
3581 5223 3693 5278 Pn-

2102 5330 2184 5377 tre
2211 5321 2420 5392 accepit
2449 5338 2464 5376 :
2505 5320 2712 5391 accepit
2738 5330 2796 5375 ut
2827 5322 3012 5388 homo,
3042 5321 3135 5376 dat
3162 5332 3224 5376 ut
3247 5321 3388 5376 Deus
3417 5338 3430 5374 :
3467 5330 3516 5375 et
3539 5316 3686 5389 quod

2101 5415 2328 5486 accepit,
2359 5414 2667 5470 hominibus
2689 5417 2920 5488 accepit,
2948 5425 3005 5472 ut
3028 5415 3141 5471 det.
3173 5416 3294 5486 Ipse
3317 5417 3459 5471 enim
3493 5415 3685 5485 plenus

2098 5518 2204 5579 est,
2248 5517 2304 5565 et
2348 5509 2483 5564 nihil
2514 5507 2744 5581 indiget.
2781 5509 2942 5565 Dedit
2969 5509 3110 5564 dona
3151 5510 3510 5581 Spiritualium
3557 5522 3686 5578 gra-

2159 5715 2187 5754 δ
2228 5715 2347 5792 Vid.
2401 5733 2521 5792 qua:
2554 5718 2928 5792 observamus
2979 5717 3047 5774 ad
3072 5718 3310 5792 .lib.‘:de
3357 5717 3575 5790 Spiritu}
3607 5715 3676 5773 S.

2099 5787 2638 5859 Tom.a,cct.t57.
3073 5787 3083 5791 '
3218 5787 3237 5792 “
3399 5787 3417 5790 ’
3513 5832 3534 5861 .
