3954 6340
212 286 326 348 ton
1113 273 1548 335 BREVIARIUM
1588 274 1654 334 IN
1689 273 2023 336 PSALMOS.
2064 273 2308 335 PSALM.
2351 275 2561 335 LXVII.
3305 279 3444 339 1018

206 404 367 461 tisrum
394 392 705 453 hominibus
737 409 751 451 ε
794 393 884 468 qui
916 408 1017 467 per
1047 392 1208 452 fidem
1236 394 1302 451 ad
1329 410 1456 453 eum
1486 394 1748 468 deinceps
1774 397 1830 457 A
1855 404 1960 451 tem
1984 394 2089 453 hoc
2119 404 2292 454 totum
2322 395 2498 464 ﬁeret,
2533 394 2707 466 ipsius
2732 393 3039 454 Salvatoris
3066 396 3318 455 voluntas
3348 398 3448 457 fuit

204 497 520 553 accesserunt.
1848 489 1938 560 qui
1967 487 2086 546 haec
2125 504 2315 560 passus
2362 498 2450 546 est
2492 488 2631 546 ﬁeri.
2671 488 2767 546 Vel
2807 488 2877 545 de
2920 488 3241 547 confusione
3282 491 3443 564 ltujus

257 587 437 643 Etenim
454 598 552 638 non
573 583 857 650 credentes,
901 582 1192 639 inhabitare
1232 583 1514 639 Dominum
1548 580 1739 637 Deum.
1847 583 2033 639 szcculi
2059 592 2371 639 convertam
2403 582 2696 639 humanum
2724 596 2896 656 genus
2923 601 2937 639 :
2965 582 3069 641 hoc
3088 592 3174 641 est
3198 600 3296 657 per
3320 600 3445 657 pas-

201 684 257 741 Et
279 681 351 737 bis
377 677 679 734 hominibus
705 694 722 740 ς
755 677 806 733 id
838 689 943 747 εει,
975 693 1041 735 ex
1073 679 1326 750 gentibus
1353 677 1556 750 populo
1584 676 1748 748 largi-
1846 676 2057 733 sionem
2084 692 2280 745 meum,
2323 686 2379 734 et
2401 691 2643 747 crucem,
2675 692 2799 749 quas
2830 677 2918 733 isti
2945 685 3136 749 putant
3156 678 3440 736 Stultitiam

198 790 270 835 tus
292 786 364 834 est
385 774 632 831 Christus
661 791 675 829 :
709 775 800 845 qui
825 789 935 829 non
977 773 1277 831 credebant
1317 774 1489 830 Deum
1535 771 1746 829 inltabi-
1849 777 1903 826 et
1932 768 2329 826 confusionem.
2368 768 2676 825 Conuertam
2705 768 2905 839 Basan,
2937 770 3198 842 populum
3236 786 3439 830 meum.

197 882 293 929 tare
319 882 460 942 posse
483 867 801 924 mortalibus
830 885 842 921 :
874 877 931 924 et
960 867 1061 923 bos
1088 867 1335 935 salvasti,
1362 868 1454 939 qui
1487 880 1593 922 non
1624 878 1743 921 cre-
1849 864 2150 921 Convertam
2178 865 2233 920 in
2277 865 2603 939 profundum
2629 866 2788 921 maris
2810 882 2829 921 :
2856 865 2907 922 id
2935 874 3041 935 est,
3065 866 3134 923 de
3157 864 3444 938 profundis

196 966 363 1023 dobant
394 959 532 1034 quod
571 960 837 1033 possibile
875 969 959 1018 est
987 961 1156 1017 Deum
1197 959 1447 1017 habitare
1478 961 1530 1015 iu
1571 958 1746 1016 bomi-
1848 958 2014 1024 vitiis,
2043 967 2099 1014 et
2127 958 2367 1029 peccatis
2396 958 2586 1015 saeculi
2624 958 2786 1015 istius
2816 978 2828 1014 :
2871 958 2941 1017 de
2965 960 3355 1026 commotione,
3389 970 3445 1017 ct

197 1061 326 1117 uibus
368 1077 380 1113 :
422 1058 520 1114 hoc
565 1065 653 1114 est
697 1056 1044 1114 Salvatorem
1086 1056 1337 1129 accipere
1375 1069 1616 1111 carnem.
1643 1051 1745 1109 Vel
1847 1050 2099 1108 ﬂuctibus
2126 1061 2446 1110 convertam
2502 1052 2759 1124 populum
2798 1068 3001 1109 meum.
3048 1052 3117 1110 Ut
3152 1054 3443 1128 intingatur

192 1153 327 1210 etiam
355 1151 428 1208 eis
455 1148 791 1205 ministravit
817 1149 983 1216 bona,
1017 1150 1107 1221 qui
1138 1156 1298 1205 erant
1332 1148 1451 1205 sine
1480 1161 1576 1219 spe
1601 1143 1743 1218 quod
1845 1161 1935 1218 pes
1964 1155 2078 1200 tuus
2112 1146 2167 1200 in
2215 1147 2490 1220 sanguine.
2530 1145 2798 1214 Quoniam
2840 1162 2938 1219 pes
2966 1144 3140 1218 ipsius
3181 1146 3441 1203 intinctus

194 1244 236 1301 in
268 1242 485 1299 Ecclesia
512 1241 632 1313 ejus
672 1238 976 1298 inhabitare
1007 1240 1240 1312 possint.
1847 1247 1933 1293 est
1961 1238 2014 1293 in
2046 1239 2309 1309 sanguine
2349 1254 2477 1296 suo.
2508 1238 2773 1295 Torcular
2807 1239 3012 1295 calcavi
3047 1238 3228 1305 solus,
3273 1248 3329 1295 et
3373 1238 3441 1295 de

248 1336 528 1392 Benedictus
555 1334 808 1390 Dominus
840 1334 926 1389 die
949 1333 1195 1405 quotidie.
1219 1332 1322 1402 Qui
1350 1331 1578 1405 prolicit,
1609 1344 1744 1403 quo~
1844 1330 2099 1402 gentibus
2128 1330 2214 1387 vir
2238 1345 2347 1387 non
2373 1330 2474 1387 fuit
2497 1346 2707 1388 meeum
2736 1330 2871 1404 (Isa.
2899 1333 3080 1405 uin).
3111 1333 3174 1388 Et
3198 1332 3392 1388 iterum
3424 1350 3439 1389 ε

192 1430 299 1487 tidie
326 1436 492 1501 potest
522 1427 852 1485 benedicere
871 1428 1061 1484 Deum.
1088 1426 1229 1497 Quid
1253 1426 1395 1482 enim
1414 1425 1549 1481 mihi
1581 1424 1745 1496 prod-
1845 1424 1976 1494 Quis
2014 1435 2097 1481 est
2127 1425 2233 1481 iste
2262 1426 2352 1496 qui
2402 1424 2647 1481 ascendit
2678 1441 2745 1482 ex
2773 1425 2927 1482 Edon
2956 1429 2981 1482 ?
3022 1426 3223 1483 {uivida
3272 1427 3438 1482 vesti-

190 1532 275 1591 est,
302 1520 495 1590 siiberi
537 1520 792 1577 benedixi
826 1540 837 1574 :
871 1530 926 1578 et
972 1520 1134 1577 hodie
1175 1535 1284 1576 non
1319 1534 1539 1592 possum
1578 1518 1743 1575 bene-
1843 1527 2023 1574 menta
2075 1518 2192 1590 ejus
2220 1534 2286 1575 ex
2332 1518 2506 1575 Bosor
2534 1519 2753 1593 (Ibid).
2802 1519 2998 1589 Edom,
3048 1523 3437 1593 interpretatur

188 1616 375 1673 dicere?
399 1614 466 1670 Et
487 1629 586 1686 pro
611 1615 989 1686 superioribus
1018 1613 1323 1682 beneﬁciis,
1352 1623 1408 1672 et
1434 1614 1575 1687 quod
1599 1629 1743 1671 nunc
1844 1615 2061 1691 sanguis
2091 1631 2109 1670 :
2134 1616 2327 1684 Bosor,
2357 1630 2504 1670 caro.
2536 1614 2719 1686 Ipsum
2749 1615 3035 1672 Dominum
3084 1624 3331 1672 nostrum
3364 1616 3440 1672 si-

188 1710 318 1768 nobis
334 1708 394 1765 ad
407 1723 463 1765 se
476 1707 737 1765 veniendi
757 1709 975 1780 planum
998 1718 1267 1781 praeparat
1288 1710 1413 1777 iter,
1430 1707 1643 1765 assidue
1659 1712 1744 1763 est
1848 1708 2069 1781 gnillcat
2095 1709 2435 1766 crucilixum.
2465 1708 2669 1782 Lingua
2707 1726 2894 1766 canum
2924 1719 3128 1766 tuorum
3157 1727 3220 1765 ea:
3261 1709 3439 1765 inimi-

186 1803 575 1862 benedicendus.
602 1803 915 1877 Prosperum
934 1805 1030 1860 iter
1049 1805 1201 1877 faciet
1214 1803 1361 1859 nobis
1384 1800 1525 1858 Deus
1545 1802 1741 1857 saluta-
1769 1793 1818 1855 B
1845 1804 1920 1859 cis
1949 1803 2015 1858 ab
2051 1803 2187 1874 ipso.
2225 1802 2400 1861 Canes
2428 1803 2566 1862 dicit
2591 1804 2741 1877 ipsos
2773 1804 3013 1875 Judazos,
3047 1814 3105 1860 ut
3139 1804 3392 1876 superius
3422 1822 3438 1862 :

183 1899 604 1954 riumnostrorum.
626 1898 761 1966 Quia
777 1896 979 1969 abipso
994 1896 1294 1953 salvamur.
1317 1884 1633 1968 Prosperum
1649 1895 1744 1949 iter
1847 1899 1937 1970 qui
1968 1898 2365 1966 clamaverunt,
2391 1899 2669 1971 cruciﬁge,
2692 1899 2951 1971 crucilige
2977 1898 3138 1956 talem
3165 1916 3179 1954 :
3212 1913 3318 1955 non
3347 1897 3442 1953 ha-

183 1992 309 2062 faciet
330 1990 464 2047 nobis
488 1988 633 2047 Deus
660 1992 970 2047 salutarium
995 2000 1310 2047 nostrorum.
1336 1989 1572 2047 Securus
1600 1997 1739 2055 esto,
1846 1991 2039 2048 bemus
2057 2007 2242 2062 regem
2274 1991 2380 2048 nisi
2405 1990 2680 2049 Caesarem
2714 1991 2900 2065 (Joan.
2929 1993 3069 2064 nx).
3100 1992 3183 2049 Ex
3205 1991 3442 2049 inimicis

181 2094 398 2157 peccator
429 2105 441 2139 :
485 2086 600 2141 noli
631 2084 883 2142 dubitare
918 2084 1063 2158 quod
1093 2084 1341 2157 quotidie
1370 2083 1549 2156 possis
1575 2083 1743 2140 bene—
1843 2092 2024 2141 autem
2047 2084 2303 2140 submissi
2325 2100 2355 2141 a
2388 2084 2729 2141 daemonibus
2759 2100 2961 2157 negare
2986 2085 3352 2154 Salvatorem,
3385 2093 3443 2142 et

179 2175 336 2234 dicere
361 2177 553 2233 Deum.
586 2177 731 2235 Ecce
757 2178 902 2234 enim
927 2177 1063 2235 dicit
1087 2196 1099 2231 :
1126 2176 1445 2249 Prosperum
1466 2177 1565 2231 iter
1588 2177 1742 2246 faciet
1844 2178 2225 2250 blasphemare
2260 2194 2406 2236 eum.
2446 2179 2620 2237 Aliter
2651 2196 2667 2237 :
2725 2180 2994 2250 Quoniam
3051 2180 3167 2252 ipse
3214 2190 3302 2238 tua
3343 2197 3440 2239 vo-

178 2270 299 2325 nobis
329 2268 479 2326 Deus.
527 2271 672 2343 Ergo
702 2270 850 2326 Deus
893 2270 1115 2342 adjuvat
1161 2287 1279 2339 nos,
1314 2279 1370 2327 et
1416 2278 1742 2341 cooperatut'
1843 2276 2053 2332 luntate
2082 2274 2277 2331 venisti
2304 2281 2361 2332 et
2382 2287 2575 2347 passus
2608 2289 2670 2331 es
2699 2293 2712 2330 :
2746 2285 2803 2331 et
2829 2283 2915 2330 tua
2945 2274 3225 2332 voluntate
3261 2274 3439 2332 cruci-

176 2362 324 2420 nobis.
350 2363 677 2419 Salutarium
704 2372 1016 2419 nostrorum.
1069 2363 1219 2420 Bene
1244 2363 1383 2420 dixit
1427 2363 1737 2435 pluraliter,
1843 2368 1984 2426 fixus
2021 2384 2081 2426 es
2108 2384 2138 2424 a
2163 2368 2389 2425 Judmis.
2423 2369 2649 2425 Tinctus
2686 2378 2771 2425 est
2798 2369 2946 2426 enim
2990 2383 3086 2441 pes
3135 2369 3348 2425 Domini
3382 2370 3437 2425 in

178 2454 453 2512 salutarium
477 2474 496 2513 :
535 2456 681 2529 quod
727 2465 929 2529 quanta
972 2468 1194 2529 peccata
1225 2458 1618 2527 commisimus,
1660 2466 1739 2513 tot
1842 2462 2128 2535 sanguine,
2160 2477 2282 2519 cum
2313 2476 2442 2519 caro
2472 2472 2751 2533 assumpta
2784 2462 2841 2519 in
2872 2477 2979 2535 qua
3010 2462 3269 2520 divinitas
3299 2463 3436 2520 late~

173 2557 218 2605 et
256 2550 448 2608 salutes
495 2550 787 2608 habemus.
836 2549 1144 2623 Diapsalma
1186 2551 1241 2607 in
1296 2551 1529 2609 Hebraeo
1574 2550 1739 2609 habet
1841 2555 1954 2624 bat,
1983 2556 2172 2612 lancea
2211 2556 2551 2613 verberatur.
2584 2556 2666 2612 Ab
2695 2556 2814 2626 ipso
2851 2556 3012 2628 igitur
3054 2555 3343 2628 sanguine,
3382 2564 3439 2613 ct

173 2628 449 2718 munita)
482 2663 495 2699 :
544 2645 648 2702 hoc
677 2653 761 2702 est
812 2660 1010 2719 semper
1047 2653 1102 2703 et
1134 2646 1355 2718 jugitcr.
1405 2645 1548 2717 Ergo
1590 2644 1738 2701 Deus
1841 2663 2029 2705 eorum
2061 2648 2240 2721 lingua
2280 2649 2453 2705 tincta
2482 2657 2587 2715 est,
2628 2650 2717 2720 qui
2748 2648 3006 2705 dixerunt
3039 2666 3055 2704 :
3100 2650 3181 2706 En
3212 2650 3434 2722 sanguis

170 2750 353 2807 semper
379 2753 481 2795 nos
512 2738 758 2811 adjuvat.
1840 2741 1961 2812 ejus
1988 2756 2153 2813 super
2183 2756 2305 2807 nos,
2335 2751 2390 2798 et
2420 2757 2589 2814 super
2618 2741 2760 2800 filios
2787 2750 3003 2798 nostros
3028 2742 3207 2815 (Matt.
3241 2742 3433 2817 xxvu).

228 2827 350 2886 Dm
390 2840 585 2888 noster.
611 2831 748 2900 Quia
798 2839 998 2903 praeter
1031 2831 1204 2903 ipsum
1235 2832 1400 2888 alium
1438 2830 1733 2887 nescimus.
1841 2835 1949 2895 Sed
2002 2846 2125 2909 post
2168 2837 2464 2909 gloriosum
2516 2837 2813 2894 Dominiczc
2850 2838 3190 2896 ascensionis
3240 2841 3436 2896 trium-

168 2918 285 2976 Deus
310 2923 472 2978 salvos
506 2922 757 2995 faciendi,
797 2932 844 2979 et
885 2922 1097 2979 Domini
1144 2922 1357 2979 Domini
1392 2925 1556 2980 exitus
1597 2940 1735 2979 mor-
1840 2928 2029 3001 plnum,
2061 2928 2264 2985 ultione
2298 2929 2601 2998 Dominica‘,
2645 2937 2699 2985 et
2740 2928 2976 2986 hosrium
3009 2946 3106 3002 pes
3140 2932 3193 2987 in
3243 2939 3434 2989 eorum

168 3013 237 3068 tis.
279 3013 477 3073 Praesto
524 3025 612 3071 est
657 3015 799 3072 enim
846 3025 905 3070 ut
944 3016 1125 3072 salvos
1163 3017 1323 3072 faciat
1372 3026 1664 3089 pereuntes
1718 3035 1730 3070 :
1838 3026 2104 3095 sanguine
2131 3024 2335 3081 tinctus
2362 3033 2444 3082 est
2476 3042 2491 3080 :
2527 3032 2582 3081 et
2611 3024 2805 3081 canina
2841 3025 3050 3084 scilicet
3090 3027 3433 3084 inimicorum

164 3103 268 3175 quia
301 3121 396 3177 pro
443 3107 826 3177 redemptione
863 3116 1051 3164 nostra
1083 3116 1263 3163 natus.
1295 3105 1363 3163 Et
1391 3108 1599 3163 Domini
1625 3107 1736 3163 Do-
1839 3119 2018 3176 mbies
2047 3120 2113 3176 ab
2141 3135 2208 3177 eo
2236 3129 2319 3176 εει
2349 3121 2563 3177 sanata,

165 3198 271 3253 mini
296 3208 364 3255 est
392 3202 563 3255 exitus
585 3200 767 3255 mortis
796 3217 810 3255 :
843 3200 967 3271 quia
999 3199 1152 3271 prior
1180 3201 1372 3255 mortis
1402 3199 1606 3256 exitum
1640 3215 1736 3271 pa-
1764 3195 1810 3259 Β
1917 3211 2171 3268 Viderunt
2196 3214 2462 3287 ingressus
2492 3223 2628 3283 tuos,
2656 3213 2831 3287 Deus,
2866 3217 3135 3290 ingressus
3179 3215 3280 3271 Dei
3308 3215 3432 3285 mei,

163 3291 342 3363 telecit,
372 3294 596 3351 dicente
639 3292 906 3366 Apostnlo
940 3312 953 3347 :
986 3292 1186 3349 Factus
1226 3302 1330 3358 est,
1382 3293 1577 3364 inquit,
1627 3294 1724 3364 pri-

1873 3305 1971 3378 cgis
1998 3306 2099 3361 mei
2132 3308 2219 3377 qui
2249 3317 2323 3362 est
2359 3309 2413 3363 in
2443 3319 2646 3365 sancto.
2677 3309 2722 3365 Ο
2762 3324 2925 3381 quam
2953 3307 3352 3365 admirabiliter
3382 3309 3434 3364 in

163 3388 441 3457 mogenitus
482 3396 854 3455 mortuorum,
902 3387 1160 3459 quoniam
1203 3387 1320 3458 ipse
1366 3386 1673 3443 resurrexit
1703 3403 1724 3442 a

1876 3412 1942 3454 oc
1974 3400 2183 3468 psalmo
2208 3410 2364 3457 vetus
2406 3401 2819 3459 Testamentum
2863 3419 2984 3459 cum
3019 3402 3435 3473 Evangeliorum

160 3483 386 3550 mortuis,
429 3494 486 3541 et
517 3499 624 3539 nos
670 3481 830 3539 simul
892 3481 1019 3539 fecit
1070 3497 1359 3554 resurgere
1397 3481 1621 3553 (Coloss.
1669 3499 1721 3551 ις

1876 3492 2000 3547 ictis
2041 3492 2382 3551 concordat!
2418 3494 2545 3551 Visa
2576 3503 2703 3552 sunt
2731 3496 2876 3551 enim
2910 3496 3107 3552 itinera
3148 3495 3353 3553 Christi
3386 3496 3437 3552 in

160 3575 302 3643 Apoc.
329 3573 391 3647 ι).
420 3574 644 3631 Aliter:
679 3572 938 3630 Diabolus
961 3573 1217 3631 introitus
1243 3583 1329 3630 est
1355 3575 1591 3632 mortis:
1626 3575 1734 3632 Do-
1837 3582 2089 3655 ingressu
2132 3586 2303 3642 maris
2340 3585 2513 3643 Rubri
2556 3586 2758 3659 (Exod.
2788 3588 2899 3662 xtv)
2926 3603 2941 3643 :
2971 3588 3084 3645 visa
3127 3599 3254 3661 sunt
3297 3598 3350 3645 et
3384 3590 3436 3645 in

159 3666 314 3723 minus
342 3684 477 3725 vero
508 3668 718 3726 educit.
1839 3676 2155 3751 Evangeliis
2180 3678 2352 3750 ipsius
2385 3682 2531 3754 regis
2576 3682 2751 3738 nostri
2785 3699 2799 3742 ;
2829 3697 2952 3739 cum
2996 3684 3052 3739 in
3095 3694 3290 3741 sancto
3335 3683 3437 3739 bo-

222 3758 583 3817 γεναπυαιηεπ
649 3761 789 3819 θείη
843 3762 1128 3835 confringe‘
1181 3762 1353 3835 οπρίια
1401 3763 1736 3818 ίηίηῑίεονυπι
1837 3773 1989 3830 mine
2019 3774 2285 3839 elevatus,
2319 3776 2478 3832 cmlis
2497 3776 2743 3833 invectus
2766 3786 2850 3832 est
2878 3776 3060 3850 (Joan.
3095 3794 3195 3844 xx;
3228 3777 3343 3831 Act.
3371 3776 3435 3849 ι).

155 3870 364 3913 suorum.
406 3857 495 3914 Ab
534 3855 775 3913 exitibus
806 3857 998 3912 mortis
1040 3870 1296 3928 egressus
1322 3858 1614 3927 confringit
1640 3871 1733 3912 ca-
1912 3865 2281 3922 Prtevencrunt
2319 3870 2582 3941 principes
2632 3871 2900 3941 conjuncti
2944 3869 3284 3941 psallentibus
3323 3887 3343 3925 :
3382 3871 3437 3925 in

156 3948 252 4017 pila
290 3949 519 4018 diaboli,
546 3959 603 4006 et
634 3964 824 4005 omnes
851 3950 1083 4005 virtutes
1113 3950 1250 4021 eius.
1293 3950 1375 4006 Tu
1418 3951 1733 4022 confregisti
1837 3960 2007 4014 medio
2040 3961 2449 4031 juvencularum
2479 3964 2987 4036 tympanistriarum.
3031 3963 3093 4019 Et
3132 3963 3349 4035 quidem
3383 3963 3437 4019 in

154 4043 312 4113 capita
340 4043 610 4100 draconis
652 4043 704 4098 in
733 4058 891 4114 aqua.
934 4043 1078 4112 Quot
1112 4052 1333 4114 peccata
1361 4052 1508 4112 sum,
1543 4052 1623 4098 tut
1648 4058 1738 4099 (‘3-
1838 4051 1934 4108 illo
1976 4053 2144 4107 maris
2185 4054 2418 4109 transitu
2466 4065 2855 4126 prmvcnerunt
2901 4056 3178 4128 principes
3204 4072 3220 4113 :
3248 4055 3299 4111 id
3331 4065 3435 4122 est,

150 4135 248 4205 pila
275 4136 442 4195 habet
467 4137 727 4195 diabolus
760 4156 772 4192 :
804 4137 1153 4208 Principatus
1177 4146 1233 4194 et
1261 4148 1582 4210 potestates,
1615 4154 1736 4211 qua:
1842 4147 1992 4218 prius
2038 4147 2244 4219 egressi
2274 4157 2401 4203 sunt
2429 4148 2517 4204 vel
2546 4149 2785 4223 Moyses,
2817 4151 2901 4206 vel
2942 4149 3139 4221 reliqui
3170 4150 3436 4217 seniores,

151 4237 407 4302 tamquam
432 4232 841 4305 caputcunctis
887 4233 1225 4303 eminebant,
1262 4234 1365 4289 hoc
1411 4242 1516 4301 est,
1552 4234 1733 4290 diabo-
1840 4249 1896 4297 et
1922 4240 2202 4312 conjuncti
2232 4250 2357 4296 sunt
2389 4241 2695 4313 juveneulis
2724 4242 2937 4298 cmlesti
2971 4243 3189 4301 itinere.
3225 4241 3437 4298 Pra've-

148 4318 266 4377 licas
294 4322 729 4381 dominationes.
769 4322 1023 4379 Verticent
1054 4325 1232 4394 capilli
1275 4326 1739 4399 pernmbulantium
1840 4341 2027 4387 nerunt
2057 4333 2341 4405 principes,
2371 4332 2694 4404 angelorum
2727 4342 3042 4390 sanctorum
3069 4334 3313 4404 animas,
3344 4334 3439 4407 qui

144 4415 191 4473 in
212 4418 412 4477 delictis
440 4422 556 4477 suis
591 4437 610 4476 :
643 4420 1024 4478 Summitatem
1058 4420 1391 4476 extollentia:
1426 4435 1615 4477 eorum
1647 4422 1736 4491 qui
1842 4422 2029 4480 laudes
2056 4424 2274 4480 Domini
2302 4425 2631 4481 mortilicato
2661 4441 2898 4498 corpore
2938 4428 3323 4494 concinebant,
3357 4427 3438 4483 di-

145 4513 519 4580 puenitentiam
553 4513 914 4586 negligentes,
950 4513 1247 4585 perdurant
1290 4514 1343 4569 in
1372 4515 1634 4585 peccatis.
1677 4514 1734 4570 In
1765 4588 1805 4595 _
1840 4526 2026 4573 centes
2058 4534 2075 4576 :
2104 4518 2301 4574 Tollite
2335 4530 2540 4590 portas,
2567 4520 2868 4593 principes.
2894 4531 3105 4578 vestras
3132 4539 3147 4577 :
3170 4523 3294 4591 quia
3322 4522 3435 4595 jam

145 4613 340 4664 tantum
389 4608 548 4665 enim
577 4607 938 4681 confringitur
966 4618 1126 4679 caput
1152 4608 1290 4678 ejus,
1324 4616 1385 4663 ut
1419 4625 1526 4664 non
1557 4624 1736 4665 rema-
1764 4588 1818 4649 Ῑ)
1842 4609 1986 4665 redit
2016 4588 2383 4682 triumphator
2404 4610 2611 4667 inferni
2640 4612 2661 4682 (
2691 4588 2836 4668 Psat.
2868 4615 3052 4685 χχιιι).
3083 4588 3214 4670 ldeo
3253 4588 3435 4669 autem

141 4712 255 4757 neat
292 4705 347 4761 in
395 4719 469 4761 eo
521 4704 705 4777 aliqua
758 4705 930 4759 virtus
974 4718 1077 4775 qua
1126 4703 1373 4760 stimulet
1418 4713 1730 4775 peccantes.
1842 4704 2643 4778 tympanistriarum:quoniam
2667 4717 2939 4763 mortuum
2966 4716 3048 4764 est
3069 4722 3268 4779 corpus
3290 4706 3436 4778 ipso-

139 4792 411 4855 Summum
429 4798 655 4871 capitis,
678 4797 905 4869 capillus
924 4806 1029 4864 est,
1053 4806 1108 4853 et
1129 4799 1335 4869 capilli,
1360 4811 1569 4855 vertex.
1594 4799 1736 4871 Ergo
1843 4811 1962 4854 rum
2003 4805 2247 4869 peccato.
2288 4799 2355 4855 Et
2383 4798 2546 4855 Maria
2596 4815 2754 4856 soror
2801 4800 2999 4873 Moysi,
3046 4808 3104 4857 et
3141 4801 3320 4856 Aaron
3351 4809 3437 4855 te-

142 4887 233 4946 hoc
260 4889 416 4960 dicit,
446 4890 601 4963 quod
637 4905 739 4947 nec
777 4890 1060 4947 minimum
1097 4900 1375 4947 remaneat
1408 4890 1462 4947 in
1489 4890 1734 4960 diabolo,
1846 4905 1983 4945 nens
2013 4898 2327 4963 tympanum
2358 4891 2413 4946 in
2444 4891 2653 4957 Exodo.
2679 4893 3040 4950 antecedebat
3062 4892 3360 4964 psallentes
3386 4901 3441 4947 et

138 4982 269 5054 quod
298 4998 410 5039 non
441 4984 747 5056 frangatur.
1843 4981 2064 5038 dicebat
2094 5000 2107 5037 :
2137 4982 2435 5039 Cantemus
2475 4985 2729 5051 Domino,
2764 4986 3004 5057 gloriose
3033 4985 3177 5041 enim
3223 4986 3443 5041 honori-

201 5072 348 5130 Dixit
370 5075 642 5132 Dominus
670 5091 691 5131 :
715 5074 799 5131 Ea;
827 5074 1001 5130 Busan
1026 5077 1339 5144 convertam,
1365 5085 1657 5132 convertam
1683 5077 1738 5131 in
1843 5079 2034 5133 licatus
2059 5083 2145 5131 est
2164 5074 2361 5150 (Exod.
2385 5077 2503 5151 xv).
2541 5078 2716 5134 Aliter
2742 5098 2755 5133 :
2791 5078 3157 5135 Prwvenerunt
3185 5078 3442 5149 principes

135 5168 458 5240 profundum
486 5171 672 5225 maris.
708 5167 777 5225 Ut
798 5168 1085 5240 intingatur
1104 5185 1193 5241 pes
1219 5180 1339 5224 tuus
1377 5171 1432 5224 in
1460 5169 1734 5243 sanguine,
1833 5172 2010 5246 juncti
2030 5171 2439 5243 psallentibusin
2453 5173 2623 5228 medio
2640 5174 3040 5245 juvcncnlarum
3063 5174 3443 5246 tympanistria-

138 5261 307 5331 lingua
336 5277 538 5316 canum
565 5270 772 5317 tuorum
799 5278 862 5317 ea:
882 5262 1107 5317 inimicis
1129 5261 1193 5315 ab
1210 5263 1345 5335 ipso.
1377 5262 1577 5329 Busan,
1615 5279 1741 5318 con-
1843 5280 1977 5319 rum.
2009 5263 2256 5336 Apostoli
2279 5281 2402 5321 cum
2435 5264 2717 5336 Ecclesiis,
2747 5265 2939 5336 jnncto
2970 5268 3170 5337 pariter
3200 5282 3439 5338 praeces-

135 5352 265 5421 {nsio
294 5353 723 5424 interpretatur.
753 5353 828 5410 De
848 5352 1170 5409 confusione
1195 5354 1360 5425 igitur
1383 5369 1482 5410 nos
1510 5369 1740 5410 conver-
1846 5368 2033 5415 serunt
2064 5357 2259 5429 gradu.
2301 5359 2450 5415 Bene
2489 5373 2586 5415 eos
2629 5358 2962 5430 praevertisse
3005 5368 3280 5414 testatur:
3317 5360 3442 5432 quia

134 5443 193 5499 tit
218 5443 384 5501 Deus.
426 5444 551 5500 Hoc
574 5455 755 5502 autem
785 5445 933 5514 ideo,
963 5445 1086 5516 quin
1121 5460 1341 5502 crucem
1371 5446 1651 5513 sustinuit,
1683 5458 1741 5505 et
1848 5451 2118 5524 principes
2150 5451 2273 5509 lidei
2302 5452 2371 5510 de
2397 5452 2599 5510 Judteis
2626 5463 2776 5509 sunt.

136 5548 228 5605 pes
274 5537 402 5609 ejus
441 5539 676 5610 proprio
714 5553 911 5596 cruore
940 5538 1193 5609 perfusus
1219 5548 1325 5606 est,
1378 5542 1739 5598 clamantibus
1920 5544 1986 5600 In
2015 5544 2266 5602 Ecclesiis
2297 5546 2581 5601 benedicite
2630 5546 2929 5604 Dominum.
2977 5549 3316 5606 Manifestius
3362 5560 3446 5607 est

133 5640 318 5687 contra
350 5648 488 5688 eum
514 5633 716 5690 Judasis
740 5642 907 5706 atque
935 5634 1237 5690 dicentibus
1268 5634 1594 5707 :Crucilige,
1617 5652 1740 5693 cru-
1847 5638 2089 5707 locutus,
2122 5652 2259 5707 quas
2290 5653 2452 5710 supra
2475 5638 2681 5695 dixerit
2706 5641 3138 5712 tympanistrias.
3165 5641 3445 5699 Dominum

130 5720 288 5795 cilige
316 5740 455 5783 eum
492 5723 676 5799 (Joan.
708 5726 843 5799 xix).
884 5726 990 5796 Qui
1019 5726 1191 5783 Judati
1223 5728 1494 5785 stimulati
1525 5729 1746 5786 fuerunt
1851 5735 1917 5789 de
1941 5732 2170 5805 fontibus
2198 5732 2392 5789 Israel.
2422 5734 2560 5803 Quia
2588 5735 2736 5790 salus
2757 5750 2823 5792 ex
2851 5735 3051 5793 Judsris
3075 5745 3161 5794 est
3189 5754 3202 5793 :
3236 5746 3292 5793 et
3321 5738 3448 5795 inde

131 5813 200 5871 ab
243 5818 500 5876 inimicis
532 5819 730 5878 Christi
765 5840 776 5875 :
812 5821 920 5877 hoc
944 5829 1053 5889 est,
1086 5836 1114 5875 a
1150 5822 1513 5878 daemonibus.
1548 5822 1621 5879 Ut
1646 5840 1743 5882 au-
1852 5827 2026 5899 prima
2049 5824 2318 5882 Ecclesia.
2345 5825 2423 5881 Ex
2448 5826 2863 5884 adumbratioue
2880 5829 3022 5885 enim
3049 5829 3230 5902 Legis,
3263 5830 3450 5889 Eccleo
