3954 6340
510 306 647 365 illl‘)

1298 302 1641 361 APPENDIX
1679 302 1771 360 AD
1808 298 2051 359 TOMUM
2087 296 2442 357 SEPTIMUM
2480 298 2540 356 S.
2586 298 2997 362 HIERONYMI.

3656 305 3774 363 ἰω

508 423 604 485 sise
636 422 883 479 doctrina
916 420 1187 494 processit
1218 437 1233 476 :
1269 420 1323 477 in
1358 435 1464 492 qua
1501 434 1645 477 nunc
1676 419 1974 484 Dominus,
2021 417 2111 486 qui
2140 418 2195 485 Α
2216 413 2508 474 leroboam
2538 416 2787 477 adoravit
2815 415 2837 489 (
2865 416 2933 474 Ill
2974 417 3109 493 Reg.
3141 419 3285 490 xu).
3336 419 3480 491 Ergo
3524 418 3776 479 consilium

509 533 576 575 ex
621 515 924 573 Israeliticae
974 515 1162 585 stirpis
1214 515 1511 584 propagine
1563 529 1787 571 carnem
1835 510 2109 581 suscepit,

515 607 882 667 benedicitur.

585 698 666 755 Ibi
690 699 985 773 Benjamin.
1018 699 1219 756 Paulus
1246 699 1549 770 apostolus,
1576 698 1665 768 qui
1694 713 1762 753 ex
1792 696 1937 755 tribu
1966 696 2108 755 Ben-

507 794 682 864 jamin
740 793 1042 849 descendit.
1088 790 1195 859 lbi,
1244 796 1300 850 in
1349 792 1614 849 Ecclesia.
1659 788 2105 851 Adulescentulus.

514 886 857 945 Novissimns
879 886 1119 947 omnium
1145 885 1544 956 apostolorum.
1569 884 1638 940 In
1664 884 1847 947 mentis
1876 898 2107 947 excessu.

511 981 687 1050 Quem
724 981 947 1052 pertulit
980 982 1032 1039 in
1062 981 1386 1040 Damascum
1416 996 1541 1040 cum
1574 981 1699 1041 iret.

587 1073 863 1145 Principes
889 1074 1035 1133 Juda
1064 1075 1218 1131 duces
1241 1091 1436 1131 eorum.
1470 1072 1718 1143 Apostoli
1746 1081 1873 1130 sunt
1906 1071 2108 1142 princip

514 1184 609 1240 pes
639 1168 776 1226 .luda
804 1186 818 1225 :
853 1169 957 1225 hoc
982 1177 1067 1224 est
1089 1168 1302 1225 Domini
1325 1213 1338 1237 ,
1369 1166 1828 1239 quemadmodum
1857 1165 1993 1223 dicit
2018 1164 2111 1223 Jay

510 1264 615 1319 cob
669 1281 682 1319 :
715 1262 875 1327 Juda,
924 1272 975 1319 te
1016 1261 1314 1321 laudabunt
1354 1261 1551 1318 fratres
1596 1260 1669 1316 tui
1704 1258 1877 1332 (Gen.
1913 1274 2040 1315 XLIX
2065 1256 2107 1329 ).

510 1356 768 1425 Zalulon,
799 1364 846 1411 et
879 1356 1136 1429 principes
1179 1355 1503 1425 Nephtalim.
1547 1352 1786 1413 Zubulon
1827 1356 2105 1424 interpres

510 1461 656 1507 tatur
681 1454 858 1519 [luxus
891 1452 1080 1508 noctis.
1113 1448 1420 1523 Neplttalim
1442 1491 1456 1514 .
1499 1448 1741 1506 latitudo.
1772 1448 2003 1516 Quando
2042 1447 2109 1503 li-v

515 1545 684 1601 berati
717 1545 983 1603 fuerimus
1004 1544 1073 1601 de
1096 1544 1350 1615 passione
1383 1542 1628 1602 libidinis
1658 1562 1670 1598 :
1698 1545 1803 1601 hoc
1827 1552 1928 1611 est,
1962 1542 2108 1601 illius

514 1636 690 1695 ﬂtixns
736 1657 748 1693 :
802 1648 930 1695 tunc
981 1638 1273 1708 incipimus
1324 1637 1637 1696 latitudines
1682 1638 1961 1697 viruttnm.
2011 1635 2108 1695 Vel

514 1733 673 1787 aliter
707 1748 723 1789 :
753 1730 1030 1803 Principes
1063 1731 1337 1799 Zabulon,
1381 1742 1428 1786 et
1473 1730 1730 1801 principes
1772 1727 2104 1800 Nephlalim.

2217 521 2404 563 eorum
2435 509 2580 579 quod
2605 509 2809 566 habent
2840 518 2899 565 ut
2926 522 3148 566 sanctos
3177 510 3247 566 de
3273 511 3356 565 via
3385 511 3613 582 justitia
3637 523 3778 571 retra-

2216 599 2347 661 bant
2377 616 2394 657 :
2423 601 2480 660 in
2519 616 2711 665 eorum
2753 602 3042 661 animabus
3073 603 3397 675 requiescat,
3432 603 3592 675 juxta
3629 604 3778 662 illud:

2214 691 2438 757 Gladius
2468 709 2659 753 eorum
2694 695 2863 752 intret
2895 696 2947 751 in
2976 710 3079 752 cor
3104 696 3384 767 ipsorum,
3416 704 3478 755 ut
3498 695 3551 753 bi
3582 712 3684 755 non
3706 712 3780 757 ex-

2214 785 2502 844 cludantur
2530 803 2563 844 a
2592 804 2763 860 regno
2794 788 2913 861 Dei,
2948 788 3042 862 qui
3080 804 3181 861 per
3206 789 3401 854 multas
3434 789 3784 849 tribulationes

2215 888 2487 952 tamquam
2517 892 2805 954 argentum
2840 883 3081 955 probati,
3111 882 3319 943 inventi
3348 891 3475 939 sunt
3493 883 3651 954 juSti.
3678 883 3785 943 Tale

2213 974 2502 1033 consilium
2533 976 2869 1047 pra-videbat
2891 975 3062 1035 Jacob
3083 991 3205 1031 cum
3235 975 3445 1039 diceret
3466 993 3482 1035 :
3506 975 3563 1032 In
3585 976 3787 1039 consilio

2212 1082 2403 1133 eorum
2428 1086 2537 1137 non
2567 1064 2804 1129 introeat
2828 1070 3011 1127 anima
3036 1085 3155 1127 mea
3186 1067 3345 1142 (Gen.
3375 1068 3551 1141 χιιι).

2285 1160 2499 1239 Dissipa
2544 1173 2722 1235 gentes
2764 1180 2881 1235 qua:
2922 1163 3061 1219 bella
3108 1160 3311 1221 uolunt.
3356 1162 3684 1231 Hmreticos,
3716 1165 3788 1223 vel

2210 1255 2451 1320 ludmos,
2491 1258 2581 1326 qui
2613 1258 2945 1328 plerumque
2965 1267 3158 1315 contra
3186 1255 3491 1313 Ecclesiam
3522 1256 3789 1321 certamina

2212 1358 2428 1414 parant.
2462 1348 2679 1405 Veniant
2716 1350 2874 1422 legati
2904 1366 2968 1407 ex
2990 1348 3228 1423 Λῖρυριο
3260 1364 3279 1403 :
3312 1347 3592 1420 ΛΞιΙιὶορὶα
3621 1365 3788 1419 prere-

2211 1445 2314 1500 niet
2340 1459 2525 1500 atauus
2552 1445 2666 1517 ejus
2704 1442 2841 1501 Deo.
2876 1442 2934 1501 lo
2964 1441 3413 1498 tribulationibus
3440 1457 3505 1498 ac
3531 1443 3791 1498 erroribus

2212 1536 2544 1597 idololatriae
2589 1536 2796 1608 positi,
2827 1535 2914 1595 vel
2939 1534 3035 1607 qui
3071 1537 3310 1606 peccatis
3345 1534 3483 1606 nigri
3516 1535 3639 1592 sive
3665 1543 3792 1590 tene-

2211 1631 2360 1695 brosi
2388 1642 2519 1691 sunt
2550 1647 2566 1688 ε
2602 1630 2894 1687 credentes
2930 1628 3076 1701 quod
3114 1628 3366 1687 Christus
3404 1628 3669 1685 Dominus
3694 1630 3791 1700 ipse

2210 1735 2295 1785 est
2342 1726 2483 1785 Deus
2528 1724 2705 1783 Filius
2758 1724 2853 1783 Dei
2898 1740 2913 1777 :
2961 1722 3201 1780 alterunt
3236 1723 3288 1777 ei
3337 1737 3589 1789 numera,
3643 1720 3688 1777 id
3723 1731 3792 1783 est

515 1825 736 1887 Petrum
750 1834 806 1881 et
835 1826 1102 1887 Andream
1125 1824 1496 1897 apostolorum
1523 1824 1795 1895 principes
1812 1831 2110 1883 monstrat:
2142 1822 2191 1885 Β
2217 1826 2427 1875 mentes
2457 1834 2645 1891 puras,
2676 1831 2815 1881 auro
2842 1824 3181 1888 argentoque
3211 1814 3543 1881 lucidiores;
3576 1814 3696 1885 quia
3718 1814 3790 1871 ubi

513 1922 605 1991 qni
632 1920 685 1975 in
708 1918 1075 1979 crassitudine
1100 1920 1475 1988 tenebrarum,
1496 1918 1640 1981 illius
1667 1918 1841 1979 lucem
1859 1931 2107 1989 inagnam

516 2012 939 2079 annuntiautes,
994 2012 1245 2071 doctores
1283 2020 1413 2067 sunt
1453 2011 1734 2083 Evangelii
1787 2010 2105 2081 constituti,

509 2106 666 2178 juxta
709 2107 843 2166 illud
879 2124 894 2166 :
922 2106 1093 2169 Terra
1121 2106 1381 2175 Zabulon,
1404 2117 1457 2164 et
1488 2116 1634 2165 terra
1662 2106 1991 2179 Nephtalim.
2020 2109 2109 2165 via

516 2199 684 2256 maris
706 2207 856 2265 trans
880 2199 1177 2261 Jordanem
1204 2199 1446 2261 Galilaae
1469 2201 1739 2272 gentium,
1762 2201 1991 2273 populus
2014 2200 2108 2272 qui

512 2291 739 2349 sedebat
762 2292 813 2348 in
833 2292 1099 2363 tenebris,
1115 2293 1255 2353 vidit
1274 2294 1450 2355 lucem
1471 2310 1721 2371 magnam
1742 2296 1762 2370 (
1780 2294 1889 2357 lsa.
1904 2311 2029 2355 χιιι
2060 2294 2103 2368 ).

587 2384 810 2447 Munda.
832 2384 989 2454 Deus,
1005 2387 1184 2445 virtuti
1202 2396 1322 2444 tute.
1339 2386 1678 2451 Cbristotuo.
1697 2387 1961 2459 Conﬁrmet
1980 2387 2101 2458 hoc,

512 2478 674 2546 Deus,
704 2479 848 2550 quod
891 2489 1133 2551 operatus
1159 2496 1211 2537 es
1240 2482 1296 2539 in
1322 2481 1487 2539 nobis.
1520 2480 1586 2538 Ut
1614 2480 1817 2541 donum
1849 2480 2104 2551 baptismi

510 2573 656 2643 quod
700 2572 966 2639 contulit,
1016 2574 1253 2646 Spiritus
1287 2574 1460 2631 sanati
1492 2573 1766 2631 inlusione
1793 2575 2102 2640 conﬁrmet,

511 2667 907 2740 Conﬁrmahoc,
923 2669 1085 2739 Dens,
1108 2675 1243 2739 quod
1266 2672 1558 2741 operatusje
1570 2672 1651 2727 sin
1663 2671 1809 2729 nobis
1831 2688 1852 2728 :
1876 2674 1977 2729 hoc
1998 2682 2103 2743 est,

511 2763 755 2821 salutare
793 2765 938 2836 quod
979 2763 1195 2823 donasti
1247 2765 1406 2822 nobis
1454 2779 1551 2837 per
1601 2771 1747 2822 tuam
1795 2763 2104 2835 passionem

508 2857 792 2928 confirma,
821 2868 879 2921 et
906 2857 972 2917 da
1000 2857 1292 2927 auxilium,
1326 2858 1580 2927 quoniam
1612 2857 1863 2918 homines
1889 2871 2104 2924 sumus.

510 2958 566 3007 et
620 2966 728 3007 non
781 2965 1071 3021 possumus
1129 2951 1386 3007 incedere
1434 2952 1488 3011 in
1522 2951 1840 3020 virtutibus,
1893 2952 1939 3013 si
1993 2966 2104 3015 non

510 3040 690 3112 adepti
724 3041 987 3098 fuerimus
1024 3043 1283 3104 auxilium
1318 3049 1494 3101 tuum.

584 3135 628 3187 Α
658 3136 849 3207 templo
881 3144 973 3189 tuo
1010 3134 1149 3207 quod
1179 3146 1252 3190 est
1281 3137 1333 3189 in
1364 3135 1660 3196 Jerusalem
1698 3153 1719 3191 :
1751 3136 1843 3199 tibi
1888 3134 2108 3205 offerent

2212 1911 2506 1976 abundavit
2522 1918 2829 1983 peccatum,
2852 1906 3319 1987 superabundavit
3337 1907 3508 1979 gratia
3530 1906 3789 1981 (Roma),

2283 2004 2467 2077 Regna
2492 2013 2666 2072 terrm,
2685 2011 2887 2065 cantate
2909 1999 3044 2067 Deo,
3073 1999 3284 2069 psallite
3304 1996 3549 2055 Domino.
3578 1998 3682 2061 Vos
3705 2000 3792 2053 uti-

2209 2113 2317 2170 que
2345 2099 2434 2169 qui
2482 2097 2634 2169 prius
2668 2106 2949 2155 terrenum
2982 2107 3209 2164 regnum
3251 2090 3548 2164 diligentes
3597 2091 3790 2163 ignora-

2212 2192 2356 2249 batis
2393 2191 2608 2250 Deum:
2648 2203 2793 2253 nunc
2825 2188 3005 2246 evicto
3051 2186 3257 2253 carnali
3306 2185 3517 2254 livore,
3567 2184 3790 2243 omlestis

2212 2300 2380 2355 regna
2414 2283 2733 2355 penetralis.
2890 2282 2903 2289 ‘

2283 2376 2505 2434 Psallitc
2533 2374 2642 2432 Dea
2666 2374 2756 2447 qui
2783 2373 3020 2430 ascendit
3040 2388 3199 2445 super
3218 2370 3378 2429 ctelos
3402 2368 3524 2427 coeli
3547 2369 3619 2426 ad
3647 2370 3792 2427 orien-

2211 2479 2330 2527 tem.
2361 2469 2441 2530 Illi
2484 2468 2669 2539 utique
2695 2467 2785 2540 qui
2835 2464 3107 2537 quondam
3148 2464 3345 2520 mortis
3373 2476 3576 2523 occasu
3619 2476 3789 2521 ascen-

2209 2564 2365 2631 derat
2393 2564 2446 2623 in
2477 2578 2697 2623 crucem
2720 2603 2735 2628 ,
2792 2562 3040 2617 invectus
3077 2568 3164 2615 est
3202 2573 3348 2618 nunc
3386 2573 3554 2629 super
3582 2555 3747 2613 sidera
3772 2598 3787 2627 ,

2209 2659 2495 2728 victorque
2527 2656 2721 2712 mortis
2749 2654 2948 2714 residet
2978 2654 3273 2726 gloriosus.
3303 2650 3385 2711 Ad
3417 2650 3680 2707 orientem
3707 2665 3788 2709 att-

2208 2757 2318 2807 tem
2353 2766 2524 2818 ιιδιμιθ
2556 2768 2569 2805 :
2602 2752 2721 2805 sive
2755 2750 2880 2819 quia
2911 2749 3027 2818 ipse
3053 2745 3251 2802 Oriens
3290 2746 3364 2804 sit
3401 2744 3585 2801 dictus
3629 2762 3643 2798 :
3684 2742 3788 2799 sive

2207 2844 2331 2915 quia
2361 2858 2457 2913 per
2481 2857 2603 2898 eum
2633 2855 2828 2898 omnes
2854 2841 3100 2899 oriantur
3126 2838 3192 2894 ad
3215 2839 3409 2897 vitam.

2281 2935 2416 2995 Ecce
2434 2935 2575 2993 dabit
2598 2934 2709 2991 coci
2734 2949 2843 2991 sua:
2861 2949 3032 2991 vocent
3057 2932 3263 2988 uirtutis
3285 2946 3417 2989 sure.
3436 2928 3569 2986 Voci
3594 2926 3789 2985 Domini

2211 3040 2340 3087 tunc
2369 3029 2594 3093 dabitur
2624 3042 2729 3083 vox
2761 3026 3002 3096 virtutis,
3032 3040 3155 3085 cum
3185 3022 3331 3095 quod
3363 3021 3613 3095 praecipit
3636 3018 3787 3075 cilici-

2209 3133 2296 3183 tur
2326 3140 2339 3178 :
2368 3138 2532 3194 quam
2564 3121 2767 3178 mortui
2805 3134 2929 3176 cum
2974 3116 3271 3184 audierint,
3321 3122 3631 3186 resurgent.
3673 3111 3787 3167 Date

506 3244 650 3298 rege;
678 3244 913 3287 "tunam,
950 3228 1123 3298 Reges
1150 3228 1314 3294 dicit,
1342 3228 1432 3300 qui
1465 3238 1689 3299 regnant
1718 3228 2098 3301 sibimetipsis,
2127 3218 2171 3283 C
2205 3216 2426 3289 gloriam
2455 3214 2565 3273 080
2594 3230 2750 3286 super
2780 3209 2974 3268 Israel.
3008 3208 3173 3279 Magis
3200 3207 3371 3265 Deum
3403 3221 3568 3301 quam
3605 3219 3782 3301 corna:

510 3319 809 3381 secundum
838 3320 981 3391 quod
1004 3322 1266 3391 scriptum
1291 3330 1405 3377 est:
1430 3321 1537 3377 Cor
1565 3322 1709 3392 regis
1738 3321 1790 3378 in
1818 3337 1978 3379 manu
2005 3321 2101 3383 Dei

515 3410 712 3485 (Prov.
749 3421 870 3483 xu).
899 3413 1002 3486 Ipsi
1034 3412 1264 3470 offerent
1293 3415 1403 3475 Deo
1427 3429 1673 3471 munera.
1708 3414 1953 3477 Virtutes
1976 3429 2106 3482 san-

512 3515 747 3576 ctoruin,
777 3520 1002 3563 munera
1032 3514 1163 3561 sunt
1203 3507 1317 3563 Dei.
1344 3505 1445 3569 Vel
1472 3522 1501 3560 a
1532 3508 1732 3577 templo
1773 3507 1867 3571 illo
1908 3522 2107 3578 corpus

517 3596 638 3665 rali,
669 3597 811 3666 quod
846 3598 986 3654 bene
1015 3599 1247 3655 vivendo
1274 3610 1518 3659 Sanctum
1553 3599 1819 3663 fecerunt.
1850 3601 2021 3671 lieges
2050 3600 2104 3667 in

514 3689 708 3761 quibus
753 3700 1037 3762 peccatum
1087 3690 1222 3753 ultra
1258 3709 1366 3751 non
1398 3703 1606 3763 regnat,
1634 3690 1870 3755 niterent
1900 3695 1953 3753 itt
1993 3709 2107 3755 cte-

512 3786 632 3861 l‘esti
655 3788 985 3859 Jerusalem,
1012 3804 1134 3860 quae
1157 3800 1242 3849 est
1272 3789 1674 3860 primitivorum
1694 3788 1964 3854 Ecclesia,
1988 3805 2106 3853 inn.

514 3895 641 3935 nera
668 3886 777 3952 regi
801 3892 1009 3939 aeterno
1034 3898 1048 3934 :
1076 3881 1288 3940 scilicet
1309 3885 1522 3954 seipsns
1542 3882 1839 3945 oﬂ'ercntes
1866 3882 2100 3945 hostium

509 3974 709 4039 vivam,
735 3974 1036 4049 placentem
1061 3975 1173 4035 Deo
1203 3977 1635 4048 inconspectum
1662 3978 1905 4039 omnium
1939 3992 2105 4048 ange-

511 4069 709 4125 lorum.

584 4160 809 4233 lncrepa
848 4161 1037 4221 bestius
1077 4163 1283 4220 calami.
1322 4163 1516 4220 Bestiae
1557 4162 1784 4233 calami,
1824 4161 2105 4222 daemones

510 4264 656 4322 sunt,
689 4252 894 4327 fragilis
918 4254 1257 4325 inlirmchue
1282 4254 1519 4311 virtutis.
1555 4254 1655 4312 Vel
1683 4254 1923 4315 haeretici
1953 4262 2102 4323 sunt,

511 4347 602 4419 qui
628 4357 887 4415 tractant,
917 4358 973 4411 et
998 4349 1245 4407 scribunt
1271 4360 1459 4411 contra
1496 4357 1552 4407 te
1579 4359 1635 4405 ut
1662 4348 1939 4419 decipiant
1980 4361 2101 4411 nos.

509 4439 741 4510 oportet
769 4441 913 4501 enim
954 4450 1011 4496 ct
1036 4440 1270 4498 bmreses
1304 4455 1426 4498 esse
1465 4442 1520 4497 in
1553 4442 1735 4499 nobis.
1758 4439 1915 4501 Ferte
1954 4440 2102 4505 enim

512 4533 766 4591 dicuntur
794 4533 863 4588 ab
891 4549 959 4591 eo
988 4536 1129 4607 quod
1158 4537 1381 4607 capiunt
1407 4536 1637 4604 animas,
1667 4542 1724 4593 et
1745 4534 2098 4600 interﬁciunt.

2208 3313 2312 3372 lem
2338 3309 2500 3371 Israel
2521 3308 2807 3365 honorate.
2835 3302 3171 3365 Alimeron
3194 3301 3384 3372 labiis,
3411 3314 3467 3355 ut
3497 3300 3682 3364 Israel.
3704 3294 3787 3354 sed

2205 3400 2371 3459 corde
2400 3400 2669 3457 honorate
2694 3397 2887 3453 Deum.

2278 3491 2675 3566 Magniﬁcentia
2721 3492 2874 3565 ejus,
2916 3501 2963 3545 et
3003 3487 3172 3544 virtus
3215 3488 3328 3560 ejus
3380 3485 3435 3540 in
3476 3482 3711 3540 nubibus.
3739 3478 3790 3537 In

2206 3587 2470 3658 apostolis
2491 3595 2549 3645 et
2569 3583 2875 3657 prophetis.
2906 3582 3060 3639 Unde
3088 3582 3260 3637 dicit:
3295 3578 3543 3639 Mandavi
3575 3577 3788 3633 nubibus

2208 3683 2376 3745 locis,
2410 3668 2466 3736 (ιι
2496 3683 2683 3752 pluant
2708 3694 2875 3749 Super
2904 3677 3069 3733 Israel
3099 3676 3330 3731 imbrem
3362 3673 3525 3748 (lsai.
3558 3671 3636 3746 v).

2283 3772 2542 3836 Mirabilis
2569 3772 2713 3833 Deus
2735 3773 2789 3829 in
2815 3772 3011 3829 sanctis
3038 3770 3172 3827 suis.
3202 3768 3260 3827 Io
3292 3769 3398 3825 hoc
3426 3765 3691 3824 mirabilis
3716 3771 3791 3819 est

2206 3870 2352 3933 Deus
2379 3888 2393 3924 :
2416 3869 2674 3941 quoniam
2706 3869 2779 3924 ita
2803 3867 2999 3927 dilexit
3021 3864 3319 3923 humanum
3346 3878 3545 3936 genus,
3574 3872 3633 3919 ut
3652 3860 3792 3932 signa

2206 3962 2368 4021 faciat
2406 3962 2460 4021 in
2498 3963 2700 4023 sanctis
2739 3963 2873 4019 suis.
2923 3960 2980 4019 ln
3015 3959 3137 4017 istis
3181 3959 3359 4031 magis
3402 3956 3675 4014 mirabilis
3717 3963 3794 4012 est

2209 4057 2353 4122 Deus
2412 4072 2571 4129 quam
2625 4056 2678 4113 in
2727 4055 2946 4111 cmteris
3002 4052 3295 4118 creaturis,
3352 4050 3499 4124 quod
3544 4064 3639 4111 eos
3686 4054 3795 4120 post

2210 4149 2413 4209 multas
2446 4148 2825 4209 tribulationcs
2874 4147 3061 4203 evexit
3106 4148 3160 4202 in
3204 4144 3602 4205 sublimitatem
3643 4142 3797 4205 εωιο-

2207 4257 2350 4299 rum.
2383 4240 2520 4296 Deus
2563 4232 2731 4295 Israel
2769 4240 2880 4313 ipse
2915 4239 3059 4295 dabit
3088 4239 3331 4295 virtutem
3365 4248 3416 4293 et
3445 4236 3793 4309 fortitudinem

2206 4335 2344 4404 plebi
2371 4349 2499 4393 sure.
2534 4332 2614 4389 Ad
2656 4330 2970 4389 tolerandas
3020 4331 3306 4405 passiones
3350 4329 3689 4407 mundanas,
3714 4325 3798 4381 vel

2207 4427 2525 4496 spirituales
2568 4426 2855 4496 nequitias.
2900 4424 3217 4483 Benedictus
3265 4424 3431 4486 Deus.
3476 4425 3578 4495 Qui
3636 4439 3730 4481 nos
3768 4436 3797 4477 a

2208 4529 2382 4575 morte
2414 4520 2467 4575 in
2509 4519 2710 4589 vitam,
2757 4534 2788 4575 a
2835 4520 3190 4590 corruptione
3237 4521 3290 4575 in
3334 4518 3798 4591 incorruptionem

515 4622 610 4680 Vel
644 4623 870 4697 increpa
906 4626 1049 4689 feras
1076 4626 1360 4689 arundinis
1392 4645 1407 4687 :
1439 4627 1751 4687 ludiuorum
1800 4626 2099 4689 belluinam

2231 4612 2489 4669 lemutare
2518 4610 2795 4685 dignetur,
2827 4620 2885 4665 ut
2913 4612 3119 4669 sanctis
3159 4614 3277 4684 ejus
3321 4612 3614 4683 participes
3640 4609 3796 4675 laeti,

512 4719 840 4790 superbiam.
884 4720 1226 4795 Caugregatio
1272 4732 1539 4783 taurorum
1582 4724 1636 4785 in
1674 4725 1839 4787 vaccis
1882 4725 2107 4799 populo-

509 4828 650 4869 rum.
680 4812 832 4881 ipsos
858 4812 1148 4873 haereticos
1174 4815 1484 4886 significat;
1513 4818 1634 4888 quia
1665 4817 1940 4877 neminem
1974 4830 2102 4889 pus-

513 4913 637 4961 sunt
665 4904 921 4975 decipere
947 4904 1051 4961 nisi
1081 4906 1470 4978 simpliciores,
1503 4920 1558 4971 ct
1600 4923 1834 4979 parvos;
1865 4910 1966 4971 hoc
1994 4917 2102 4977 est,

515 5015 704 5059 vaccas
726 5001 989 5061 minores.
1018 5001 1227 5059 Tauros
1249 5003 1397 5060 enim
1422 5019 1528 5060 non
1556 5012 1781 5075 possunt
1804 5003 2059 5073 decipere
2082 5019 2099 5061 :

514 5094 616 5150 hnc
637 5107 741 5162 eat,
765 5108 1012 5166 magnos.
1033 5093 1101 5155 Ut
1124 5095 1402 5153 excludant
1420 5114 1503 5151 eos
1523 5098 1612 5165 qui
1639 5096 1844 5168 probati
1873 5105 1990 5151 sunt
2018 5110 2105 5152 ar-

512 5198 681 5259 genta.
714 5189 783 5245 Et
803 5199 1093 5260 propterea
1126 5186 1488 5259 simpliciores
1509 5188 1787 5258 decipiunt
1822 5203 1836 5249 ;
1866 5187 1970 5247 hoc
1996 5194 2103 5257 est,

514 5281 954 5349 multitudinem,
1011 5289 1075 5336 ut
1121 5282 1342 5339 veniant
1393 5296 1565 5351 usque
1619 5279 1685 5339 ad
1742 5290 1998 5347 sanctus,
2054 5287 2110 5335 ut

515 5373 810 5431 excludant
824 5388 919 5430 eos
936 5374 1007 5430 de
1023 5389 1194 5445 regno
1216 5374 1507 5432 ctelorum.
1523 5372 1621 5429 Vel
1650 5374 1702 5429 in
1730 5374 1919 5440 tauris,
1940 5373 2108 5433 duces

513 5465 834 5522 Iudaeorum
868 5482 883 5523 :
914 5468 1004 5539 qui
1055 5467 1493 5538 persecutionem
1533 5469 1586 5528 in
1617 5467 1909 5531 Dominum
1937 5468 2021 5524 vel
2052 5468 2105 5524 in

515 5571 735 5619 sanctos
785 5561 902 5633 ejus
952 5562 1251 5625 intulerunt
1278 5605 1294 5629 ,
1341 5562 1545 5623 iudicat
1574 5579 1591 5625 ;
1623 5572 1681 5619 ut
1728 5561 1862 5623 illud
1895 5578 1912 5623 :
1945 5561 2111 5623 Tauri

515 5656 746 5729 pingues
776 5655 1113 5715 obsederunt
1141 5673 1228 5715 me
1273 5657 1289 5727 (
1317 5656 1462 5717 Psal.
1489 5673 1579 5717 XXI
1604 5657 1644 5729 ).
1676 5656 1736 5721 ιιι
1769 5657 1950 5721 vaccis
1981 5671 2109 5719 vero

514 5753 715 5815 stultas
757 5750 941 5823 populi
968 5751 1250 5823 sequentis
1293 5751 1503 5813 animas
1547 5750 1909 5813 demonstrat.
1953 5750 2109 5820 Quod

514 5844 588 5903 ibi
632 5842 962 5914 ostenditur,
998 5860 1124 5903 cum
1148 5859 1339 5907 Vaccus
1382 5858 1579 5906 aureas
1624 5845 1680 5907 in
1722 5845 1967 5908 Samaria
2005 5846 2110 5914 sub

2206 4705 2559 4781 sempiternis
2587 4706 2638 4761 in
2668 4720 2798 4769 eum
2825 4705 3040 4778 gaudiis
3069 4704 3430 4763 exsultemus.
3467 4705 3665 4767 Amen.

2710 4878 3029 4938 PSALMUS
3069 4877 3302 4941 LXVIII.

2207 4993 2271 5049 In
2303 4994 2458 5063 ﬁnem
2505 5008 2599 5063 pro
2631 4991 2712 5046 his
2760 4993 2850 5063 qni
2892 4993 3368 5063 committebantur,
3414 4992 3668 5051 Psalmus
3710 4990 3801 5062 ipsi

2285 5062 2470 5119 Dauid.
2502 5062 2607 5120 Istc.
2642 5064 2882 5137 psalmus
2913 5065 2981 5120 de
3016 5068 3268 5137 passione
3297 5062 3503 5119 Christi
3533 5072 3718 5137 sonit,
3749 5070 3799 5137 et

2281 5151 2345 5190 ex
2381 5151 2608 5206 persona
2639 5135 3257 5191 uictubrorum’suorum
3280 5152 3308 5190 λι
3345 5138 3470 5191 licet
3498 5135 3721 5202 quidam
3752 5136 3799 5185 in

2280 5220 2346 5263 eo
2387 5217 2576 5278 putent
2614 5209 2664 5263 ei
2688 5208 2925 5265 minime
2950 5207 3269 5278 convenire,
3302 5206 3411 5262 Pro
3441 5209 3521 5263 Itis
3550 5208 3647 5278 qui
3672 5218 3803 5260 rem.

2282 5279 2633 5339 mutabuntur.
2663 5278 3035 5341 Cotnmutavit
3056 5293 3115 5335 se
3136 5277 3388 5341 Christus
3417 5296 3433 5334 :
3463 5277 3595 5333 dum
3630 5289 3802 5347 aequa-

2287 5350 2354 5407 lis
2393 5351 2538 5411 Patri
2585 5360 2724 5417 erat,
2777 5352 3004 5407 formam
3050 5351 3191 5405 servi
3234 5352 3533 5419 accipiens.
3571 5350 3669 5404 Vel
3716 5362 3804 5400 nos

2285 5430 2684 5478 connuutatnur
2722 5422 2791 5476 de
2837 5421 3153 5479 inﬁdelitate
3195 5421 3261 5476 ad
3307 5421 3468 5477 ﬁdem
3500 5439 3511 5476 :
3538 5421 3716 5492 iquia,
3744 5426 3805 5492 ut

2285 5495 2547 5563 diximus,
2593 5495 2695 5548 iste
2749 5494 2991 5563 psalmus
3017 5507 3204 5548 vocem
3247 5493 3491 5549 outitinet
3534 5486 3803 5545 Dominici

2285 5566 2524 5624 hominis
2553 5565 2826 5623 venientis
2848 5564 2918 5621 ad
2950 5567 3281 5636 passionem.

2285 5748 2500 5811 Saluum
2541 5762 2619 5809 nte
2642 5746 2748 5820 fac,
2776 5744 2919 5805 Deus
2960 5759 2979 5801 :
3012 5744 3259 5818 quoniam
3300 5746 3625 5804 intraverunt
3664 5752 3803 5814 aqua

2212 5861 2377 5919 usque
2396 5845 2467 5903 ad
2488 5847 2721 5902 animant
2743 5856 2924 5904 nteant.
2952 5838 3174 5899 Salvere
3194 5852 3316 5900 eam
3340 5836 3585 5907 Patrem,
3613 5849 3803 5896 secum
