3954 6340
229 296 340 353 1021

1135 288 1564 347 BREVIARIUM
1604 290 1669 348 ΙΝ
1704 287 2038 351 PSALMOS.
2082 293 2329 352 PSALM.
2375 293 2606 352 LXVIII.

226 410 335 469 dum
378 406 703 464 inﬁrmitatis
742 408 1112 464 conditionem
1165 409 1411 480 postulat
1456 427 1470 464 :
1519 410 1778 480 quoniam
1806 412 1863 475 Α
1884 412 2241 483 exprobrant,
2273 413 2401 485 quia
2429 413 2522 485 qui
2556 426 2663 469 non
2687 410 3107 479 crcditFilium,
3137 424 3243 469 nec
3267 411 3487 470 Patrem

224 503 417 575 quidem
450 512 622 558 motus
652 504 833 574 populi
863 504 1142 561 saevientis
1164 504 1445 561 irruerunt
1471 504 1524 559 in
1557 518 1705 561 eum.

283 596 473 661 latinus
495 597 681 653 suntin
707 597 830 653 limo
851 598 1131 671 profundi.
1154 597 1213 652 In
1236 596 1520 653 veteribus
1544 598 1786 668 peccatis

222 692 359 762 hujus
386 692 584 762 populi.
612 690 681 746 Et
704 709 808 747 non
828 700 901 747 est
931 691 1245 747 substantia.
1269 689 1374 747 Per
1401 706 1563 762 quam
1587 689 1784 747 exinde

222 784 416 841 evadam
443 799 458 839 :
486 783 594 839 nisi
627 792 678 839 tu
709 785 908 841 salvos.

289 875 402 932 Veni
440 875 491 930 in
536 876 866 937 altitudinem
907 879 1090 934 maris.
1118 878 1176 933 in
1232 877 1559 950 profundum
1596 878 1780 934 saculi

220 969 375 1027 istius.
397 967 463 1024 Et
484 980 756 1040 tempestas
783 972 1027 1028 demersit
1053 988 1164 1029 me:
1182 974 1419 1045 procella
1441 973 1778 1029 Iudaeorum.

279 1063 514 1120 Loboravi
543 1064 778 1121 clamans
809 1084 829 1123 :
860 1083 1035 1125 rauca:
1065 1069 1217 1139 facta:
1242 1079 1359 1123 sunt
1405 1073 1583 1141 fauces
1628 1084 1777 1124 mete.

216 1160 344 1216 Licet
368 1177 394 1213 a
428 1162 802 1231 peccatoribus
830 1173 1094 1235 urgeatur
1123 1182 1133 1216 :
1161 1164 1403 1219 clamare
1432 1171 1611 1219 tamen
1635 1164 1781 1219 salu-

217 1254 331 1310 taria
372 1265 629 1326 prmcepta
681 1272 789 1313 non
841 1258 1066 1315 desinit.
1123 1258 1432 1331 Defecerunt
1475 1260 1613 1313 oculi
1654 1259 1773 1327 mei,

214 1350 317 1405 dum
341 1366 482 1420 spero
509 1352 562 1404 in
594 1350 765 1407 Deum
791 1369 979 1407 meum.
1014 1352 1323 1411 Secundum
1349 1351 1777 1408 imbecillitatem

212 1443 398 1506 carnis.
436 1444 680 1514 speravit
708 1454 768 1501 ut
805 1445 874 1499 ab
902 1461 970 1500 eo
1014 1446 1153 1501 calix
1194 1446 1296 1501 iste
1339 1446 1631 1512 transiret;
1679 1444 1776 1501 sed

212 1534 476 1591 secundum
519 1535 861 1593 divinitatem
912 1536 1166 1609 implevit
1197 1538 1531 1593 voluntatem
1573 1537 1774 1594 Patris.

269 1627 591 1698 Hultiplicatl
612 1642 733 1685 sunt
754 1648 912 1703 super
941 1631 1163 1703 capillos
1183 1631 1369 1701 capitis
1389 1631 1513 1699 mei,
1536 1631 1623 1700 qui
1653 1630 1778 1685 ode-

208 1730 315 1775 iuttt
335 1736 407 1775 me
425 1721 607 1791 gratis.
634 1718 930 1795 Coufortati
958 1734 1102 1792 sunt,
1134 1731 1240 1779 etc.
1266 1722 1393 1779 Ideo
1415 1737 1579 1793 super
1605 1723 1774 1794 capil-

1889 504 2072 559 habet.

1960 596 2156 669 Operui
2207 599 2260 653 in
2284 599 2495 671 jejunio
2525 599 2759 654 animam
2796 615 2985 665 meum,
3011 607 3063 654 et
3105 598 3303 670 factum
3331 606 3409 654 est
3434 598 3490 654 in

1886 691 2221 764 opprobrium
2245 691 2398 747 mihi.
2423 692 2790 763 Opprohrium
2824 693 2969 749 enim
3009 692 3058 749 ei
3088 692 3294 749 inferre
3321 706 3490 748 cons.

1885 783 2046 838 batur
2076 799 2090 839 :
2118 798 2244 838 cum
2272 793 2492 841 tentans
2519 801 2645 840 cunt
2669 785 2902 841 Satanas
2921 786 2998 841 ait
3022 801 3038 842 :
3068 784 3167 840 Dio
3196 796 3253 840 ut
3277 784 3492 856 lapides

1882 876 1974 932 isti
2030 893 2201 948 panes
2227 877 2362 934 ﬁant
2409 878 2630 953 (Matth.
2660 882 2759 949 tv).
2813 879 2910 936 Vel
2961 879 3179 952 quando
3231 880 3485 939 dixerunt

1883 968 2137 1039 discipuli
2175 987 2190 1028 :
2224 969 2421 1039 Rabbi,
2471 970 2759 1028 manduca.
2797 971 2895 1027 llle
2937 970 3120 1033 dixit:
3154 969 3268 1044 Ego
3297 972 3481 1029 cibum

1884 1063 2063 1119 habeo
2094 1064 2427 1122 manducare
2477 1082 2638 1138 quem
2667 1081 2766 1122 vos
2794 1065 3022 1122 nescitis
3052 1065 3235 1138 (Joan.
3288 1065 3385 1140 tv).
3424 1068 3492 1125 Et

1884 1158 1936 1212 in
1988 1157 2095 1213 alio
2143 1157 2262 1213 loco
2291 1173 2307 1213 :
2334 1157 2651 1229 Operamini
2699 1158 2883 1215 cibum
2917 1173 3024 1213 nou
3056 1160 3148 1230 qui
3180 1158 3354 1230 perit,
3385 1158 3483 1217 sed

1881 1253 1973 1322 qui
2002 1262 2287 1320 permanet
2310 1253 2362 1307 in
2394 1252 2555 1307 vitam
2587 1264 2849 1310 mternam
2875 1250 3064 1322 (Joau.
3094 1250 3195 1323 Vl).
3221 1250 3328 1308 Sed
3354 1266 3483 1308 esu-

1882 1346 2059 1402 ricbat
2078 1343 2329 1401 Christus
2356 1347 2586 1402 salutem
2612 1344 2837 1402 humani
2864 1346 3104 1417 generis.
3152 1344 3247 1402 Vel
3269 1347 3481 1403 esurie-

1882 1438 2159 1495 hattldetn
2205 1439 2465 1496 Ecclesia:
2497 1456 2512 1494 :
2542 1441 2667 1510 quia
2728 1439 2934 1496 nullum
2989 1439 3169 1495 cibum
3200 1453 3231 1493 a
3280 1437 3483 1496 Iudaeis

1889 1532 2221 1588 inveniebat.

1953 1624 2118 1679 Posui
2131 1626 2485 1680 vestimentum
2506 1640 2672 1679 meum
2693 1623 2946 1692 cilicium,
2974 1632 3023 1681 et
3048 1624 3221 1695 factus
3237 1639 3351 1680 sum
3369 1622 3478 1680 illis

1880 1719 1930 1771 in
1948 1717 2270 1789 parabolam.
2288 1718 2343 1773 lu
2359 1733 2520 1774 sacco
2536 1719 2712 1774 luctus
2725 1718 3032 1774 ostenditur
3047 1719 3129 1774 vel
3146 1716 3304 1773 llctus
3323 1734 3338 1773 :
3364 1733 3475 1790 quo

207 1813 278 1871 los
299 1814 480 1884 capitis
503 1816 631 1879 mei,
669 1815 1100 1885 multiplicantur
1137 1825 1301 1887 atque
1348 1816 1725 1871 rttttt‘ortantur
1761 1834 1771 1869 :
1812 1814 1853 1874 Β
1884 1811 1936 1866 in
1957 1822 2131 1867 morte
2149 1811 2340 1871 Latiari
2360 1827 2511 1877 usus,
2533 1813 2586 1869 in
2610 1812 2922 1883 parabolam
2947 1812 3122 1869 lactus
3140 1810 3473 1879 estludaais,

208 1898 314 1979 quia
358 1922 569 1979 semper
608 1910 789 1980 major
819 1919 905 1967 est
950 1912 1254 1981 iniquorum
1303 1926 1566 1967 numerus
1612 1927 1773 1982 quam

205 2000 461 2069 iustorum.
491 2001 622 2070 Quae
644 2019 747 2059 non
768 2004 925 2075 rapui
948 2014 1088 2070 tunc,
1115 2005 1457 2060 exsolttebam.
1483 2005 1600 2061 Non
1627 2006 1774 2061 enim

205 2102 305 2149 crat
327 2093 536 2151 debitor
575 2098 771 2153 mortis
807 2106 972 2167 atque
1016 2100 1253 2169 peccati,
1294 2098 1393 2154 sed
1430 2098 1482 2152 in
1519 2099 1773 2168 passione

206 2187 408 2244 hostiam
433 2199 724 2262 utramque
747 2192 1069 2260 complevit.

262 2279 407 2349 Deus,
438 2289 492 2336 tu
515 2284 619 2337 scis
648 2283 1004 2352 insipientiam
1048 2301 1245 2351 meam,
1280 2294 1329 2340 et
1370 2283 1561 2340 delicta
1591 2300 1703 2340 mea
1739 2301 1773 2340 α

208 2383 247 2427 te
270 2390 359 2428 non
384 2386 500 2429 sunt
528 2376 859 2433 abscondita.
888 2376 1007 2435 Scit
1030 2376 1214 2443 Pater,
1255 2377 1401 2447 quod
1434 2392 1543 2433 non
1591 2392 1655 2433 ea
1702 2377 1772 2434 de

206 2464 333 2524 caelis
360 2467 556 2534 attulit,
590 2468 688 2525 sed
718 2469 880 2526 nobis
908 2471 1228 2540 assumpsit,
1262 2478 1321 2525 ut
1350 2471 1421 2526 ait
1452 2470 1718 2541 prepheta
1755 2488 1767 2523 :

204 2560 299 2627 ipse
323 2557 631 2630 iniquitates
671 2571 886 2619 nostras
919 2564 1168 2634 accepit,
1211 2571 1268 2619 et
1293 2562 1641 2635 {egritudines
1673 2576 1770 2621 nc-

204 2660 321 2707 stras
354 2655 582 2724 portavit
627 2652 813 2725 (lsai.
848 2653 1007 2726 Litt).
1054 2654 1124 2711 Et
1168 2654 1369 2711 Paulus
1419 2653 1599 2710 dicit:
1644 2654 1769 2725 quia

202 2746 322 2814 quod
349 2747 575 2803 stultum
607 2756 695 2804 est
718 2748 835 2819 Dei,
875 2748 1179 2819 sapientius
1217 2756 1303 2804 est
1330 2747 1641 2803 hominibus
1673 2764 1685 2801 :
1715 2758 1771 2804 et

204 2841 321 2908 quod
342 2841 615 2897 inﬁrmum
638 2852 723 2899 est
737 2842 855 2909 Dei,
871 2841 1066 2899 fortius
1079 2851 1162 2898 est
1179 2842 1487 2898 hominibus
1506 2841 1547 2913 (l
1562 2840 1683 2897 Cor.
1701 2839 1765 2911 ι).

203 2928 383 2989 Delicta
408 2950 519 2991 mea
542 2951 576 2990 a
608 2942 658 2989 te
676 2952 779 2990 non
807 2944 928 2991 sunt
956 2934 1286 3001 abscondita,
1325 2943 1383 2989 ιιι
1414 2934 1546 2990 illud
1577 2952 1588 2987 :
1624 2934 1768 2990 Deli-

201 3030 321 3081 ctum
349 3041 518 3082 meum
548 3028 829 3098 cognitum
857 3027 952 3083 tibi
984 3026 1089 3083 ieci
1123 3026 1141 3099 (
1167 3024 1316 3083 Psal.
1352 3041 1483 3081 aut
1508 3025 1548 3097 ).

258 3118 363 3173 Non
391 3122 694 3177 erubescant
736 3122 790 3177 in
837 3138 915 3175 me
938 3121 1030 3193 qui
1073 3130 1371 3191 exspectant
1412 3130 1480 3188 te,
1516 3119 1761 3189 Domine,

1879 1922 2033 1970 cum,
2076 1922 2141 1962 eo
2192 1905 2388 1972 ﬂente,
2429 1906 2682 1963 dicerent
2710 1923 2725 1961 :
2758 1906 2899 1962 Ecce
2937 1908 3209 1977 quomodo
3254 1908 3473 1965 amabat

1879 2009 2003 2053 eum
2033 1997 2215 2071 (Joan.
2251 1998 2352 2065 ιι).
2384 1999 2493 2057 Alli
2523 2013 2654 2056 vero
2686 2018 2698 2054 :
2728 2000 2844 2056 Non
2876 2010 3094 2071 poterat
3126 2000 3213 2057 hic
3236 2002 3328 2072 qui
3351 2017 3479 2073 ape-

1877 2093 1985 2149 ruit
2005 2094 2194 2149 oculos
2207 2095 2335 2150 caeci
2354 2094 2488 2162 nati,
2512 2096 2709 2163 facere,
2739 2105 2795 2150 ut
2820 2106 2876 2152 et
2895 2095 2984 2151 hic
3004 2112 3109 2151 nou
3133 2097 3480 2154 moreretur?

1947 2187 2204 2241 Adversus
2232 2201 2313 2241 me
2333 2186 2700 2243 exercebantur
2725 2188 2816 2259 qui
2832 2188 3073 2243 sedebant
3103 2190 3158 2243 in
3182 2197 3355 2261 porta.
3392 2188 3476 2245 Illi

1873 2279 2083 2336 scilicet
2111 2281 2202 2352 qui
2227 2274 2490 2338 habentes
2515 2283 2727 2341 clavem
2750 2281 3000 2343 scientiae
3030 2298 3046 2338 :
3081 2298 3258 2355 neque
3282 2282 3479 2341 introi-

1875 2373 2027 2439 bant,
2063 2390 2242 2445 neque
2285 2375 2424 2431 alios
2472 2376 2698 2433 introire
2733 2377 3124 2446 permittebant
3149 2393 3165 2432 :
3188 2377 3394 2433 Scribat
3423 2386 3481 2435 et

1873 2464 2133 2522 Pharisaei
2161 2466 2255 2536 qui
2287 2466 2678 2523 discernebant
2701 2483 2919 2535 causas,
2955 2483 3079 2523 cum
3121 2468 3384 2525 sederent
3414 2467 3471 2524 in

1872 2557 2089 2628 publico
2128 2557 2355 2629 judicio.
2405 2558 2476 2614 Et
2523 2561 2576 2614 in
2628 2576 2708 2616 me
2754 2558 3047 2632 psallebant
3083 2560 3174 2632 qui
3238 2559 3473 2615 bibebant

1872 2651 2069 2707 vinum.
2119 2651 2331 2722 Repleti
2378 2653 2528 2708 enim
2559 2654 2690 2709 vino
2721 2652 3052 2724 iniquitatis,
3086 2653 3322 2725 qualiter
3348 2667 3475 2709 eum

1873 2742 2270 2807 interﬁcerent.
2301 2744 2687 2815 concinebant.
2735 2744 2916 2801 Stulte
2942 2745 3087 2800 enim
3118 2743 3303 2816 psallit
3325 2786 3339 2809 ,
3381 2744 3475 2815 qui

1871 2837 1925 2892 in
1974 2837 2138 2893 Deum
2185 2837 2407 2897 tnolitur
2450 2838 2696 2896 insidias.
2751 2839 2946 2897 Sciens
3003 2837 3149 2896 enirn
3206 2837 3469 2910 propheta

1870 2931 2093 2987 Stultum
2138 2931 2192 2989 itt
2247 2931 2528 3003 aliquibus
2576 2947 2702 2990 esse
2734 2933 2966 3004 psallere
3011 2932 3186 2990 :audi
3238 2932 3473 3003 qualiter

1868 3022 2063 3080 doceat
2109 3024 2411 3094 quosdam:
2444 3025 2685 3093 Psallite,
2738 3026 2913 3096 inquit
2945 3066 2958 3091 ,
3007 3027 3302 3096 sapienter.
3354 3024 3454 3083 Val

1869 3117 2004 3173 ebrii
2034 3129 2193 3177 erant
2224 3117 2293 3175 de
2323 3120 2473 3186 vino,
2522 3120 2739 3191 quando
2784 3119 3105 3190 aperiebant
3129 3127 3292 3189 caput
3323 3119 3465 3191 ejus.

198 3219 287 3265 etc.
330 3209 441 3268 Non
488 3222 787 3270 evacuetur
833 3227 961 3284 spes
1007 3213 1348 3271 credentium
1390 3212 1459 3269 de
1509 3214 1761 3282 passione
1788 3210 1832 3272 ρ
1867 3216 1925 3263 et
1955 3210 2216 3267 dicebant
2248 3227 2264 3266 :
2296 3211 2618 3283 Pruphetiza
2642 3212 2821 3282 nobis,
2852 3212 3096 3278 Christe,
3123 3211 3246 3283 quis
3268 3212 3470 3283 estqui

197 3315 294 3357 mea
327 3303 453 3360 :sed
481 3313 818 3375 cognoscant
843 3310 969 3376 quia
1000 3306 1339 3363 voluntatem
1394 3315 1538 3361 tuam
1586 3304 1763 3365 facere

198 3396 320 3461 teni,
342 3397 478 3454 sicut
503 3400 775 3470 sequitur.

255 3485 491 3554 Quoniam
531 3500 745 3565 propter
784 3501 832 3547 te
861 3493 1087 3549 sustinui
1117 3493 1495 3565 approbrium:
1529 3496 1761 3567 operuit,

195 3586 285 3635 etc.
311 3579 530 3651 Propter
552 3582 883 3640 voluntatem
907 3583 1105 3651 Patris,
1134 3588 1400 3643 malorum
1433 3587 1760 3659 improperia

193 3675 527 3745 supportavit,
576 3686 629 3735 et
672 3675 998 3732 verecundia
1046 3686 1218 3735 tectus
1260 3689 1381 3744 est,
1415 3695 1542 3735 cum
1576 3682 1628 3741 in
1669 3696 1760 3738 as-

192 3774 377 3834 sumpta
416 3781 583 3824 carne
628 3766 915 3825 colliditur
956 3785 971 3823 :
1021 3770 1147 3840 quia
1193 3786 1299 3826 una
1346 3771 1604 3829 voluntas
1659 3772 1761 3832 fuit

192 3853 358 3926 Patris,
388 3873 441 3917 et
466 3859 594 3918 Filii
633 3861 777 3934 quod
823 3862 1088 3919 sustinuit
1116 3863 1448 3931 passionem.
1487 3863 1605 3934 Vel,
1633 3880 1759 3935 cpe-

192 3948 276 4003 ruit
297 3954 524 4025 confusio
553 3970 572 4010 :
598 3955 815 4025 quando
845 3964 1187 4027 negaverunt
1212 3956 1470 4025 apostoli.

249 4039 526 4103 Eatrancus
575 4047 744 4118 factus
782 4064 897 4111 sunt
938 4048 1189 4119 fratribus
1230 4050 1391 4116 meis,
1433 4059 1539 4105 etc.
1588 4047 1757 4111 Filius

189 4134 309 4191 cnim
336 4150 451 4194 exat
481 4140 782 4215 Synagoga:
803 4142 945 4201 sicut
974 4150 1029 4199 et
1054 4142 1155 4210 illi,
1178 4142 1480 4200 secundum
1502 4143 1754 4203 ordinem

186 4234 555 4301 corporationis
596 4244 848 4304 terrenae,
899 4253 930 4292 a
977 4237 1175 4308 quibus
1224 4249 1415 4305 exter,
1469 4247 1523 4294 ct
1555 4238 1755 4310 hospes

188 4318 383 4383 habitus
425 4329 705 4400 estzquia
736 4329 814 4387 illi
867 4329 1172 4387 sceleribus
1216 4342 1373 4389 erant
1427 4330 1572 4402 pleni
1616 4347 1632 4386 :
1667 4331 1755 4389 hic

185 4428 294 4471 vero
316 4434 505 4490 expers
548 4424 773 4491 peccati.
807 4422 1106 4480 Extraneus
1137 4427 1310 4495 factus
1355 4442 1466 4480 sum
1498 4424 1753 4497 fratribus

185 4509 311 4565 meis.
359 4511 578 4571 Fratres
608 4515 846 4583 Domini,
880 4518 1133 4587 apostoli.
1183 4516 1339 4575 Unde
1382 4515 1522 4574 dixit
1555 4534 1567 4571 :
1601 4515 1751 4577 Nun-

1872 3312 1925 3359 le
1954 3305 2224 3374 percussit
2249 3304 2405 3376 (Luc.
2434 3306 2592 3378 uti).

1942 3395 2054 3469 Ego
2074 3413 2191 3455 vero
2213 3398 2496 3454 orationem
2518 3414 2687 3455 meum
2709 3398 2778 3453 ad
2802 3408 2872 3467 te,
2904 3397 3148 3459 Domine.
3176 3399 3295 3457 Non
3323 3400 3469 3457 enim

1866 3491 2058 3547 vincor
2090 3493 2173 3549 bis
2203 3492 2571 3564 passionihus,
2604 3495 2728 3564 quia
2755 3503 2930 3551 tecum
2954 3509 3073 3551 sum
3108 3494 3163 3552 in
3192 3494 3462 3552 oratione.

1868 3580 1984 3654 Ego
2009 3599 2130 3641 vero
2158 3585 2448 3641 orationem
2480 3601 2647 3641 meant
2670 3586 2738 3640 ad
2786 3594 2854 3652 te,
2887 3583 3047 3643 Deus.
3095 3586 3303 3644 ludatis
3333 3585 3469 3644 mihi

1865 3675 2315 3741 maledicentibus
2345 3690 2507 3748 atque
2536 3678 2845 3736 dicentibus
2878 3695 2891 3731 :
2941 3678 3240 3750 Ct'ucilige,
3293 3679 3472 3735 cruci-

1863 3765 1966 3839 llge
1982 3783 2106 3824 eunt
2134 3785 2147 3824 :
2171 3784 2272 3840 ego
2294 3784 2394 3839 pro
2419 3770 2495 3825 eis
2524 3784 2686 3825 orans
2706 3768 2970 3840 loquebar
2996 3789 3009 3826 :
3033 3770 3216 3836 Pater,
3247 3770 3469 3839 ignosce

1862 3858 1942 3913 eis
1971 3875 1986 3914 :
2015 3875 2122 3914 non
2154 3862 2297 3915 enim
2329 3862 2507 3916 sciunt
2532 3860 2659 3932 quid
2688 3861 2893 3916 faciunt
2914 3860 3072 3933 (Luc.
3098 3864 3279 3931 uin).
3312 3861 3467 3919 Teut-

1862 3967 1958 4021 pns
1970 3952 2233 4023 placendi,
2256 3951 2420 4011 Deus.
2449 3954 2672 4027 Tempus
2696 3954 2955 4026 placendi,
2987 3965 3200 4026 tempus
3224 3963 3309 4017 est
3336 3972 3463 4024 pas-

1860 4044 2052 4112 sionis,
2100 4048 2151 4103 in
2188 4062 2298 4119 quo
2352 4047 2515 4104 Pater
2559 4047 2788 4105 aiebat:
2821 4046 2919 4103 Hic
2957 4055 3043 4103 est
3083 4045 3253 4105 Filius
3310 4061 3467 4111 meus

1860 4137 2114 4205 dilectus,
2148 4141 2201 4197 in
2229 4155 2340 4211 quo
2365 4139 2496 4197 mihi
2521 4139 2825 4208 complacui
2856 4137 3075 4213 (Matth.
3102 4138 3206 4210 tn).
3231 4136 3458 4211 Tempus

1861 4232 2189 4305 beneplaciti,
2204 4233 2365 4302 Deus,
2389 4234 2443 4297 in
2463 4233 2796 4295 multitudine
2809 4233 3178 4293 misericordia:
3198 4248 3319 4291 tute.
3334 4234 3466 4290 Otii-

1861 4324 1949 4379 nia
1978 4325 2123 4382 enim
2157 4334 2401 4397 tempore
2426 4336 2517 4387 tua
2541 4327 2885 4402 beneplacita
2916 4334 3068 4397 sunt,
3100 4326 3196 4383 sed
3229 4341 3465 4398 praeser—

1860 4419 1953 4475 tim
1982 4417 2090 4475 boc
2124 4428 2338 4491 tempus
2362 4436 2471 4495 quo
2498 4436 2617 4477 mea
2650 4421 2907 4492 passione
2942 4434 3113 4492 genus
3157 4420 3457 4481 humanum

1858 4510 2121 4581 redimis,
2188 4514 2596 4584 quodammodo
2657 4516 2778 4585 plus
2838 4514 3240 4587 betteplucitum
3302 4512 3461 4577 iacis.

185 4597 312 4658 tiabo
340 4620 535 4664 nomen
566 4618 718 4664 tuum
748 4608 1008 4667 fratribus
1037 4609 1176 4666 meis
1207 4608 1381 4681 (Psal.
1416 4608 1554 4683 xxi).
1587 4608 1748 4667 Perc—
1774 4612 1830 4674 Ι)
1854 4599 2067 4660 Exaudi
2107 4620 2220 4676 me,
2262 4602 2508 4675 Domine,
2538 4607 2591 4667 in
2613 4607 2829 4667 veritate
2865 4606 3053 4665 salutis
3081 4616 3207 4663 tute.
3245 4604 3313 4663 Ut
3341 4613 3467 4678 post

182 4695 345 4762 grinus
382 4699 507 4769 ﬁliis
538 4701 718 4755 matris
750 4717 895 4756 uteie.
924 4700 1177 4759 Christus
1202 4702 1546 4772 peregrinus,
1586 4709 1647 4757 ut
1677 4701 1755 4763 ait

180 4785 427 4861 Clcopltas
471 4808 489 4850 :
533 4793 612 4850 Tu
654 4793 807 4851 solus
860 4794 1185 4866 peregrinus
1236 4808 1296 4851 es
1344 4795 1398 4850 in
1446 4795 1747 4852 Jerusalem

181 4877 314 4948 (Luc.
353 4884 531 4958 utv).
578 4887 759 4956 Solus,
794 4889 919 4960 quia
950 4887 1103 4946 solus
1129 4897 1184 4944 et
1219 4890 1427 4958 primus
1448 4890 1754 4948 resurrexit

180 4972 501 5038 inmortalis.
535 4979 605 5041 Et
627 4988 828 5051 mater,
859 4996 1155 5055 synagoga.

239 5068 491 5135 Quoniam
531 5074 676 5130 zelus
695 5075 879 5131 domus
918 5084 1021 5131 tua:
1050 5074 1273 5130 comedit
1302 5090 1403 5131 me.
1444 5074 1580 5144 Quia
1609 5075 1754 5132 lece-

179 5172 292 5216 runt
316 5178 431 5221 eam
458 5166 774 5234 speluncam
825 5167 1119 5223 latronum.
1154 5166 1219 5221 Et
1249 5167 1530 5238 approbria
1559 5183 1753 5239 capro-

177 5248 417 5308 brontium
457 5256 550 5311 tibi
582 5258 878 5313 ceciderunt
912 5274 1071 5327 super
1101 5274 1202 5312 me.
1254 5258 1752 5328 Exprobrationum

178 5343 307 5400 enim
351 5346 590 5421 jurgium
638 5365 806 5422 super
831 5365 958 5406 eum
989 5349 1363 5421 projecerunt,
1403 5367 1525 5409 cum
1555 5367 1679 5409 eum
1702 5360 1759 5407 ct

181 5436 601 5513 Samaritanum,
645 5454 704 5500 et
741 5444 1073 5507 dientonium
1129 5444 1423 5502 habentem
1473 5454 1754 5505 vocarent.

178 5528 317 5591 Unde
361 5534 533 5594 Judaei
575 5549 767 5595 contra
817 5538 1095 5595 Christum
1141 5537 1447 5594 dicebant:
1488 5536 1544 5595 Si
1582 5537 1753 5599 Filius

178 5622 262 5682 Dei
304 5645 383 5697 es,
413 5632 685 5690 descende
720 5632 791 5689 de
826 5647 1014 5701 cruce,
1056 5640 1111 5689 et
1141 5633 1416 5693 credimus
1449 5633 1567 5691 tibi.
1595 5633 1747 5695 Alios

178 5720 343 5779 salvas
392 5723 520 5783 iecit
570 5744 586 5786 :
639 5728 878 5801 seipsum
916 5743 1023 5786 non
1076 5736 1257 5801 potest
1305 5730 1520 5787 salvum
1566 5728 1750 5790 facere

180 5811 342 5882 (Matt.
386 5819 743 5901 ιινιιὶηριιὶ,
772 5820 1112 5896 exprobrant
1155 5820 1377 5893 Filium,
1430 5831 1486 5880 et
1528 5821 1747 5883 Patrem

1859 4710 2043 4753 veram
2098 4708 2352 4767 mortem,
2407 4700 2829 4761 resurrectionis
2856 4701 3056 4761 veritas
3100 4701 3460 4773 approbatur,

1930 4787 2093 4863 Eripe
2148 4808 2227 4846 me
2279 4792 2344 4849 de
2389 4793 2520 4863 luto,
2564 4804 2619 4850 ut
2662 4810 2766 4852 non
2810 4794 3026 4866 inﬁgar.
3075 4794 3272 4864 Quaere
3307 4792 3463 4863 juxta

1857 4883 2122 4955 quosdam
2156 4900 2225 4943 ne
2263 4884 2495 4947 lorsitan
2528 4888 2726 4960 lutum,
2759 4888 2944 4949 carnis
3004 4903 3168 4960 quam
3216 4886 3465 4957 suscepit

1854 4979 2127 5052 significet
2154 4981 2443 5041 vilitatem.
2492 4983 2623 5041 Orat
2654 4992 2713 5043 ut
2739 4999 2846 5045 non
2877 4983 2930 5041 in
2962 4984 3078 5043 luto
3127 4991 3185 5039 ct
3209 4983 3459 5054 pulvere,

1856 5075 1998 5131 sicut
2020 5089 2183 5131 omne
2227 5074 2525 5131 humanum
2554 5091 2727 5147 genus
2754 5076 3098 5142 dissolvitur,
3135 5089 3459 5145 corrumpav

1857 5178 1964 5223 tur.
1992 5165 2182 5222 Libera
2232 5184 2310 5222 me
2339 5169 2401 5222 ab
2424 5169 2503 5223 Itis
2526 5170 2615 5241 qui
2639 5169 2858 5225 oderunt
2882 5185 2980 5230 me.
3012 5169 3214 5238 Aperte
3246 5166 3361 5221 hinc
3385 5164 3454 5225 de

1855 5261 2083 5330 iudicis,
2132 5262 2226 5333 qui
2255 5277 2379 5320 eum
2410 5278 2704 5334 numquam
2734 5261 3079 5329 dilexerunt,
3121 5258 3274 5317 dicit.
3301 5258 3371 5317 Et
3394 5260 3457 5317 de

1856 5353 2138 5425 profundis
2202 5371 2486 5427 aquarum.
2539 5354 2664 5412 Non
2720 5370 2800 5409 me
2855 5354 3118 5426 demerget
3186 5362 3464 5425 tempestas

1854 5463 2026 5521 aqute.
2062 5448 2188 5505 Haec
2216 5449 2490 5521 passionis
2523 5457 2822 5521 tempestas
2846 5461 2955 5505 non
2982 5462 3106 5507 eum
3150 5447 3203 5507 itt
3236 5446 3463 5517 proluu-

1857 5540 2025 5599 ditate
2045 5542 2229 5615 abyssi
2258 5544 2496 5603 retineat
2525 5541 2827 5599 infernalis.
2863 5538 3047 5613 Neque
3086 5537 3353 5594 absorbent
3383 5557 3463 5598 nte

1859 5635 2195 5708 profondum.
2227 5635 2285 5694 In
2316 5652 2425 5709 quo
2451 5636 2582 5693 dum
2607 5651 2705 5710 per
2736 5645 2972 5697 mortem
3013 5633 3324 5703 descendit,
3355 5649 3464 5701 non

1854 5728 2144 5793 devoretur
2180 5730 2250 5788 ab
2289 5745 2377 5791 eo.
2420 5730 2601 5805 Neque
2653 5738 2837 5803 urgeat
2866 5745 3024 5804 super
3055 5745 3135 5789 me
3178 5736 3365 5801 puteus
3402 5744 3461 5797 os

1853 5838 2024 5882 suum.
2054 5823 2245 5882 Aditus
2277 5823 2503 5896 inferni,
2535 5825 2658 5883 sive
2684 5821 2970 5883 diabolus.
3005 5875 3027 5897 λ
