3954 6340
516 308 656 369 1025

1312 310 1659 372 APPENDIX
1697 313 1791 372 AD
1832 314 2076 375 TOMUM
2115 317 2468 382 SEPTIMUM
2506 324 2564 384 S.
2607 326 3011 394 lllERONYMl.

3673 346 3782 407 1024

589 423 800 480 Exaudi
830 441 932 493 me,
974 423 1220 495 Domine,
1269 428 1519 498 quoniam
1558 429 1777 502 benigna
1802 441 1879 486 est
1908 432 2111 487 miseri-
2136 437 2188 499 Α
2214 439 2460 510 sanguis,
2493 453 2550 500 et
2596 457 2735 517 aqua
2762 462 2885 520 qua:
2911 450 2979 508 de
3008 454 3237 514 vulnere
3266 459 3457 517 lateris
3500 461 3623 534 ejus
3659 463 3784 535 exiit,

515 517 699 573 cordia
745 527 835 573 tua
889 534 909 573 :
954 517 1239 574 secundum
1290 520 1680 577 multitudinem
1723 524 2116 580 miserationum

517 619 728 666 tuarum
781 612 981 685 respice
1029 630 1129 668 me.
1198 614 1333 671 Haec
1388 617 1690 673 secundum
1745 619 2114 677 inﬁrmitatem

518 702 814 761 humanam
851 705 1092 777 postulat
1137 706 1328 764 dicens
1356 724 1372 763 :
1396 708 1501 778 Qui
1531 711 1668 767 alios
1712 727 1832 768 mea
1863 714 2116 785 passione

514 796 778 867 redimis,
830 812 953 867 me,
1000 808 1368 871 prtccurrente
1410 801 1786 860 misericordia
1812 845 1828 873 ,
1871 815 2117 863 contem-

518 887 693 961 plare.
1244 946 1247 951 ,

594 983 717 1039 Non
747 993 951 1041 avertas
973 987 1158 1058 faciem
1186 997 1332 1044 tuam
1360 1007 1393 1044 a
1424 1007 1586 1062 puero
1618 1002 1726 1048 tuo.
1765 991 1884 1049 Vox
1912 992 2116 1054 Christi

517 1076 587 1132 ad
639 1077 879 1143 Patrem,
929 1083 1021 1151 qui
1054 1080 1286 1139 formam
1335 1084 1478 1141 servi
1525 1086 1755 1159 accepit,
1788 1097 1848 1144 ut
1880 1089 1957 1145 ait
1988 1107 2114 1161 pro-

524 1169 693 1241 pheta
722 1171 1015 1244 :Magnum
1041 1183 1126 1230 est
1150 1174 1242 1230 tibi
1275 1179 1458 1233 vocari
1486 1192 1712 1249 puerum
1742 1194 1924 1236 meum
1954 1180 2114 1255 (Isai.

521 1262 693 1336 κως).
731 1264 1001 1333 Quoniam
1043 1265 1298 1338 tribulor,
1353 1268 1596 1326 uelociter
1647 1273 1836 1328 exaudi
1887 1290 1988 1330 me.
2049 1276 2119 1334 Ut

524 1371 799 1414 resumam
821 1359 1074 1429 Spiritum
1095 1375 1284 1433 :quem
1309 1361 1416 1419 tuis
1439 1363 1691 1420 manibus
1719 1367 2114 1425 commendavi.

597 1450 821 1508 Intende
860 1454 1053 1510 animae
1090 1471 1239 1525 meae,
1271 1465 1320 1512 et
1369 1456 1530 1513 libera
1575 1474 1687 1513 eam
1719 1476 1739 1514 :
1763 1470 1971 1532 propter
2018 1464 2121 1519 ini-

525 1545 685 1599 micos
741 1560 880 1602 meos
909 1546 1050 1620 eripe
1096 1564 1196 1603 me.
1222 1547 1314 1619 Ut,
1339 1562 1426 1606 me
1452 1559 1776 1622 resurgente
1803 1552 1872 1609 ab
1902 1552 2116 1624 inferis,

523 1635 931 1693 confundantur
982 1654 999 1694 :
1048 1638 1201 1696 Unde
1235 1640 1487 1697 Christus
1544 1643 1682 1699 dixit
1724 1662 1737 1700 :
1782 1645 2116 1706 Potestatem

526 1726 703 1786 habeo
731 1730 970 1801 ponendi
1000 1731 1240 1789 animam
1263 1733 1641 1806 meam(Joan.
1678 1736 1758 1809 κ).

595 1821 678 1878 Tu
707 1825 809 1879 scis
852 1826 1226 1898 impr-aperiam
1264 1844 1457 1898 incum,
1481 1839 1528 1885 et
1543 1833 1896 1904 confusionem
1924 1852 2111 1906 meam,
2148 1830 2194 1892 Β
2223 1821 2483 1925 peccante
2526 1821 2751 1932 ῥορυιο,
2782 1866 2857 1920 οη
2889 1884 2901 1919 ε
2934 1866 2991 1923 εί
3025 1821 3134 1924 ξιοη
3181 1868 3411 1924 ("minis

525 1922 632 1971 etc.
666 1915 840 1985 Quam
866 1918 918 1974 in
946 1928 1230 1991 assumpta
1259 1921 1502 1981 suStineo
1531 1938 1719 1982 carne.

596 2006 664 2065 In
707 2021 988 2079 conspectu
1026 2023 1113 2069 tuo
1153 2025 1475 2072 suntomnes
1502 2019 1589 2089 qui
1616 2020 1866 2078 tribulant
1899 2041 1999 2079 me.
2032 2026 2114 2082 Tu

521 2103 676 2160 vides
697 2106 888 2176 quales
911 2106 1039 2162 mihi
1064 2108 1444 2168 tribulationes
1467 2110 1724 2183 inierant,
1749 2123 1805 2172 et
1823 2117 2116 2177 ostendant

520 2195 826 2254 illusiones.
874 2198 1260 2273 lmproperium
1308 2205 1618 2276 exspectauit
1665 2222 1756 2263 cor
1800 2225 1971 2265 meum
1999 2252 2015 2277 ,
2066 2222 2114 2267 et

520 2291 804 2347 miseriam.
841 2291 1263 2369 lmproperium,
1299 2298 1590 2371 passionis,
1621 2310 1672 2357 et
1720 2305 2028 2361 miseriam:
2058 2308 2112 2365 id

517 2391 625 2453 est,
659 2387 1042 2443 contumeliam
1074 2390 1274 2447 crucis.

586 2479 831 2537 Sustinui
869 2483 959 2554 qui
988 2482 1147 2539 simul
1188 2487 1616 2557 contristaretur,
1657 2498 1766 2547 etc.
1817 2492 2014 2554 Nullus
2040 2496 2110 2556 de

520 2579 670 2628 tanta
719 2574 1069 2635 multitudine
1113 2579 1468 2652 iniquorum,
1516 2592 1610 2640 aut
1658 2600 1976 2660 compassus
2023 2604 2108 2651 est

516 2665 801 2725 doloribus
827 2672 985 2739 meis,
1019 2682 1113 2729 aut
1133 2674 1345 2731 exstitit
1364 2679 1697 2736 consolator.

581 2760 847 2819 Dederunt
877 2766 930 2821 in
957 2783 1123 2822 escam
1151 2785 1319 2825 meam
1345 2771 1416 2842 fel
1438 2789 1457 2827 :
1480 2782 1528 2828 et
1555 2774 1609 2830 in
1635 2776 1724 2832 siti
1755 2794 1869 2835 mea
1895 2789 2106 2853 potave-

502 2865 623 2910 ruut
650 2874 730 2912 me
755 2867 922 2916 aceto.
954 2862 1068 2921 Hoc
1097 2867 1208 2935 jam
1261 2869 1592 2941 completum
1623 2887 1765 2944 esse,
1813 2878 1865 2932 in
1919 2877 2103 2934 Evan-

504 2952 662 3024 geliis
704 2954 933 3027 legimus
977 2976 990 3015 :
1034 2975 1196 3029 cum,
1259 2964 1477 3023 sitiente
1522 2968 1749 3025 Domino
1796 2971 1851 3026 in
1904 2986 2098 3040 cruce,

501 3056 715 3102 acetum
744 3063 866 3105 cum
888 3050 1018 3109 felle
1041 3054 1270 3111 mixtum
1294 3057 1485 3115 bibere
1515 3073 1877 3132 porrexerunt
1902 3065 2091 3139 (Joan.

501 3140 637 3209 XIX).
672 3139 741 3196 Et
787 3157 852 3198 ex
885 3143 1009 3213 hoc,
1044 3156 1097 3202 et
1125 3163 1190 3204 ex
1236 3151 1347 3208 alio
1379 3153 1697 3212 teetimonio
1725 3158 2045 3229 intelligitur
2078 3178 2094 3216 :

500 3232 646 3302 quod
677 3232 743 3288 ad
772 3234 1054 3293 Christum
1087 3242 1330 3311 psalmus
1360 3246 1554 3303 referri
1582 3248 1797 3307 debeat.

572 3323 697 3382 Fiat
718 3344 889 3385 mensa
913 3348 1091 3389 eorum
1118 3352 1291 3393 coram
1318 3340 1468 3413 ipsis.
1504 3343 1659 3401 Dicta
1688 3344 1846 3417 Legis
1879 3357 1930 3403 et
1962 3364 2094 3421 pro-

501 3416 788 3487 phetarum
818 3439 834 3478 :
864 3425 933 3481 ad
974 3443 1135 3497 quam
1168 3445 1315 3504 saepe
1340 3438 1733 3496 convenientes
1772 3441 2095 3501 reficieban-

498 3518 605 3566 tur.
633 3510 701 3567 In
721 3512 990 3589 laqueum,
1014 3529 1063 3575 et
1092 3522 1145 3577 in
1166 3526 1528 3584 retributiones
1548 3574 1563 3601 ,
1591 3541 1641 3587 et
1671 3534 1726 3588 in
1763 3536 2087 3593 scandalum.

500 3605 570 3663 Ut
601 3624 709 3665 non
741 3611 1049 3688 intelligant
1085 3619 1217 3678 inibi
1265 3622 1552 3684 Dominum
1600 3632 1927 3688 nuntiatum.
1956 3634 2089 3690 Num

496 3709 555 3757 et
597 3703 861 3764 Dominus
905 3710 958 3767 in
990 3712 1303 3787 Evangeliis
1330 3720 1467 3778 dixit
1500 3741 1514 3780 :
1543 3723 1759 3798 Moyses
1802 3742 1899 3785 vos
1928 3744 2090 3785 accu-

450 3836 453 3839 λ
494 3807 577 3851 sat
624 3799 676 3854 in
712 3816 874 3874 quem
924 3810 1163 3878 speratis
1202 3810 1386 3884 (Joan.
1437 3814 1514 3889 v).
1562 3818 1639 3875 De
1680 3835 1767 3877 me
1807 3822 1952 3879 enim
1996 3825 2089 3882 ille

491 3891 735 3962 scripsit.
1379 3955 1387 3962 .

565 3984 922 4045 Obscurentur
959 3996 1099 4050 oculi
1136 4013 1316 4054 eorum
1346 4018 1408 4058 ne
1451 4004 1680 4061 videant.
1733 4007 2084 4069 Divinitatem

488 4078 593 4135 sub
622 4078 918 4153 fragilitate
949 4085 1227 4147 latentem.
1260 4091 1334 4148 Ut
1359 4109 1464 4150 non
1517 4096 1758 4155 videant.
1809 4102 1927 4160 Hoc
1968 4114 2089 4162 erat

487 4171 636 4238 quod
670 4176 1012 4247 precabatur,
1048 4197 1293 4239 mensam
1329 4201 1518 4244 eorum
1552 4190 1671 4248 lleri
1706 4193 1758 4248 in
1787 4195 2082 4267 laqueum:

486 4277 559 4320 ne
588 4264 720 4338 legis
749 4271 959 4329 scilicet
992 4289 1336 4336 sacramenta
1385 4297 1803 4355 cognoscerent.
1852 4264 1921 4344 Et
1962 4294 2086 4347 dor—
2166 4317 2173 4323 -

486 4371 602 4412 sum
650 4376 832 4418 eorum
879 4383 1083 4439 semper
1124 4371 1359 4429 incurva.
1417 4375 1489 4432 Ut
1536 4377 1798 4437 Romanis
1843 4387 2085 4443 serviant

486 4462 725 4523 semper.
774 4456 869 4515 Vel
912 4461 1018 4517 sub
1045 4478 1215 4521 onere
1246 4465 1383 4538 legis
1419 4485 1432 4523 :
1462 4470 1608 4542 quod
1638 4475 1942 4532 secundum
1993 4478 2082 4534 lit-

485 4550 661 4601 teram
695 4546 840 4607 l'erre
871 4556 1048 4623 potuit
1076 4573 1259 4615 nemo.

556 4636 789 4706 E/funde
830 4661 988 4717 super
1034 4667 1123 4705 eos
1150 4652 1286 4708 iram
1327 4663 1509 4726 tuam,
1562 4668 1609 4714 et
1640 4664 1791 4733 furor
1835 4664 1929 4719 ira:
1976 4676 2078 4721 tua:

481 4735 886 4802 comprehendat
914 4755 1018 4796 eos.
1049 4740 1174 4798 Fiat
1219 4747 1469 4806 habitatio
1498 4766 1675 4807 eorum
1705 4753 1934 4825 deserta,
1963 4767 2069 4814 etc.

481 4821 612 4880 Haec
662 4827 847 4885 omnia
890 4830 943 4886 in
988 4837 1282 4895 eversione
1321 4840 1678 4915 Jerosolyma
1724 4848 1827 4905 sub
1855 4849 1979 4907 Tito
2019 4862 2075 4908 et

481 4914 821 4988 Vespasiano
863 4926 1135 4997 completa
1186 4942 1334 4988 sunt.
1382 4933 1477 4991 Vel
1511 4914 1616 4993 hoc
1659 4948 1746 4994 est
1773 4941 1920 5011 quod
1948 4945 2071 5001 ait:

480 5008 794 5070 Dimittetnr
825 5016 980 5073 vobis
1010 5018 1206 5079 domus
1234 5035 1412 5080 vestra
1454 5027 1669 5085 deserta
1713 5008 1930 5104 (Matth.
1962 5034 2066 5109 ιιι).

478 5100 795 5195 Recedente
841 5110 908 5166 de
957 5111 1147 5169 Judma
1192 5114 1434 5187 Christo,
1478 5134 1670 5179 omnes
1699 5100 1905 5195 pariter
1945 5100 2068 5183 cum

478 5192 573 5249 illo
604 5193 954 5258 recesserunt
981 5205 1238 5263 virtutes.

551 5289 809 5358 Quoniam
847 5313 998 5367 quem
1047 5308 1101 5354 tu
1149 5307 1453 5375 percussisti
1491 5308 1595 5378 ipsi
1631 5311 1885 5382 persecuti
1922 5321 2065 5367 sunt.

474 5379 551 5437 De
575 5397 636 5440 se
666 5384 784 5442 hrec
805 5386 1057 5448 Christus
1084 5393 1151 5449 ad
1176 5395 1387 5453 Patrem
1413 5379 1678 5472 loquitur,
1710 5403 1855 5458 sicut
1885 5404 1936 5459 in
1960 5405 2067 5461 alio

472 5475 741 5547 propheta
771 5494 841 5537 ex
870 5499 1103 5555 persona
1131 5487 1310 5545 Patris
1347 5490 1581 5563 legimus
1610 5494 1813 5552 dictum
1850 5514 1862 5549 :
1896 5495 2067 5566 Pr0p-

469 5577 555 5662 ter
606 5585 823 5642 peccata
867 5580 1052 5650 populi
1110 5587 1359 5654 percussi
1411 5601 1535 5643 eum
1582 5587 1729 5662 (Isa.
1793 5587 1938 5661 tut).
1996 5590 2064 5647 Et

465 5660 666 5720 lterum
702 5687 715 5721 :
751 5668 1060 5729 Percutiam
1097 5688 1396 5748 pastorem,
1426 5691 1481 5736 et
1522 5660 1905 5755 disperguntur
1933 5701 2062 5743 oves

465 5760 642 5830 gregis
668 5760 856 5834 (Zach.
877 5770 1022 5839 xm).
1050 5770 1351 5831 Percussus
1374 5786 1457 5834 est
1482 5778 1630 5835 enim
1655 5787 1715 5835 ut
1743 5774 1843 5838 nos
1872 5793 2060 5837 resur-

467 5863 723 5919 geremus
768 5876 779 5911 :
821 5859 1137 5921 vulneratus
1181 5877 1286 5936 est,
1315 5877 1373 5923 ut
1402 5885 1501 5928 nos
1552 5881 1794 5931 sanaret.
1843 5872 1953 5931 Sed
2005 5885 2059 5932 et

2218 529 2401 603 (Joan.
2461 536 2578 610 xix)
2625 543 2871 614 martyrii
2906 544 3273 621 baptismique
3330 529 3578 625 praetulit
3606 529 3784 629 typum,

2219 639 2315 696 per
2343 629 2491 699 quod
2521 631 2627 687 itur
2654 632 2721 688 ad
2746 635 2968 692 cmlum.
2999 637 3070 694 Et
3096 659 3259 710 super
3283 646 3520 703 dolorem
3552 646 3787 707 vulnerum

2218 734 2451 776 meorum
2483 724 2820 784 addiderunt.
2863 731 2996 788 Cum
3044 735 3133 792 vel
3163 736 3507 812 Ecclesium,
3556 742 3647 800 vel
3679 758 3789 815 apo-

2219 816 2395 873 stolos
2426 823 2699 890 persecuti
2727 834 2875 883 sunt.

2289 907 2509 983 Appone
2545 914 2865 986 iniquitatem
2894 938 3050 994 super
3076 925 3400 998 iniquitatem
3429 945 3632 984 eorum.
3663 929 3789 989 Sicut

2217 1003 2363 1059 enim
2388 1006 2532 1075 quod
2564 1024 2651 1066 me
2698 1028 2806 1070 non
2834 1015 3218 1090 crediderunt,
3249 1022 3318 1079 ad
3360 1024 3703 1097 iniquitatem
3727 1030 3790 1083 eis

2218 1107 2304 1152 est
2330 1110 2642 1169 reputatum
2670 1121 2684 1159 :
2720 1105 2796 1161 ita
2822 1110 2965 1182 quod
3008 1128 3095 1170 me
3117 1119 3394 1187 persecuti
3438 1128 3592 1186 sunt,
3626 1120 3791 1192 iniqui-

2222 1191 2317 1244 tati
2366 1190 2497 1249 huic
2538 1195 2855 1265 adjiciatur.
2890 1201 2961 1258 Et
3010 1222 3116 1261 non
3161 1207 3353 1265 intrent
3387 1213 3444 1266 in
3468 1190 3788 1286 justitiahta.

2219 1280 2498 1343 leorum
2527 1303 2655 1345 cum
2682 1293 2844 1363 justis
2874 1311 2984 1354 non
3014 1301 3239 1372 capiant
3268 1319 3458 1376 regna.

2297 1377 2593 1438 Deleantur
2641 1389 2705 1440 de
2750 1387 2887 1443 libro
2915 1393 3220 1462 viventium,
3268 1406 3318 1452 et
3364 1414 3484 1453 cum
3513 1400 3677 1473 justis
3710 1419 3792 1458 non

2220 1472 2533 1532 scribantur.
2560 1478 2708 1535 Duos
2731 1480 2825 1538 hic
2848 1483 3021 1540 libros
3056 1486 3268 1545 iudicat
3316 1472 3557 1563 scriptos
3588 1510 3604 1550 :
3632 1496 3792 1552 viven-

2222 1564 2356 1622 tium
2381 1582 2443 1623 ac
2465 1568 2763 1640 iustorum.
2800 1575 2952 1632 Unde
2979 1577 3536 1653 animadvertendum
3568 1588 3791 1658 estquod

2221 1656 2317 1716 ille
2371 1661 2443 1718 sit
2484 1664 2808 1735 viventium,
2841 1671 2893 1725 in
2918 1687 3027 1741 quo
3050 1683 3182 1731 ante
3216 1675 3514 1734 adventum
3557 1680 3653 1737 Dei
3688 1656 3792 1753 pro-

2223 1759 2403 1830 pheta:
2446 1779 2510 1821 ac
2543 1768 2868 1836 patriarcha:
2913 1773 3099 1845 scripti
3130 1783 3279 1831 sunt.
3314 1774 3393 1831 De
3422 1789 3534 1846 quo
3580 1775 3789 1847 Moyses,

3451 1868 3537 1925 eis
3573 1884 3750 1925 noxam
3774 1886 3789 1930 :

2221 1947 2344 2005 dele
2389 1966 2476 2007 me
2525 1952 2595 2009 de
2646 1953 2795 2012 libro
2844 1973 3007 2028 quem
3040 1961 3313 2031 scripsisti
3368 1958 3574 2035 (Exod.
3621 1960 3789 2034 xxxii).

2219 2038 2498 2099 Justorum
2532 2060 2663 2102 vero
2694 2047 2825 2105 dicit
2854 2049 3004 2106 illum
3051 2052 3122 2109 de
3164 2068 3272 2125 quo
3300 2053 3569 2110 Dominus
3609 2054 3676 2108 ad
3713 2070 3790 2111 eos

2217 2132 2310 2204 qui
2335 2149 2432 2204 per
2461 2135 2618 2193 ﬁdem
2640 2140 2812 2195 secuti
2832 2150 2981 2213 sunt,
3004 2143 3079 2199 ait
3105 2162 3119 2200 :
3146 2144 3390 2201 Gaudete
3416 2154 3471 2200 et
3493 2147 3788 2202 exsultate:

2216 2229 2343 2301 quia
2394 2232 2613 2290 nomina
2647 2242 2835 2291 vestra
2868 2238 3073 2309 scripta
3103 2248 3233 2295 sunt
3278 2239 3333 2295 in
3364 2238 3509 2296 caelo
3538 2238 3687 2311 (Luc.
3721 2241 3785 2310 ι).

2216 2320 2607 2382 Persecutores
2636 2342 2768 2400 ergo
2799 2329 2910 2399 isti,
2943 2339 2998 2387 et
3021 2346 3050 2387 a
3083 2332 3259 2403 primo
3301 2330 3443 2387 libro
3468 2331 3632 2390 deleti
3653 2343 3781 2402 sunt,

2212 2426 2268 2473 et
2298 2419 2349 2474 in
2381 2421 2629 2477 secundo
2654 2438 2760 2480 non
2787 2434 2916 2481 sunt
2941 2428 3155 2500 scripti.

2283 2510 2399 2585 Ego
2443 2531 2558 2570 sunt
2589 2534 2787 2593 pauper
2839 2529 2888 2575 et
2925 2522 3129 2577 dolens.
3153 2520 3211 2577 In
3242 2521 3534 2580 Passione.
3570 2521 3635 2578 Et
3654 2522 3779 2577 salus

2209 2613 2335 2671 tua,
2384 2606 2559 2677 Deus,
2604 2614 2828 2684 suscepit
2874 2630 2978 2669 me.
3038 2613 3461 2688 Resurgentem.
3506 2614 3639 2671 Hinc
3678 2615 3776 2686 jam

2207 2697 2474 2769 propheta
2500 2701 2739 2774 loquitur
2771 2724 2786 2761 :
2820 2705 2933 2777 Ego
2959 2724 3076 2762 sum
3100 2724 3322 2780 pauper,
3344 2718 3394 2763 et
3418 2708 3601 2764 dolens
3625 2728 3636 2761 :
3658 2710 3773 2763 Cum

2205 2789 2351 2844 enim
2382 2800 2533 2848 esset
2574 2794 2750 2863 dives,
2783 2811 2884 2867 pro
2938 2799 3100 2855 nobis
3151 2815 3358 2872 pauper
3387 2800 3565 2857 factus
3592 2809 3695 2870 est,
3727 2810 3775 2855 et

2204 2884 2541 2954 compeditos
2580 2902 2710 2943 suos
2744 2904 2848 2946 non
2892 2891 3169 2963 despexit.
3208 2895 3513 2951 Possumus
3537 2894 3633 2950 hoc
3661 2911 3771 2953 rer-

2204 2975 2375 3032 siculo
2396 2979 2492 3045 uti,
2520 2979 2565 3036 si
2584 2983 2801 3051 quando
2824 2985 2875 3040 in
2904 2984 3093 3043 laudes
3115 2996 3423 3060 martyrum
3454 3003 3766 3060 peroremus.

2199 3068 2427 3138 Quidam
2461 3083 2515 3129 et
2556 3075 2625 3131 de
2651 3077 2937 3135 animabus
2969 3078 3074 3136 hoc
3125 3081 3355 3150 intelligi
3405 3091 3614 3153 putant,
3643 3082 3769 3153 quod

2200 3163 2402 3221 clausae
2427 3168 2754 3237 corporibus
2781 3186 2889 3226 non
2916 3171 3190 3243 despectat
3220 3174 3333 3229 sint
3354 3189 3384 3228 a
3416 3174 3552 3232 Deo.

2269 3259 2523 3318 Laudabo
2552 3280 2737 3320 nomen
2762 3263 2863 3321 Dei
2885 3268 2985 3322 mei
3016 3284 3134 3323 cum
3163 3271 3369 3325 cantico
3394 3287 3412 3323 :
3443 3270 3765 3342 rnaguiﬁcabo

2197 3369 2313 3407 cum
2359 3355 2411 3409 in
2444 3355 2618 3412 laude.
2667 3358 2821 3428 Quod
2855 3360 2943 3418 vel
2972 3359 3042 3418 de
3072 3361 3290 3419 diabolo
3348 3362 3761 3435 triumphaverit,

2197 3445 2282 3500 vel
2309 3446 2501 3503 vicerit
2528 3450 2815 3507 mundum.

2266 3537 2502 3596 Placebit
2547 3540 2677 3599 Deo.
2707 3543 2764 3599 Id
2791 3552 2896 3612 est,
2926 3545 3097 3601 Patri.
3151 3545 3325 3620 Super
3366 3548 3582 3603 uitulum
3613 3547 3761 3603 nare!-

2194 3634 2321 3689 lum.
2348 3635 2451 3703 Qui
2475 3637 2715 3707 seipsum
2736 3639 2937 3696 obtulit
2962 3640 3232 3698 Genitori.
3262 3641 3481 3698 Cornua
3502 3646 3762 3718 producen-

2195 3733 2315 3781 tem.
2348 3727 2748 3787 Fortitudinem
2807 3732 3072 3790 Ecolesiaa
3120 3736 3363 3791 dantem.
3428 3737 3497 3793 Et
3542 3737 3755 3809 ungulas.

2193 3817 2401 3887 Quibus
2432 3823 2722 3894 sacrilegia
2755 3826 3039 3883 conculcet
3070 3832 3316 3900 gentium
3346 3845 3414 3888 ac
3437 3830 3668 3887 divellat.

2270 3911 2497 3968 Videant
2549 3931 2800 3988 pauperes
2860 3928 2909 3972 et
2966 3918 3234 3977 laetentur.
3280 3922 3439 3992 Quod
3506 3922 3757 3979 humiliala

2189 4007 2583 4077 superStitionc
2625 4009 2935 4082 gentilium,
2963 4011 3227 4071 Ecclesize
3260 4015 3478 4072 Domini
3510 4016 3757 4073 extollitur

2190 4112 2437 4169 regnum.
2496 4101 2723 4168 Quaerite
2764 4102 3067 4173 Dominum,
3116 4116 3161 4161 et
3213 4109 3344 4163 vivet
3390 4111 3561 4163 anima
3588 4118 3749 4163 vestra.

2188 4190 2320 4261 Qum
2350 4208 2495 4249 nunc
2526 4205 2737 4252 mortua
2769 4206 2856 4253 est
2883 4199 3148 4268 peccatis.

2265 4285 2525 4353 Quoniam
2567 4289 2832 4343 exaudivit
2875 4306 3131 4363 pauperes
3158 4291 3437 4350 Dominus.
3469 4294 3543 4352 Ut
3575 4309 3660 4351 eos
3685 4307 3753 4349 re-

2189 4380 2509 4436 suscitaret.
2563 4380 2634 4435 Et
2661 4382 2860 4437 vinctos
2889 4399 3012 4438 suos
3042 4400 3148 4439 non
3177 4384 3431 4455 despexit.
3481 4387 3632 4457 Quia,
3659 4387 3753 4441 dis-

2185 4474 2362 4545 ruptis
2390 4473 2594 4529 diaboli
2619 4476 2882 4543 nexibus,
2914 4490 3011 4531 eos
3035 4493 3202 4549 regno
3230 4493 3330 4535 suo
3362 4481 3582 4538 ascivit.

2257 4567 2500 4623 Laudent
2527 4567 2680 4624 illum
2703 4568 2816 4624 cadi
2841 4578 2886 4622 et
2916 4579 3051 4624 terra
3086 4586 3105 4625 :
3127 4587 3267 4627 mare
3298 4580 3349 4627 et
3373 4575 3550 4629 omnia
3576 4573 3757 4646 reptilia

2183 4662 2236 4717 in
2267 4662 2356 4717 eis.
2392 4660 2501 4731 ipsi
2538 4661 2722 4717 omnia
2766 4675 2910 4732 genu
2958 4661 3183 4720 ﬂectant
3227 4663 3569 4735 caelestium,
3609 4678 3758 4723 terre-

2183 4755 2397 4822 strium,
2422 4766 2476 4811 et
2509 4754 2873 4813 infernorum.

2257 4848 2520 4916 Quoniam
2546 4846 2684 4903 Deus
2713 4847 2911 4903 salvam
2940 4851 3096 4922 faciet
3121 4850 3272 4908 Sion.
3301 4852 3592 4911 Caelestem
3620 4851 3762 4911 leru-

2180 4942 2376 5007 salem,
2407 4944 2458 4997 in
2500 4956 2603 5013 qua
2635 4941 2841 4999 electos
2882 4958 3012 5000 suos
3043 4959 3140 5015 pro
3178 4947 3390 5002 meritis
3431 4948 3680 5004 adunabit
3713 4946 3759 5002 in

2181 5052 2290 5093 uno
2311 5051 2542 5107 corpore
2572 5036 2719 5092 illius
2751 5037 2946 5094 matris
2981 5039 3242 5095 caelestis.
3275 5038 3344 5093 Et
3383 5042 3760 5111 wdiﬁcabuntur

2180 5130 2411 5186 civitates
2432 5128 2612 5185 Iudae.
2643 5130 2855 5184 Anima:
2896 5141 3232 5197 sanctorum,
3265 5148 3392 5204 quas
3433 5150 3533 5205 per
3566 5131 3760 5189 coales-

2180 5223 2390 5280 sionem
2424 5224 2474 5278 in
2520 5220 2779 5292 templum
2826 5230 3076 5278 sanctum
3120 5232 3394 5296 tamquam
3432 5227 3537 5283 vivi
3567 5226 3760 5298 lapides

2178 5313 2521 5372 deferuntur.

2249 5408 2319 5464 Et
2347 5407 2708 5464 inhabitabant
2738 5409 2828 5476 ibi,
2859 5418 2909 5465 et
2933 5410 3237 5467 hteredilate
3263 5416 3533 5485 nequirent
3559 5432 3684 5480 earn,
3713 5423 3760 5470 et

2174 5518 2348 5557 semen
2368 5518 2631 5558 servorum
2650 5504 2760 5573 eius
2789 5503 3065 5573 possidebit
3082 5520 3219 5571 eant,
3244 5519 3349 5563 etc.
3375 5508 3560 5566 Sancti
3581 5510 3760 5580 utique

2172 5597 2262 5668 qui
2296 5596 2349 5652 in
2384 5611 2506 5653 eam
2541 5593 2956 5652 transferuntur.
2990 5598 3088 5654 Vel
3113 5613 3302 5655 semen
3332 5615 3548 5667 eorum,
3578 5602 3630 5658 id
3656 5607 3752 5667 est,

2169 5690 2263 5762 qui
2295 5704 2391 5761 per
2416 5704 2513 5745 eos
2539 5688 2793 5747 conversi
2822 5699 2970 5744 sunt.
3003 5688 3111 5745 Sed
3158 5693 3286 5762 quia
3329 5693 3522 5750 titulus
3574 5691 3753 5765 psalmi

2169 5797 2271 5855 pro
2314 5782 2398 5838 his
2447 5783 2539 5853 qui
2598 5780 3078 5839 eommutabuntur
3132 5783 3497 5844 inscribitur:
3543 5798 3751 5844 oremus

2171 5877 2484 5949 Dominum,
2518 5885 2575 5935 ut
2603 5890 2702 5934 nos
2739 5891 2767 5932 a
2813 5876 3119 5950 gentilitate
3162 5893 3483 5953 conversos,
3514 5881 3565 5940 in
3607 5880 3752 5938 ludat
