3954 6340
165 311 279 376 1099

1026 298 1458 361 BREVI.\itIU.\i
1498 300 1562 362 IN
1601 299 1937 362 PSALMOS.
1979 300 2230 361 PSALM.
2271 298 2437 358 LXX.

3257 290 3398 356 ιοεσ

162 427 372 484 civitates
401 416 642 487 aedificet,
676 426 732 472 et
756 431 786 472 a
809 415 940 489 jugo
969 417 1168 474 diaboli
1202 421 1504 485 absolutos,
1531 428 1586 473 ut
1616 434 1698 474 so-
1722 422 1772 482 Α
1803 420 1945 475 salva
1968 436 2067 474 me.
2101 420 2277 474 Aures
2310 413 2526 472 Domini
2561 411 2841 481 dicuntur,
2875 409 3095 484 quando
3132 410 3396 466 exaudire

161 520 285 576 bolos
327 513 498 583 diligat
534 510 800 581 proprias.
838 509 907 567 Ut
946 526 1086 581 quos
1131 511 1365 567 redemit
1406 527 1502 583 per
1548 511 1696 567 fellis

157 606 540 672 amaritudinem,
588 619 682 673 per
743 604 886 660 aceti
935 605 1317 675 asperitatem,
1372 622 1469 676 per
1517 606 1696 662 crucis

158 699 400 773 supplicia,
432 712 522 768 per
542 698 820 753 clavorum
859 698 1111 764 vulnera,
1144 715 1243 770 per
1272 701 1466 756 mortis
1497 710 1694 756 contu-

153 795 356 859 meliam,
389 806 478 862 per
519 790 750 862 gloriam
801 792 1254 861 resurrectionis,
1285 795 1366 850 sic
1415 794 1696 852 custodire

154 888 364 958 dignetur
391 883 440 938 in
461 883 683 951 saeculo,
721 890 783 938 ut
811 883 972 940 faciat
1009 885 1304 958 participes
1343 887 1548 944 sanctis
1579 887 1696 945 suis

153 978 198 1034 in
223 989 387 1047 regno.
408 976 595 1030 Amen.

627 1066 946 1126 PSALMUS
987 1069 1171 1126 LXIX.

152 1160 204 1216 In
219 1162 374 1238 ﬁnem,
407 1157 646 1238 Psalmus
680 1159 856 1238 D_arid_
874 1163 928 1215 in
980 1165 1430 1238 remeentoratione,
1455 1183 1515 1222 eo
1553 1166 1692 1238 quod

205 1233 374 1309 saluum
403 1233 662 1309 fec_it_e_um
701 1230 980 1309 Dominus.
1018 1234 1122 1309 I_ste
1171 1230 1424 1306 psalmus
1455 1254 1522 1292 ex
1565 1230 1696 1309 per-

203 1319 313 1430 sopa
337 1303 542 1429 Delmini
566 1305 899 1374 incorporati
926 1303 1538 1378 caniturfdeprecantis
1557 1303 1693 1379 prae-

203 1393 238 1430 st
277 1389 374 1429 tum
442 1385 591 1430 atris.

202 1467 348 1536 Deus,
376 1469 425 1522 in
461 1469 780 1540 adjutorium
823 1487 993 1526 meum
1023 1472 1230 1527 intende
1263 1490 1280 1531 :
1310 1471 1552 1542 Domine,
1582 1483 1690 1531 etc.

146 1564 361 1621 Nostrum
390 1563 994 1635 adjutnriumeristus
1035 1576 1140 1634 est,
1191 1569 1284 1639 qui
1328 1584 1472 1624 nunc
1518 1568 1695 1626 Patris

147 1658 365 1712 auxilium
394 1658 626 1729 postulat
657 1657 724 1714 ad
764 1660 1127 1718 confutandos
1169 1676 1286 1731 eos,
1319 1663 1408 1734 qui
1458 1662 1559 1718 sibi
1597 1663 1693 1719 ad-

146 1760 407 1808 versantur.

199 1864 574 1939 Confundantur
624 1877 670 1922 et
702 1879 1034 1924 revererentur
1061 1871 1153 1941 qui
1195 1880 1434 1941 qua'runt
1464 1871 1693 1924 animam

145 1977 298 2030 nteant,
329 1970 378 2014 ut
416 1962 662 2033 auferant
705 1979 838 2018 eam.
866 1963 923 2018 lu
957 1963 1061 2019 hoc
1089 1964 1233 2019 enim
1263 1964 1692 2032 conlunduntur,

144 2068 240 2107 cum
277 2068 390 2108 eum
441 2053 599 2124 cujus
646 2054 882 2110 animant
917 2053 1134 2111 auferre
1175 2054 1488 2124 voluerunt,
1514 2069 1696 2110 resur-

143 2147 315 2203 rcxi:se
336 2158 689 2220 cognoscunt.

201 2242 480 2295 Arertantur
511 2252 819 2312 retrorsum,
850 2252 898 2297 et
929 2241 1227 2297 erubescant
1255 2241 1342 2311 qui
1373 2241 1546 2295 t'olunl
1569 2239 1697 2294 mihi

147 2334 278 2390 uiola.
316 2335 426 2391 Non
464 2337 820 2391 immutentur
865 2335 920 2391 in
960 2335 1364 2392 resurrectione
1408 2349 1530 2388 cum
1575 2348 1700 2387 sau-

151 2425 346 2496 ctis,sed
377 2439 674 2484 retrorsum
698 2431 946 2484 conversi
963 2430 1376 2484 erubescentes:
1395 2427 1520 2499 quia
1540 2441 1698 2498 quem

147 2519 456 2577 utbominetn
476 2521 884 2592 judicaverunt,
905 2522 1157 2593 judicare
1182 2532 1240 2576 ut
1265 2521 1431 2576 Deum
1448 2527 1699 2576 cernunt.

201 2615 481 2669 Avertantur
532 2617 712 2670 statim
754 2615 1100 2671 erubescentes
1143 2633 1162 2670 :
1197 2616 1287 2687 qni
1339 2615 1519 2669 dicunt
1576 2613 1704 2668 milii

147 2719 264 2776 euge,
292 2724 426 2779 euge.
458 2707 808 2765 lrridentium
841 2711 957 2765 haec
988 2724 1091 2764 vox
1115 2719 1218 2774 est,
1247 2724 1368 2780 quae
1390 2707 1456 2763 ad
1485 2723 1582 2764 eos
1615 2722 1704 2764 re-

146 2798 289 2855 fertur
315 2803 403 2873 qui
429 2803 693 2859 dicebant
727 2821 740 2858 :
773 2805 828 2860 Si
857 2803 1026 2859 Filius
1056 2805 1152 2859 Dei
1192 2820 1275 2871 es,
1323 2802 1592 2860 descende
1638 2803 1706 2860 de

146 2905 308 2960 cruce;
333 2905 382 2949 et
408 2895 898 2952 iterum:Conftdit
927 2897 980 2951 in
1015 2897 1185 2952 Deum
1219 2915 1231 2949 :
1260 2897 1454 2954 liberet
1483 2912 1628 2962 cum,
1661 2897 1707 2952 si

145 2991 239 3045 vult
265 2989 470 3064 (Matth.
503 2993 709 3062 xxvn).
742 2992 871 3048 Post
897 2993 1192 3062 impiorum
1215 3008 1344 3048 vero
1372 3007 1614 3062 pcenam,
1640 2989 1707 3046 ad

147 3080 338 3152 gloriam
365 3084 703 3139 convertitur
733 3084 1044 3140 beatorum.

205 3171 456 3231 Exsulteat
480 3185 528 3231 et
571 3177 812 3231 la'tentur
844 3177 896 3231 in
927 3188 974 3232 te
1020 3193 1193 3232 omnes
1231 3177 1320 3248 qui
1367 3187 1602 3250 quierunt
1640 3186 1706 3231 te.

149 3264 230 3334 Qui
258 3284 344 3337 per
373 3269 648 3344 lacrymas
677 3271 1012 3340 paenitentiae
1049 3280 1122 3338 te,
1149 3271 1241 3340 qui
1284 3270 1600 3326 misericors
1627 3285 1708 3337 es,

147 3363 421 3432 requirnnt.
454 3365 519 3418 Et
563 3365 744 3419 dicant
766 3381 966 3436 semper
994 3381 1012 3420 :
1042 3365 1406 3436 magni/iretur
1434 3363 1710 3419 Dominus.

148 3454 358 3526 Accepta
385 3457 731 3530 indulgentia
778 3469 1150 3528 peccatorum.
1184 3457 1287 3523 Qui
1313 3457 1536 3530 diligunt
1572 3456 1716 3512 salu-

149 3559 414 3607 taretuum.
440 3553 752 3626 Diligentes
779 3563 869 3608 te:
901 3570 966 3610 co
989 3553 1133 3624 quod
1173 3554 1248 3610 sis
1300 3553 1540 3609 omnium
1585 3553 1713 3609 vita.

210 3644 310 3720 Ego
361 3665 473 3702 vero
523 3664 718 3720 egenus
768 3665 882 3702 sum
935 3657 981 3702 et
1025 3664 1218 3720 pauper
1247 3665 1264 3701 :
1300 3646 1576 3714 Dominus,
1609 3658 1716 3704 etc.

148 3739 368 3798 Christus
402 3742 673 3798 Dominus
714 3756 772 3796 se
824 3741 1020 3797 crebro
1064 3756 1296 3812 egenum
1325 3751 1378 3796 et
1427 3756 1720 3811 pauperem

150 3848 310 3892 vocat:
337 3839 491 3910 cujus
505 3854 640 3894 cura
661 3838 713 3891 in
734 3846 974 3908 paternre
997 3836 1216 3907 pietatis
1235 3852 1420 3891 amore
1449 3836 1722 3891 consistit.

207 3930 420 4002 AtljtllOl’
449 3946 626 3998 naeus,
651 3939 698 3984 et
733 3939 993 4000 protector
1026 3945 1170 3983 meus
1205 3945 1258 3982 es
1282 3937 1360 3996 tu,
1391 3925 1532 3982 Deus
1557 3944 1723 3995 nteus,

151 4039 202 4076 tte
225 4026 527 4081 tardaveris.
556 4025 696 4080 Hine
719 4025 862 4079 enim
896 4024 1166 4095 passionis
1190 4031 1433 4095 tempore
1463 4022 1728 4093 discipulo

147 4115 273 4173 dixit
305 4136 316 4172 :
351 4119 508 4187 Quod
539 4118 677 4174 facis
715 4119 798 4173 lae
835 4116 1071 4174 celerius
1101 4115 1284 4189 (Joan.
1322 4116 1446 4188 xm)
1475 4134 1489 4182 ;
1521 4116 1733 4172 scilicet

150 4216 201 4262 ut
225 4212 533 4280 passionem
568 4211 818 4281 corporis
847 4210 1005 4267 velox
1055 4212 1474 4267 resurrectionis
1525 4209 1733 4280 adjuto-

148 4301 272 4358 rium
298 4306 662 4374 prmveniret.
694 4304 796 4373 Qui
826 4305 1146 4360 vulneratus
1170 4314 1253 4360 est
1287 4314 1508 4376 propter
1539 4318 1734 4375 pucea.

150 4401 194 4448 ta
221 4405 426 4465 nostra,
457 4408 516 4454 et
550 4398 857 4453 resurrexit
884 4405 1109 4470 propter
1143 4397 1594 4468 justiticationem
1641 4414 1738 4454 no-

149 4497 299 4546 stram
327 4511 338 4547 :
364 4493 486 4564 ipse
519 4491 686 4547 nobis
725 4508 870 4548 nunc
899 4491 1158 4548 auxilium
1191 4495 1243 4549 in
1278 4502 1523 4565 tempore
1563 4495 1739 4550 tribu-

150 4579 356 4641 lationis
381 4586 747 4643 miseratione
777 4587 937 4641 solita
978 4585 1262 4657 largiatur,
1296 4599 1356 4643 ut
1383 4603 1505 4643 cum
1535 4588 1741 4643 sanctis
1770 4614 1825 4676 ι)

148 4677 250 4746 ejus
280 4680 659 4749 exsultantes,
698 4695 822 4737 eum
868 4680 1221 4752 magniﬁcare
1267 4690 1430 4753 atque
1478 4681 1747 4739 extollere

149 4772 434 4832 valeamus.
472 4776 679 4832 Amen.

685 4845 1003 4904 PSALMUS
1044 4846 1209 4903 LXX.

152 4935 383 4996 Psalmus
421 4941 636 5014 Dauid,
667 4942 897 5011 ﬁliorum
944 4941 1215 5010 Ionadab,
1239 4953 1286 4996 et
1317 4941 1552 5014 priorum
1586 4942 1752 5009 capti-

202 5025 400 5067 uorum.
431 5013 551 5069 Iste
576 5015 824 5083 psalmus
851 5027 1041 5069 vocem
1063 5013 1324 5070 continet
1341 5016 1618 5084 proplietrc
1645 5035 1658 5072 :
1681 5016 1752 5071 de

216 5083 308 5158 illa
336 5085 743 5158 Redemptoris
783 5085 1088 5141 humilitate
1117 5083 1383 5158 corporea
1417 5083 1755 5158 conqueren-

219 5157 309 5224 tis,
337 5171 404 5213 ac
436 5156 511 5213 de
541 5159 669 5227 ejus
697 5158 1102 5214 resurrectione
1123 5157 1359 5230 gloriosa
1387 5156 1657 5214 canentis.

217 5270 281 5327 In
315 5282 389 5343 te,
419 5271 686 5340 Domine,
709 5275 936 5344 sperari,
965 5291 1065 5331 non
1089 5277 1385 5343 confundor
1411 5277 1463 5332 in
1487 5287 1754 5333 wteruum.

153 5363 277 5422 Orat
301 5382 440 5440 ergo
481 5365 758 5423 Mediator
788 5376 994 5435 noster,
1029 5377 1088 5424 ut
1131 5368 1248 5425 hac
1276 5368 1527 5425 confusio
1569 5371 1759 5426 mortis

154 5473 256 5514 non
285 5461 382 5527 sit,
413 5469 477 5515 ut
500 5467 838 5516 emterorum
868 5461 1136 5530 omnium,
1169 5461 1450 5518 diuturna.
1483 5462 1553 5518 Et
1596 5463 1648 5517 in
1674 5473 1763 5518 tua

147 5552 354 5624 justitia
395 5553 575 5608 libera
615 5569 713 5622 me,
742 5562 788 5607 et
831 5555 970 5626 eripe
1003 5570 1104 5609 me.
1146 5553 1374 5621 Inclina,
1402 5565 1508 5612 etc.
1541 5556 1764 5612 Justitia

155 5645 295 5700 enim
330 5657 425 5702 tua
475 5655 572 5703 est
603 5655 661 5702 ut
683 5647 783 5718 qui
811 5646 1000 5704 fecerit
1029 5647 1362 5706 voluntatem
1395 5659 1564 5718 tuam,
1593 5658 1769 5706 trans-

159 5751 244 5794 eat
268 5756 299 5794 a
327 5753 520 5798 morte
561 5742 622 5796 in
667 5743 832 5797 vitam
866 5762 878 5796 :
914 5757 1011 5813 per
1036 5757 1196 5814 quam
1229 5751 1414 5815 et'ego
1453 5760 1597 5801 nunc
1630 5745 1766 5817 eripi

159 5834 444 5912 deprecor.
487 5837 592 5896 Vel
629 5836 818 5896 aliter:
849 5837 1064 5894 lnclina
1098 5837 1166 5894 ad
1193 5855 1276 5895 me
1316 5856 1496 5896 aurem
1534 5849 1698 5908 tuam,
1722 5848 1768 5896 et

1798 513 2097 585 dignatur:
2131 512 2258 584 quia
2303 511 2532 566 formam
2563 509 2709 566 servi
2755 505 3054 578 accipiens,
3091 504 3263 561 factus
3309 512 3400 558 est

1798 608 2061 665 obediens
2103 606 2247 662 Patri
2300 619 2473 674 usque
2517 602 2585 658 ad
2629 611 2884 667 mortem,
2927 608 3158 655 mortem
3207 605 3393 653 autem

1799 705 1996 761 crucis.
2028 704 2258 775 Propter
2286 701 2432 775 quod
2458 709 2513 758 et
2534 700 2676 756 Deus
2703 698 2856 754 illum
2889 696 3171 761 exaltavit,
3203 704 3260 752 et
3299 695 3395 752 dc-

1799 796 1879 852 dit
1905 797 1985 853 illi
2008 811 2204 852 nomen
2235 793 2381 866 quod
2409 802 2493 850 est
2524 807 2696 864 super
2725 805 2886 848 omne
2917 805 3138 846 nomen.

1871 889 1998 945 Esto
2023 891 2152 944 mihi
2177 891 2226 943 in
2273 887 2438 943 Deum
2470 895 2833 958 protectorem,
2866 894 2914 941 et
2945 886 3000 939 in
3027 884 3196 939 locum
3226 881 3396 937 amni-

1800 994 1931 1050 tum,
1957 992 2013 1036 ut
2036 982 2237 1036 salvum
2260 997 2340 1035 me
2362 979 2550 1052 facias.
2575 978 2710 1047 Quia
2728 979 2937 1050 absque
2968 987 3020 1034 te
3047 992 3225 1048 neque
3248 975 3397 1034 refu-

1797 1075 1946 1146 gium
1979 1089 2158 1145 neque
2199 1073 2431 1129 munitio
2466 1090 2479 1127 :
2513 1087 2694 1144 neque
2731 1071 3002 1143 proiectio
3038 1086 3066 1125 a
3115 1085 3396 1142 quoquam

1797 1167 2042 1238 prmstari
2093 1174 2291 1236 potest.
2340 1164 2608 1236 Numquid
2659 1164 2809 1222 Deus
2859 1164 3052 1220 localis
3097 1162 3214 1219 est?
3242 1162 3398 1218 Licet

1798 1259 1985 1316 localis
2021 1260 2091 1315 sit
2121 1260 2189 1315 ad
2231 1273 2291 1316 se
2336 1259 2682 1316 venientibus
2718 1280 2731 1317 :
2765 1258 2860 1316 sed
2892 1273 3002 1316 non
3034 1267 3118 1315 est
3149 1257 3345 1315 localis
3377 1272 3391 1314 :

1797 1351 1924 1423 quia
1968 1351 2169 1424 ubique
2201 1362 2304 1408 est.

1877 1444 2015 1511 Quia
2043 1445 2424 1514 ﬁrmamentum
2454 1461 2646 1514 meum,
2671 1453 2718 1500 et
2748 1444 3010 1516 refugium
3047 1459 3217 1499 meum
3238 1459 3290 1499 es
3313 1451 3391 1500 tu.

1799 1534 2237 1605 Firmamentum,
2268 1552 2391 1592 eum
2423 1537 2648 1609 aequalis
2674 1537 2728 1592 in
2757 1551 2825 1593 eo
2854 1536 3108 1592 consistit
3144 1535 3398 1591 substan-

1799 1631 1892 1685 tia.
1926 1630 2228 1702 Refugium,
2257 1630 2416 1702 juxta
2441 1631 2872 1688 imbecillitatem
2893 1644 3240 1700 corpoream.

1872 1722 2016 1777 Deus
2067 1739 2211 1777 meus
2259 1723 2402 1793 eripe
2455 1738 2533 1777 me
2584 1724 2648 1776 de
2691 1737 2852 1776 manu
2891 1722 3174 1792 peccatoris
3207 1737 3224 1774 .'
3256 1728 3301 1776 ct
3334 1721 3396 1776 de

1721 1819 1768 1881 Β
1801 1832 1981 1885 manu,
2013 1827 2121 1872 etc.
2157 1816 2234 1871 De
2260 1824 2532 1885 potestate
2561 1815 2747 1886 populi
2772 1813 3006 1883 Judaici,
3040 1812 3132 1884 qui
3159 1828 3246 1869 me
3266 1829 3398 1869 ven-

1802 1919 1979 1965 turum
2038 1909 2090 1963 in
2137 1907 2280 1978 Lege
2329 1923 2436 1962 non
2487 1906 2775 1964 intellexit.
2809 1906 2876 1960 Et
2928 1905 3113 1977 iniqui.
3168 1905 3398 1976 Semper

1800 2001 2172 2072 malignantis.
2219 1999 2334 2056 Non
2384 2015 2574 2056 omnes
2629 2009 2949 2072 peccatores
2999 1998 3164 2056 etiam
3205 1997 3400 2070 iniqui.

1804 2093 2136 2150 Peccatores
2195 2102 2320 2149 sunt
2374 2101 2834 2164 transgressores,
2873 2091 2926 2148 id
2977 2101 3082 2159 est,
3125 2091 3319 2157 Judaei,
3348 2101 3404 2148 ct

1801 2188 1929 2245 mali
1956 2187 2254 2244 Christiani
2290 2205 2300 2242 :
2329 2189 2421 2258 qui
2460 2196 2637 2252 vetus,
2672 2197 2726 2243 et
2756 2203 2954 2242 novum
2986 2185 3398 2242 Testamentum

1804 2283 2291 2355 transgrediuntur.
2329 2280 2502 2352 Iniqui
2535 2281 2627 2352 qui
2673 2295 2781 2336 non
2815 2279 3064 2346 credunt,
3097 2289 3156 2334 ut
3199 2278 3402 2334 Paulus

1803 2379 1905 2434 ait:
1932 2377 2030 2446 Qui
2057 2378 2175 2433 sine
2199 2377 2318 2448 lege
2348 2384 2733 2447 peccaverunt,
2763 2375 2882 2432 sine
2903 2375 3021 2446 lege
3044 2383 3099 2430 et
3119 2373 3396 2446 peribunt.

1881 2472 2142 2540 Quoniam
2190 2481 2246 2524 tu
2294 2487 2346 2526 es
2394 2470 2649 2543 patientia
2695 2485 2830 2538 mea,
2862 2468 3103 2524 Domine.
3135 2468 3272 2536 Quia
3302 2482 3404 2539 pro

1808 2575 1895 2623 tua
1936 2566 2115 2638 patior
2142 2567 2443 2622 voluntate.
2475 2566 2609 2638 Spes
2641 2581 2753 2620 mea
2793 2567 3122 2638 ajuuentute
3159 2581 3292 2619 nica.
3320 2564 3404 2619 Ab

1807 2660 1965 2716 initio
1991 2659 2166 2716 aetatis
2197 2674 2499 2732 corporeze.
2529 2657 2656 2716 Ideo
2686 2673 2816 2730 spes
2848 2673 2953 2714 non
3003 2657 3355 2715 confunditur
3387 2675 3401 2714 :

1809 2753 1932 2823 quia
1963 2753 2206 2808 charitas
2253 2751 2347 2808 Dei
2380 2751 2575 2808 diﬂ'usa
2622 2760 2706 2808 est
2755 2751 2810 2806 in
2853 2751 3113 2809 cordibus
3160 2751 3403 2808 nostris:

1809 2860 1905 2917 per
1934 2843 2195 2916 Spiritum
2229 2854 2479 2901 sanetum
2507 2844 2598 2915 qui
2626 2843 2785 2899 datus
2808 2854 2892 2901 est
2921 2845 3077 2901 nobis
3111 2843 3287 2915 (Rom.
3318 2845 3404 2916 ιι).

1883 2939 1948 2994 1η
1979 2949 2026 2994 te
2073 2939 2411 3009 conﬁrmatus
2449 2957 2561 2993 sum
2608 2955 2673 2994 ea:
2713 2947 2884 2995 utero.
2913 2938 3071 3011 Legis
3100 2939 3307 3011 utique,
3339 2953 3409 2996 ex

1811 3050 1922 3107 quo
1954 3033 2162 3090 initiavi
2185 3034 2432 3091 credere.
2469 3033 2544 3090 De
2571 3045 2747 3090 ventre
2776 3035 2959 3090 matris
2987 3051 3131 3090 mete.
3163 3034 3409 3108 Synago-

1812 3144 1894 3201 gtc
1925 3128 1994 3185 de
2023 3144 2127 3201 qua
2162 3127 2427 3198 processi.
2455 3127 2532 3182 Tu
2565 3145 2617 3182 es
2665 3137 2926 3197 protector
2968 3144 3130 3196 meus,
3167 3125 3408 3183 Domine.

1739 3215 1785 3279 C
1818 3219 1885 3276 In
1915 3231 1962 3276 te
1987 3224 2218 3276 cantatio
2239 3238 2350 3276 mea
2377 3237 2594 3291 semper.
2620 3223 2658 3276 A
2695 3229 2747 3278 te
2773 3229 3031 3294 protegar
3052 3222 3109 3277 in
3136 3223 3408 3293 passione,

1817 3327 1872 3374 et
1901 3327 2054 3373 tuum
2087 3317 2140 3373 in
2167 3317 2418 3389 gentibus
2451 3332 2648 3374 nomen
2675 3317 2984 3374 concinam.

1894 3410 2179 3482 Tamquam
2211 3412 2504 3484 prodigium
2540 3413 2713 3483 factus
2753 3429 2866 3468 sum
2913 3413 3112 3468 multis.
3152 3412 3416 3470 Dicebant

1821 3507 1966 3564 enim
1996 3508 2074 3563 illi
2109 3527 2122 3564 :
2155 3507 2534 3564 Samaritanus
2563 3525 2622 3565 es
2664 3519 2738 3577 tu,
2773 3519 2828 3566 et
2871 3510 3199 3567 daemonium
3247 3511 3415 3569 babes

1828 3602 2012 3674 (Joan.
2045 3618 2172 3669 vm;
2203 3587 2359 3657 Matt.
2391 3602 2548 3674 xvn).
2581 3602 2648 3656 Et
2679 3612 2754 3673 tu,
2783 3602 3030 3673 Domine,
3065 3605 3281 3678 adjutor
3306 3609 3416 3676 for-

1825 3696 1910 3751 tis.
1953 3695 2143 3752 Dixisti
2174 3695 2304 3751 mihi
2343 3713 2358 3750 :
2395 3696 2492 3752 llic
2547 3706 2632 3751 est
2667 3695 2836 3753 Filius
2887 3711 3041 3753 meus
3077 3697 3332 3763 dilectus,
3358 3699 3416 3754 in

1827 3807 1933 3859 quo
1962 3789 2093 3846 mihi
2123 3791 2264 3847 bene
2309 3791 2613 3862 complacui
2641 3809 2654 3846 :
2687 3792 2862 3861 ipsum
2891 3792 3094 3850 audite.

1899 3888 2184 3960 Replcatur
2231 3905 2286 3942 os
2333 3903 2500 3942 meum
2532 3887 2687 3942 laude
2726 3897 2836 3953 tua,
2876 3897 2932 3942 ut
2970 3896 3170 3943 cantem
3199 3887 3423 3960 gloriam

1831 3989 1998 4046 tuam,
2031 3989 2138 4034 tota
2194 3979 2280 4034 die
2325 3979 2735 4051 magnitudinem
2765 3989 2930 4034 tuam.
2965 3979 3116 4037 Unus
3169 3979 3287 4036 dies
3340 3989 3429 4054 est

1832 4074 2038 4130 Sanctis
2070 4074 2172 4129 tuis
2226 4073 2282 4129 in
2336 4074 2438 4130 hoc
2488 4073 2713 4141 mundo,
2747 4089 2908 4146 quem
2958 4073 3108 4128 nulla
3165 4074 3430 4131 obscurat

1834 4185 1942 4225 nox
1975 4187 1988 4223 :
2019 4168 2072 4224 in
2116 4184 2226 4241 quo
2261 4178 2314 4224 et
2346 4183 2470 4224 cum
2502 4169 2722 4240 quibus,
2757 4168 2997 4235 laudem,
3031 4169 3281 4240 gloriam,
3315 4184 3430 4224 ma-

1838 4261 2328 4334 gnilieentiamque
2357 4263 2588 4318 concino
2618 4270 2764 4317 tuam
2793 4281 2806 4318 :
2831 4262 2954 4333 quia
2979 4277 3078 4333 ego
3100 4262 3154 4318 in
3179 4262 3266 4318 bis
3287 4278 3428 4318 sum.

1840 4354 1955 4427 Ego
1985 4369 2122 4410 cauo
2153 4353 2272 4410 tibi.
2307 4352 2414 4410 Sed
2451 4362 2506 4410 et
2550 4369 2694 4410 nunc
2724 4354 2840 4426 ipse
2867 4353 3134 4410 Dominus
3162 4355 3336 4428 aperit
3371 4371 3434 4412 os

1843 4458 2114 4515 nostrum,
2141 4455 2200 4502 ut
2248 4446 2518 4517 possimus
2547 4447 2668 4518 ejus
2703 4446 2933 4518 gloriam
2965 4448 3236 4517 nuntiare,
3271 4456 3438 4522 atque

1845 4540 2061 4598 laudem
2093 4541 2212 4610 ejus
2236 4539 2532 4597 disserere.

1927 4633 2008 4688 Ne
2035 4633 2280 4706 projicias
2306 4650 2388 4689 me
2406 4633 2460 4689 in
2486 4643 2712 4706 tempore
2735 4637 3029 4704 senectutis,
3065 4653 3184 4692 cum
3213 4639 3438 4709 deﬁciet,

1851 4735 1957 4783 etc.
1992 4726 2050 4782 In
2081 4727 2552 4784 consummatione
2582 4727 2769 4799 utique
2799 4729 2977 4785 aetatis
3009 4731 3186 4786 istius.

1932 4819 2068 4888 Quia
2099 4820 2345 4875 dixerunt
2373 4821 2570 4876 inimici
2599 4822 2698 4876 mei
2735 4823 2884 4878 mihi.
2910 4823 3189 4892 Dieentes,
3221 4826 3310 4885 hic
3341 4841 3445 4882 non

1857 4916 2041 4973 estde
2077 4916 2207 4983 Deo,
2232 4916 2323 4987 qui
2373 4916 2660 4972 sabbatum
2704 4934 2810 4975 non
2862 4919 3101 4976 custodit
3128 4918 3311 4991 (Joan.
3346 4922 3451 4992 Ix).

1859 5007 1927 5063 Et
1949 5009 2038 5078 qui
2069 5009 2428 5064 custodiebant
2449 5011 2681 5065 animam
2703 5029 2887 5079 meam,
2919 5014 3197 5069 consilium
3219 5019 3455 5086 fecerunt

1862 5101 1914 5155 in
1964 5118 2126 5155 unum
2177 5101 2450 5157 dicentes:
2483 5100 2626 5159 Deus
2685 5104 2962 5177 dereliquit
3003 5124 3143 5176 eum,
3179 5115 3284 5164 etc.
3330 5109 3456 5166 "ire

1863 5194 2120 5250 dixerunt
2151 5192 2328 5265 impii,
2357 5203 2413 5250 et
2442 5206 2769 5252 erraverunt
2801 5215 2812 5250 :
2849 5198 3183 5254 obcaecatum
3206 5200 3352 5255 enim
3376 5209 3461 5258 est

1866 5287 2076 5342 malitia
2107 5301 2203 5344 cor
2241 5303 2456 5344 eorum.
2485 5288 2594 5345 Sed
2642 5297 2696 5345 et
2743 5291 2798 5345 in
2842 5289 2957 5359 ipsa
3011 5291 3267 5360 passione
3306 5293 3463 5364 quasi

1867 5379 2130 5437 derelicto
2160 5381 2274 5437 Deo
2297 5379 2595 5438 dicebant:
2631 5381 2761 5439 Sine
2782 5382 2965 5440 veniat
2990 5383 3160 5450 Elias,
3189 5394 3244 5440 et
3267 5385 3464 5444 liberet

1869 5487 1993 5530 eum
2022 5472 2202 5544 (Matt.
2236 5472 2432 5546 xxvn).

1943 5565 2108 5635 Deus,
2141 5583 2204 5622 ne
2252 5566 2580 5639 elongaveris
2627 5583 2659 5622 a
2698 5583 2778 5624 me
2809 5583 2829 5624 :
2867 5566 3008 5624 Deus
3054 5585 3220 5639 meus,
3252 5579 3356 5627 etc.
3393 5570 3464 5630 Ut

1872 5658 2095 5731 alligato
2127 5657 2289 5724 forte,
2319 5658 2496 5714 victor
2527 5660 2750 5716 redeam
2781 5675 2848 5716 ex
2871 5660 3103 5717 inferno.

1945 5751 2354 5822 Confundantur
2379 5760 2429 5806 et
2471 5752 2714 5823 deﬁciant
2744 5754 3072 5810 detrahentes
3100 5756 3292 5814 animi:
3318 5774 3464 5828 metu,

1877 5845 2200 5920 aperiantur,
2223 5854 2331 5902 etc.
2355 5842 2492 5901 Cum
2537 5859 2638 5920 ego
2667 5846 3023 5906 resuscitatus
3048 5848 3223 5907 fuero.
