3954 6340
499 297 641 362 I027

577 419 690 490 Ego
719 422 894 471 autem
941 426 1141 482 semper
1168 408 1388 481 sperabo
1420 408 1473 462 in
1505 416 1576 475 te,
1604 405 1849 468 Domine,
1890 412 1998 459 etc.
2035 401 2099 457 Ut
2130 404 2174 461 Λ

503 527 628 584 qua:
656 510 750 565 tibi
778 509 867 564 lex
895 505 1093 562 oﬁ‘erre
1126 501 1385 572 prateepit
1425 501 1482 555 in
1510 497 1792 555 sacriﬁciis
1833 496 1944 551 suis
1973 494 2104 550 visi-

505 605 728 672 bililms,
762 601 1080 668 redemptus
1108 595 1343 667 populus
1368 592 1623 664 deportet
1643 592 1696 646 in
1728 588 1993 647 moribus.

580 699 652 754 οε
683 711 854 752 meum
877 688 1206 749 annuntiabit
1230 687 1493 758 justitiam
1524 696 1685 753 tuam,
1711 693 1819 739 tota
1845 681 1930 737 die
1955 679 2103 737 salu-

505 805 615 849 tare
657 802 825 846 tuum.
850 787 1168 857 Resurgens
1198 784 1344 840 enim
1384 780 1726 853 congregabo
1771 776 2100 841 Ecclesium,

506 888 562 942 in
580 900 685 957 qua
716 893 837 939 tuas
864 880 1157 936 concinam
1200 875 1412 932 laudes.

578 976 719 1043 Quia
739 991 842 1031 non
868 971 1087 1045 cognoui
1111 971 1480 1034 litteraturam,
1512 964 1738 1021 introibo
1765 963 1820 1018 in
1844 961 2102 1033 potentias

504 1068 739 1125 Domini.
762 1065 1030 1139 Cognovit
1060 1064 1157 1120 ille
1181 1058 1629 1131 negotiationem,
1658 1057 1751 1128 qui
1779 1057 2097 1126 magistrum

501 1159 772 1217 vendidit.
811 1157 950 1214 Nam
972 1170 1075 1227 ego
1105 1164 1158 1210 te
1186 1149 1486 1207 clariﬁcavi
1510 1163 1681 1217 super
1710 1154 1936 1209 terram,
1963 1159 2101 1214 opus

504 1250 879 1315 consummavi
926 1246 1074 1319 quod
1110 1242 1312 1301 dedisti
1350 1240 1479 1297 mihi
1530 1248 1589 1296 ut
1623 1238 1863 1293 facerem
1915 1232 2097 1307 (Joan.

503 1344 662 1417 xv").
680 1343 916 1405 Domine,
935 1336 1260 1395 memorabor
1274 1334 1498 1408 justitia:
1524 1341 1626 1386 tua:
1644 1329 1832 1385 solius.
1850 1328 2099 1383 Pulcrum

504 1457 630 1501 eum
656 1438 882 1510 justitiae
909 1447 1213 1491 memorem
1244 1428 1510 1501 propheta
1542 1423 1691 1488 dicit,
1722 1423 1867 1480 sicut
1889 1428 1947 1477 et
1984 1420 2100 1491 ipse

503 1534 559 1590 in
588 1530 887 1602 Evangelio
912 1527 991 1584 ait
1017 1546 1030 1580 :
1058 1526 1172 1596 Ego
1193 1538 1314 1595 qute
1345 1517 1532 1576 audivi
1560 1534 1591 1573 a
1622 1517 1786 1573 Patre
1819 1529 1967 1583 meo,
1982 1511 2101 1568 ham

501 1627 701 1698 loquor
727 1622 910 1697 (Joan.
939 1618 1081 1690 vnt).

578 1719 716 1774 Deus
738 1757 755 1783 ,
784 1713 1010 1770 docuisti
1038 1726 1119 1766 me
1148 1727 1178 1765 a
1199 1710 1478 1780 jurentute
1519 1717 1653 1772 mea,
1678 1711 1726 1757 et
1757 1715 1918 1772 usque
1958 1712 2102 1752 nunc

501 1810 854 1888 pronuntiabo
900 1803 1166 1863 mirabilia
1205 1813 1334 1866 tua,
1373 1810 1423 1856 et
1466 1813 1626 1869 usque
1664 1797 1721 1850 in
1757 1802 2019 1850 senectam
2052 1799 2101 1847 et
2130 1791 2177 1850 Β

499 1908 743 1964 senium:
778 1903 940 1971 Deus,
965 1917 1030 1956 ne
1057 1897 1396 1967 derelinquas
1415 1910 1515 1950 me.
1538 1889 1817 1961 Numquid
1849 1888 1995 1945 enim
2013 1894 2102 1943 est

502 1998 801 2056 derelictus
828 2010 859 2050 a
886 1993 1088 2049 Patre?
1109 1989 1206 2048 sed
1251 2003 1468 2059 semper
1498 1982 1872 2043 testimonium
1916 1980 2101 2051 perhi-

502 2092 645 2160 buit,
668 2090 796 2162 quia
826 2103 993 2144 verax
1021 2094 1128 2142 est.

576 2185 753 2239 Donec
776 2180 1085 2236 annuntiem
1114 2176 1383 2233 brachium
1410 2184 1558 2230 tuum
1582 2170 1904 2245 generationi
1939 2169 2100 2235 omni,

502 2289 612 2338 etc.
635 2279 762 2333 litae
792 2275 975 2332 omnia
996 2272 1328 2329 Christiana:
1357 2268 1698 2342 generationi
1724 2262 2099 2322 annuntiavit:

502 2388 666 2444 quam
705 2384 807 2427 suo
848 2368 1111 2439 sanguine
1143 2363 1430 2435 acquisivit
1469 2371 1526 2418 et
1551 2376 1648 2432 pro
1676 2374 1777 2429 qua
1811 2370 2002 2428 passus
2020 2365 2105 2412 est

500 2484 622 2539 qua:
634 2470 953 2535 sequuntur.
971 2460 1098 2528 Qua:
1111 2458 1279 2532 fecisti
1291 2455 1580 2527 magnalia,
1599 2454 1736 2509 Deus
1753 2454 1773 2507 !
1789 2452 1904 2524 quis
1918 2449 2105 2506 similis

504 2560 631 2616 tibi?
659 2558 765 2626 Qui
807 2570 893 2611 me
931 2551 1275 2611 misericordi
1315 2548 1545 2606 consilio
1573 2546 1641 2603 ad
1675 2546 2103 2616 redemptionem

500 2652 792 2708 humanam
822 2646 1037 2704 misisti.

577 2744 814 2813 Quantas
856 2739 1132 2795 ostendisti
1179 2736 1307 2791 mihi
1351 2733 1711 2790 tribulatioues
1765 2730 2000 2795 multas,
2057 2736 2107 2783 et

506 2838 679 2893 malas
702 2836 723 2890 l
746 2842 796 2890 et
843 2848 1120 2888 conversus
1161 2829 1433 2898 rioiﬁcasti
1460 2844 1560 2883 me.
1595 2824 1778 2882 Multa:
1809 2823 2028 2894 quidem
2054 2822 2104 2877 ei

504 2930 890 2988 tribulationes
922 2928 977 2982 in
1016 2924 1201 2982 carnis
1252 2923 1568 2980 inﬁrmitate
1615 2929 1853 2976 ostensus
1884 2926 2011 2973 sunt
2035 2916 2105 2971 ob

503 3024 735 3081 salutem
767 3019 991 3076 humani
1022 3017 1263 3091 generis,
1309 3013 1410 3071 sed
1441 3013 1629 3069 omnia
1668 3010 1932 3067 vivaciter
1961 3008 2104 3063 tole-

505 3116 667 3174 ravit.
700 3114 769 3172 Et
798 3115 861 3171 de
889 3113 1089 3185 abyssis
1121 3122 1271 3166 terra;
1310 3109 1498 3163 iterum
1545 3104 1803 3161 reduxisti
1844 3119 1943 3157 me.
1989 3101 2101 3157 Hoc

1304 284 1649 351 APPENDIX
1687 279 1781 346 AD
1818 279 2063 344 'IOMUM
2103 275 2457 343 SEPTIMUM
2495 276 2553 339 S.
2595 270 3001 336 HIERONYMI.

3656 262 3788 331 I028

2278 399 2483 468 primus
2518 396 2759 460 psalmus
2810 404 2969 459 quem
3014 377 3786 468 propheta_eeeinit,hFilium

2282 457 2375 525 bei
2408 469 2460 524 in
2498 457 2759 522 mundum
2795 457 3085 520 venturum
3115 457 3387 523 ostendit;
3418 466 3654 523 eumque
3680 465 3788 522 post

2276 548 2568 609 assumpta:
2636 538 2819 595 carnis
2886 532 3131 609 injurias
3171 530 3546 609 liberatusque
3603 540 3788 609 paupe-

2277 624 2365 668 res
2389 596 2658 666 de'manu
2693 596 2964 679 potentis;
3006 596 3511 679 cmiisjredditum,
3559 612 3607 679 a7
3640 596 3787 651 Patre

2276 697 2439 740 omne
2461 668 2761 752 sumpsisse
2786 668 3075 750 judicium.
3100 675 3232 730 Tale
3262 672 3424 743 igitur
3445 668 3616 726 sumit
3642 681 3789 723 exor-

2276 754 2428 811 dium
2463 773 2476 810 :

2275 868 2441 935 Deus,
2482 867 2747 939 judicium
2789 873 2937 919 tuum
2984 860 3095 935 regi
3132 860 3219 915 da.
3256 856 3525 928 Loquitur
3550 866 3716 924 ergo,
3746 858 3792 908 ut

2203 961 2473 1029 diximus,
2522 960 2783 1031 propheta
2834 957 2901 1012 ad
2953 956 3203 1017 Patrem,
3256 962 3311 1007 ut
3353 948 3621 1023 judicium
3664 945 3791 1001 Filio

2202 1057 2403 1124 donet,
2439 1071 2544 1109 non
2578 1051 2721 1123 quod
2761 1067 2886 1107 eum
2924 1051 2977 1104 in
3012 1063 3119 1103 una
3162 1044 3376 1102 Deitate
3408 1043 3789 1099 subsistentem

2203 1163 2311 1205 non
2338 1147 2574 1217 habeat,
2604 1147 2700 1201 sed
2736 1155 2795 1201 ut
2838 1144 2891 1198 in
2919 1156 3159 1212 corpore
3200 1150 3494 1195 venturum
3525 1130 3786 1190 ostendat.

2202 1243 2272 1299 Et
2291 1244 2561 1318 justitiam
2594 1252 2733 1297 tuam
2776 1238 2889 1310 ﬁlio
2920 1236 3078 1311 regis.
3104 1234 3312 1305 Populo
3336 1234 3427 1307 qui
3462 1230 3517 1287 in
3550 1227 3789 1299 adoptio-

2204 1353 2327 1394 nem
2359 1337 2457 1392 ﬁlii
2493 1343 2840 1405 assumptus,
2876 1349 2971 1404 per
3016 1326 3346 1401 baptismum
3398 1327 3454 1383 in
3483 1340 3553 1382 eo
3583 1332 3791 1381 renatus

2203 1441 2305 1488 est.
2350 1431 2487 1486 Nam
2514 1444 2753 1500 congrue
2789 1425 3077 1492 convenit,
3112 1434 3171 1479 ut
3202 1421 3433 1494 populus
3461 1416 3683 1489 justitia
3727 1417 3792 1470 vi-

2205 1534 2334 1581 vat:
2376 1540 2472 1581 rex
2503 1533 2684 1579 autem
2722 1520 2991 1592 judicium
3014 1558 3028 1582 .
3077 1517 3220 1588 quod
3251 1532 3283 1571 a
3311 1515 3481 1571 Patre
3525 1510 3788 1584 suscepit,

2203 1629 2457 1675 exerceat
2475 1661 2490 1687 ,
2515 1616 2663 1689 quod
2688 1628 2923 1686 sequens
2952 1612 3243 1669 conﬁrmat
3264 1607 3600 1666 versiculus.

2277 1712 2531 1769 Judicare
2550 1710 2801 1784 populum
2831 1718 2975 1762 tuum
3004 1707 3056 1760 in
3082 1705 3313 1779 justitia.
3345 1702 3521 1770 Quem
3554 1715 3657 1772 per
3686 1713 3801 1771 pas—

2206 1808 2414 1864 sionem
2445 1819 2508 1860 ac
2537 1802 2997 1860 resurrectionem
3032 1798 3180 1854 illius
3224 1794 3531 1868 acquisisti.
3565 1792 3639 1847 Et
3674 1809 3790 1863 pau-

2204 1917 2352 1973 peres
2385 1909 2499 1953 tuos
2540 1896 2593 1951 in
2612 1893 2838 1968 judicio.
2879 1892 2968 1960 Ut,
3019 1903 3138 1963 post
3166 1896 3471 1962 praesentes
3509 1901 3791 1952 aerumnas,

2205 1990 2634 2050 consolationem
2663 1988 2881 2060 capiant
2899 1984 3314 2056 sempiternam.

2279 2085 2581 2160 Suscipiant
2602 2092 2799 2137 montes
2821 2097 3001 2153 pacem
3027 2077 3220 2152 populo
3241 2120 3254 2146 ,
3286 2087 3334 2131 et
3362 2074 3524 2132 colles
3540 2074 3793 2146 justitiam

2207 2190 2369 2234 tuam.
2407 2177 2618 2236 Montes
2658 2176 2937 2245 collesque
2979 2173 3196 2242 duplam
3251 2169 3453 2227 habere
3499 2168 3796 2239 intelligen-

2210 2270 2371 2338 tiam,
2404 2286 2551 2341 smpe
2597 2269 2946 2335 monuimus,
2997 2264 3049 2320 id
3084 2273 3205 2332 est,
3252 2263 3420 2334 partis
3466 2262 3710 2330 deitietn,
3748 2269 3796 2317 et

2207 2362 2476 2420 adversae.
2515 2362 2655 2433 Ergo
2686 2362 2737 2416 hi
2766 2360 2890 2432 qui,
2925 2358 3220 2415 seduccnte
3252 2355 3593 2421 adversario,
3624 2356 3795 2410 laven-

2208 2458 2355 2515 tibus
2387 2454 2593 2513 divitiis
2615 2498 2630 2523 ,
2675 2455 2728 2511 in
2764 2454 2983 2511 modum
3031 2448 3250 2509 collium
3285 2451 3662 2520 montiumque
3694 2447 3795 2504 ele-

2209 2552 2317 2607 vati
2350 2562 2472 2606 sunt
2505 2565 2521 2609 :
2550 2548 2751 2605 subditi
2784 2563 2929 2602 nunc
2960 2545 3096 2610 Deo,
3123 2540 3268 2599 illam
3305 2558 3496 2612 pacem
3522 2540 3795 2613 justitiam-

2208 2664 2314 2721 qne
2374 2644 2726 2715 suscipiant,
2790 2657 2950 2714 quam
3023 2638 3257 2710 populus
3322 2651 3487 2707 quem
3553 2631 3795 2704 superius

2209 2741 2522 2814 adoptivum
2552 2739 2832 2804 diximus,
2878 2746 3066 2805 tenet,
3113 2734 3164 2791 id
3191 2744 3312 2805 est,
3362 2730 3668 2793 Christum,
3713 2726 3797 2799 qui

2209 2849 2295 2894 est
2324 2852 2426 2907 pax
2459 2843 2648 2892 nostra
2669 2875 2685 2900 ,
2711 2843 2766 2888 et
2790 2830 3021 2903 justitia.

2279 2926 2546 2983 Judicabit
2576 2941 2831 2999 pauperes
2864 2921 3065 2995 populi.
3105 2919 3179 2977 Ut
3203 2935 3303 2990 pro
3331 2933 3401 2975 eo
3448 2930 3713 2990 pauperes
3734 2914 3793 2969 la-

2208 3022 2303 3086 eti,
2338 3017 2659 3076 cmlestibus
2682 3016 2870 3087 regnis
2908 3010 3330 3084 locupletentur.
3362 3007 3431 3064 Et
3460 3009 3627 3064 salvos
3654 3006 3793 3077 faciet

2209 3114 2348 3184 ﬁlios
2376 3129 2686 3186 pauperum.
2709 3109 2809 3177 Qui
2837 3124 2933 3179 per
2960 3123 3055 3162 eos
3077 3104 3335 3162 conversi
3367 3112 3515 3159 sunt.
3546 3100 3606 3157 Et
3629 3099 3790 3155 humi-

505 3219 611 3281 est,
649 3209 721 3267 de
780 3206 1151 3278 proluuditate
1200 3203 1421 3260 inferni.
1468 3201 1664 3259 Dieant
1706 3212 1854 3255 nunc
1903 3194 2099 3262 Judaei,

2224 3205 2355 3261 liabit
2387 3203 2813 3260 calumniatorem
2843 3218 2859 3254 :
2890 3192 3109 3270 Largito
3136 3196 3301 3265 justis
3333 3196 3585 3267 pra-min,
3625 3192 3787 3248 humi-

506 3306 596 3376 qui
622 3304 765 3359 hunc
798 3302 1068 3374 psalmum
1110 3301 1164 3355 in
1207 3299 1387 3354 solum
1427 3295 1600 3352 David
1630 3309 1831 3351 canere
1866 3291 2099 3348 volunt:

507 3398 729 3472 quando
755 3396 824 3453 de
846 3394 1117 3466 profundo
1139 3390 1328 3464 abyssi
1352 3400 1436 3447 est
1463 3390 1711 3446 eductus.

577 3490 942 3564 Multiplicasti
962 3487 1410 3561 magniﬁcentiam
1436 3494 1604 3553 tuam,
1638 3481 1802 3549 Deus,
1827 3490 1933 3538 etc.
1966 3480 2101 3538 Cum

508 3587 564 3645 hi
593 3586 685 3658 qui
711 3584 1003 3642 ininierno
1031 3582 1378 3650 tenebantur,
1402 3593 1616 3635 mecum
1654 3578 1958 3633 redierunt.

580 3677 723 3733 Nam
752 3686 799 3732 et
837 3693 931 3750 ego
967 3671 1256 3745 conﬁtebor
1282 3670 1376 3726 tibi
1408 3672 1465 3725 in
1506 3670 1636 3725 vasis
1669 3670 1877 3739 psalmi.
1907 3666 2011 3737 Qui
2036 3667 2105 3724 de

506 3773 604 3831 illo
630 3773 757 3827 vino
788 3785 930 3827 novo
956 3769 1287 3841 evangelicae
1320 3775 1377 3823 et
1401 3765 1724 3836 apostolicae
1754 3764 2101 3835 prmdicatio-

504 3865 589 3923 nis
622 3864 842 3936 repleti,
874 3863 928 3918 in
956 3861 1186 3934 psalmis
1223 3874 1310 3915 me
1340 3858 1657 3928 intelligunt
1686 3864 2058 3927 praeconatum
2086 3873 2099 3908 :

516 3957 802 4015 Veritatem
834 3966 999 4025 tuam,
1019 3954 1186 4022 Deus,
1214 3953 1439 4025 psallam
1484 3953 1576 4006 tibi
1606 3953 1660 4005 in
1705 3949 1929 4019 cithara,
1962 3948 2105 4004 Deus

505 4061 719 4109 sanctus
751 4048 942 4106 Israel.
963 4050 1020 4107 ln
1062 4048 1148 4105 his
1177 4047 1270 4120 qui
1298 4056 1353 4104 te
1383 4056 1565 4103 tuente
1594 4045 1853 4101 retinent.

582 4144 937 4201 Exsultabunt
978 4142 1121 4200 labia
1155 4156 1291 4209 mea,
1342 4148 1450 4195 etc.
1515 4139 1639 4194 Haec
1688 4137 1757 4194 ad
1803 4137 2102 4193 clausulam

511 4238 710 4310 psalmi
742 4238 1006 4307 propheta
1029 4233 1182 4289 dicit.
1215 4231 1279 4287 Et
1302 4233 1483 4286 anima
1504 4246 1617 4286 mea
1639 4245 1792 4300 quam
1817 4228 2102 4284 redemisti.

509 4333 590 4393 Ne
616 4333 667 4389 ei
700 4344 849 4387 mors
877 4327 1115 4385 secunda
1145 4324 1541 4382 dominaretur.

586 4425 694 4483 Sed
749 4432 797 4479 et
844 4421 1031 4496 lingua
1065 4436 1180 4476 mea
1216 4418 1552 4474 meditabitur
1592 4417 1859 4490 justitiam
1912 4425 2103 4470 tuam:

509 4537 625 4579 cum
655 4516 944 4590 confusi,et
965 4514 1172 4570 reveriti
1201 4513 1395 4584 fuerint
1419 4510 1508 4584 qui
1527 4518 1764 4583 quterunt
1794 4507 1935 4564 mala
1953 4506 2102 4563 mihi.

2207 3300 2303 3356 liat
2328 3295 2610 3354 diabolum
2636 3339 2650 3363 ,
2676 3298 2767 3367 qui
2804 3308 2946 3350 nunc
2977 3291 3059 3349 eis
3079 3290 3447 3347 calumniator
3476 3286 3699 3343 exsistit.

2280 3391 2347 3447 Et
2382 3389 2700 3465 permanebit
2732 3406 2850 3443 cum
2895 3387 3022 3443 sole.
3062 3380 3198 3441 Cum
3252 3384 3507 3440 claritate
3557 3392 3786 3453 paterna.

2203 3487 2340 3545 Nam
2377 3484 2505 3542 huic
2534 3485 2635 3541 soli
2676 3482 2851 3555 aptari
2890 3480 2991 3537 ista
3036 3496 3143 3535 non
3192 3488 3423 3550 possunt
3456 3496 3471 3536 :
3504 3478 3626 3549 quia
3668 3488 3781 3531 cum

2207 3581 2313 3637 hoc
2348 3577 2550 3635 mundo
2577 3576 2927 3634 dissolvetur.
2957 3572 3026 3629 Et
3070 3583 3188 3629 ante
3233 3573 3415 3627 lunam
3461 3567 3789 3644 generationis

2205 3673 2617 3745 generationum.
2647 3670 2806 3725 Prior
2854 3668 2999 3724 enim
3044 3663 3207 3722 stabit
3250 3672 3380 3720 ante
3415 3677 3626 3719 omnem
3665 3673 3788 3714 con-

2205 3767 2582 3838 gregationem
2607 3761 2890 3831 Ecclesiae,
2922 3759 3271 3832 manebitque
3299 3759 3349 3812 in
3376 3757 3780 3829 sempiternum.

2282 3856 2349 3910 Et
2374 3855 2648 3911 descendet
2676 3855 2805 3910 sicut
2846 3851 3021 3927 pluvia
3060 3852 3115 3906 in
3160 3850 3348 3906 vellus.
3385 3849 3540 3905 Sicut
3565 3848 3698 3902 enim
3734 3844 3781 3898 in

2207 3951 2380 4005 vellus
2410 3947 2688 4005 Gedeonis
2721 3945 2899 4019 pluvia
2936 3942 3279 4001 descendens
3310 3939 3515 4009 (ludio.
3541 3938 3643 4011 vt),
3664 3950 3792 4011 cum,

2209 4050 2356 4096 terra
2387 4039 2537 4095 arida
2569 4039 2805 4108 defecit,
2834 4038 2905 4091 ita
2938 4043 2993 4092 et
3022 4036 3109 4091 hic
3140 4035 3367 4105 illapsus
3396 4044 3475 4087 est
3518 4034 3568 4086 in
3593 4040 3788 4086 uterum

2205 4135 2527 4208 virginalem
2571 4150 2668 4206 per
2710 4130 3037 4187 infusionem
3073 4126 3315 4199 Spiritus
3347 4126 3545 4182 sancti.
3575 4124 3633 4177 Et
3664 4123 3792 4175 sicut

2206 4226 2480 4285 stillicidia
2522 4224 2782 4283 stillantia
2830 4240 2987 4294 super
3035 4230 3244 4278 terram.
3288 4217 3457 4276 Arida
3509 4217 3645 4273 enim
3678 4216 3787 4267 erat

2209 4332 2356 4380 terra
2414 4321 2635 4377 humani
2683 4319 2931 4389 corporis
2981 4331 3103 4371 cum
3166 4311 3423 4378 advenit,
3490 4324 3587 4364 nec
3633 4304 3788 4361 ullum

2209 4413 2445 4471 fructum
2469 4413 2730 4470 exhibere
2760 4418 2977 4484 poterat
3012 4406 3322 4464 sanctitatis
3350 4422 3364 4462 :
3400 4403 3495 4461 sed
3536 4401 3650 4473 ipse
3674 4413 3787 4454 eam

2213 4506 2616 4579 praedicationis
2655 4519 2770 4561 sum
2815 4500 3111 4559 stillicidiis
3154 4496 3503 4556 fecundatam
3542 4492 3790 4551 fructibus

506 4617 636 4673 Sive
677 4613 829 4680 vitia,
853 4613 969 4668 sive
1004 4617 1310 4683 potestates
1334 4621 1531 4674 aerem,
1558 4619 1683 4676 quae
1709 4604 1843 4662 mihi
1886 4603 2101 4673 iniquas
2130 4579 2185 4641 D
2208 4602 2441 4674 replevit
2471 4598 2714 4657 aeternis.

506 4709 747 4768 inferunt
775 4704 1170 4762 immissiones.
1201 4700 1310 4758 Nos
1340 4713 1476 4756 vero
1515 4697 1873 4769 deprecemur
1914 4694 2101 4751 Domi-

508 4818 664 4869 num,
691 4810 751 4856 ut
773 4796 981 4870 repleto
1008 4795 1265 4853 laudibus
1286 4793 1404 4865 ejus
1436 4806 1532 4847 ore
1563 4789 1825 4857 humano,
1870 4802 1933 4844 ea
1957 4802 2103 4845 sem-

507 4913 608 4970 per
638 4893 968 4952 meditemur
999 4891 1054 4947 in
1075 4887 1352 4955 cordibus,
1385 4899 1509 4958 quae
1541 4884 1590 4940 ei
1622 4882 1839 4955 placitis
1878 4882 2103 4939 vocibus

510 4990 876 5066 proferamus.

1009 5075 1356 5144 ,PSAIMUS
1394 5072 1579 5132 LXXI.

506 5183 577 5241 In
604 5182 963 5240 Salamonem.
997 5176 1065 5232 Et
1092 5168 1180 5230 hic
1211 5173 1447 5244 psalmus
1471 5169 1695 5244 preprie
1719 5166 1788 5224 ad
1816 5166 2095 5244 Christum

604 5187 963 5240 Salomonem.
999 5187 1065 5232 Et
1092 5187 1180 5230 nte
1211 5187 1447 5244 psatmus
1471 5187 1695 5298 proprie
1719 5187 1788 5224 au
1816 5187 2095 5224 ωπιειιιῐη

580 5252 839 5311 refertur.
854 5252 1107 5308 Salomon
1126 5246 1324 5318 quippe
1353 5245 1704 5318 paci_tcus,et
1734 5239 1994 5318 paciﬁcus
2011 5250 2096 5296 ρει

578 5327 828 5383 Christus
852 5343 863 5378 :
885 5331 940 5379 et
962 5311 1246 5394 permanet
1261 5311 1396 5394 cunt
1404 5315 1541 5394 sole,
1560 5320 1615 5369 et
1644 5311 1770 5394 ante
1798 5311 2096 5394 lunam_ge-

578 5398 882 5456 neratiouis
902 5383 1340 5466 generationum.
1365 5389 1421 5444 Si
1454 5399 1621 5466 super
1648 5384 1946 5442 Salomone
1972 5383 2092 5466 iste

578 5471 822 5542 psalmus
847 5461 1188 5542 intelligitur,
1220 5462 1325 5517 hoc.
1347 5461 1566 5542 penitus
1582 5467 1728 5515 stare
1749 5472 1857 5542 non
1892 5464 2093 5524 potest.

580 5528 840 5601 Salomon
862 5528 1085 5612 quippe,
1109 5528 1211 5612 nec
1238 5528 1360 5590 cum
1388 5534 1651 5612 s_ole,_nec
1677 5544 1800 5612 cum
1824 5528 2095 5612 iurisper-

579 5594 898 5673 mansithi
936 5594 1083 5666 v'éro'
1120 5606 1367 5662 volumus
1402 5594 1706 5675 intelligere
1737 5602 1805 5675 de
1842 5594 2091 5675 Christo,

577 5669 932 5758 quaerendum
955 5678 1227 5758 quomodo
1252 5675 1503 5758 Christus
1532 5669 1641 5731 non
1664 5672 1866 5758 habeat
1882 5669 2047 5758 ﬁnem
2076 5669 2087 5725 ἐ

577 5746 704 5816 cum
744 5758 856 5827 sol,
886 5764 943 5814 et
969 5746 1116 5827 luna,
1146 5760 1204 5808 et
1228 5751 1545 5827 emlujn,_e_t
1570 5746 1754 5803 omnia
1783 5751 2085 5824 veterasce-

584 5813 667 5898 re,
697 5813 754 5885 et
787 5813 1022 5886 transire
1058 5813 1332 5882 dicantur.
1364 5813 1475 5878 Sed
1513 5821 1620 5877 iste
1657 5813 2089 5889 septuagesimus

2284 4696 2491 4752 Orietar
2520 4699 2574 4751 in
2604 4694 2783 4750 diebus
2812 4696 2925 4766 eius
2944 4690 3177 4766 justitia,
3211 4692 3259 4744 et
3286 4682 3611 4742 abundantia
3641 4679 3786 4750 paris.

2210 4790 2367 4859 Quod
2404 4791 2457 4845 in
2489 4789 2681 4845 diebus
2705 4786 2933 4860 Augusti
2960 4784 3194 4840 Caesaris
3220 4789 3305 4838 est
3335 4778 3613 4851 impletum
3632 4814 3645 4837 ,
3671 4786 3788 4826 cum

2214 4885 2473 4943 Dominus
2501 4884 2569 4941 de
2593 4883 2830 4939 thalamo
2853 4879 3105 4952 virginali
3134 4875 3427 4949 processit.
3462 4874 3593 4931 Nam
3616 4872 3677 4926 ita
3706 4866 3789 4922 his

2210 4978 2405 5035 diebus
2432 4976 2618 5033 omnia
2654 4974 2799 5033 bella
2839 4974 3202 5047 quieverunt,
3240 4977 3302 5025 ut
3340 4967 3510 5025 etiam
3542 4962 3662 5022 illud
3691 4961 3788 5015 im-

2212 5073 2487 5146 pleretur,
2541 5070 2686 5141 quod
2733 5069 2870 5124 alius
2926 5065 3197 5138 propheta
3259 5061 3501 5133 cecinit,
3548 5056 3724 5115 dicens
3772 5067 3789 5105 ι

2211 5164 2620 5224 Converterunt
2658 5161 2866 5234 gladios
2905 5174 3034 5216 suos
3068 5156 3128 5215 in
3152 5166 3450 5221 vomeres,
3490 5162 3549 5210 et
3585 5150 3788 5205 lanceas

2211 5274 2340 5315 suas
2370 5258 2424 5313 in
2448 5255 2622 5312 falces
2653 5252 2810 5326 (lsai.
2838 5250 2922 5325 ιι).
2952 5251 3083 5308 Dies
3114 5256 3299 5321 autem
3334 5243 3457 5318 ejus
3486 5252 3640 5305 sunt,
3664 5249 3785 5293 cum

2209 5351 2539 5422 concipitur,
2572 5365 2694 5405 cum
2736 5347 2999 5412 nascitur,
3042 5359 3166 5401 cum
3200 5341 3467 5398 nutritur.
3501 5338 3618 5394 Dies
3635 5331 3784 5403 eiust

2210 5455 2370 5512 sunt,
2403 5460 2526 5500 cum
2554 5456 2719 5513 opera
2750 5439 2932 5496 Patris
2958 5443 3241 5511 operatur,
3264 5446 3391 5491 cum
3414 5432 3627 5504 patitur,
3660 5436 3785 5479 cum

2210 5538 2279 5595 ad
2307 5537 2519 5594 inferna
2560 5533 2878 5603 descendit,
2924 5547 3047 5590 cum
3074 5530 3346 5602 resurgit,
3386 5536 3512 5585 cum
3546 5537 3601 5580 se
3623 5517 3786 5576 disci.

2206 5632 2351 5704 pulis
2374 5631 2607 5703 praebet.
2643 5642 2774 5685 cum
2799 5627 2973 5684 ctelos
3001 5623 3271 5681 ascendit.
3313 5621 3490 5676 Donec
3526 5615 3785 5685 auferatur

2209 5726 2356 5782 luna.
2389 5725 2653 5781 Elevetur
2680 5721 2942 5778 Ecclesia.

2275 5815 2339 5872 Et
2360 5815 2711 5873 dominabitur
2738 5830 2770 5869 a
2799 5814 2938 5869 mari
2962 5825 3121 5883 usque
3150 5808 3219 5864 ad
3243 5824 3393 5866 mare
3411 5852 3424 5879 ,
3457 5817 3558 5865 etc.
3590 5802 3775 5859 Totum
