3954 6340
151 312 266 381 I029

1057 308 1488 373 BREVIAIlIUM
1529 308 1594 370 IN
1636 308 1967 369 PSALMOS.
2013 307 2254 369 PSALM.
2298 308 2511 370 LXXII.

3276 308 3418 369 1030

151 444 270 495 hunc
304 432 567 492 tnundum
607 444 709 490 sua
742 432 998 506 passione
1025 434 1355 505 acquisitum
1386 441 1550 503 atque
1588 430 1714 486 sub-
1743 430 1794 493 Α
1821 427 1876 485 in
1915 441 2089 498 novo,
2131 444 2255 487 cmn
2310 430 2599 502 dignanter
2638 438 2793 486 vocat
2827 446 2890 486 ea
2936 445 3055 500 qua:
3103 445 3210 485 non
3251 441 3413 495 sunt,

147 534 324 603 jectum
344 528 559 585 Christo
588 528 820 584 Domino
851 529 1120 597 propheta
1144 533 1398 582 testatur.

205 621 378 678 Coram
399 620 492 677 illo
508 617 1097 690 procidentzEtltiopes.
1128 617 1375 676 PeCCatis
1406 615 1707 672 tenebrosi.

151 715 207 772 Et
223 716 406 771 inimici
428 718 541 789 ejus
563 723 752 769 terram
777 713 996 786 lingent.
1022 710 1183 768 Juxta
1211 710 1345 766 illud
1372 728 1386 764 :
1410 710 1489 766 'I'e
1513 708 1711 765 adoras

151 810 282 877 bunt,
305 815 359 864 et
373 810 650 879 pulverem
668 806 866 878 pedum
885 815 1107 862 tuorum
1130 805 1337 876 llngent
1364 800 1517 875 (Isai.
1536 800 1713 874 sua).

208 903 361 974 Reges
397 899 643 967 Tharsis,
692 907 743 956 et
788 899 979 954 insula
1027 913 1242 953 munera
1268 894 1489 966 o/ferent
1512 912 1532 951 :
1569 910 1718 969 reges

148 998 382 1061 Arabum,
418 1004 465 1053 et
514 997 659 1055 Saba
702 996 841 1052 dona
895 995 1193 1064 adducent,
1243 1005 1351 1049 etc.
1404 991 1582 1049 Omne
1630 989 1718 1047 hic

151 1089 400 1147 mundiale
434 1090 725 1162 imperium
748 1133 763 1159 ,
798 1090 1070 1156 honores,
1102 1097 1159 1145 et
1202 1088 1428 1144 ordines
1460 1085 1527 1142 ad
1558 1083 1718 1141 Chri-

149 1196 270 1242 stum
300 1184 587 1242 Dominum
627 1180 920 1249 accedere,
969 1181 1130 1254 eique
1155 1180 1296 1238 colla
1347 1178 1672 1235 submittere
1699 1220 1713 1246 ,

147 1284 499 1355 bonorumque
528 1298 742 1339 morum
798 1278 939 1338 dona
988 1280 1205 1337 deferre
1231 1322 1245 1347 ,
1289 1275 1551 1352 propheta
1596 1290 1720 1348 pro-

148 1379 377 1437 nuntiat:
410 1374 559 1450 quod
586 1392 656 1435 ex
687 1390 969 1449 magorum
1013 1372 1335 1431 muneribus
1365 1371 1720 1444 intelligimus

147 1475 458 1533 inchoatum.
486 1473 593 1543 Ipsi
626 1473 772 1529 enim
809 1470 1054 1543 gentium
1091 1484 1387 1543 regumque
1418 1474 1609 1540 typum
1634 1470 1719 1521 te-

148 1568 317 1628 nuisse
343 1575 739 1624 monstrantur.

213 1660 341 1730 Quia
359 1658 596 1715 liberavit
625 1668 906 1734 pauperem
934 1674 965 1711 a
998 1663 1229 1729 potente.
1274 1653 1541 1726 Populum
1588 1650 1721 1710 tide-

152 1752 246 1811 lem
271 1769 299 1808 a
327 1763 602 1827 potestate
636 1748 864 1808 diaboli.
901 1749 971 1805 Et
999 1762 1281 1823 pauperem
1328 1748 1433 1803 cui-
1461 1762 1565 1803 non
1610 1753 1724 1802 erat

151 1847 362 1918 adjutor.
396 1845 586 1900 Parcet
611 1844 867 1918 pauperi,
900 1854 951 1899 et
978 1845 1157 1914 inopi,
1199 1851 1306 1898 etc.
1338 1838 1472 1911 Qui,

149 1939 320 1999 mundi
345 1934 586 2006 divitiis,
618 1932 1007 2010 paenitentiam
1038 1941 1309 2008 egerunt:
1348 1934 1590 2005 parcitur
1617 1930 1727 2002 his,

152 2046 198 2093 et
228 2032 599 2092 Salvabuntur.

219 2129 296 2187 Ea:
322 2129 492 2185 usuris
526 2138 574 2185 et
612 2126 978 2202 iniquitatibus
1019 2127 1233 2183 redimet
1278 2123 1482 2180 animus
1527 2138 1725 2179 eorum.

150 2226 221 2284 Ne
243 2227 308 2283 de
343 2222 698 2297 pereuntibus
743 2223 927 2279 usuris
958 2222 1011 2278 in
1043 2233 1192 2277 terra
1231 2221 1570 2277 constituant
1609 2220 1728 2275 the-

153 2336 361 2389 sauros,
389 2316 487 2375 sed
520 2319 571 2373 In
605 2319 747 2376 coelo
773 2316 1048 2374 collucent
1088 2315 1341 2372 sacculos
1366 2312 1454 2386 qui
1499 2330 1608 2370 non
1641 2328 1732 2370 ve-

153 2418 432 2470 terascant.
453 2412 563 2469 Sed
589 2419 647 2468 et
668 2426 851 2466 usura:
880 2418 1102 2481 peccata
1131 2420 1281 2477 sunt,
1307 2424 1429 2465 cum
1463 2407 1667 2464 malitia
1700 2422 1730 2462 a

156 2504 340 2563 Sataua
382 2512 603 2575 accepta
650 2500 1066 2576 multiplicatur.
1104 2501 1171 2558 Et
1206 2501 1507 2558 Itonorabile
1548 2514 1733 2557 nomen

150 2616 317 2655 eorum
337 2616 514 2655 coram
543 2597 657 2652 illo.
691 2596 891 2655 Coram
923 2598 1043 2653 Deo
1068 2597 1248 2653 Patre.

218 2690 280 2745 Et
310 2691 459 2746 vivet.
495 2688 555 2745 lu
585 2688 792 2747 sanctis
824 2690 969 2758 suis,
994 2691 1137 2747 sicut
1158 2696 1213 2744 et
1240 2686 1445 2745 Paulus
1475 2686 1693 2744 dicebat
1718 2705 1731 2741 :

149 2782 264 2841 iam
304 2798 411 2841 non
458 2785 585 2840 vivo
633 2796 787 2856 ego:
842 2782 973 2839 vivit
1023 2794 1207 2839 autem
1251 2780 1306 2837 in
1355 2796 1441 2838 me
1484 2777 1736 2838 Christus

151 2875 341 2948 (Calai.
376 2876 461 2950 ιι).
489 2874 560 2931 Et
590 2875 800 2932 dabitur
837 2874 883 2930 ei
914 2875 979 2931 de
1001 2891 1132 2930 auro
1162 2874 1390 2931 Arabian
1413 2872 1658 2931 Ol'ferent
1686 2872 1736 2930 ei

149 2968 339 3027 mentis
394 2969 726 3042 puritatem,
786 2978 1063 3040 tamquam
1142 2982 1338 3023 aurum
1406 2967 1735 3037 Arabicum,

148 3062 434 3134 splendore
475 3060 848 3133 pulcherrimo
901 3060 1153 3117 rntilans.
1221 3059 1284 3115 Et
1329 3058 1623 3116 adorabunt
1677 3062 1740 3115 de

148 3156 258 3228 ipso
288 3170 507 3226 semper.
541 3153 621 3210 Eo
661 3154 807 3225 quod
835 3154 906 3208 ab
930 3152 1318 3225 iniquitatibus
1347 3151 1559 3209 liberati
1587 3162 1736 3208 sunt.

146 3221 282 3306 iota
309 3221 719 3306 die-benedicent
750 3247 819 3303 ei.
845 3248 901 3305 In
930 3221 1045 3305 uno
1064 3246 1323 3305 Ecclesia:
1347 3261 1582 3319 corpore
1610 3260 1742 3304 con-
1767 3221 1815 3289 C

277 3343 370 3400 ati.

277 3358 370 3400 att.

144 3358 287 3491 υἷι
314 3437 415 3492 erit
443 3438 832 3507 ﬁrmamentum
863 3434 916 3490 in
941 3445 1103 3491 terra.
1132 3435 1382 3507 Magnum
1406 3434 1551 3491 enim
1583 3443 1744 3489 terras

146 3532 354 3588 labenti
387 3532 576 3587 attulit
613 3531 732 3601 ejus
776 3529 1045 3586 adventus
1081 3529 1265 3601 passio
1306 3544 1371 3587 ac
1416 3530 1747 3586 resurrectio

146 3623 582 3680 ﬁrmamentum.
629 3622 694 3679 In
741 3625 956 3679 summis
1009 3626 1264 3679 montium
1311 3622 1748 3696 superextolletur

144 3733 302 3785 super
323 3715 594 3771 Libanum
623 3716 821 3788 [ructus
851 3718 991 3790 ejus.
1016 3715 1193 3787 Super
1225 3730 1415 3771 omnes
1452 3716 1598 3771 enim
1626 3713 1750 3771 altl-

142 3810 368 3868 tudines
389 3810 579 3868 saeculi
603 3808 821 3867 elevata
849 3821 932 3867 est
963 3809 1138 3881 gratia
1164 3808 1445 3880 baptismi;
1471 3824 1566 3880 per
1588 3824 1751 3880 quam

143 3889 379 3975 peccata
409 3903 701 3959 tolluntur.
737 3899 805 3957 Et
826 3901 1085 3974 florebunt
1111 3902 1175 3957 de
1196 3903 1418 3957 civitate.
1447 3899 1504 3957 Id
1535 3909 1651 3969 est,
1683 3902 1753 3958 de

141 3996 366 4053 easiein
410 3994 743 4051 Jerusalem.
785 3994 935 4051 Sicut
964 3996 1140 4067 fenum
1183 4002 1354 4050 terrae.
1390 3990 1597 4049 Fenum
1653 3993 1748 4049 du-

140 4090 290 4161 plam
330 4089 506 4146 habet
535 4090 827 4146 rationem.
865 4086 961 4144 Est
986 4088 1171 4144 fenum
1203 4087 1347 4159 quod
1372 4100 1625 4143 arescens
1662 4086 1757 4143 de-

140 4187 317 4255 cidit,
348 4196 411 4243 et
432 4197 521 4243 est
550 4185 736 4242 l'enum
769 4185 1019 4242 floridum
1044 4228 1057 4253 ,
1087 4193 1144 4242 et
1172 4183 1329 4241 viridi
1362 4198 1519 4242 coma
1558 4183 1757 4256 perdu-

136 4293 272 4335 rans
297 4325 315 4347 ,
368 4278 446 4336 de
487 4294 595 4350 quo
637 4290 905 4336 ornantur
950 4292 1167 4337 corona:
1208 4288 1544 4335 sanctorum.
1570 4276 1758 4335 Sancti

134 4386 271 4445 ergo
306 4385 416 4445 per
467 4372 801 4446 baptismum
843 4375 1055 4442 renati,
1109 4374 1383 4431 ﬂorebunt
1440 4372 1508 4431 de
1544 4370 1759 4432 ctelesti

131 4467 464 4525 Jerusalem
489 4468 758 4524 bonorum
804 4483 1032 4538 operum
1084 4474 1413 4526 ornamento
1462 4464 1759 4540 splendidi.

132 4562 291 4617 Sicut
335 4566 529 4632 fenum
580 4569 749 4616 terrte.
791 4556 911 4617 Non
969 4558 1118 4617 illius
1172 4572 1333 4619 terrae
1386 4560 1757 4619 maledictioni

127 4654 415 4724 subditae,
454 4654 548 4710 sed
582 4654 731 4711 illius
759 4655 923 4713 melle
953 4670 1016 4712 ac
1046 4656 1187 4711 lacte
1214 4656 1507 4712 manantis.

202 4748 279 4803 Et
319 4749 437 4804 erit
476 4762 661 4801 nomen
709 4750 823 4821 ejus
867 4748 1190 4804 benedictum
1219 4748 1272 4803 in
1316 4750 1531 4804 swcula.
1564 4747 1648 4804 Ab
1675 4747 1765 4806 bis

128 4858 272 4916 quos
345 4841 498 4898 inibi
559 4842 870 4911 transtulit,
945 4841 1341 4913 perpetualiter
1385 4838 1762 4901 benedicetur.

125 4936 267 4992 Ante
283 4932 480 4992 solem
503 4944 766 5003 permanet
787 4944 975 4991 nomen
999 4935 1134 5008 ejus.
1160 4933 1418 4993 Potestas
1444 4935 1654 4993 scilicet
1674 4950 1768 4996 no-

126 5029 309 5086 minis
363 5026 502 5098 ejus
551 5044 566 5081 :
611 5025 767 5097 juxta
800 5026 933 5083 illud
966 5045 978 5082 :
1025 5029 1167 5085 Ante
1191 5026 1480 5084 luciferum
1517 5030 1678 5100 genui
1711 5037 1765 5088 te

125 5121 322 5196 (Psal.
360 5117 525 5191 εει).

201 5215 278 5272 Et
308 5211 705 5270 benedicentur
734 5213 787 5267 in
817 5213 935 5285 ipso
963 5230 1139 5269 omnes
1169 5213 1333 5270 tribus
1363 5224 1554 5273 terrm:
1587 5232 1766 5273 omnes

123 5319 315 5381 gentes
390 5304 817 5377 magni/imbuat
878 5324 1016 5361 eunt.
1070 5308 1184 5365 Iloc
1238 5309 1384 5365 enim
1429 5310 1764 5382 evangelista

123 5406 597 5468 commemorat,
647 5399 878 5457 Domino
919 5401 1001 5458 sie
1043 5401 1265 5459 dicente
1307 5421 1319 5459 :
1370 5404 1767 5461 Pratdicabitur

125 5498 235 5554 hoc
291 5492 683 5563 Evangelium
736 5495 789 5550 in
834 5495 1092 5552 universo
1133 5496 1337 5555 mundo
1367 5497 1545 5570 (Matt.
1585 5500 1765 5571 xxxv).

122 5591 233 5651 sed
283 5600 348 5648 et
390 5600 605 5643 omnes
632 5598 827 5657 gentes
870 5590 1089 5646 venient
1115 5632 1131 5659 ,
1162 5604 1216 5647 et
1256 5591 1560 5649 adorabunt
1583 5610 1767 5651 coram

126 5699 213 5757 ιθ,
251 5681 546 5741 Domine.

201 5774 565 5838 Benedictus
591 5770 852 5832 Dominus
876 5776 1018 5834 Deus
1042 5778 1212 5836 Israel
1230 5821 1246 5851 ,
1273 5784 1363 5856 qui
1395 5787 1523 5856 facit
1558 5785 1772 5843 mirabi-

125 5877 205 5933 lia
239 5871 431 5931 solus.
474 5862 639 5922 Fecit
677 5869 820 5925 enim
851 5869 906 5927 in
932 5873 1104 5930 veteri
1136 5872 1494 5937 Testamento
1526 5895 1540 5936 :
1570 5877 1777 5939 t‘acltot

1817 533 2087 595 tamquam
2129 539 2192 580 ea
2231 540 2355 596 qua:
2381 532 2532 581 sunt.

1888 618 1956 674 Et
1984 619 2306 674 benedictum
2341 632 2525 675 nomen
2554 621 2838 694 majestatis
2887 623 2998 692 ejus
3044 620 3099 675 in
3140 629 3416 677 telernam.

1815 713 1984 772 Juxta
2012 715 2143 771 illud
2174 733 2188 771 :
2232 715 2300 771 Et
2337 716 2442 771 erit
2470 713 2821 771 credentibus
2855 714 2908 769 in
2943 726 3030 770 me
3063 730 3262 770 nomen
3311 731 3413 770 no-

1814 822 1969 876 vom,
1995 808 2136 881 quod
2185 808 2536 865 benedicetur
2578 808 2633 863 in
2666 807 2847 876 terris,
2889 806 2941 863 id
2987 820 3105 876 est,
3146 805 3413 863 Christia-

1819 918 1970 958 num.
2006 901 2076 955 Et
2102 901 2377 974 replebitur
2407 903 2680 972 majestate
2719 903 2832 974 ejus
2878 900 3042 955 omnis
3077 911 3214 955 terra
3241 943 3254 967 ,
3300 901 3418 972 ﬁat,

1819 996 1932 1066 fiat.
1975 994 2110 1050 Cum
2158 994 2409 1051 effuderit
2451 994 2713 1064 Spiritum
2758 1010 2914 1049 suum
2963 1002 3209 1049 sanetum
3254 1006 3419 1064 super

1820 1103 2036 1147 omnem
2073 1102 2341 1146 carnem:
2383 1089 2528 1161 quod
2561 1088 2672 1160 jam
2722 1087 2774 1144 in
2830 1086 3056 1145 Actibus
3093 1087 3423 1160 Apostolicis

1822 1180 2052 1253 legimus
2099 1181 2267 1237 fuisse
2305 1183 2634 1252 completum
2684 1182 2825 1254 (Act.
2856 1180 2937 1253 tt).
2973 1179 3078 1250 Qui
3108 1189 3164 1236 et
3193 1184 3416 1236 nuncin

1824 1276 1978 1331 nobis
2017 1273 2382 1342 Paraelctum,
2418 1274 2471 1329 id
2503 1280 2614 1345 est,
2648 1272 3040 1331 Consolatorem
3060 1274 3313 1346 dignetur
3339 1275 3419 1329 in-

1824 1370 2078 1433 fundere,
2108 1368 2491 1440 utlntelligere
2520 1368 2792 1440 possimus
2820 1382 2943 1425 eum
2967 1382 3065 1440 pro
3091 1368 3419 1437 redemptio-

1826 1478 1893 1519 ne
1923 1468 2109 1519 nostra
2139 1474 2337 1532 corpus
2374 1460 2737 1533 assumpsisse
2775 1470 3049 1519 terrenum
3070 1507 3085 1530 ,
3115 1465 3423 1534 suscepisse

1826 1566 2095 1627 mortem,
2138 1562 2456 1628 penetrasse
2508 1555 2744 1623 inferos,
2804 1555 3009 1613 redisse
3044 1554 3302 1612 victorem
3353 1555 3421 1611 ad

1824 1651 2017 1708 ctelos.

2333 1720 2651 1779 PBALHUS
2689 1722 2905 1779 LXXII.

1498 1837 1730 1911 abjectis
1761 1822 1808 1889 Β
1836 1812 2911 1911 θεέςξξηξιηι-ίσνξυξλυαυὶιξ,Δριἱξβεεσὴ
2941 1814 3184 1911 Paulinus
3223 1817 3420 1911 Allnpll.

1902 1887 2213 1971 Sciendum.
2249 1888 2407 1971 qugd.
2441 1889 2879 1971 septuagesimus
2921 1892 3126 1957 primus
3185 1888 3426 1971 psalmus

1904 1958 2128 2015 secundi
2159 1956 2282 2014 libri
2318 1957 2441 2015 linis
2472 1956 2537 2015 sit
2569 1977 2583 2016 :
2619 1960 2760 2015 unde
2788 1971 2843 2015 et
2870 1956 3193 2014 inextretno
3233 1958 3425 2024 habet,

1904 2028 2019 2100 ﬁat,
2044 2030 2137 2100 ﬁat
2160 2046 2178 2083 :
2213 2044 2311 2100 pro
2339 2044 2445 2100 quo
2482 2046 2581 2085 nos
2610 2033 2660 2084 in
2696 2032 3067 2101 superioribus
3088 2032 3424 2087 demonstra-

1904 2103 2103 2166 vimus,
2147 2117 2319 2169 amen,
2351 2118 2499 2156 amen
2537 2104 2589 2157 in
2646 2102 2876 2158 IIebra'o
2925 2104 3055 2159 dici.
3105 2104 3277 2157 Etiam
3330 2105 3433 2157 hoc

1905 2174 2215 2245 diligentius
2246 2175 2678 2245 observandum,
2722 2175 2866 2245 quod
2908 2175 3207 2243 defecerunt
3251 2175 3430 2245 hymni

1906 2242 2110 2318 Dauid,
2157 2242 2456 2318 ﬁliilesse,
2502 2244 2571 2318 ad
2624 2242 2783 2300 linem
2831 2242 3218 2318 septuagesimi
3271 2242 3429 2318 primi

1906 2314 2100 2388 psalmi
2132 2314 2405 2389 pertineat
2431 2335 2443 2371 :
2478 2316 2528 2372 id
2563 2332 2694 2373 vero
2724 2316 2867 2388 quod
2892 2314 3158 2389 sequitur,
3187 2314 3432 2372 Pan/mus

1906 2389 2114 2460 Asaplt,
2138 2388 2363 2444 initium
2394 2389 2465 2444 sit
2494 2392 2796 2459 sequentis.

1914 2501 2086 2571 Quam
2116 2501 2288 2558 bonus
2315 2499 2490 2559 Israel
2517 2498 2659 2559 Deus
2681 2551 2694 2574 ,
2728 2502 2807 2557 Itis
2834 2505 2922 2575 qui
2952 2513 3089 2560 recto
3115 2512 3232 2558 sunt
3257 2505 3431 2558 corde.

1838 2595 2022 2653 Bonus
2050 2598 2198 2653 enim
2225 2605 2311 2652 est
2342 2596 2428 2652 his
2454 2594 2546 2669 qui
2576 2612 2698 2652 cum
2745 2594 2912 2653 visuri
2944 2605 3069 2651 sunt
3111 2614 3124 2651 :
3165 2597 3307 2652 sicut
3338 2597 3438 2651 Du-

1839 2690 2018 2747 minus
2071 2687 2289 2760 iuquit:
2341 2688 2491 2745 Beati
2525 2688 2730 2745 mundo
2777 2686 2978 2757 corde,
3027 2688 3282 2761 quoniam
3333 2688 3435 2761 ipsi

1840 2784 2010 2842 Deum
2034 2781 2294 2839 videbunt
2326 2780 2506 2855 (Matt.
2540 2784 2618 2853 ν).

1913 2876 2020 2933 Mei
2040 2884 2214 2933 autent
2248 2892 2379 2950 pene
2412 2875 2539 2931 moti
2579 2888 2699 2931 sunt
2740 2876 2928 2946 pedes,
2972 2891 3100 2948 pene
3128 2872 3284 2943 επαεὶ
3320 2883 3438 2929 sunt

1842 2984 2047 3045 gressus
2096 2971 2221 3029 mei.
2272 2970 2441 3038 Quia,
2484 2980 2595 3028 etc.
2650 2966 2929 3028 Stabilitas
2974 2971 3279 3025 sanctitatis
3321 2971 3441 3039 ejus

1844 3076 2008 3139 atque
2031 3065 2270 3122 incessio
2296 3063 2365 3119 ad
2397 3062 2565 3120 Deum
2606 3063 2910 3130 labebatur,
2943 3078 3009 3120 eo
3040 3061 3184 3135 quod
3211 3064 3441 3120 tumulos

1846 3159 2139 3229 impiorum
2174 3154 2321 3227 pacis
2362 3154 2747 3227 felicitatisque
2782 3156 2997 3213 luisset.

1922 3251 2063 3320 Quia
2089 3267 2192 3305 non
2233 3258 2309 3306 est
2336 3260 2600 3321 respectus
2630 3251 2787 3304 morti
2815 3266 2994 3304 eorum
3020 3262 3039 3304 :
3069 3259 3115 3305 et
3141 3250 3445 3321 ﬁrmamen-

1847 3352 1954 3398 tum
1984 3344 2037 3398 in
2066 3344 2226 3415 plaga
2247 3357 2443 3399 eorum.
2480 3341 2549 3397 Et
2579 3341 2634 3397 in
2662 3342 2836 3397 labore
2864 3342 3128 3398 hominum
3155 3384 3170 3409 ,
3214 3350 3319 3399 etc.
3362 3343 3447 3399 Ab

1847 3435 2199 3506 Inlirmitate,
2245 3444 2302 3493 et
2341 3434 2516 3509 plagis
2555 3436 2826 3493 velociter
2865 3436 3293 3502 convalescunt,
3346 3451 3449 3492 nec

1849 3531 1990 3588 sicut
2035 3530 2287 3589 homines
2322 3530 2493 3603 justi,
2538 3530 2951 3587 tribulationum
2980 3531 3302 3602 quatiuntur
3355 3529 3452 3588 lla-

1849 3626 2028 3699 gellis.

1924 3717 2054 3774 Ideo
2077 3720 2247 3775 tenuit
2283 3736 2370 3776 eos
2409 3719 2671 3793 superbia,
2706 3720 2874 3792 aperti
2902 3732 3021 3775 sunt
3059 3720 3353 3793 iniquitate,
3404 3730 3450 3776 et

1852 3812 2119 3883 impietate
2143 3828 2258 3867 sua.
2289 3810 2394 3868 Per
2422 3813 2790 3883 arrOgautiam
2826 3813 2974 3868 enim
3013 3812 3288 3869 felicitatis
3314 3814 3454 3868 mul-

1859 3908 2101 3981 tiplicata
2136 3907 2419 3980 iniquitate
2452 3916 2797 3979 premuntur.

1928 4001 2139 4058 Prodiit
2163 4002 2314 4076 quasi
2345 4019 2409 4059 ea:
2438 4002 2596 4077 adipe
2623 4003 2871 4072 iniquitas
2900 4012 3101 4057 eorum.
3134 4000 3193 4056 In
3229 4001 3453 4073 pingue-

1857 4095 1986 4152 dine
2010 4111 2224 4169 quoque
2251 4094 2570 4152 divitiarum
2597 4138 2612 4163 ,
2655 4095 2823 4151 oblita
2876 4094 3131 4166 lniqnitas
3179 4095 3447 4166 processit

1859 4190 1929 4247 ab
1955 4191 2056 4247 eis.
2086 4189 2166 4247 De
2189 4188 2295 4246 hac
2322 4188 2465 4246 enim
2497 4189 2856 4261 pinguedine,
2881 4198 2935 4245 et
2962 4189 3176 4260 Moyses
3206 4188 3280 4243 ait
3304 4203 3318 4243 :
3352 4187 3456 4244 Im.

1861 4284 2155 4356 piuguatus
2194 4292 2279 4341 est
2306 4284 2505 4350 Jacob,
2528 4290 2584 4340 et
2625 4282 2999 4339 recalcitravit
3034 4281 3214 4355 (Deut.
3250 4284 3454 4354 xxx").

1935 4375 2280 4432 Transierunt
2308 4376 2365 4431 in
2409 4374 2657 4444 allectum
2686 4377 2882 4433 cordis.
2918 4375 2991 4433 Ut
3023 4388 3177 4433 suam
3201 4419 3216 4444 ,
3263 4382 3321 4433 et
3351 4388 3459 4433 non

1863 4469 1961 4529 Dei
1994 4470 2239 4527 facerent
2266 4470 2629 4526 voluntatem.

1938 4562 2337 4637 Cogitaverunt,
2380 4570 2433 4619 et
2478 4563 2637 4619 locuti
2670 4572 2791 4621 sunt
2832 4564 3152 4636 nequitiam.
3183 4571 3290 4621 etc.
3332 4563 3463 4622 Sive

1785 4629 1841 4692 υ
1864 4629 2073 4725 Judaei,
2101 4658 2192 4730 qui
2229 4657 2399 4714 Deum
2434 4657 2487 4712 in
2514 4672 2682 4713 carne
2716 4629 2955 4728 pesitum
2990 4654 3459 4728 blasphemantes,

1867 4750 2122 4823 nequitias
2160 4752 2384 4822 laqueos
2428 4752 2728 4808 tendebaut
2764 4754 2818 4807 in
2867 4752 3290 4823 cogitationibus
3336 4766 3461 4823 per-

1865 4848 2076 4904 versis:
2108 4847 2226 4902 sive
2266 4845 2546 4913 haeretici,
2579 4846 2671 4919 qui
2721 4861 2816 4917 per
2845 4844 3328 4916 interpretationes
3357 4843 3462 4900 ini-

1868 4956 2006 5016 quas
2036 4942 2146 4999 Deo
2173 4940 2490 4997 detrahunt.

1938 5036 2239 5094 Potuerunt
2283 5037 2341 5091 in
2392 5036 2576 5092 caelum
2601 5052 2659 5091 os
2712 5051 2897 5105 suum,
2947 5044 2997 5091 et
3049 5036 3231 5107 lingua
3281 5042 3465 5089 eorum

1872 5132 2103 5187 transivit
2127 5132 2180 5185 in
2203 5139 2366 5187 terra.
2401 5130 2504 5186 Per
2528 5130 2842 5200 superbiam
2874 5129 3121 5186 scientia:
3149 5126 3314 5184 locuti
3335 5137 3465 5184 sunt

1872 5235 2067 5282 contra
2097 5224 2459 5281 habitatorem
2485 5223 2607 5281 caeli
2631 5265 2647 5291 ,
2679 5223 2776 5281 sed
2809 5222 3154 5279 bumiliatum
3183 5232 3266 5277 est
3293 5236 3464 5291 usque

1876 5320 1928 5374 in
1961 5326 2164 5375 terram
2192 5317 2435 5389 iniquum
2463 5319 2740 5390 eloquium
2771 5333 2992 5383 eorum,
3027 5326 3080 5372 et
3107 5317 3420 5387 pertransiit
3450 5332 3464 5372 :

1875 5411 2000 5483 quia
2031 5410 2244 5467 ﬁrmam
2286 5428 2392 5468 non
2421 5411 2611 5468 habuit
2637 5414 2949 5469 stationem.
2985 5410 3193 5467 Idcirco
3225 5410 3310 5468 bis
3342 5427 3468 5483 pro-

1880 5504 2079 5576 phetiis
2111 5504 2371 5562 Dominus
2397 5506 2467 5564 de
2496 5507 2608 5562 suis
2632 5507 2891 5579 loquitur,
2922 5506 3108 5563 dicens
3142 5527 3154 5560 :

1947 5596 2075 5655 Ideo
2122 5609 2446 5654 convertatur
2486 5596 2711 5674 papulas
2748 5617 2889 5655 ntcus
2933 5598 3052 5667 hic,
3079 5609 3125 5655 et
3168 5598 3278 5656 dies
3327 5594 3466 5669 pleni

1875 5692 2197 5749 invenientur
2237 5692 2292 5748 in
2336 5693 2429 5748 eis.
2468 5690 2728 5750 Videntes
2756 5693 2871 5749 lucc
2916 5692 3046 5765 justi
3103 5693 3193 5764 qui
3227 5695 3373 5763 prius
3417 5695 3470 5749 in

1879 5784 2257 5859 peccatoribus
2284 5772 2444 5842 zela‘ti
2463 5784 2700 5855 fuerant,
2727 5792 3017 5844 cernentes
3044 5798 3228 5857 pacem
3254 5801 3467 5856 eorum,

1882 5885 2237 5937 revertuntur
2265 5876 2333 5935 ad
2361 5876 2534 5936 Deum
2568 5894 2583 5936 :
2616 5887 2679 5936 ut
2714 5878 3113 5953 plenitudinem
3141 5878 3354 5937 dierum
3382 5894 3475 5937 ea.
