3954 6340
509 280 646 341 1031

509 489 791 544 dimidium
835 489 1121 545 accedunt.

583 582 648 636 Et
679 583 922 638 dixerunt
954 599 972 638 :
1008 583 1277 651 Quomodo
1305 584 1400 640 scit
1431 584 1576 640 Deus
1597 627 1613 653 ,
1637 595 1685 640 ct
1717 586 1761 641 si
1787 595 1860 641 est
1882 585 2098 640 scicntia

506 677 560 732 in
603 676 825 732 excelso.
852 676 1108 745 Ignorant
1139 678 1286 733 enim
1331 691 1651 749 peccatores
1696 681 1864 736 Deum
1911 681 2098 736 omnia

507 783 665 838 posse
685 783 1059 840 cognoscere:
1095 770 1400 828 nescientes
1440 773 1659 841 miseri,
1690 772 1817 844 quia
1850 772 1988 828 nihil
2029 771 2099 828 ab

507 863 680 918 oculis
710 864 833 932 ejus
861 862 1237 920 absconditur.

579 953 712 1010 Ecce
741 956 840 1026 ipsi
865 965 1188 1025 peccatores,
1232 966 1278 1012 et
1306 956 1628 1012 abundantes
1656 958 1713 1011 in
1743 957 1932 1012 saeculo
1967 957 2098 1012 obti-

504 1057 727 1102 nuerunt
769 1048 997 1103 divitias.
1029 1048 1385 1105 Abundanles
1415 1048 1623 1105 divitiis
1653 1050 1835 1105 Sacculi
1855 1091 1870 1118 ,
1919 1048 2097 1120 perdi-

502 1142 700 1199 derunt
733 1142 876 1199 dona
903 1143 1164 1214 paradisi.

575 1237 641 1291 Et
665 1237 776 1290 dixi
804 1253 822 1290 :
851 1253 977 1310 ergo
1007 1236 1118 1291 sine
1148 1253 1306 1291 causa
1337 1236 1629 1310 justiﬁcavi
1671 1252 1760 1290 cor
1807 1251 1974 1290 meum
1999 1276 2014 1301 ,
2047 1243 2093 1289 et

499 1330 605 1386 lavi
631 1333 764 1386 inter
788 1331 1083 1386 innocentes
1112 1347 1294 1384 manus
1323 1331 1503 1384 meas?
1531 1329 1802 1400 Numquid
1856 1328 1972 1385 haec
2013 1327 2098 1383 vi-

498 1425 837 1496 dcnsjustus
875 1427 1072 1480 frustra
1103 1440 1164 1481 se
1188 1423 1542 1495 justiﬁcavit,
1587 1433 1680 1479 aut.
1719 1423 1770 1478 in
1817 1423 2094 1478 contrario

499 1520 766 1576 innocens
799 1534 938 1590 opus
976 1518 1137 1575 fecit?
1168 1518 1275 1574 Sed
1308 1518 1428 1572 haec
1461 1531 1526 1572 ex
1559 1531 1792 1588 persona
1816 1515 1949 1586 justi
1990 1516 2094 1570 Do-

497 1614 678 1671 minus
708 1614 828 1684 ipsc
855 1611 988 1667 dicit
1017 1654 1029 1674 .
1063 1612 1208 1668 sicut
1237 1611 1523 1682 sequentia
1547 1610 1768 1666 docent.

569 1703 639 1760 Et
664 1705 742 1775 fui
761 1703 1058 1777 ﬂagellatus
1090 1712 1198 1759 tota
1220 1703 1324 1760 die.
1367 1703 1777 1775 Flagellabatur
1801 1703 1948 1759 enim
1980 1701 2090 1758 Do-

1298 280 1644 342 APPENDIX
1687 284 1777 340 AD
1817 280 2064 341 TOMUM
2106 278 2456 340 SEPTIMUM
2496 279 2555 337 S.
2599 277 3004 340 I-IIERONYMI.

505 398 656 469 piant
700 402 1068 467 aeternorum,
1121 397 1392 470 scientes,
1450 397 1572 471 quia
1627 399 1826 470 iniqui,
1883 414 1983 455 nec
2029 396 2094 452 ad
2124 400 2169 459 A
2202 412 2231 452 a
2271 413 2400 465 me,
2457 398 2695 468 Operarii
2766 395 3069 468 iniquitatis
3117 409 3130 450 :

3648 280 3771 344 103%

3191 394 3317 467 quia
3365 409 3474 452 non
3519 397 3639 453 novi
3685 413 3770 454 vos

2207 489 2364 562 (Luc.
2397 489 2534 561 xm).

2278 583 2415 650 Quia
2449 584 2830 654 inﬂammatum
2850 593 2925 638 est
2954 599 3043 638 t'or
3071 598 3260 637 meum.
3288 582 3358 640 Ut
3403 582 3574 640 Patris
3597 583 3768 640 iaciam

2202 675 2557 731 voluntatem.
2591 675 2841 732 Christus
2868 675 3135 732 Dominus
3161 676 3279 732 haec
3311 676 3564 746 loquitur.
3615 677 3676 732 Et
3701 695 3772 733 re-

2202 785 2292 825 nes
2317 771 2415 825 mei
2436 772 2738 826 commutati
2764 781 2908 826 sunt.
2952 771 3029 828 Ne
3057 771 3196 827 mihi
3221 773 3538 842 pratvalcret
3581 774 3770 830 luxuria

2200 863 2544 934 cogitationis
2573 863 2848 919 humanm.
2909 862 2976 918 Et
3028 882 3119 937 ego
3175 865 3245 919 ad
3291 865 3508 920 nihilum
3560 867 3772 922 redactus

2199 973 2334 1024 sum,
2367 965 2414 1010 et
2438 956 2644 1012 nescivi.
2682 957 2747 1012 Et
2778 957 3146 1026 humiliatnm,
3172 967 3225 1013 et
3261 960 3598 1028 ignorantem
3621 973 3677 1016 se
3695 958 3770 1015 di-

2201 1051 2296 1116 cit,
2326 1057 2385 1103 ut
2410 1064 2599 1104 verum
2629 1049 2907 1106 hominem
2936 1059 3228 1106 monstret.
3266 1049 3422 1106 Nulla
3464 1052 3606 1106 enim
3650 1052 3772 1108 Deus

2199 1140 2545 1212 ignoratione
2576 1140 2800 1210 fallitur,
2832 1142 2929 1199 sed
2975 1153 3182 1198 tantum
3211 1152 3533 1213 peccatores
3562 1146 3739 1200 nestit.

2274 1234 2343 1290 Ut
2359 1237 2654 1306 jumenlum
2673 1237 2843 1307 factus
2868 1254 2982 1291 sum
3003 1238 3147 1309 apud
3175 1246 3242 1292 te.
3274 1237 3505 1293 Portans
3546 1238 3597 1294 in
3623 1254 3772 1295 carne

2199 1339 2418 1401 peccata
2453 1331 2639 1402 populi
2667 1331 2764 1387 tui.
2797 1331 2864 1386 Et
2885 1349 2978 1404 ego
3009 1349 3212 1404 semper
3243 1341 3431 1388 tecum.
3473 1332 3584 1404 Ego
3611 1333 3658 1388 in
3708 1341 3770 1400 te,

2199 1435 2253 1480 et
2275 1433 2329 1480 tu
2358 1426 2411 1480 in
2443 1441 2552 1482 me.

2267 1514 2500 1570 Tenuisti
2527 1533 2739 1570 manum
2772 1517 3039 1572 dexteram
3075 1535 3262 1574 meam.
3294 1517 3669 1576 Descendente
3697 1535 3772 1576 me

2196 1608 2250 1664 in
2281 1609 2578 1680 infernum,
2602 1611 2727 1681 quia
2756 1612 2978 1668 sinistra
3005 1612 3206 1670 diaboli
3228 1614 3619 1672 adversabatur
3633 1618 3768 1671 mihi.

2198 1705 2264 1759 Et
2291 1705 2342 1758 in
2369 1704 2634 1760 voluntate
2666 1716 2758 1760 tua
2802 1707 3066 1762 deduxisti
3106 1725 3204 1762 me.
3256 1709 3664 1779 Resurgenlem.
3712 1707 3768 1764 Et

497 1802 678 1859 minus
711 1816 860 1872 saepe
876 1800 1017 1856 dolis
1044 1815 1235 1857 eorum
1264 1817 1276 1854 :
1308 1799 1407 1856 sed
1433 1800 1485 1854 in
1512 1799 1600 1855 die
1631 1799 1899 1870 passionis
1924 1798 2089 1854 certis
2121 1799 2168 1860 Β
2194 1814 2308 1851 cum
2330 1798 2498 1869 gloria
2524 1799 2795 1870 suscepisti
2819 1816 2914 1854 me.
2947 1799 3117 1856 Ctelis
3141 1800 3483 1857 redeuntem.

496 1895 878 1964 contumeliis,
926 1905 981 1952 et
1024 1895 1171 1951 veris
1223 1893 1424 1950 ictibus
1479 1893 1798 1950 verberatus
1864 1901 1967 1948 est.
2025 1889 2094 1944 Et

493 1993 770 2064 castigatio
793 2005 906 2045 mea
935 1991 986 2044 in
1020 1989 1292 2044 matutino.
1327 1987 1494 2046 Judas
1521 1987 1708 2059 utique
1739 1986 1912 2042 dixit:
1953 1985 2092 2054 Quid

494 2085 662 2141 vultis
711 2083 846 2140 mihi
901 2083 1056 2153 dare,
1114 2092 1172 2139 et
1221 2097 1321 2152 ego
1368 2080 1622 2137 indicabo
1651 2097 1775 2136 eum
1805 2081 1988 2146 vobis,
2035 2087 2093 2135 ut

495 2177 941 2251 apprehendatur
999 2177 1177 2249 (Matt.
1219 2175 1418 2249 xxvr)?
1457 2177 1578 2248 Ipse
1609 2187 1790 2233 autem
1825 2177 1877 2231 in
1909 2187 2090 2231 matu-

496 2275 610 2330 tino
644 2272 745 2329 luit
772 2271 1115 2344 ﬂagellatus:
1148 2286 1270 2326 cum
1303 2271 1550 2341 sequenti
1584 2269 1671 2325 die
1703 2268 1772 2325 de
1799 2267 2090 2324 traditione

494 2369 776 2426 Dominica
796 2368 953 2436 abiit,
982 2377 1038 2423 et
1065 2367 1262 2439 laqueo
1291 2381 1351 2422 se
1376 2365 1677 2437 suspendit.

567 2462 628 2518 Si
641 2460 904 2516 dicebam:
923 2458 1164 2514 Narrabo
1187 2459 1284 2527 sic,
1307 2474 1422 2514 ecce
1448 2457 1834 2530 generationem
1854 2455 2088 2526 ﬁliorum

490 2567 696 2613 tuorum
726 2555 1098 2625 praevaricatus
1140 2569 1275 2609 sum.
1306 2551 1453 2609 Ordo
1491 2551 1766 2618 lectionis,
1811 2561 1865 2606 et
1893 2564 2087 2606 sensus

491 2654 599 2710 iste
625 2660 710 2708 est
737 2670 749 2706 :
783 2651 920 2706 Dum
955 2649 1070 2722 ipse
1098 2664 1187 2705 me
1208 2663 1412 2705 accuso
1445 2648 1497 2703 in
1527 2646 1868 2702 orationibus
1908 2657 2088 2702 matu-

490 2745 638 2814 tinis,
674 2745 779 2801 hoc
809 2745 993 2815 reperi
1023 2752 1085 2798 ut
1111 2743 1348 2799 dicerem
1375 2759 1389 2796 :
1421 2742 1532 2812 Ego
1567 2739 1715 2796 sisic
1745 2740 1898 2796 fuero
1938 2741 2087 2796 locu-

491 2847 578 2892 tus
604 2852 619 2893 :
648 2851 752 2909 ego
781 2837 828 2891 si
854 2835 1081 2891 voluero
1106 2833 1202 2890 Dei
1249 2833 1700 2902 occulta_rimari,
1733 2833 1932 2903 incipio
1964 2848 1994 2888 a
2025 2833 2086 2887 ti-

488 2929 578 2986 liis
599 2928 706 2985 tuis
733 2928 946 2984 alienus
975 2927 1128 2982 ﬁeri:
1163 2926 1310 2982 velut
1333 2941 1439 2982 non
1462 2925 1795 2996 iustiﬁcetur
1815 2925 1957 2996 quis,
1988 2940 2086 2980 ne-

488 3039 594 3096 que
616 3024 822 3095 justum
845 3022 1013 3078 faciat
1041 3036 1200 3093 opus.
1233 3019 1298 3075 Ili
1329 3020 1420 3090 qui
1451 3035 1538 3076 me
1560 3019 1879 3090 pradicant,
1905 3028 1958 3074 et
1984 3033 2083 3089 per

487 3133 576 3174 me
606 3119 680 3174 tui
707 3116 892 3173 effecti
924 3123 1052 3172 sunt
1082 3113 1199 3183 lilii,
1233 3114 1287 3170 in
1312 3129 1398 3170 me
1413 3123 1768 3183 consurgunt.
1795 3112 1936 3168 Ilinc
1958 3128 2083 3183 pro-

486 3213 648 3287 pheta
677 3212 932 3282 loquitur.

557 3304 936 3362 Existimabam
979 3314 1034 3359 ut
1079 3321 1461 3378 cognoscerem,
1517 3308 1613 3358 hoc
1659 3302 1808 3358 labor
1835 3314 1913 3359 est
1962 3313 2083 3358 ante

487 3418 584 3456 me.
622 3399 1000 3456 I’erserutatus
1022 3412 1143 3453 sum
1167 3406 1382 3466 cuncta,
1410 3407 1464 3453 et
1493 3397 1537 3452 si
1559 3396 1865 3452 laboriose:
1894 3397 2083 3453 existi-

485 3495 625 3552 mavi
659 3503 842 3551 tamen
874 3509 998 3549 cum
1025 3492 1309 3564 Apostolo,
1344 3493 1468 3563 quia
1501 3507 1608 3546 non
1641 3501 1766 3547 sunt
1795 3491 2080 3561 condignae

487 3589 768 3660 passiones
797 3587 960 3658 hujus
1009 3586 1276 3658 temporis
1306 3586 1372 3641 ad
1417 3585 1652 3640 futuram
1696 3583 1926 3656 gloriam
1957 3599 2079 3655 qua:

486 3681 817 3739 revelabitur
846 3682 899 3737 in
930 3679 1138 3737 sanctis
1168 3678 1348 3753 (Rom.
1381 3677 1521 3751 vut).

557 3775 736 3830 Donec
760 3775 946 3830 intrent
972 3774 1026 3828 in
1052 3774 1413 3830 sanctuarium
1464 3770 1581 3839 Dei,
1621 3781 1670 3827 et
1708 3771 1992 3844 intelligant
2022 3771 2078 3824 in

485 3871 778 3926 novissimis
797 3886 992 3926 eorunt.
1032 3867 1283 3924 Intellexi
1311 3868 1474 3922 etiam
1506 3866 1575 3922 de
1615 3866 1698 3922 his
1735 3865 1939 3920 sanctis
1995 3865 2075 3918 in-

482 3964 740 4038 grediens
761 3975 943 4022 mente
961 3965 1015 4020 in
1039 3978 1228 4021 eorum
1251 3973 1451 4020 coetum
1479 3980 1491 4016 :
1518 3963 1642 4032 quia
1669 3971 1724 4018 et
1753 3961 1798 4016 si
1821 3962 1873 4017 in
1903 3961 2072 4030 prima

482 4063 588 4117 vita
610 4061 662 4117 in
696 4061 881 4132 paucis
904 4062 1104 4126 vexati,
1135 4059 1503 4115 innovissima
1528 4066 1707 4113 tamen
1735 4057 1870 4113 bene
1893 4055 2074 4125 dispo-

479 4166 676 4213 nentur
703 4156 756 4211 in
787 4156 991 4211 multis.
1013 4154 1150 4210 Hinc
1172 4153 1241 4210 ad
1271 4152 1394 4208 illos
1409 4152 1500 4224 qui
1523 4151 1576 4208 in
1603 4150 1916 4207 divitiarum
1945 4149 2072 4204 dolo

477 4251 849 4319 c0nlidebant,
883 4250 1045 4307 verba
1077 4257 1388 4306 vertuntur.

557 4343 922 4402 Verumtamen
940 4350 1148 4416 propter
1178 4342 1325 4396 dolos
1353 4341 1572 4412 posuisti
1602 4356 1707 4395 eos.
1733 4338 1870 4407 Quia
1901 4337 2070 4394 tribu-

476 4441 728 4497 laverunt
759 4438 958 4507 iniquis
984 4435 1264 4492 fraudibus
1287 4435 1492 4505 justos.
1530 4432 1782 4506 Dejecisti
1824 4449 1908 4488 eos
1944 4433 2068 4486 dum

473 4533 860 4590 nlleuiaverunt.
893 4531 949 4586 In
981 4528 1185 4586 divitiis
1207 4527 1448 4584 alleviati
1478 4543 1507 4582 a
1541 4535 1595 4584 te
1620 4536 1748 4582 sunt
1772 4526 1992 4599 dejecti.

2273 1889 2415 1957 Quid
2442 1893 2576 1946 enim
2605 1891 2733 1947 mihi
2752 1902 2827 1947 est
2854 1893 2908 1948 in
2931 1893 3080 1960 caelo,
3107 1903 3154 1948 et
3184 1911 3216 1947 a
3239 1904 3284 1949 te
3306 1895 3432 1966 quid
3461 1896 3604 1951 nolui
3636 1911 3769 1968 super

2196 1987 2423 2041 terram?
2449 1985 2584 2042 Cum
2615 1987 2865 2058 emphasi
2890 1989 3204 2060 legendum,
3245 2000 3351 2044 tam
3383 1992 3608 2062 grandia
3657 1992 3768 2047 mihi

2195 2081 2248 2136 in
2278 2081 2432 2138 cadis
2457 2085 2798 2152 praeparasxi,
2827 2093 2883 2140 et
2905 2100 3006 2156 ego
3031 2085 3219 2140 infelix
3244 2085 3295 2141 in
3317 2087 3484 2143 terris
3503 2103 3530 2141 a
3561 2098 3610 2144 te
3628 2104 3769 2159 parva

2193 2175 2544 2245 quaerebam?
2573 2176 2752 2231 Aliter
2785 2196 2796 2230 :
2831 2175 3020 2248 Neque
3051 2178 3103 2233 in
3125 2179 3287 2245 ccelo,
3321 2195 3500 2250 neque
3545 2181 3598 2237 in
3643 2191 3768 2237 terra

2192 2269 2356 2324 alium
2391 2280 2592 2340 praeter
2621 2281 2674 2326 te
2695 2271 2944 2342 quaesivi.
2971 2273 3018 2328 A
3048 2283 3099 2328 te
3122 2273 3264 2328 enim
3293 2275 3516 2345 impleta
3558 2284 3639 2332 est
3690 2292 3771 2332 vo-

2192 2366 2373 2420 luntas
2394 2379 2534 2433 mea,
2567 2374 2624 2421 ut
2647 2364 2776 2419 mihi
2809 2364 3059 2422 ﬂectatur
3075 2381 3240 2422 omne
3264 2383 3425 2438 genu,
3463 2369 3768 2436 caelestium,

2193 2459 2559 2530 terrestrium,
2602 2469 2656 2517 et
2705 2460 3068 2518 infernarum.
3111 2460 3228 2517 Vox
3259 2462 3504 2519 succedit
3535 2462 3770 2520 Ecclesia:

2191 2555 2465 2611 dicentis:

2260 2645 2461 2719 Defecit
2483 2664 2573 2702 cor
2595 2663 2786 2715 meum,
2815 2657 2866 2704 et
2885 2665 3006 2705 caro
3029 2665 3176 2705 mea:
3199 2648 3342 2706 Deus
3364 2651 3542 2708 cordis
3572 2652 3683 2718 mei,
3728 2661 3770 2706 et

2189 2757 2310 2812 pars
2335 2757 2448 2795 mea
2477 2739 2618 2796 Deus
2651 2742 2703 2795 in
2732 2753 3005 2799 detentum.
3036 2743 3168 2800 Post
3195 2744 3368 2802 Deum
3391 2746 3578 2803 cordis
3601 2747 3700 2813 sui,
3723 2746 3768 2802 id

2187 2843 2289 2898 est,
2320 2832 2601 2889 Christum
2653 2833 2944 2890 Dominum
2995 2835 3152 2906 cujus
3179 2851 3307 2907 pars
3337 2836 3482 2893 facta
3532 2845 3632 2904 est,
3673 2845 3768 2892 tam

2186 2925 2356 2982 corde
2385 2941 2548 2998 quam
2595 2941 2826 2998 corpore
2871 2935 2986 2984 toto
3027 2928 3323 2985 desiderat.
3379 2929 3518 2985 Nam
3559 2931 3769 2987 defectio

2184 3033 2345 3091 quam
2369 3034 2429 3075 se
2457 3019 2586 3076 dicit
2615 3019 2843 3090 habere,
2877 3036 2991 3078 non
3021 3037 3119 3093 pro
3155 3022 3545 3092 diminutione,
3567 3025 3656 3080 sed
3685 3038 3768 3096 pio

2186 3113 2464 3170 desiderio
2487 3113 2802 3184 accipienda
2833 3124 2936 3171 est.

2109 3199 2154 3263 C
2263 3207 2399 3275 Quia
2422 3223 2539 3262 ecce
2561 3208 2652 3276 qui
2681 3208 2926 3282 clongant
2946 3225 3000 3263 se
3029 3225 3060 3261 a
3089 3218 3157 3276 te,
3195 3211 3435 3278 peribunt
3468 3229 3488 3267 :
3516 3212 3768 3284 perdidisti

2189 3316 2364 3354 omnes
2394 3301 2483 3371 qui
2511 3301 2835 3372 fornicamur
2863 3301 2953 3356 abs
2980 3311 3047 3357 te.
3067 3303 3270 3360 Omnes
3294 3306 3385 3376 qui
3423 3306 3762 3375 fornicamur,

2186 3393 2304 3450 sine
2357 3394 2466 3449 Deo
2516 3405 2762 3464 peccant.
2811 3395 2915 3464 Qui
2972 3406 3153 3452 autem
3212 3408 3420 3467 peccat,
3454 3400 3612 3474 longe
3637 3411 3761 3458 est:

2186 3485 2298 3542 Deo
2330 3505 2343 3540 :
2380 3485 2611 3556 ideoque
2634 3487 2928 3555 perditioni
2951 3498 3033 3542 est
3065 3490 3371 3559 proximus.

2257 3579 2393 3634 Mihi
2409 3591 2578 3635 autem
2602 3580 2865 3636 adluerere
2887 3579 2997 3636 Deo
3016 3583 3204 3637 bonum
3227 3593 3322 3638 est.
3340 3583 3508 3654 Cujus
3520 3587 3762 3656 sanguine

2181 3689 2299 3729 sum
2332 3673 2670 3744 redemptus.
2706 3673 2911 3729 Ponere
2939 3676 2993 3730 in
3015 3675 3244 3732 Domino
3270 3676 3381 3734 Deo
3402 3697 3550 3750 spem
3594 3698 3758 3736 meam.

2181 3767 2315 3838 Quia
2340 3783 2542 3824 vanum
2565 3778 2645 3824 est
2669 3769 2720 3823 in
2743 3768 2926 3824 smculi
2956 3770 3242 3827 conlidere
3273 3771 3456 3828 bonis.

2255 3861 2322 3916 Ut
2352 3861 2655 3916 annuntient
2709 3877 2884 3917 omnes
2928 3862 3325 3933 prtcdicationes
3372 3874 3490 3920 tuas
3535 3867 3587 3920 in
3614 3864 3758 3938 portis

2178 3956 2304 4025 ﬁlia:
2325 3956 2474 4012 Sion.
2502 3956 2606 4012 Per
2631 3957 3156 4028 contemplationem
3189 3960 3339 4016 enim
3368 3962 3487 4032 Spei
3515 3978 3668 4034 quam
3707 3962 3754 4016 in

2179 4046 2348 4102 Deum
2371 4047 2552 4118 habet,
2584 4058 2772 4119 sperat
2795 4064 2854 4106 se
2883 4049 3070 4106 induci
3097 4051 3152 4105 in
3184 4051 3428 4110 cmlestis
3457 4055 3752 4111 Jerusalem

2178 4142 2380 4212 portis:
2411 4143 2476 4198 ad
2505 4144 2903 4213 capesccndam
2951 4143 3189 4200 futuram
3217 4146 3612 4205 beatitudinem
3643 4165 3752 4204 cum

2175 4235 2365 4291 electis
2387 4237 2528 4309 ejus.
2563 4236 2617 4291 In
2649 4251 2883 4308 quorum
2916 4254 3022 4296 nos
3044 4241 3381 4296 consortium
3409 4257 3517 4299 non
3543 4243 3753 4298 merito-

2174 4343 2294 4382 rum
2319 4330 2612 4399 inspector,
2645 4331 2739 4387 sed
2773 4331 2946 4388 venia:
2971 4333 3200 4405 largitor
3223 4335 3474 4393 admittat
3522 4338 3754 4394 Christus

2174 4420 2453 4479 Dominus.
2484 4423 2680 4481 Amen.

2651 4519 2972 4578 PSALMUS
3031 4521 3266 4578 LXXIII.

547 4627 820 4698 Quomodo
858 4626 983 4699 [acti
1004 4633 1125 4679 sunt
1154 4623 1210 4678 in
1234 4621 1644 4678 desolationem?
1669 4621 2064 4694 Interrogantis
2089 4635 2144 4695 ι)
2177 4630 2477 4686 Intellectus
2501 4633 2703 4713 Asapli.
2737 4633 2863 4713 Ideo
2904 4637 3218 4713 intellectus,
3257 4638 3311 4693 in
3354 4639 3514 4713 titulo
3552 4657 3749 4713 praeno-

469 4720 622 4778 vocis
651 4719 738 4776 hic
761 4719 956 4774 modus
983 4724 1088 4786 est,
1143 4723 1199 4772 et
1237 4715 1480 4786 sequitur
1517 4714 1923 4786 respondentis.
1958 4715 2064 4771 Su-

470 4815 575 4872 bito
606 4814 930 4884 defecerunt,
962 4810 1230 4884 perierunt
1258 4817 1468 4880 propter
1507 4809 1831 4881 iniquitatem
1883 4825 2051 4864 suam.

466 4917 732 4990 Exposuit
761 4914 905 4972 enim
930 4912 1176 4969 ordinem
1194 4909 1296 4977 rei,
1317 4910 1472 4981 juxta
1495 4909 1629 4966 illud
1659 4910 1802 4982 quod
1827 4911 2059 4980 Aposto-

463 5020 552 5077 lns
581 5019 658 5075 ait
691 5035 706 5075 :
735 5033 858 5074 cum
885 5013 1136 5072 dixerint
1161 5029 1264 5084 pax
1291 5021 1347 5070 et
1375 5013 1674 5070 securitas:
1704 5021 1830 5068 tunc
1858 5027 2054 5083 repen-

466 5123 611 5178 tinus
638 5119 748 5175 illis
776 5115 1062 5190 apparebit
1091 5113 1344 5172 interitus
1371 5115 1416 5186 (Ι
1447 5112 1602 5168 Thes.
1633 5113 1718 5184 v).

543 5222 699 5278 Velut
719 5219 977 5276 somnium
1005 5217 1418 5291 exsurgendum.
1451 5213 1602 5270 Sicut
1628 5215 1748 5286 quis
1779 5215 2053 5272 dormiens

461 5329 618 5387 videt
640 5331 694 5383 in
725 5328 840 5382 visu
872 5324 1161 5381 thesauros
1189 5334 1413 5394 magnos
1438 5319 1557 5374 auri
1605 5320 1944 5392 argentique,
1999 5323 2054 5378 et

463 5445 693 5504 surgens
716 5428 900 5484 omnia
932 5425 1152 5498 perdit:
1185 5423 1256 5479 ita
1286 5429 1342 5479 et
1397 5421 1452 5475 hi
1498 5419 1716 5476 divitias
1762 5436 1888 5478 suas
1930 5431 2052 5493 post

461 5534 625 5606 hujus
650 5532 835 5590 smculi
877 5533 1044 5587 vitam
1093 5530 1148 5585 in
1191 5543 1295 5600 qua
1342 5527 1492 5585 velut
1529 5527 1581 5583 in
1633 5542 1824 5584 somno
1849 5530 2050 5585 versati

461 5645 610 5696 sunt.
646 5634 886 5702 Domine,
913 5632 968 5686 in
999 5630 1224 5686 civitate.
1256 5629 1316 5686 In
1339 5629 1549 5687 caelesti
1602 5630 1786 5702 utique
1833 5631 2055 5687 Jerusa-

457 5741 586 5798 lem.
622 5737 912 5809 Imaginem
961 5734 1193 5806 ipsorum
1240 5734 1312 5788 ad
1357 5713 1582 5789 nihilum
1629 5734 1857 5808 rediges.
1916 5733 2051 5791 Cum

461 5840 807 5922 pulsantibus
829 5838 913 5895 his
943 5837 1218 5896 cmlestem
1268 5838 1496 5912 regiam,
1550 5839 1742 5898 dices:
1773 5839 2047 5902 Discedite

2243 4713 2402 4782 tatur
2432 4722 2444 4757 :
2499 4705 2624 4775 quia
2649 4705 3169 4782 duplexcaptivitas
3211 4711 3490 4782 sequitur;
3525 4705 3750 4768 carnalis

2244 4773 2598 4842 videlicet,_et
2629 4773 2947 4848 spiritualis.

2243 4913 2462 4985 thuid,
2498 4913 2661 4983 Deus,
2697 4915 2938 4989 repulisti
2981 4918 3034 4973 in
3063 4919 3256 4989 ﬁnem:
3299 4921 3463 4976 iratus
3507 4931 3586 4978 est
3613 4925 3747 4992 furor

2165 5016 2285 5063 tuus
2318 5025 2472 5079 super
2508 5025 2624 5065 oves
2677 5027 2883 5081 pascua:
2913 5021 3039 5068 tuae.
3091 5013 3419 5072 Immensum
3461 5015 3746 5072 Dominica:

2165 5102 2382 5172 pietatis
2409 5101 2612 5157 donum
2651 5111 2757 5175 est,
2806 5105 2900 5176 qui
2944 5105 3023 5160 sic
3069 5106 3304 5176 repellit,
3367 5114 3428 5162 ut
3481 5116 3742 5164 revocet:

2161 5195 2435 5263 irascitur,
2462 5205 2520 5252 ut
2542 5197 2822 5253 emendet.

2232 5290 2434 5346 Memor
2460 5301 2565 5348 esto
2587 5294 3010 5365 congregationis
3038 5308 3141 5350 tute
3181 5311 3334 5367 quam
3375 5295 3647 5368 possedisti
3687 5293 3744 5348 ab

2156 5383 2327 5439 initio.
2353 5384 2754 5442 Ecclesiastica:
2776 5387 2966 5458 utique
2991 5388 3436 5460 congregationis
3475 5401 3636 5459 quam
3661 5402 3744 5457 pa-

2161 5477 2547 5546 triarcharum,
2600 5480 2717 5536 sive
2760 5481 3174 5552 prophetarum,
3224 5482 3309 5539 vel
3352 5479 3738 5545 vacationibus,

2161 5571 2246 5628 vel
2279 5571 2568 5629 sacriﬁciis
2607 5572 2868 5645 ﬁgurasti.

2231 5665 2512 5722 Redemisti
2532 5667 2733 5740 virgam
2752 5668 3071 5726 lucreditatis
3097 5679 3214 5724 tute.
3239 5667 3396 5740 Virga
3417 5668 3739 5726 haereditatis

2159 5756 2276 5825 Dei,
2312 5757 2561 5812 Christus
2585 5768 2695 5825 est,
2724 5760 2868 5817 sicut
2895 5761 3141 5818 Jeremitc
3185 5759 3389 5816 videnti
3431 5759 3735 5830 vigilantem

2155 5852 2366 5925 virgam
2395 5850 2594 5910 dicitur
2626 5871 2639 5909 :
2674 5853 2823 5913 Bene
2851 5854 3026 5925 vides,
3075 5855 3200 5928 quia
3235 5853 3402 5930 vigilo
3429 5867 3528 5929 ego
3580 5870 3736 5928 super
