3954 6340
211 308 233 364 Ι
245 307 346 365 053

1115 312 1545 374 BREVIABIUM
1588 313 1652 370 IN
1694 312 2028 373 PSALMOS.
2074 313 2321 374 PSMM.
2364 317 2601 376 LXXtV.

3371 321 3507 379 1051

207 422 468 494 populum
493 438 672 480 meum
705 424 921 498 (Jerem.
954 426 1032 497 t);
1085 438 1140 485 et
1187 430 1385 487 iterum
1416 451 1428 486 :
1456 430 1804 504 lEgrcdietur
1831 432 1882 492 Α
1909 446 2006 502 per
2033 432 2245 504 signum
2276 435 2480 500 crucis,
2526 449 2662 506 quos
2699 433 2848 506 prius
2894 432 3252 492 devoraverat
3303 435 3354 491 in
3386 451 3512 508 per-

205 517 354 586 virga
378 516 451 572 de
488 517 670 574 radice
690 516 870 589 Jesse,
892 520 1060 578 etllos
1077 523 1144 579 de
1166 524 1352 580 radice
1374 525 1496 594 cjus
1520 525 1799 594 ascendet,

206 619 257 666 et
282 609 462 681 ipsum
494 621 687 684 gentes
716 613 1168 686 deprecabuntur
1205 617 1344 693 (Isa.
1378 617 1478 691 χι).
1522 620 1650 676 llzec
1673 636 1804 691 ergo
1849 663 1857 671 .

204 705 350 778 virga
391 706 630 763 liberata
669 718 750 764 est
793 725 820 762 a
855 713 1340 786 persequentibus}
1360 713 1614 770 inimicis.
1650 713 1805 768 Mons

206 799 338 856 Sion
387 803 441 857 in
497 819 600 874 quo
646 803 900 860 habitasti
923 807 979 861 in
1007 823 1087 862 eo.
1117 807 1250 865 Sive
1273 809 1325 864 itt
1359 821 1644 881 assumpto
1677 825 1802 864 cor-

204 912 361 966 pore,
395 895 513 954 sive
536 897 588 953 in
619 898 890 956 Ecclesia.
917 901 1221 974 Utrumque
1249 905 1394 960 enim
1442 905 1511 960 ad
1562 914 1802 962 montem

201 990 439 1063 pertinet
468 1000 742 1048 sanctum.

270 1085 412 1141 Lera
438 1104 625 1142 manus
646 1097 763 1143 tuas
785 1088 839 1145 in
882 1091 1149 1164 superbias
1197 1109 1376 1147 eorum
1400 1094 1454 1148 in
1490 1095 1667 1164 finem.
1701 1094 1804 1162 Qui

201 1183 506 1242 Eeclesiam
562 1196 712 1242 tuam
754 1188 1076 1260 impugnare
1121 1199 1413 1246 conantur.
1433 1189 1643 1258 Quanta
1693 1207 1805 1244 ma-

203 1281 430 1351 lignatus
462 1291 532 1335 est
557 1281 798 1336 inimicus
820 1283 872 1337 in
901 1283 1115 1338 sancto!
1142 1283 1210 1341 Ut
1240 1283 1338 1339 hos
1367 1283 1526 1338 malis
1549 1283 1804 1340 consiliis

201 1371 453 1428 homines
487 1386 872 1445 persecutores
899 1391 1090 1432 eorum
1114 1376 1383 1432 efficeret.

273 1463 341 1518 Et
368 1465 585 1536 gloriati
609 1476 729 1520 sunt
758 1467 848 1534 qui
888 1467 1104 1522 oderunt
1133 1477 1201 1536 te,
1234 1467 1625 1524 etc.lustiuctu
1653 1466 1802 1524 enim

201 1557 410 1615 diaboli
439 1558 748 1630 gloriantur
781 1577 794 1614 :
821 1575 943 1616 cum
969 1561 1022 1616 in
1049 1560 1232 1616 odium
1255 1559 1374 1627 Dei,
1406 1567 1629 1616 sanctos
1660 1575 1802 1615 mar-

202 1657 354 1722 tyres
388 1651 570 1721 ponus
600 1649 870 1724 afﬂigunt.

270 1744 625 1802 Incenderunt
651 1747 762 1819 igni
787 1748 1147 1801 sanctuarium
1175 1756 1320 1801 tuum
1359 1748 1411 1800 in
1457 1757 1592 1801 terra
1627 1763 1645 1801 :
1690 1745 1803 1817 pol—

1909 528 2252 585 suasionibus
2281 530 2453 585 vanis.

1983 620 2059 674 Tu
2087 622 2335 694 dirapisti
2356 625 2546 696 fontes,
2596 633 2705 680 etc.
2757 624 3074 697 Apostolos,
3135 625 3219 681 vel
3270 626 3508 699 t'eliqurs

1910 713 2322 782 praedicatores.

1980 805 2120 861 Tuus
2168 817 2241 862 est
2270 809 2400 876 dies,
2443 819 2492 863 et
2536 818 2626 864 tua
2649 820 2723 865 est
2774 827 2899 865 nox.
2939 809 3170 867 Claritas
3207 811 3508 884 Evangelii,

1908 897 1994 952 vel
2023 897 2331 954 obscuritas
2354 899 2514 970 Legis
2545 919 2558 956 :
2593 901 2719 972 quia
2761 910 2814 957 te
2841 912 3074 974 utraque
3121 906 3502 975 pronuntiant.

1911 988 1989 1044 Tu
2016 990 2187 1061 fecisti
2213 992 2393 1048 solens.
2420 993 2704 1050 llomiucm
2744 993 2896 1050 illum
2924 1010 3022 1066 per
3043 1011 3206 1067 quem
3256 998 3511 1054 sedentes

1908 1081 1960 1137 in
1987 1083 2230 1139 tenebris
2260 1084 2431 1140 lucem
2463 1085 2721 1142 viderunt
2751 1102 3025 1159 magnam.
3058 1087 3126 1142 Et
3149 1090 3348 1145 lauant.
3399 1091 3510 1147 Ec-

1907 1175 2151 1243 Clesiam,
2172 1193 2294 1250 qua:
2322 1179 2374 1234 in
2405 1179 2828 1236 obscuritatibus
2848 1182 3033 1237 smculi
3067 1183 3230 1238 lucet.

1984 1267 2059 1323 Tu
2104 1271 2274 1340 fecisti
2321 1288 2494 1326 omnes
2525 1273 2769 1330 terminos
2821 1285 2992 1330 terrm.
3043 1274 3205 1332 .Iussu
3235 1277 3379 1332 enim
3415 1286 3509 1333 tuo

1907 1370 2102 1416 cuncta
2133 1369 2312 1418 creata
2346 1373 2492 1419 sunt.
2526 1362 2814 1430 IEstatem,
2849 1376 2896 1420 et
2917 1383 3004 1422 ver
3032 1378 3085 1421 tu
3109 1369 3377 1439 plasmain
3423 1385 3506 1425 ea.

1908 1455 2248 1527 Quamquam
2290 1468 2346 1512 et
2391 1468 2638 1528 tempora
2689 1458 2839 1525 atnti,
2898 1468 2954 1514 et
3005 1461 3190 1514 omnia
3239 1461 3508 1516 elementa

1909 1547 2095 1603 mundi
2146 1549 2286 1603 Deus
2323 1548 2537 1619 fecerit,
2590 1559 2768 1607 tamen
2815 1552 3116 1607 secundum
3164 1553 3504 1624 allegoriam,

1907 1657 2003 1697 ver
2022 1641 2278 1710 dicimus,
2303 1641 2576 1713 cumjusti
2615 1643 2668 1698 in
2698 1643 2801 1698 hoc
2827 1644 3029 1700 saeculo
3061 1645 3220 1700 bonis
3247 1646 3510 1716 Operibus

1909 1735 2148 1795 ﬂorent:
2182 1735 2458 1806 .Estatem,
2512 1753 2637 1793 eum
2683 1738 2917 1794 fructum
2971 1739 3174 1796 laboris
3217 1741 3298 1796 sui
3332 1739 3512 1812 perci-

200 1841 412 1897 luerunt
473 1841 860 1895 tabernaculum
901 1841 1124 1895 nominis
1173 1841 1266 1907 tui,
1314 1849 1424 1896 etc.
1459 1839 1623 1895 Facta
1675 1847 1806 1895 sunt
1834 1830 1880 1892 Β
1910 1830 2083 1900 Pium-

199 1935 418 2006 quidem
445 1934 560 1990 hzcc
583 1933 881 2007 secundum
905 1935 1188 1992 historiam
1215 1953 1225 1989 :
1251 1935 1335 1991 vel
1367 1950 1488 1990 cum
1518 1933 1804 1991 Nabucho-

201 2030 448 2086 donosor
469 2046 567 2086 eos
596 2030 820 2086 adduxit
865 2031 918 2086 in
961 2029 1314 2102 Babyloniam
1374 2030 1449 2104 (Iv
1479 2029 1608 2101 Reg.
1649 2027 1804 2101 xxv),

199 2123 286 2180 vcl
339 2139 464 2180 etnn
519 2122 676 2178 Titus
716 2121 1216 2194 VeSpasiauusque,
1275 2137 1536 2178 succensa
1580 2121 1806 2178 civitate

199 2230 324 2271 cum
361 2213 592 2287 tetuplo,
619 2213 969 2270 multitudine
998 2213 1182 2286 gladio
1213 2223 1506 2285 prostrata,
1533 2213 1802 2284 reliquum

198 2308 398 2379 vulgus
449 2308 725 2378 captivum
774 2307 1019 2364 abduxit.
1055 2307 1164 2364 Sed
1195 2315 1250 2363 et
1279 2307 1443 2362 modo
1498 2305 1803 2362 cavendum

198 2410 305 2469 est,
342 2417 413 2457 ue
443 2400 589 2472 quod
622 2410 750 2456 tunc
778 2399 1008 2472 contigit
1037 2399 1425 2473 Jerosolymae,
1478 2399 1807 2455 Christiana:

200 2511 350 2551 nunc
396 2494 617 2552 eveniat
668 2495 811 2567 plebi
841 2513 854 2550 ;
888 2497 1030 2552 sicut
1080 2496 1333 2568 superius
1378 2496 1480 2551 isto
1530 2494 1806 2553 versiculo

197 2607 362 2663 quem
395 2590 793 2662 prmterivimus
813 2589 1090 2663 quomodo
1121 2589 1259 2646 dixit
1291 2607 1304 2644 :
1341 2588 1808 2662 Posueruntsigna

197 2701 320 2748 sua,
349 2693 398 2738 et
427 2684 576 2756 signa
603 2701 708 2738 non
736 2693 1107 2758 cognoverunt,
1140 2683 1273 2739 sicut
1304 2684 1356 2738 in
1388 2684 1530 2738 exitu
1552 2683 1806 2755 desuper:

197 2777 279 2833 sic
305 2775 589 2849 Babylonii
613 2775 664 2832 itt
691 2777 1064 2848 arrogantiam
1090 2775 1562 2832 victoriaitumore
1579 2775 1804 2843 sublati,

198 2867 256 2924 in
290 2869 495 2940 templo
522 2877 613 2924 tuo
643 2869 796 2940 signa
819 2883 917 2924 sua
953 2879 1278 2940 posuerunt,
1319 2868 1596 2940 quomodo
1628 2868 1808 2924 solent

197 2978 369 3034 super
396 2971 676 3033 portarum
699 2963 934 3019 fornices
965 2964 1032 3018 de
1065 2963 1316 3018 hostibus
1341 2962 1585 3034 tropluea
1611 2963 1808 3021 consti-

200 3055 304 3108 tui.
335 3053 490 3122 Quod
532 3055 898 3126 Symmachus
923 3055 1138 3126 planius
1165 3055 1559 3128 interpretatus
1583 3065 1692 3124 est,
1718 3056 1803 3112 di-

196 3164 334 3206 ccsz
363 3167 374 3202 :
413 3149 705 3205 l’osuerunt
733 3151 884 3223 signa
907 3167 1002 3206 sua
1030 3150 1302 3221 manifeste
1328 3155 1382 3205 in
1408 3149 1571 3218 edito,
1613 3151 1667 3204 in
1716 3151 1802 3204 in-

1984 1923 2188 1978 tllemor
2207 1935 2314 1980 esto
2345 1925 2528 1998 hujus,
2567 1927 2807 1982 inimicus
2850 1927 3213 2000 improperavit
3262 1929 3512 1998 Domina,

1909 2025 1956 2070 et
1980 2017 2208 2090 populus
2246 2019 2494 2086 insipiens
2525 2020 2757 2074 incitavit
2808 2037 2994 2076 nomen
3051 2033 3217 2076 luunt.
3251 2022 3410 2079 Stant
3438 2024 3518 2079 tui

1911 2121 2182 2185 martyres
2208 2113 2260 2167 in
2286 2129 2484 2186 agone,
2519 2114 2855 2186 improperat
2893 2115 3168 2181 diabolus,
3217 2116 3516 2173 exacerbat

1909 2206 2137 2276 gentilis
2184 2206 2436 2277 pepulus.
2477 2207 2578 2274 Tu,
2633 2208 2884 2276 Domine,
2915 2224 3128 2264 memor
3156 2218 3276 2266 esto
3319 2226 3511 2266 eorunt

1909 2298 2003 2370 qui
2035 2299 2107 2355 ob
2137 2315 2377 2355 amorem
2403 2299 2645 2358 nominis
2677 2302 2752 2355 tui
2786 2302 2910 2356 talia
2940 2301 3235 2371 patiuntur.

1984 2391 2069 2446 Ne
2093 2393 2270 2447 tradas
2295 2392 2467 2448 bestiis
2491 2394 2693 2448 animas
2720 2395 3018 2463 confitentes
3047 2395 3158 2449 tibi.
3183 2395 3228 2451 Ο
3254 2394 3496 2464 diabolo,

1911 2500 1944 2540 ο
1968 2485 2202 2541 ministri
2232 2486 2456 2554 diaboli,
2488 2489 2578 2558 qui
2609 2503 2716 2544 non
2745 2489 2906 2544 vultis
2943 2503 3173 2560 corpora
3205 2489 3502 2557 devorare,

1909 2583 2004 2640 sed
2037 2584 2270 2640 animas.
2331 2584 2484 2640 Tunc
2512 2584 2657 2642 enim
2689 2585 2872 2640 anima
2919 2584 3217 2641 devoratur
3258 2603 3359 2642 ore
3412 2588 3510 2643 bc-

1911 2678 2054 2746 stite,
2081 2694 2201 2734 cum
2229 2677 2640 2735 conniventiam
2677 2680 2886 2751 pradiet
2913 2679 3194 2737 diabolicae
3218 2681 3506 2738 voluntati.

1911 2771 2128 2827 Animas
2149 2790 2437 2846 pauperum
2465 2783 2672 2828 tuorum
2696 2791 2758 2829 ne
2778 2775 3102 2829 obliviscaris
3129 2777 3181 2830 in
3212 2775 3389 2845 ﬁnem.
3443 2777 3511 2832 Et.

1911 2864 1958 2922 si
1981 2865 2046 2921 ad
2072 2865 2261 2922 horam
2292 2867 2599 2923 subduntur
2620 2869 3082 2937 tribulationibus,
3107 2887 3214 2926 non
3241 2882 3502 2943 pereant;

1911 2958 2008 3014 sed
2041 2960 2252 3027 probati
2287 2961 2560 3015 manifesti
2588 2961 2739 3016 fiant.

1985 3052 2203 3124 Respice
2244 3054 2298 3107 in
2347 3065 2706 3110 testamentum
2746 3065 2920 3123 tuam,
2960 3058 3080 3127 quia
3131 3059 3314 3129 repleti
3360 3067 3502 3125 sunt,

1911 3145 1998 3216 qui
2031 3145 2287 3201 obscurati
2313 3156 2429 3201 sunt
2463 3160 2617 3202 terra:
2641 3147 2810 3203 dumis
2834 3149 3190 3221 iniquitutun.
3227 3151 3381 3206 Dttmi
3413 3152 3500 3207 itt-

198 3244 669 3315 troituportarmn.
705 3244 846 3316 Ergo
879 3243 1075 3302 habeat
1107 3247 1479 3318 unusquisque
1534 3257 1801 3312 nostrutn,
1836 3228 1881 3292 Ο
1917 3247 2288 3310 lcrprelantut‘
2313 3243 2497 3311 spintv.
2533 3240 2596 3296 lli
2629 3258 2760 3313 ergo
2799 3244 2892 3312 qui
2924 3243 3358 3302 obscuraverunt
3389 3261 3508 3314 pero

196 3338 254 3394 in
320 3339 485 3395 corde
547 3354 669 3404 suo,
727 3339 985 3396 vexillum
1035 3342 1216 3397 crucis
1273 3360 1286 3397 ε
1344 3357 1451 3396 ιιοη
1509 3341 1807 3397 adversarii

198 3431 449 3503 signum,
472 3449 540 3488 ne
570 3432 691 3502 ejus
718 3435 898 3490 securi
932 3435 1244 3490 succidatur
1267 3449 1295 3489 a
1329 3433 1524 3506 gratia,
1556 3435 1651 3492 sed
1675 3435 1808 3492 falce

198 3528 520 3599 evangeliea
550 3539 812 3600 purgetur
832 3529 898 3584 ad
930 3529 1180 3601 gloriam.
1221 3528 1340 3584 Non
1369 3529 1731 3585 succendatur
1754 3529 1808 3584 iu

196 3621 689 3692 concupiscentiis,
731 3623 828 3678 sed
860 3621 1196 3678 accendatur
1223 3639 1250 3675 a
1285 3621 1665 3693 spiritualibus
1713 3636 1805 3677 sa-

197 3714 527 3770 cramentis.
561 3714 676 3770 Non
713 3699 985 3786 polluatur
1013 3716 1183 3783 vitiis,
1232 3715 1329 3772 sed
1381 3716 1672 3772 virtutibus
1717 3731 1807 3771 re-

195 3807 438 3879 pleatur.
498 3806 612 3864 Nec
665 3808 940 3864 existimet
988 3794 1160 3864 Deum
1226 3808 1427 3879 aliquid
1481 3825 1590 3864 non
1650 3824 1809 3879 posse

193 3915 560 3970 Cognoscere,
576 3899 672 3956 sed
689 3900 1018 3957 confiteatur
1033 3901 1168 3956 nihil
1184 3901 1359 3956 oculis
1381 3901 1500 3973 ejus
1524 3901 1806 3956 abscondi.

199 3989 496 4049 Postremo
543 4008 650 4048 non
690 3994 930 4064 praebeat
973 4009 1303 4052 consensum
1350 3995 1403 4050 in
1463 3995 1809 4067 improperiis

195 4082 439 4150 diaboli,
469 4084 567 4142 sed
597 4085 861 4156 glorificet
890 4103 1090 4142 nomen
1126 4087 1217 4143 Dei
1242 4087 1348 4143 sui.

280 4177 356 4234 Ut
380 4179 506 4249 quid
533 4181 720 4235 avertis
743 4197 952 4235 manum
989 4191 1152 4250 luant,
1182 4192 1228 4237 et
1258 4182 1526 4236 dexteram
1567 4191 1707 4237 tuam
1747 4183 1809 4237 de

198 4273 384 4328 inedia
406 4273 525 4329 sinu
553 4283 638 4328 tuo
661 4274 712 4328 in
734 4275 928 4345 ﬁnem?
955 4274 1118 4330 Sinus
1147 4282 1234 4330 est
1266 4275 1632 4330 sanctuarium
1665 4275 1807 4345 ejus,

196 4367 352 4422 sicut
377 4380 473 4435 per
495 4365 660 4421 alium
701 4365 778 4420 ait
822 4366 1168 4438 prophetam.
1219 4366 1375 4424 Sicut
1422 4368 1568 4423 enim
1624 4376 1810 4438 pastor

193 4475 428 4532 gregem
460 4474 620 4514 suum
654 4458 823 4527 fovet,
851 4472 904 4516 et
934 4459 1076 4517 fetus
1112 4459 1164 4514 in
1187 4461 1310 4515 sinu
1340 4467 1558 4530 portat:
1587 4460 1668 4515 sic
1695 4460 1807 4516 Do-

192 4554 387 4611 minus
414 4553 622 4624 plebem
646 4569 801 4610 suam
832 4562 1046 4624 vegetat
1078 4552 1210 4624 (Isa.
1241 4552 1356 4625 XL).
1390 4554 1540 4610 Tunc
1574 4570 1704 4627 ergo
1742 4553 1811 4609 ab

1913 3335 2287 3391 secutionibus
2311 3335 2426 3390 suis
2461 3345 2667 3392 terram
2700 3347 2865 3408 tuam,
2887 3340 3077 3411 repleti
3101 3351 3229 3395 sunt.
3255 3342 3506 3399 sentibus

1913 3427 2237 3499 iniquitatis.
2268 3429 2348 3484 Tu
2381 3445 2534 3500 vero,
2565 3431 2815 3501 Domine,
2855 3434 2945 3503 qui
2973 3449 3072 3503 per
3098 3435 3510 3492 Testamentum

1915 3532 2090 3591 tuum,
2118 3524 2234 3580 sive
2259 3533 2441 3591 vetus,
2475 3526 2592 3581 sive
2646 3541 2870 3593 novum,
2925 3529 3048 3600 quia
3081 3538 3370 3601 utrumque
3399 3545 3425 3583 a
3464 3540 3515 3587 te

1911 3621 2202 3690 processit,
2236 3629 2292 3675 et
2314 3620 2468 3691 quasi
2502 3637 2669 3676 unum
2703 3622 2956 3690 habetur,
2997 3623 3298 3693 promisisti
3331 3634 3511 3696 prote-

1913 3727 2042 3783 gere
2075 3720 2218 3780 tuos,
2251 3713 2478 3768 succisis
2511 3728 2654 3768 nunc
2677 3714 2877 3784 Spiuis,
2907 3731 3038 3772 erue
3067 3732 3188 3771 nos.

1988 3803 2072 3858 Ne
2095 3813 2353 3860 avertatur
2379 3805 2588 3859 humilis
2619 3810 2787 3877 factus
2817 3810 3088 3878 confusus.
3128 3809 3246 3864 Non
3275 3811 3501 3866 oblivis.

1916 3908 2069 3956 catur
2099 3918 2126 3954 a
2158 3910 2239 3966 te,
2274 3901 2362 3970 qui
2411 3901 2463 3955 in
2506 3900 2955 3957 tribulationibus
3001 3903 3187 3959 multis
3237 3905 3507 3960 atteritur.

1918 3991 2134 4065 Pauper
2155 4002 2202 4048 et
2222 3993 2372 4062 inops
2395 3992 2683 4047 laudabunt
2703 4009 2885 4048 nomen
2908 4002 3068 4049 tuum.
3087 3995 3219 4051 (lum
3242 3996 3509 4067 promissa

1915 4093 2004 4142 tua
2037 4087 2402 4157 perceperint.

1990 4178 2247 4250 Exsurge,
2269 4176 2434 4248 Deus,
2447 4181 2476 4251 j
2486 4181 2636 4233 ndica
2659 4197 2868 4235 causam
2889 4191 3052 4239 tamn.
3071 4182 3174 4238 Pro
3199 4181 3284 4238 his
3312 4183 3514 4254 impro-

1916 4271 2082 4342 periis
2113 4289 2232 4342 qum
2257 4273 2343 4329 vel
2369 4282 2423 4329 tu
2451 4275 2751 4330 sustinuisti
2783 4291 2880 4348 pro
2903 4277 3078 4343 nobis,
3112 4278 3198 4333 vel
3232 4295 3375 4335 nunc
3405 4280 3511 4336 Ec-

1913 4366 2078 4420 clesia
2121 4366 2374 4422 sustinet.
2403 4364 2603 4422 Memor
2632 4377 2740 4423 esto
2785 4368 3218 4439 impmperiorum
3265 4381 3468 4428 tuorum
3495 4391 3512 4427 .'

1914 4475 2093 4514 eorum
2122 4475 2235 4532 qua:
2264 4459 2327 4514 ab
2368 4460 2647 4532 insipiente
2693 4472 2811 4518 sunt
2850 4472 2957 4517 tota
2985 4465 3088 4518 die.
3125 4463 3192 4520 Ut
3224 4465 3275 4520 in
3310 4466 3515 4537 judicio

1915 4553 2337 4610 confundantur.

192 4649 314 4705 hoc
353 4647 495 4712 sinu,
546 4647 627 4702 vel
673 4647 1096 4718 inspectionem,
1143 4647 1231 4704 vel
1295 4649 1592 4718 potentiam
1650 4662 1803 4704 suam
1832 4635 1886 4698 D
1986 4647 2068 4702 Ne
2113 4649 2429 4704 obliviscaris
2475 4665 2620 4705 voces
2658 4650 2988 4705 inimicorum
3036 4661 3260 4707 tuorum.
3314 4654 3416 4722 Qui
3461 4664 3512 4712 te

190 4741 426 4808 avertit,
449 4756 571 4797 cum
599 4741 1014 4812 peccaverimus
1046 4744 1098 4796 in
1121 4757 1266 4797 eum.

279 4833 426 4890 Deus
447 4845 616 4890 autem
647 4853 742 4890 rea:
765 4845 936 4891 noster
956 4844 1077 4890 ante
1093 4837 1304 4891 sa’cula.
1339 4835 1494 4892 Sicut
1519 4852 1619 4908 per
1651 4836 1809 4894 Salo-

195 4944 428 4987 monem
456 4945 522 4986 ex
543 4929 834 5000 sapientia,
866 4947 988 5002 qmc
1034 4940 1120 5003 est
1158 4930 1428 4999 Christus,
1463 4931 1587 4987 dicit
1623 4930 1807 4987 :Con-

193 5024 349 5081 didit
381 5040 466 5079 me
498 5025 550 5079 in
581 5025 738 5082 initio
761 5026 972 5081 viarum
1007 5041 1249 5093 suarum,
1276 5038 1402 5083 ante
1453 5028 1650 5082 smtulzt
1690 5028 1811 5084 fun-

194 5117 364 5173 davit
392 5132 479 5172 me
507 5115 678 5186 (Eccl.
706 5116 874 5190 xxiv).
905 5118 1162 5190 Operatus
1198 5129 1273 5174 est
1298 5120 1517 5174 salutent
1562 5122 1614 5176 in
1643 5123 1810 5176 medio

191 5221 383 5264 tem-tr.
408 5207 534 5264 Sive
561 5209 614 5262 in
639 5206 827 5264 Judtea
855 5225 976 5280 qua:
999 5209 1237 5266 medium
1270 5219 1427 5266 terrae
1450 5209 1672 5278 dicitur,
1702 5213 1816 5268 sive

198 5305 260 5361 in
299 5310 458 5357 utero
486 5300 758 5372 virginali.

278 5394 366 5450 Tu
389 5395 710 5466 confirmasti
763 5395 815 5450 in
858 5397 1047 5452 virtute
1093 5405 1182 5452 tua
1207 5414 1371 5453 mare.
1404 5396 1698 5465 Smmtlum,
1729 5399 1815 5455 vel

193 5503 331 5562 qum
363 5487 414 5541 in
447 5502 515 5543 eo
551 5497 702 5542 sunt.
757 5487 836 5542 Tu
887 5491 1186 5562 confregisti
1237 5491 1410 5563 capita
1456 5492 1699 5546 draconis
1757 5493 1812 5547 in

194 5580 381 5654 aquis.
415 5580 722 5636 Potentiam
761 5580 1154 5638 da'moniorum
1203 5584 1256 5638 in
1307 5584 1580 5655 baptismo
1626 5585 1810 5656 subje-

192 5673 354 5734 cisti.
388 5673 471 5729 Tu
501 5675 800 5746 confregisti
826 5677 998 5748 capita
1027 5677 1271 5733 draconis
1297 5679 1350 5733 in
1389 5679 1532 5751 aquis
1571 5695 1588 5733 :
1620 5678 1672 5736 id
1709 5691 1815 5749 est,

195 5769 438 5830 diaboli.
477 5768 540 5823 Et
573 5769 764 5824 dedisti
783 5786 900 5825 eum
938 5789 1106 5827 eseam
1134 5773 1343 5845 populis
1383 5773 1719 5848 (Itiopum.
1752 5775 1821 5834 Ut

195 5880 369 5925 versa
404 5863 524 5920 vice
551 5863 620 5917 ab
642 5862 726 5918 his
749 5863 1131 5934 devoraretur,
1183 5867 1306 5924 sive
1335 5873 1815 5942 comminueretur,

551 5957 823 6017 PATBOL.
858 5941 1110 6020 'xxvr.

1915 4741 2101 4813 utique
2132 4741 2184 4796 in
2221 4742 2578 4813 praesentibus
2612 4744 2882 4815 pressuris
2912 4745 3192 4813 invocant,
3225 4747 3512 4804 consolen-

1918 4848 2005 4893 tur
2043 4852 2069 4890 a
2119 4845 2190 4892 te.
2224 4836 2484 4909 Superbia
2522 4853 2701 4892 eorum
2730 4880 2744 4906 ,
2781 4838 2872 4911 qui
2915 4849 2961 4893 te
3000 4840 3251 4907 oderunt,
3285 4841 3514 4896 ascendit

1916 4946 2134 5002 semper.
2165 4929 2274 4984 Nisi
2305 4931 2448 4985 enim
2482 4946 2670 4986 eorum
2704 4933 2962 5003 superbia
2993 4933 3281 4990 ascendat:
3317 4934 3368 4988 hi
3403 4950 3510 4988 non

1920 5022 2294 5077 humiliantur.
2327 5021 2416 5078 Sic
2447 5023 2592 5078 enim
2623 5032 2680 5078 et
2702 5024 2963 5079 Dominus
2992 5027 3046 5079 in
3076 5025 3398 5097 Apocalypsi
3429 5027 3513 5082 dic

1919 5115 2027 5172 cit:
2053 5115 2254 5184 Impius
2280 5116 2450 5186 impie
2480 5125 2624 5187 agat,
2650 5127 2704 5172 ct
2736 5117 2952 5188 iniquus
2976 5119 3208 5190 amplius
3233 5118 3392 5174 faciat
3421 5120 3515 5176 ini-

1922 5209 2184 5280 quitatem
2219 5208 2405 5280 (Apoc.
2435 5208 2592 5280 χχιι).
2627 5210 2767 5266 Ecce
2794 5225 2894 5280 ego
2922 5210 3079 5266 venio
3109 5213 3238 5278 cito,
3284 5221 3339 5267 et
3370 5231 3517 5269 mer-

1921 5316 2014 5358 ces
2047 5317 2166 5359 mea
2199 5318 2434 5358 mecum.
2465 5301 2573 5358 Nos
2605 5318 2819 5375 quoque
2841 5304 3112 5374 supplices
3136 5305 3518 5378 deprecamur,

1926 5396 2178 5465 Domine,
2205 5406 2263 5451 ut
2290 5403 2510 5466 ereptos
2540 5411 2639 5452 nos
2673 5397 2742 5451 ab
2767 5396 2936 5467 Spinis
2964 5395 3305 5468 iniquitatum
3332 5440 3344 5464 ,
3374 5416 3404 5454 a
3433 5415 3524 5455 su-

1924 5492 2128 5565 perbiae
2164 5493 2402 5550 ruinosae
2443 5493 2710 5549 cothurno
2731 5536 2744 5560 ,
2776 5501 2899 5564 post
2928 5492 3116 5549 mundi
3145 5503 3520 5566 contemptum

1917 5585 2166 5642 attollere
2188 5585 2426 5657 digneris
2454 5585 2506 5641 in
2536 5587 2756 5644 ccelum.

2417 5703 2736 5762 PSALMUS
2785 5704 3025 5764 LXXIV.

1929 5803 1993 5860 In
2037 5804 2195 5875 ﬁnem
2224 5849 2237 5873 ,
2300 5820 2359 5856 ne
2413 5819 2763 5875 corrumpas,
2799 5801 3028 5875 psalmus
3076 5799 3290 5875 Cantici
3321 5803 3520 5873 Asaplt.

2004 5873 2392 5948 interpretatur
2427 5891 2712 5947 synagoga.
2747 5873 2804 5932 In
2847 5874 3110 5940 llebrao,
3144 5891 3248 5930 nou
3283 5874 3441 5931 habet
3472 5876 3525 5933 in

3010 5968 3088 6031 33
