3954 6340
488 314 629 377 1-038

1277 308 1625 372 APPENDIX
1663 308 1756 368 AD
1795 302 2044 365 TOMUM
2084 296 2439 360 SEPTIMUM
2481 296 2541 354 S.
2585 292 2991 354 HIERONYMI.

3647 282 3784 341 {0‘56

558 438 736 509 ﬁnem,
763 429 858 509 sed
888 432 1141 497 habetur,
1185 430 1535 509 Victoria_._Et
1560 427 1707 509 ιξιχ
1732 428 2082 509 interpretes,
2112 420 2165 481 Α
2188 414 2505 474 chisedech.
2552 411 2694 483 Quid
2724 409 2901 466 voluit
2945 406 3131 464 dicere
3156 448 3172 473 ,
3218 402 3301 509 Tu
3332 416 3396 460 es
3424 399 3694 509 .sace‘rdps
3730 399 3783 502 in

561 495 668 565 non
702 495 859 562 valde
886 495 1251 575 erraverunt:
1285 503 1553 575 siquidem
1584 502 1811 575 victoria
1842 495 2084 575 periecta

559 588 663 656 est.
682 579 828 656 Bene
855 573 1267 656 di;it,_ln[inem
1290 568 1696 656 ue'corr-uptpas.
1723 570 1836 656 Hoc
1858 568 2084 656 verbum

558 650 740 707 multis
788 648 964 704 modis
999 636 1421 717 interpretatur.
1481 636 1622 701 Dicit
1684 652 1739 698 et
1797 636 2084 717 DavidAad

559 719 911 794 aliquemdo
928 720 1119 794 amicis
1147 709 1307 794 suis;
1332 717 1409 774 Ne
1436 729 1757 794 corrumpas
1783 726 1908 794 eum
1933 726 1959 794 :_
1980 709 2086 792 hoc

558 781 664 858 est;
693 791 844 850 Sani.
867 790 1061 849 Videte
1086 789 1216 860 quid
1242 790 1408 847 dicat.
1439 789 1509 845 Et
1530 788 1593 860 in
1632 781 1742 860 alio
1783 784 1916 840 loco
1945 781 2082 860 legi.

560 854 713 930 mus,
749 862 1006 933 quoniam
1049 854 1335 917 benedixit
1378 858 1546 933 David
1573 859 1906 933 Dominum:
1944 854 2082 933 guis

558 923 844 992 custodita:
887 943 1015 989 sunt
1058 947 1251 988 manus
1273 933 1409 1002 ejus,
1444 930 1498 987 id
1528 938 1637 997 est,
1681 923 2089 1002 ne_interﬁci_at

558 1008 713 1065 Saul.
745 1006 813 1064 Et
861 1020 962 1062 nos
1007 1019 1168 1076 ergo,
1209 995 1429 1073 quando
1461 1016 1569 1058 non
1598 995 1955 1076 interlicimus
1985 995 2085 1076 alis

557 1093 760 1152 quem:
803 1066 1188 1152 custodiuntur
1228 1066 1692 1152 manusnostrm.
1742 1069 1849 1152 {alii
1895 1066 2088 1152 dicunt

559 1141 814 1221 quoniam
859 1151 963 1204 iste
984 1146 1228 1219 psalmus
1261 1161 1292 1221 a
1316 1145 1495 1221 David
1521 1141 1859 1221 compositus
1889 1147 1998 1221 est,
2029 1145 2088 1195 et

559 1210 627 1278 ab
648 1221 830 1291 Asaph
861 1210 1107 1275 cantatus
1130 1228 1237 1291 est.
1272 1219 1377 1273 Alii
1417 1224 1596 1291 autem
1614 1210 1937 1291 _,_'quoniam
1969 1210 2084 1291 ipse

563 1281 775 1358 Asanh,
800 1304 851 1348 et
884 1290 1213 1361 composuit,
1245 1296 1301 1344 ct
1326 1289 1589 1361 cantavit.
1612 1281 1755 1357 Ergo
1784 1281 2082 1361 secundum

558 1351 707 1420 LXX
730 1351 835 1420 hoc
865 1351 1036 1420 dicit':
1067 1360 1115 1417 0
1145 1351 1388 1429 Domine,
1417 1359 1511 1429 qui
1552 1371 1640 1413 me
1654 1351 1994 1429 custodisti:
2027 1360 2087 1408 ut

559 1452 667 1493 non
691 1435 962 1492 mitterem
986 1448 1206 1490 manum
1232 1427 1407 1488 meam
1438 1427 1604 1500 super
1630 1427 1907 1484 Christum
1933 1432 2083 1480 tuum

561 1507 713 1573 Saul,
745 1523 917 1580 usque
942 1505 1009 1563 ad
1040 1506 1204 1562 linem
1233 1502 1443 1561 custodi
1473 1517 1583 1559 me.

560 1598 934 1672 Conﬁtebimur
990 1598 1116 1665 tibi,
1168 1596 1332 1652 Deus.
1390 1595 1521 1663 llic,
1552 1591 1943 1665 conﬁtebimur,
1976 1604 2082 1646 non

487 1692 865 1764 paenitentiam
900 1688 1201 1762 signiticat,
1232 1688 1326 1745 sed
1354 1686 1605 1759 gloriam.
1636 1683 1703 1739 Et
1730 1682 2085 1739 invocabimus

485 1803 669 1842 nomen
722 1796 888 1840 tuum.
931 1781 1137 1838 Nomen
1192 1780 1319 1849 Dei,
1367 1778 1527 1834 Pater
1565 1786 1687 1833 est:
1737 1785 1897 1830 antea
1939 1771 2082 1830 enim

485 1877 861 1951 ignorabatur.
897 1873 1035 1930 Dicit
1085 1872 1231 1930 enim
1280 1871 1582 1927 Dominus:
1618 1869 1810 1937 Pater,
1843 1864 2082 1923 revelavi

484 1986 683 2029 nomen
733 1982 880 2026 tuum
924 1966 1234 2026 hominibus
1274 1963 1462 2040 (Joan.
1494 1960 1687 2036 xxvu).
1713 1961 1903 2020 Omnis
1935 1962 2081 2019 enim

487 2064 661 2122 Filius
691 2079 891 2120 nomen
919 2072 1005 2120 est
1027 2060 1229 2119 Patris.

559 2157 909 2214 Narrabimus
939 2156 1202 2212 mirabilia
1225 2164 1336 2211 tua.
1368 2154 1483 2212 Hoc
1509 2153 1643 2211 dicit
1671 2152 1948 2210 Ecclesia:
1981 2150 2085 2208 hoc

485 2252 617 2309 dicit
661 2250 951 2308 multitudo
999 2250 1366 2308 credentium.
1416 2246 1765 2305 Narrabimus
1821 2244 2084 2302 mirabilia

483 2355 596 2403 tua.
624 2345 727 2402 Iste
753 2358 950 2402 versus
975 2359 1097 2400 cum
1142 2341 1417 2415 prioribus
1437 2340 1727 2415 jungitur:
1760 2339 1863 2395 iste
1901 2345 2082 2394 autem

483 2440 576 2511 qui
623 2438 893 2510 sequitur,
934 2452 998 2495 ex
1043 2450 1275 2509 persona
1301 2433 1520 2492 Domini
1563 2431 1782 2489 dicitur.
1816 2430 1909 2488 Sic
1934 2429 2080 2487 enim

483 2532 831 2604 interpretati
859 2540 986 2589 sunt
1008 2530 1255 2588 Veteres.

557 2624 685 2680 Cum
714 2640 957 2698 accepero
985 2634 1185 2693 tempus
1204 2665 1221 2691 ,
1245 2639 1343 2696 ego
1362 2622 1603 2695 justitias
1624 2618 1898 2696 judicabo.
1928 2616 2083 2673 Nune

484 2717 633 2775 enim
661 2732 772 2773 non
791 2725 876 2773 est
895 2714 1083 2788 judex,
1118 2709 1372 2772 sed'erit.
1398 2713 1454 2771 Si
1485 2713 1630 2769 enim
1658 2721 1805 2768 esset
1828 2727 1970 2766 nunc
1995 2709 2087 2780 ju-

484 2811 621 2879 dex,
666 2819 982 2882 peccatores
1026 2824 1132 2864 non
1174 2808 1539 2882 erigerentur,
1567 2816 1624 2863 et
1665 2807 1718 2861 in
1744 2804 1949 2863 szcculo
1976 2819 2082 2860 non

483 2903 799 2960 obtinerent
842 2898 1084 2956 divitias.
1118 2900 1231 2956 lluc
1267 2915 1365 2955 vos
1403 2897 1781 2958 scandalizat:
1824 2895 2082 2970 quoniam

477 2995 611 3068 justi
653 2995 890 3067 fugiunt,
927 3002 984 3050 et
1024 3002 1344 3066 peccatores
1372 2991 1816 3064 persequuntur?
1848 2989 1958 3044 lloc
1985 3004 2087 3044 vos

484 3088 858 3144 scandalizat:
911 3087 1165 3156 quoniam
1216 3086 1471 3157 iniquitas
1512 3096 1699 3158 regnat
1738 3082 1793 3140 in
1843 3082 2085 3141 mundo?

487 3182 682 3239 Audite
710 3181 997 3238 Dominum
1039 3181 1310 3237 dicentem
1346 3197 1360 3236 :
1400 3179 1526 3236 Cum
1569 3196 1813 3253 accepero
1858 3191 2059 3252 tempus

482 3292 579 3348 ego
605 3275 845 3348 justitias
874 3274 1147 3344 judicabo.
1181 3273 1419 3344 Tempus
1448 3274 1592 3329 enim
1620 3273 1812 3344 judicii
1836 3288 2084 3329 reserva-

482 3379 600 3426 tum
622 3379 726 3426 est.
753 3368 808 3423 lu
837 3368 1092 3439 praesenti
1118 3382 1225 3422 non
1251 3378 1331 3423 cst
1354 3365 1640 3439 judicium,
1665 3366 1759 3423 sed
1783 3377 2084 3424 certamen.

482 3463 603 3520 Non
643 3461 790 3518 enim
818 3461 1027 3532 judicat
1049 3460 1211 3515 Pater
1240 3475 1600 3531 quemquam;
1632 3459 1729 3515 sed
1756 3475 1918 3516 omne
1943 3458 2088 3530 judi-

484 3559 629 3616 cium
660 3555 811 3614 dedit
836 3555 993 3613 Filio.
1023 3555 1266 3612 Audiens
1293 3564 1476 3611 autem
1510 3558 1633 3623 hoc,
1664 3570 1731 3610 ne
1753 3554 2085 3611 scandalize-

488 3651 598 3716 ris,
632 3660 688 3706 et
730 3648 921 3706 dicas:
953 3649 1078 3720 quia
1106 3648 1284 3705 minor
1314 3657 1399 3704 est
1421 3648 1544 3714 iste,
1576 3647 1669 3718 qui
1692 3647 1889 3718 accipit
1922 3647 1990 3704 ab
2019 3663 2087 3703 eo

488 3748 581 3817 qui
613 3745 740 3810 dat;
789 3742 887 3799 sed
925 3741 1050 3798 vide
1094 3740 1221 3813 quid
1262 3740 1407 3797 dicat
1437 3743 1489 3797 in
1536 3740 1867 3813 Evangelia:
1900 3738 2087 3811 Neque

483 3840 630 3895 enim
666 3836 877 3907 judicat
913 3835 1075 3891 Pater
1103 3850 1426 3908 quemquatn
1454 3851 1469 3899 ;
1502 3833 1600 3890 sed
1631 3849 1794 3890 onme
1818 3832 2083 3903 judicium

488 3930 643 3986 dedit
676 3927 855 3984 Filio:
901 3928 1157 3999 quoniam
1189 3926 1357 3981 Filius
1388 3925 1624 3981 hominis
1654 3936 1738 3981 est
1767 3923 1947 3998 (Joan.
1981 3922 2083 3994 ιιι).

484 4020 685 4078 Reddit
725 4035 945 4075 causam
986 4034 1158 4090 quare
1207 4019 1422 4090 accepit
1464 4016 1724 4089 judicium
1757 4033 1771 4072 :
1823 4017 2083 4087 quoniam

490 4116 660 4173 Filius
686 4115 923 4170 hominis
950 4122 1055 4170 est.
1082 4113 1249 4169 Audis
1272 4112 1467 4168 Filium
1492 4112 1753 4183 hominis,
1785 4122 1840 4168 et
1870 4112 2088 4170 dubitas

488 4224 660 4281 quare
692 4208 905 4280 accepit
925 4208 949 4263 ἲ

996 4300 1315 4359 PSALMUS
1366 4298 1577 4357 LXXV.

488 4416 564 4475 In
606 4416 792 4488 ﬁnem,
830 4417 885 4472 in
925 4415 1265 4491 carminibus,
1303 4421 1532 4491 psalmus
1561 4416 1769 4488 Asaplt,
1813 4414 2087 4473 Canticum

1113 4489 1187 4543 ad
1212 4489 1471 4560 Assyrios.

2188 522 2477 577 atternum,
2524 523 2688 565 secun
2731 521 2823 562 um
2858 502 3107 558 ordinem
3145 493 3580 556 Melchisedech!
3612 492 3783 548 lieni-

2146 643 2157 655 .
2188 604 2387 661 festum
2413 610 2500 659 est
2529 598 2675 672 quod
2704 599 2759 653 in
2788 597 2883 653 illo
2910 595 3035 651 loco
3061 592 3131 650 de
3157 590 3382 647 Christo
3409 588 3631 643 dicitur.
3672 582 3781 639 Sed

2186 697 2317 770 quid
2364 699 2460 759 ait.
2501 691 2802 752 secundum
2831 689 3082 747 ordinem
3127 680 3564 743 Melchisedech?
3600 682 3781 735 Aaron

2187 790 2439 847 victimas
2482 787 2703 853 obtulit,
2749 789 2929 840 Aaron
2973 778 3282 836 hostiarum
3330 774 3648 846 sanguinem
3698 771 3785 828 lu-

2187 881 2287 940 dit.
2340 878 2747 939 Melchisedech
2786 875 2923 933 nihil
2970 874 3166 930 horum
3198 871 3355 938 fecit,
3394 868 3491 926 sed
3536 876 3779 922 tantum-

2190 973 2354 1031 modo
2392 988 2593 1044 panem
2617 980 2674 1028 et
2700 971 2886 1026 vinum
2934 967 3127 1023 obtulit
3161 963 3319 1039 (Gen.
3354 960 3488 1034 nr).
3518 961 3633 1018 Hoc
3659 975 3791 1031 ergo

2190 1065 2319 1124 feeit
2354 1064 2756 1125 Ielchisedeeh
2777 1102 2793 1129 ,
2823 1070 2882 1118 et
2910 1069 3197 1131 propterea
3239 1055 3457 1126 dicitur,
3486 1052 3785 1111 secundum

2188 1159 2442 1217 ordinem
2465 1155 2894 1215 Melchisedech.
2918 1153 2974 1209 in
3000 1150 3271 1210 llebraico
3291 1148 3479 1206 habet:
3506 1149 3575 1203 Et
3595 1150 3789 1220 [edunt

2187 1263 2262 1310 est
2295 1253 2349 1308 in
2382 1251 2561 1309 Salen:
2585 1246 2946 1306 umbraculum
2975 1247 3114 1318 ejus.
3144 1242 3338 1298 Videte
3364 1238 3494 1312 quid
3521 1238 3670 1295 dicat
3698 1252 3786 1293 se-

2190 1346 2423 1405 cundum
2460 1344 2852 1419 tropologiam:
2887 1347 2998 1419 non
3024 1350 3110 1396 est
3137 1336 3519 1395 umbraculum
3550 1334 3785 1399 Domini,

2188 1444 2295 1500 nisi
2321 1441 2415 1499 ubi
2446 1456 2552 1513 pax
2580 1450 2687 1496 est.
2722 1438 2825 1496 Ubi
2870 1436 3024 1493 zelus
3049 1445 3215 1506 atque
3240 1430 3544 1489 discordia:
3581 1428 3657 1486 ibi
3684 1443 3784 1484 non

2188 1546 2275 1594 est
2326 1544 2608 1606 protector
2645 1533 2812 1590 Dens.
2857 1532 3111 1586 Dicamus
3138 1538 3193 1584 et
3222 1524 3525 1582 secundum
3558 1523 3784 1594 Septuao

2188 1630 2358 1703 ginta.
2391 1627 2568 1684 Locus
2598 1624 2695 1682 Dei
2728 1640 2835 1680 non
2868 1632 2983 1688 est,
3017 1622 3119 1677 nisi
3151 1622 3206 1676 in
3231 1619 3415 1675 anima
3442 1632 3565 1688 qua
3604 1629 3783 1687 paceni

2191 1721 2526 1788 hohet.Qua:
2563 1734 2697 1790 ergo
2736 1718 2924 1775 anitna
2960 1730 3071 1772 non
3113 1711 3282 1771 habet
3312 1724 3536 1783 pacem,
3568 1706 3709 1764 sciat
3732 1723 3783 1762 se

2117 1818 2167 1881 Β
2191 1831 2300 1873 non
2326 1829 2453 1871 esse
2482 1814 2660 1871 locum
2688 1811 2806 1869 Dei.
2838 1810 3036 1866 Pacem
3068 1822 3243 1863 uncam
3272 1804 3345 1862 do
3372 1801 3572 1860 vobis:
3604 1817 3783 1874 pacem

2193 1922 2369 1966 meam
2399 1907 2613 1978 reliquo
2641 1903 2797 1962 vobis
2827 1903 3010 1977 (Joan.
3039 1898 3177 1971 atv).
3205 1898 3335 1956 Haec
3371 1903 3461 1955 est
3491 1895 3784 1951 Salvatoris

2192 2000 2508 2060 haereditate.
2546 1998 2614 2054 Et
2645 1997 2900 2053 habitatio
2932 1998 3049 2070 ejus
3072 1995 3128 2048 in
3158 1991 3311 2049 Sion.
3359 1988 3679 2048 Secundum
3710 1989 3780 2043 Iit-

2122 2116 2127 2121 '
2191 2105 2366 2154 teram
2394 2108 2689 2168 possumus
2708 2092 2893 2148 dicere
2912 2089 3243 2156 Jerusalem,
3266 2094 3325 2143 et
3346 2087 3510 2142 Sion:
3535 2085 3784 2156 quoniam

2190 2189 2264 2247 ibi
2308 2189 2409 2246 l‘uit
2441 2187 2727 2259 templum.
2760 2183 3085 2242 Secundum
3119 2180 3491 2253 tropologiam
3524 2192 3663 2235 vero
3689 2219 3702 2243 ,
3736 2186 3784 2235 et

2190 2298 2471 2354 anagogou
2504 2281 2737 2338 dicimus
2772 2295 2787 2334 :
2816 2278 2944 2349 quia
2975 2278 3029 2333 in
3073 2274 3205 2332 Sion
3252 2273 3527 2330 habitatio
3575 2272 3669 2328 Dei
3699 2272 3778 2326 sit.

2190 2375 2326 2433 Sion
2384 2375 2810 2445 interpretatur,
2869 2370 3107 2441 specula.
3155 2367 3213 2424 lu
3271 2379 3625 2438 quacumque
3664 2377 3782 2435 ergo

2189 2468 2374 2524 anima
2405 2465 2598 2522 notitia
2640 2464 3050 2535 Scripturarum
3077 2469 3167 2518 est
3188 2470 3355 2533 atque
3379 2459 3637 2517 doctrina
3660 2497 3676 2525 ,
3718 2457 3778 2514 ibi

2193 2561 2467 2618 inhabitat
2496 2561 2663 2618 Deus.

2263 2654 2349 2711 Ibi
2366 2653 2622 2726 confregit
2640 2651 2971 2724 fortitudines
2990 2666 3230 2706 arcum.
3252 2646 3378 2717 Ubi,
3407 2646 3462 2703 in
3482 2645 3775 2703 Jerusalem

2098 2798 2103 2803 .
2186 2747 3330 2817 etSiouJerusaleminterpretatumpu;
3360 2741 3522 2807 Sion,
3548 2740 3775 2808 specula.

2189 2843 2488 2901 Videamus
2527 2855 2662 2913 ergo
2703 2856 2828 2912 quae
2878 2840 2952 2895 sit
2980 2853 3085 2910 pax
3110 2880 3127 2905 ,
3168 2846 3225 2895 et
3266 2834 3399 2907 quid
3429 2834 3503 2891 sit
3543 2832 3772 2905 specula.

2191 2936 2495 3008 Dupliciter
2538 2936 3019 3007 interpretemur:
3061 2935 3171 2988 Aut
3219 2930 3455 2986 humana
3505 2928 3684 2983 anima
3727 2927 3774 2981 iu

2188 3046 2295 3104 qua
2318 3030 2390 3087 sit
2417 3046 2523 3101 pax
2556 3030 2678 3097 Dei,
2701 3038 2759 3086 et
2781 3026 3207 3099 contemplatio:
3233 3032 3329 3080 aut
3350 3032 3502 3080 certe
3521 3020 3773 3084 Ecclesia,

2188 3133 2285 3180 aut
2310 3135 2460 3181 certe
2479 3124 2761 3194 Scriptum
2792 3130 3003 3179 sancta.
3038 3120 3118 3176 lbi
3143 3118 3291 3176 enim
3324 3132 3431 3188 pax
3462 3125 3568 3184 est,
3614 3125 3665 3170 et
3706 3114 3793 3168 ibi:

2065 3223 2081 3247 ’
2110 3219 2156 3283 C
2191 3218 2490 3287 habitatio,
2529 3227 2588 3276 et
2632 3217 2859 3290 specula
2900 3217 3017 3273 Dei.
3054 3215 3136 3269 lbi
3174 3212 3431 3283 confregit
3461 3210 3775 3283 fortitudines

2189 3329 2430 3369 arcuum.
2465 3312 2588 3367 illas
2616 3311 2846 3381 sagittas
2872 3308 3129 3366 ardentes
3156 3320 3291 3376 quas
3324 3305 3576 3361 mittebat
3595 3301 3773 3359 diabo-

2191 3404 2297 3460 lus.
2332 3404 2576 3471 Scutum,
2592 3402 2851 3474 gladium,
2873 3410 2924 3457 et
2954 3400 3167 3456 bellant.
3189 3398 3402 3455 Bellum
3427 3395 3567 3453 illud
3585 3395 3649 3452 de
3668 3409 3773 3466 quo

2186 3495 2385 3552 dicitur
2416 3494 2468 3551 in
2493 3494 2603 3550 alio
2633 3495 2755 3551 loco
2786 3511 2799 3547 :
2836 3493 3045 3564 Dissipa
3071 3499 3263 3564 gentes
3282 3488 3407 3562 qum
3434 3490 3575 3546 bella
3594 3488 3772 3544 volunt

2190 3587 2376 3663 (Psal.
2412 3604 2554 3644 vatt
2576 3588 2618 3659 ).
2654 3587 2723 3644 Et
2743 3587 2873 3658 quid
2901 3586 3189 3657 sequitur?
3214 3582 3341 3640 Sela
3364 3623 3382 3651 ,
3417 3581 3564 3655 quod
3610 3582 3766 3636 inter-

2189 3688 2481 3751 pretantur
2506 3679 2886 3751 Septuaginta,
2917 3676 3236 3748 diapsalma,
3267 3682 3327 3732 et
3356 3673 3620 3731 liebraiee
3642 3672 3764 3727 dici-

2191 3782 2299 3840 tur,
2323 3789 2545 3841 semper.
2576 3770 2770 3827 Videte
2790 3785 2923 3842 ergo
2956 3770 3082 3840 quia
3119 3782 3340 3839 seraper
3366 3765 3652 3837 confringit
3671 3763 3768 3820 Do-

2189 3866 2368 3921 minus
2398 3873 2637 3929 scutum,
2668 3874 2725 3919 et
2748 3862 3018 3934 gladium,
3047 3871 3103 3918 et
3132 3860 3358 3917 bellum.

2261 3957 2582 4014 Illuminaus
2625 3964 2682 4012 tu
2718 3955 3021 4011 mirabiliter
3062 3972 3097 4009 a
3124 3953 3391 4009 montibus
3419 3950 3634 4009 aeternis.
3660 3949 3762 4004 Dn-

2189 4052 2405 4125 pliciter
2428 4051 2863 4121 interpretamur
2892 4058 3131 4105 montes.
3148 4046 3209 4103 In
3225 4047 3397 4104 veteri
3412 4046 3762 4102 Testamento.

2187 4147 2487 4219 prophetas
2513 4161 2531 4212 ;
2559 4145 2615 4202 in
2644 4159 2794 4201 novo
2824 4142 3206 4209 Testamento,
3234 4140 3537 4212 apostolos.
3557 4138 3626 4194 De
3655 4135 3762 4190 istis

2192 4241 2472 4299 montibus
2520 4240 2704 4298 dicit:
2737 4236 2936 4296 Levavi
2982 4237 3176 4300 oculos
3223 4251 3378 4295 meos
3422 4236 3476 4292 in
3519 4240 3760 4291 montes:

2187 4333 2334 4390 unde
2376 4332 2562 4388 veniet
2605 4331 2868 4388 auxilium
2920 4328 3315 4402 meum(Psal.
3362 4326 3519 4399 exs).
3559 4326 3614 4383 lu
3658 4322 3760 4379 istis

2188 4425 2493 4490 tuentibus,
2521 4434 2578 4482 et
2607 4424 2801 4481 civitas
2831 4422 2929 4481 Dei
2955 4422 3133 4495 posita
3161 4430 3267 4479 est.
3300 4420 3419 4477 Non
3452 4426 3623 4492 potest
3644 4416 3760 4473 civi-

2191 4527 2277 4578 tas
2298 4517 2558 4576 abseondi
2582 4532 2643 4574 su
2653 4533 2747 4588 per
2780 4526 3023 4575 montem
3048 4516 3249 4587 posita.
3274 4513 3389 4571 Nos
3413 4528 3598 4570 omnes
3618 4508 3760 4567 sede-

566 4603 738 4659 Ν⁰¹¹⁴⁸
784 4603 839 4659 in
871 4600 1062 4659 Ῑπάιεα
1108 4601 1290 4659 De“:
1331 4603 1386 4658 ίη
1413 4602 1582 4659 “me!
1620 4620 1864 4678 magnum
1903 4619 2085 4660 nomen
2112 4610 2168 4674 Β
2192 4611 2384 4669 bamus
2416 4613 2469 4667 in
2502 4610 2744 4667 tenebris
2767 4652 2780 4676 ,
2824 4619 2881 4666 et
2911 4611 2967 4666 in
3007 4610 3199 4665 umbra
3233 4607 3427 4663 mortis
3454 4622 3471 4662 :
3498 4612 3555 4661 et
3594 4602 3755 4659 illuxit

494 4700 632 4773 ejus.
659 4699 960 4767 Antequam
997 4698 1332 4753 illuminaret
1369 4713 1502 4755 crux
1533 4698 1817 4764 mundum,
1847 4708 1901 4754 et
1931 4708 2081 4754 ante-

491 4805 657 4863 quam
703 4789 980 4845 videretur
1022 4790 1285 4847 Domiuus
1324 4792 1377 4847 in
1429 4802 1572 4848 terra
1598 4832 1613 4858 ,
1670 4801 1834 4847 notus
1880 4800 1997 4848 erat
2026 4791 2084 4847 in

491 4883 682 4940 Judaca
729 4883 903 4949 Deus,
939 4883 991 4937 iu
1023 4882 1191 4939 Israel
1230 4892 1409 4941 autem
1434 4899 1685 4956 maguum
1712 4899 1908 4941 nomen
1940 4889 2079 4957 ejus.

493 4975 725 5045 Quando
761 4986 944 5032 autem
991 4976 1140 5033 venit
1188 4975 1470 5046 Salvator,
1524 4976 1577 5035 in
1619 4992 1835 5034 omnem
1884 4988 2081 5034 terram

491 5069 625 5126 exiit
664 5083 831 5126 sonus
874 5068 994 5141 ejus
1017 5110 1031 5137 ,
1060 5078 1114 5125 et
1141 5068 1197 5125 in
1228 5069 1363 5125 lines
1392 5069 1542 5126 orbis
1582 5077 1740 5126 terra:
1772 5069 1935 5127 verba
1965 5069 2086 5143 ejus

498 5161 675 5235 (Psal.
705 5165 881 5238 xvm).

566 5256 633 5312 Et
663 5258 831 5326 [actus
860 5269 933 5314 est
959 5260 1013 5315 in
1042 5276 1170 5331 pace
1192 5257 1333 5315 locus
1358 5260 1491 5335 ejus.
1524 5258 1679 5328 Quod
1711 5256 1973 5317 ilebraice
2002 5259 2086 5317 di-

491 5349 634 5407 citur
666 5351 719 5407 in
752 5366 932 5412 suam
958 5352 1156 5425 (tam).
1186 5353 1412 5410 Videtur
1438 5368 1568 5426 ergo
1607 5353 1904 5411 secundum
1939 5354 2084 5409 litte-

490 5458 608 5499 ram
654 5444 839 5501 dicere
877 5445 1199 5511 Jerusalem.
1248 5462 1368 5519 quae
1395 5457 1524 5504 ante
1555 5448 1854 5504 vocabatur
1879 5446 2080 5514 Solem,

487 5544 545 5591 et
577 5548 761 5607 pOSlea
792 5537 950 5595 Jebus
971 5583 986 5606 ,
1033 5550 1088 5596 et
1125 5540 1324 5598 deinde
1353 5541 1494 5598 dicta
1529 5553 1612 5599 est
1636 5585 1649 5605 .
1679 5541 1995 5608 Jerusalem,
2026 5544 2079 5601 in

489 5644 593 5701 qua
623 5627 724 5685 t‘uit
752 5645 845 5687 rex
875 5630 1292 5690 Melchisedech.
1322 5633 1608 5707 Legimus:
1640 5635 1720 5690 'l‘u
1742 5651 1803 5691 es
1827 5636 2082 5694 sacerdos

488 5721 545 5779 in
575 5731 872 5793 mternum,
916 5726 1216 5784 secundum
1247 5728 1495 5785 ordinem
1527 5729 1923 5787 Melchisedech
1955 5730 2074 5803 (Ps.

487 5814 621 5887 cis).
653 5814 769 5873 Non
794 5816 933 5875 dixit
961 5818 1255 5879 secundum
1296 5818 1548 5879 ordinem
1583 5823 1785 5892 Aaron,
1818 5821 1912 5880 sed
1946 5821 2075 5881 Hel-

2198 4703 2360 4759 nobis
2406 4703 2673 4758 Dominus
2717 4702 2786 4758 de
2834 4704 3115 4760 montibus
3160 4700 3384 4758 attentis
3420 4698 3753 4773 (Albulav):

2190 4797 2295 4855 hoc
2325 4806 2433 4866 est,
2468 4798 2538 4854 de
2577 4796 2883 4868 prophetis,
2916 4806 2970 4854 et
2995 4797 3281 4869 apostolis.
3315 4794 3615 4853 Conturbuli
3649 4799 3754 4847 sunt

2190 4909 2366 4949 omnes
2406 4892 2706 4963 insipientes
2735 4890 2909 4948 corde.
2941 4891 3102 4951 Hunc
3127 4906 3346 4949 versum
3375 4890 3447 4949 de
3474 4887 3754 4948 inﬁdelibus

2191 5000 2482 5058 possumus
2527 4984 2737 5041 dicere.

2263 5076 2603 5133 Dormierunt
2623 5092 2864 5133 somnum
2892 5092 3066 5146 suum,
3094 5084 3139 5130 et
3160 5074 3295 5130 nihil
3332 5076 3641 5141 inuenerunt,
3658 5082 3750 5128 etc.

2191 5169 2335 5227 Vere
2368 5170 2484 5226 huic
2518 5170 2626 5226 vita
2654 5184 2885 5227 somnus
2913 5180 3016 5236 est,
3045 5177 3102 5225 et
3130 5168 3360 5226 divitire.
3385 5169 3611 5238 Quando
3629 5167 3753 5225 enim

2190 5264 2444 5321 videmur
2472 5279 2568 5320 cas
2600 5274 2815 5333 tenere,
2869 5265 3056 5320 statim
3102 5265 3428 5322 amittimus.
3462 5266 3605 5324 Sicut
3640 5258 3751 5319 illud

2191 5358 2335 5430 quod
2386 5359 2649 5428 scriptum
2683 5367 2765 5414 est
2804 5357 2858 5413 in
2889 5357 3155 5429 propheta
3184 5376 3199 5412 :
3236 5358 3394 5416 Sicut
3420 5375 3541 5416 cum
3579 5358 3751 5427 aliqua

2191 5450 2393 5509 dormit
2438 5451 2667 5519 sitiens,
2715 5451 2761 5507 si
2804 5452 3076 5510 invenerit
3102 5466 3331 5524 aquam,
3384 5452 3561 5509 bibit:
3591 5460 3748 5521 poSIea

2193 5559 2316 5603 cum
2352 5543 2657 5616 vigilaverit
2678 5582 2696 5609 ,
2745 5543 2859 5614 ipsa
2891 5544 3013 5600 sitis
3042 5554 3228 5602 manet
3260 5543 3433 5618 (Isai.
3459 5542 3620 5614 xm)
3649 5540 3746 5594 :ita

2189 5646 2317 5695 sunt
2362 5647 2418 5693 et
2465 5637 2670 5694 divitia:
2716 5637 2768 5692 itt
2816 5636 2922 5694 hoc
2969 5638 3217 5696 mundo:
3267 5637 3400 5697 dum
3454 5644 3741 5695 teneamus.

2189 5733 2507 5789 amittimus.

2263 5824 2679 5884 Dormitaverunt
2720 5827 2807 5899 qui
2856 5828 3201 5885 ascenderunt
3239 5844 3422 5901 equos.
3465 5821 3744 5887 Secundum
