3954 6340
185 306 310 382 tesi

1050 315 1481 374 BREVIARIUM
1520 311 1585 371 ΙΝ
1626 308 1966 368 PSALIIOS.
2007 309 2263 370 PSALM.
2303 311 2540 371 LXXVI.

3309 310 3448 367 ωδε

185 433 515 506 "Apologia!"
588 431 857 489 dicamus.
934 435 1177 506 Denique
1230 436 1440 492 Pharao
1496 436 1746 493 ascendit
1773 432 1823 488 A
1855 447 1970 483 sum
1996 429 2017 483 ἲ
2045 431 2280 500 Quatide
2308 433 2434 504 quid
2461 432 2700 504 patimur
2729 452 2738 485 :
2771 432 2896 504 quid
2930 433 3001 487 sit
3026 432 3078 487 in
3099 432 3442 504 cogitationi-

181 545 368 600 equus.
413 539 465 581 ct
495 525 841 591 dormitavit,
891 535 947 582 et
973 529 1156 598 periit.
1190 527 1426 601 Atlgyptii
1468 528 1744 585 habebant

178 636 352 695 equos,
394 619 484 676 sed
541 619 844 689 perierunt.
909 621 1039 676 inde
1096 630 1150 676 et
1195 632 1526 692 praeceptum
1571 623 1740 677 estin

179 715 307 785 Lege
335 733 344 764 ς
386 724 437 766 ttt
479 728 582 766 non
615 712 875 767 llebra‘us
907 713 1110 770 habeat
1146 728 1336 785 equos.
1375 715 1618 785 Denique
1645 715 1742 770 Sa-

181 811 344 866 lomon
383 823 484 861 non
533 807 772 862 habebat
812 822 1012 878 equum
1053 808 1121 863 de
1152 808 1490 875 Jerusalem,
1543 819 1635 864 aut
1676 811 1743 864 de

178 903 343 962 Judaaa
374 920 386 956 :
415 901 508 957 sed
538 902 751 957 emebat
780 903 880 958 sibi
912 901 981 959 de
1013 902 1241 977 At‘gypto
1267 906 1287 976 (
1314 903 1470 959 Deut.
1507 919 1648 962 xvtt:
1677 903 1741 959 lll

181 997 295 1068 Reg.
348 992 437 1065 ι).
511 994 740 1063 Semper
806 997 929 1066 equi
1003 995 1056 1051 in
1128 996 1366 1068 Egypto
1413 998 1738 1054 venduntur.

176 1087 230 1142 lli
259 1089 306 1140 in
333 1086 598 1148 curribus,
629 1097 679 1140 et
718 1085 769 1140 hi
791 1088 842 1140 in
867 1090 1020 1158 equis
1047 1107 1058 1141 :
1083 1103 1182 1142 nos
1213 1099 1392 1144 autem
1427 1089 1480 1144 in
1523 1090 1742 1147 nomine

174 1179 362 1236 Domini
400 1180 488 1234 Dei
526 1181 697 1235 nostri
726 1179 1100 1236 invocabimus
1131 1181 1312 1253 (Psal.
1337 1184 1470 1251 xta).
1500 1184 1578 1238 llli
1610 1199 1742 1253 ergo

175 1274 251 1346 qui
279 1273 634 1329 ascenderunt
656 1289 852 1342 equos,
885 1273 1320 1332 dormitaverunt
1350 1292 1412 1332 ac
1443 1279 1737 1347 perierunt.

173 1369 326 1424 liabet
367 1377 420 1423 et
471 1367 734 1424 Dominus
783 1381 1172 1440 nosterequos
1209 1389 1220 1423 :
1255 1369 1419 1425 habet
1444 1379 1498 1426 ct
1530 1381 1742 1426 montes

173 1462 379 1522 lucidus.
426 1463 778 1529 licontrario,
826 1471 883 1519 et
929 1464 1177 1521 diabolus
1223 1466 1385 1520 habet
1417 1475 1625 1520 montes
1656 1474 1738 1522 te-

175 1555 434 1613 nebrosus.
467 1555 620 1611 Sicut
655 1571 787 1623 ergo
829 1564 957 1610 sunt
1002 1570 1216 1612 montes
1247 1557 1407 1612 lucidi
1442 1567 1496 1611 et
1529 1568 1742 1612 montes

172 1647 456 1705 tenebrosi:
489 1648 561 1703 ita
596 1658 722 1703 sunt
753 1659 807 1704 et
840 1649 964 1718 equi
989 1649 1138 1717 boni,
1171 1660 1225 1706 et
1253 1650 1379 1720 equi
1405 1650 1553 1705 mali.
1586 1650 1736 1705 Dixi-

171 1754 278 1798 mus
303 1739 365 1796 de
401 1740 554 1809 cquis
591 1742 768 1807 malis,
797 1743 1039 1796 dicamus
1065 1749 1120 1797 et
1148 1741 1217 1797 de
1243 1743 1400 1813 cquis
1432 1744 1606 1798 bonis.
1647 1743 1739 1797 Ilio

1852 525 1953 580 bus
2002 526 2228 589 nostris,
2260 530 2533 598 novimus,
2570 537 2619 583 et
2653 528 3024 584 erubescimus
3055 527 3257 585 dicere.
3292 529 3443 585 Multi

1853 631 1981 676 sunt
2008 623 2096 689 qui
2128 637 2293 692 opera
2322 622 2460 676 mala
2491 637 2595 677 non
2630 622 2877 679 fecerunt
2897 666 2912 690 ,
2940 622 3031 679 alii
3071 633 3196 680 sunt
3222 625 3316 696 qui
3346 641 3446 680 nec

1849 711 2018 767 locuti
2055 721 2181 768 sunt
2211 733 2222 766 :
2257 724 2514 769 ceterum
2538 715 2628 784 qui
2659 713 2714 770 iu
2744 715 3068 785 cogitatione
3097 731 3204 771 non
3251 732 3444 786 pecca-

1850 805 2014 874 verit,
2047 805 2222 860 nullus
2247 805 2528 862 hominum
2558 807 2850 878 reperitur.
2877 807 3169 877 PrOpIerea
3200 825 3342 866 nunc
3359 807 3444 864 di-

1850 901 1947 964 cit,
1982 900 2241 966 Quoniam
2272 902 2514 972 cogitatio
2546 903 2770 957 hominis
2799 903 3126 973 confitebitur
3155 903 3265 958 tibi.

1922 995 2187 1051 Terribili.
2221 995 2350 1052 Cui?
2386 997 2516 1054 Deo.
2551 994 2616 1051 Et
2643 996 2690 1050 ei
2717 997 2806 1068 qui
2835 999 3000 1067 aufert
3032 997 3273 1066 spiritum
3299 997 3446 1067 prin-

1848 1089 1893 1143 ci
1900 1107 2044 1158 pum.
2063 1088 2292 1157 Quando
2309 1088 2553 1144 videmus
2574 1089 2782 1162 aliquos
2799 1097 3073 1161 potentes,
3087 1090 3238 1147 verbi
3256 1105 3439 1154 causa,

1852 1177 2241 1248 imperatores,
2299 1180 2584 1250 pra-lectos
2606 1221 2621 1249 ,
2651 1190 2705 1236 et
2740 1182 2794 1237 in
2825 1181 3026 1238 saeculo
3074 1181 3180 1238 isto
3220 1181 3444 1238 nimium

1850 1285 2135 1345 potentes,
2170 1275 2414 1331 dicamus
2441 1286 2496 1331 et
2528 1293 2627 1330 nos
2654 1275 2720 1330 ad
2763 1277 2932 1331 Deum
2971 1295 2981 1329 :
3016 1275 3117 1345 Qui
3146 1280 3314 1346 aufert
3344 1279 3448 1347 spi-

1848 1371 2007 1424 ritum
2036 1369 2346 1442 principum.
2375 1370 2638 1439 Spiritum
2673 1384 2964 1440 possumus
2993 1381 3045 1424 et
3074 1370 3142 1425 de
3163 1370 3340 1424 anima
3365 1370 3446 1424 di-

1848 1475 2014 1516 cere:
2043 1476 2332 1530 possumus
2372 1469 2426 1518 et
2453 1461 2520 1518 de
2547 1462 2799 1532 superbia
2843 1460 3046 1517 dicere.
3083 1462 3448 1534 lutelligamus

1849 1553 1998 1609 etde
2027 1554 2289 1624 superbia
2322 1553 2526 1610 dicere.
2564 1553 2964 1625 lntelligamus,
2999 1563 3052 1609 et
3091 1556 3251 1611 aliter
3291 1570 3305 1611 :
3361 1557 3446 1626 qui

1849 1653 2022 1718 aufert
2056 1649 2296 1719 spiritum
2329 1650 2646 1720 principum.
2675 1648 2954 1718 Principes
2979 1648 3065 1703 hic
3095 1649 3445 1721 intelligimus

1849 1752 2093 1798 sanctos.
2129 1746 2206 1796 Ac
2235 1743 2279 1796 si
2322 1742 2468 1797 dicat
2497 1757 2508 1797 :
2545 1741 2809 1812 Princeps
2839 1743 2935 1796 fuit
2964 1742 3216 1798 SalomOn
3239 1786 3252 1811 ,
3305 1743 3451 1812 prin-

170 1837 392 1901 tcmpore
422 1832 640 1903 quando
672 1833 738 1888 ad
767 1833 1004 1890 Eliseum
1030 1844 1317 1900 venerunt,
1349 1843 1407 1888 ut
1436 1851 1562 1889 eum
1591 1851 1742 1890 com-
1777 1825 1820 1886 Β
1850 1850 1980 1904 ccps
2029 1835 2249 1890 fuerunt
2293 1836 2478 1891 cirteri
2535 1836 2740 1902 sancti,
2776 1836 3034 1908 princeps
3081 1835 3178 1890 l‘uit
3207 1839 3368 1891 etiam
3398 1847 3453 1892 et

174 1925 549 1998 prehenderem
582 1945 596 1982 :
639 1927 771 1982 exiit
806 1943 940 1998 puer
965 1936 1022 1983 et
1053 1928 1184 1983 vidit
1212 1930 1511 1984 exercitum
1545 1932 1596 1984 in
1629 1931 1736 1984 cir-

169 2023 299 2078 cuitu
341 2023 733 2094 Assyriorum,
779 2033 832 2077 et
879 2023 1016 2078 dixit
1063 2025 1314 2079 ιεζιίςριιες
1360 2025 1480 2079 Noli
1526 2025 1739 2089 timere,

172 2117 404 2188 quoniam
454 2115 642 2187 plures
697 2117 976 2171 nobiseum
1032 2127 1191 2181 sunt,
1250 2131 1412 2184 quam
1462 2133 1586 2174 cum
1635 2119 1741 2172 illis

177 2203 259 2274 (IV
287 2202 406 2273 Reg.
433 2219 484 2256 vt
512 2202 552 2274 ).
603 2203 668 2257 Et
700 2204 770 2257 ibi
803 2203 1066 2274 scriptum
1114 2215 1199 2258 est
1231 2223 1242 2255 ε
1281 2205 1509 2259 Domine.
1536 2246 1549 2265 .
1595 2205 1742 2274 aperi

170 2295 336 2352 oeulos
363 2297 517 2368 pueri
549 2296 625 2349 tui
651 2337 666 2362 ,
693 2305 751 2352 ut
781 2295 982 2352 videat.
1013 2298 1107 2360 Et,
1140 2299 1347 2368 apertis
1378 2298 1583 2359 oculis.
1614 2299 1748 2353 vidit

171 2405 287 2461 puer
319 2405 512 2446 currus
535 2401 592 2446 et
619 2405 808 2462 equos.
861 2391 921 2446 Ili
950 2401 1108 2447 erant
1143 2392 1522 2447 auxiliatores.
1557 2392 1748 2447 Videte

170 2497 284 2554 ergo
307 2485 429 2555 quid
457 2483 646 2548 dicat,
689 2498 888 2540 currus
919 2494 971 2539 et
1011 2499 1204 2556 equos.
1250 2485 1422 2540 Nemo
1468 2487 1746 2539 hominum

171 2587 275 2636 erat
300 2594 458 2649 super
489 2580 664 2648 ipsos,
695 2579 790 2634 Sed
818 2589 974 2634 erant
999 2579 1099 2634 soli
1140 2595 1330 2634 currus
1363 2588 1417 2633 et
1445 2581 1564 2650 equi
1595 2596 1609 2633 :
1637 2579 1750 2634 Hoc

171 2681 265 2739 est,
294 2673 429 2744 quod
457 2675 577 2730 vult
606 2673 813 2728 dicere.
846 2673 1128 2728 Multitudo
1156 2675 1469 2744 angelorum
1497 2714 1513 2741 ,
1550 2673 1652 2744 ipsi
1696 2683 1749 2729 et

169 2780 344 2823 currus
371 2777 552 2837 erant,
585 2769 685 2839 ipsi
717 2778 768 2823 et
798 2771 918 2838 equi
957 2787 970 2821 :
1003 2785 1262 2824 nsccusor
1288 2781 1465 2825 autem
1499 2779 1614 2826 erat
1649 2770 1752 2826 Do-

171 2860 349 2916 minus.
381 2861 680 2932 Propterea
707 2861 841 2916 dicit
871 2861 921 2916 in
953 2860 1173 2917 Cantica
1196 2862 1451 2918 llabacuc
1479 2881 1490 2914 :
1518 2863 1583 2917 Et
1601 2863 1754 2934 equi-

171 2957 286 3012 latio
311 2964 396 3011 tua
425 2958 577 3011 salus
608 2955 844 3028 (Habac.
873 2957 988 3020 111).
1013 2957 1126 3012 lloc
1157 2957 1223 3013 ad
1257 2957 1426 3013 Deum
1457 2957 1675 3013 dicitur.
1709 2958 1754 3013 Ο

175 3047 214 3102 si
253 3063 345 3106 nos
373 3065 621 3106 essemus
662 3050 784 3120 equi
817 3050 950 3116 Dei,
1006 3060 1059 3106 et
1088 3065 1253 3118 super
1297 3064 1398 3105 nos
1442 3051 1755 3118 dignaretur

175 3143 301 3200 Deus
327 3145 664 3201 ascendere!
696 3145 777 3200 illi
811 3159 940 3214 ergo
980 3145 1238 3199 contrarii
1269 3145 1390 3214 equi
1423 3144 1752 3200 dormitave-

173 3248 300 3306 runt,
326 3249 379 3296 et
403 3255 728 3296 ascensores
749 3253 961 3295 eorum.

236 3330 315 3387 Ex
335 3344 453 3388 tunc
493 3333 578 3387 ira
608 3343 716 3387 tua.
750 3332 825 3387 Es
855 3348 960 3399 quo
983 3340 1228 3400 tempore
1257 3331 1334 3386 ira
1367 3331 1456 3386 Dei
1481 3331 1503 3384 ?
1529 3331 1756 3401 Quando

173 3427 383 3497 populus
411 3427 688 3484 clamabat
712 3427 779 3481 ad
812 3429 990 3482 Aaron
1034 3426 1084 3480 in
1113 3441 1299 3481 eremo
1328 3469 1340 3492 ,
1391 3425 1579 3481 dicens
1611 3444 1620 3477 :
1652 3425 1756 3482 Fac

175 3519 315 3573 nobis
344 3519 478 3575 deos
513 3535 648 3589 quos
680 3534 973 3589 sequamur
1001 3517 1206 3588 (Exod.
1248 3515 1446 3588 χχχιι).
1483 3501 1576 3572 Ιῆο
1608 3517 1753 3572 enim

175 3609 399 3684 Moyses,
431 3612 530 3684 qui
553 3611 739 3668 eduxit
770 3627 872 3668 nos
902 3612 968 3668 de
997 3622 1140 3668 terra
1169 3610 1410 3684 Egypti,
1445 3610 1714 3666 nescimus
1737 3654 1751 3677 ,

172 3704 285 3772 quid
313 3705 362 3760 ei
398 3703 681 3760 acciderit.
719 3704 964 3759 Edusisti
1011 3719 1106 3759 eos
1134 3704 1199 3758 de
1232 3713 1375 3759 terra
1409 3702 1626 3774 Egypli
1657 3745 1670 3768 ,
1701 3714 1756 3761 et

171 3799 416 3853 continuo
447 3808 502 3854 te
526 3807 886 3869 negaverunt.

236 3889 304 3945 De
343 3892 470 3947 caelo
514 3892 752 3946 auditum
783 3891 952 3964 fecisti
987 3890 1270 3960 judicium.
1319 3889 1553 3945 Locutus
1585 3905 1643 3945 es
1688 3890 1754 3946 de

169 3983 315 4052 cmlo,
349 3985 557 4041 audivit
583 3983 761 4040 omnis
794 3984 1028 4054 p0pnlus
1050 4027 1063 4048 ,
1111 3992 1166 4039 et
1191 3985 1518 4040 contremuit
1548 4003 1560 4037 :
1593 3992 1647 4039 et
1678 3995 1755 4039 ta-

168 4091 281 4132 men
311 4077 363 4132 in
399 4089 451 4134 te
483 4093 592 4132 non
624 4075 1177 4132 crediderunt.Terra
1209 4079 1435 4146 tremuit,
1467 4087 1512 4130 et
1542 4077 1749 4149 quievit,

170 4169 323 4228 lsrael
352 4182 538 4230 autem
568 4187 669 4229 nec
701 4174 900 4240 timuit,
938 4191 1039 4228 nec
1067 4174 1290 4244 quievit.

233 4263 488 4331 Quoniam
534 4267 777 4338 cogitatio
815 4265 1041 4320 hominis
1102 4266 1430 4334 conﬁtebitur
1478 4267 1587 4321 tibi.
1644 4267 1754 4322 iloc

169 4364 264 4421 est,
313 4359 457 4427 quod
518 4358 717 4413 dicitur
770 4360 826 4412 in
879 4357 986 4412 alio
1039 4357 1158 4411 loco
1191 4375 1200 4409 :
1233 4358 1315 4411 Ab
1360 4358 1581 4412 occultis
1620 4357 1753 4414 meis

168 4449 355 4504 munda
385 4465 496 4519 me,
520 4459 574 4506 et
599 4451 667 4504 ab
681 4451 872 4505 alienis
899 4465 1059 4522 parce
1084 4465 1244 4504 servo
1271 4450 1548 4522 tuo(Psal.
1565 4467 1689 4507 Xt'lll
1710 4452 1750 4523 ).

169 4543 366 4599 Alienis
396 4562 422 4597 a
457 4557 530 4609 te,
561 4560 700 4616 quos
730 4544 1006 4601 submittit
1028 4545 1298 4601 diabolus.
1327 4546 1391 4600 Et
1421 4545 1545 4616 quid
1574 4545 1755 4617 sequi-

167 4636 284 4690 tur?
311 4636 366 4693 Si
403 4640 513 4692 mei
548 4653 652 4692 non
680 4639 879 4694 fuerint
911 4639 1168 4693 dominati
1188 4657 1200 4691 :
1222 4647 1350 4693 tunc
1380 4638 1756 4693 immaculatus

167 4740 276 4781 ero.
308 4727 361 4784 Si
396 4744 486 4785 me
516 4744 622 4784 non
657 4729 887 4785 vicerint
920 4731 1072 4782 mahe
1101 4730 1480 4800 cogitationes,
1509 4741 1635 4784 tunc
1661 4745 1758 4785 ero

166 4819 390 4878 mundus
419 4823 474 4876 in
507 4831 806 4892 consttectu
839 4830 950 4876 tuo.
986 4821 1058 4876 Et
1085 4822 1212 4890 quid
1243 4821 1424 4877 statim
1469 4821 1758 4892 sequitur?

167 4909 230 4983 Et
266 4916 612 4972 emundabor
657 4932 688 4971 a
723 4915 926 4972 delicto
954 4915 1214 4970 maximo.
1253 4915 1388 4970 Vide
1429 4915 1555 4984 quid
1589 4915 1754 4972 dicat.

164 5006 220 5065 Si
248 5026 333 5067 me
359 5011 624 5082 cogitatio
654 5027 760 5067 non
789 5012 1000 5076 vicerit,
1020 5019 1077 5067 et
1105 5011 1170 5066 ad
1200 5025 1334 5081 opus
1361 5025 1464 5065 non
1493 5011 1758 5075 perduxe-

165 5103 268 5159 rit:
295 5121 322 5158 a
355 5121 557 5177 magno
591 5117 812 5175 peccato
838 5107 1101 5162 liberatus
1130 5121 1274 5160 sum.
1307 5103 1569 5172 Quoniam
1612 5105 1755 5176 cogi-

165 5199 286 5252 tatio
309 5198 541 5254 [taurinis
569 5200 892 5270 conﬁtebitur
913 5201 1026 5253 tibi.
1049 5198 1237 5253 Nullus
1254 5207 1338 5252 est
1357 5199 1500 5252 enim
1526 5197 1757 5252 mundus

167 5286 219 5344 in
244 5303 544 5363 conspectu
577 5293 708 5360 Dei,
743 5308 843 5348 nec
871 5293 914 5347 si
966 5293 1124 5348 unius
1163 5290 1386 5362 quidem
1435 5289 1546 5346 diei
1595 5289 1758 5344 fuerit

164 5383 270 5439 vita
298 5385 443 5456 eius.
478 5385 643 5442 Astra
674 5402 778 5441 non
829 5395 957 5442 sunt
984 5386 1180 5441 munda
1215 5385 1267 5440 in
1297 5394 1591 5454 conspectu
1618 5383 1712 5438 Dei
1739 5425 1752 5451 ,

163 5483 223 5532 et
247 5477 515 5534 adversus
550 5479 773 5550 angelos
804 5491 932 5533 suos
962 5493 1279 5552 perversum
1325 5475 1452 5548 quid
1481 5477 1754 5546 excogita-

164 5568 258 5624 vit.
293 5569 462 5643 (Job.
484 5587 553 5627 xv
581 5581 628 5626 et
683 5587 786 5626 xxv
808 5573 847 5641 ).
903 5573 1015 5628 iloc
1043 5581 1214 5626 totum
1245 5570 1456 5642 quare?
1484 5570 1752 5638 Quoniam

166 5664 214 5719 si
241 5675 388 5721 astra
411 5680 523 5722 non
551 5679 674 5721 sunt
699 5667 923 5736 munda,
949 5668 991 5723 si
1020 5669 1071 5722 itt
1095 5667 1301 5735 angelis
1332 5681 1645 5735 perversum
1679 5664 1756 5718 in-

169 5758 387 5814 venitur
426 5778 438 5811 :
473 5771 679 5831 quanto
733 5761 904 5829 magis
959 5763 1010 5813 in
1062 5760 1389 5830 cogitatione.
1445 5757 1755 5812 hominum"!

171 5846 271 5908 Ubi
302 5862 438 5907 sunt
470 5853 545 5907 illi
578 5854 666 5923 qtti
698 5854 905 5919 dicunt,
938 5852 1132 5908 recede
1163 5868 1191 5906 a
1223 5868 1341 5919 me,
1371 5852 1495 5922 quia
1529 5849 1759 5904 mundus

1777 3215 1824 3280 C

1848 1927 2143 1997 Apostolus
2189 1926 2384 1994 Judas,
2439 1935 2494 1981 et
2541 1927 2802 1998 quoniam
2852 1937 3253 2000 percaverunt,
3303 1928 3448 1983 Deus

1851 2022 1971 2076 tulit
2001 2022 2069 2074 ah
2093 2021 2172 2076 eis
2196 2020 2454 2089 Spiritum
2485 2031 2760 2076 sanctum.
2793 2021 2964 2078 Nemo
2993 2039 3123 2093 ergo
3145 2023 3318 2077 dicat:
3340 2022 3453 2093 Ego

1851 2116 2140 2186 episcopus
2171 2131 2321 2180 sum,
2371 2125 2463 2170 aut
2505 2114 2802 2187 diaconus,
2835 2129 2925 2171 aut
2978 2117 3308 2182 monachus;
3344 2133 3446 2188 ego

1852 2211 2104 2280 princeps
2134 2225 2254 2265 sum
2302 2209 2354 2264 in
2402 2209 2506 2264 i5to
2537 2209 2742 2264 saeculo
2777 2229 2785 2261 :
2825 2220 3022 2276 potens
3053 2221 3137 2266 est
3163 2209 3308 2267 Deus
3351 2212 3453 2267 tol-

1854 2303 1967 2359 lere
2013 2302 2263 2374 spiritum
2313 2302 2641 2373 principum.
2688 2301 2930 2372 Denique
2963 2313 3021 2357 ut
3057 2304 3279 2368 sciatis,
3331 2305 3453 2372 quia

1852 2396 1992 2450 tollit
2045 2396 2190 2450 Deus
2222 2395 2474 2464 spiritum
2533 2413 2545 2451 :
2595 2394 2828 2450 recessit
2861 2395 3086 2464 spiritus
3115 2395 3211 2451 Dei
3244 2412 3272 2448 a
3320 2396 3450 2451 Saul

1852 2487 2024 2543 hOnus
2048 2529 2062 2553 ,
2095 2497 2149 2542 et
2190 2486 2494 2542 sull'ocabat
2533 2503 2656 2543 eum
2688 2487 2911 2557 spiritus
2942 2486 3227 2559 malignus.
3263 2488 3456 2558 Sequi-

1855 2588 1941 2634 tur
1961 2597 1974 2635 :
1992 2579 2055 2634 Et
2073 2578 2374 2634 suli‘ocabat
2400 2595 2522 2633 eum
2545 2580 2771 2648 Spiritus
2793 2580 2883 2635 Dei
2911 2580 3084 2635 malus
3107 2580 3150 2652 (Ι
3166 2580 3298 2653 Reg.
3315 2583 3450 2650 xvr).

1854 2671 1998 2741 Ergo
2031 2671 2230 2726 malum
2258 2671 2426 2728 habet
2449 2672 2697 2742 spiritum
2734 2673 2916 2729 Deus?
2943 2672 3286 2746 Nequaquam
3320 2692 3331 2727 :
3359 2675 3452 2730 sed

1855 2767 1978 2823 ideo
2029 2778 2332 2824 recesserat
2382 2768 2608 2838 spiritus
2640 2767 2766 2830 Dei,
2817 2777 2874 2822 ut
2921 2778 3107 2837 postea
3158 2766 3456 2824 suﬁocaret

1854 2877 1978 2918 cum
2014 2862 2237 2933 spiritus
2269 2863 2442 2920 malus
2475 2879 2489 2916 :
2539 2871 2824 2933 propterea
2864 2864 3083 2933 spiritus
3111 2864 3206 2919 Dei
3255 2865 3452 2920 dicitur

1856 2956 2052 3010 malus.
2108 2955 2349 3024 Denique
2377 2963 2596 3011 sanctus
2640 2953 2805 3010 David
2832 2997 2846 3021 ,
2881 2957 3059 3011 sciens
3082 2957 3202 3027 quia
3233 2959 3457 3028 spiritus

1858 3047 2073 3104 tolleret
2099 3046 2402 3118 principum
2437 3065 2450 3103 :
2485 3059 2636 3120 rogat
2671 3049 2836 3102 Deum
2863 3090 2876 3112 ,
2907 3057 2957 3101 et
2987 3048 3119 3104 dicit
3149 3063 3162 3104 :
3193 3050 3453 3119 Spiritum

1858 3150 2104 3196 sanctum
2142 3151 2287 3196 tuum
2338 3157 2405 3195 ne
2449 3141 2668 3197 auferas
2714 3156 2740 3192 a
2773 3155 2858 3194 me
2891 3139 3063 3208 (Ps-al.
3097 3141 3170 3213 ι).
3214 3140 3458 3197 Terribili

1859 3234 2000 3302 apud
2026 3249 2168 3304 reges
2197 3244 2365 3288 terra'.
2398 3233 2463 3288 Et
2492 3233 2792 3290 secundum
2839 3233 3078 3288 litteram
3114 3235 3452 3308 intelligitur.

1859 3326 2128 3382 Caeterum
2161 3337 2384 3396 prteslel
2417 3325 2563 3381 Deus
2589 3326 2746 3381 nobis
2767 3368 2780 3391 ,
2817 3336 2873 3380 ut
2903 3343 3057 3399 teges
3082 3337 3236 3383 terra:
3261 3330 3451 3382 simus.

1861 3420 2026 3494 Reges
2069 3431 2224 3476 terra:
2244 3463 2258 3488 ,
2294 3432 2350 3474 ut
2380 3422 2706 3490 imperemus
2737 3421 2886 3476 carni
2938 3432 3160 3478 nostra).
3194 3420 3349 3478 Unde
3377 3421 3460 3476 di-

1860 3515 1928 3569 cit
1963 3520 2018 3567 ct
2046 3512 2342 3583 Apostolus
2373 3530 2382 3564 :
2429 3513 2545 3567 Non
2577 3523 2764 3584 regnet
2814 3523 3095 3584 precatum
3145 3513 3197 3568 in
3239 3513 3457 3569 mortali

1862 3616 2044 3662 vestro
2075 3623 2306 3675 corpore.
2338 3605 2514 3678 (Rom.
2552 3607 2649 3677 Vl).
2691 3607 2752 3660 lit
2788 3609 2838 3662 in
2889 3607 2995 3662 alio
3023 3609 3146 3663 loco
3190 3607 3454 3678 scriptum

1859 3707 1940 3752 est
1974 3718 1984 3750 :
2015 3697 2122 3753 Cor
2168 3699 2307 3769 regis
2367 3700 2417 3752 in
2474 3716 2632 3753 manu
2694 3699 2789 3754 Dei
2846 3699 3030 3769 (Prov.
3066 3697 3202 3770 χιι).
3254 3700 3454 3756 Juliani

1859 3793 2222 3864 persecutoris
2243 3808 2340 3848 eor
2361 3792 2416 3847 in
2449 3808 2608 3847 manu
2632 3792 2726 3848 Dei
2747 3793 2869 3847 fuit.
2892 3793 3021 3849 Saul
3042 3807 3138 3849 cor
3183 3793 3233 3847 in
3287 3809 3448 3848 tnanu

1861 3884 1954 3940 Dei
1985 3883 2107 3938 l'uit.
2151 3885 2394 3939 liiauasse
2421 3899 2518 3940 cor
2550 3886 2602 3940 in
2635 3900 2797 3940 manu
2843 3884 2935 3940 Dei
2965 3885 3092 3949 fuit,
3119 3892 3175 3940 et
3203 3885 3446 3940 omnium

1859 3978 2146 4046 impiorum
2203 3992 2392 4048 regum
2439 3975 2574 4031 Juda
2636 3978 2686 4032 in
2741 3993 2900 4030 manu
2952 3977 3159 4032 Domini
3209 3973 3448 4033 fuerunt.

1859 4069 2074 4125 Videtis
2097 4069 2353 4140 quoniam
2377 4068 2673 4124 secundum
2701 4069 2932 4124 litteram
2960 4078 3103 4125 stare
3125 4085 3232 4125 non
3252 4078 3453 4141 potest.

1857 4162 2036 4234 Reges
2062 4179 2193 4231 ergo
2222 4161 2394 4218 sancti
2423 4171 2584 4229 sunt,
2610 4171 2665 4217 ct
2703 4162 2928 4216 istorum
2955 4177 3051 4217 cor
3075 4162 3127 4218 in
3160 4178 3322 4218 manu
3355 4164 3458 4220 Do-

1857 4256 1989 4310 mini
2031 4263 2133 4310 est.
2167 4256 2231 4310 Et
2275 4271 2372 4311 nos
2420 4270 2550 4327 ergo
2580 4265 2829 4326 petamus
2864 4255 3064 4323 Deum,
3098 4265 3159 4311 ut
3183 4271 3339 4326 reges
3382 4258 3457 4312 si-

1860 4363 2013 4418 mus,
2066 4359 2125 4404 ut
2158 4348 2489 4419 imperemus
2529 4349 2676 4403 carni
2727 4357 2970 4415 nostra,
3005 4356 3064 4404 ut
3089 4348 3336 4419 subjecta
3387 4351 3460 4405 sit

1859 4442 2035 4500 nobis.
2069 4442 2222 4500 Unde
2251 4442 2388 4498 dicit
2415 4453 2466 4498 et
2497 4442 2784 4512 Apostolus
2819 4461 2828 4494 :
2864 4441 2989 4497 ldeo
3023 4442 3230 4512 castigo
3260 4458 3459 4514 corpus

1862 4553 2039 4591 meum
2061 4579 2075 4604 ,
2109 4546 2163 4592 et
2201 4536 2252 4591 in
2295 4535 2615 4591 servitutem
2645 4535 2862 4605 redigo,
2897 4552 2963 4590 ne
2997 4535 3134 4591 forte
3163 4536 3286 4592 aliis
3317 4552 3454 4606 prae-

1785 4619 1837 4680 D
1863 4629 2080 4696 dicatis,
2140 4630 2257 4699 ipse
2305 4627 2568 4698 reprobus
2617 4627 2825 4683 elﬁciar
2856 4628 2900 4699 (l
2939 4627 3059 4686 Cor.
3090 4631 3190 4701 rx).
3222 4629 3458 4700 Imperet

1863 4724 2044 4777 anima
2076 4731 2282 4784 nostra,
2321 4723 2521 4778 serviat
2548 4738 2778 4794 corpus,
2812 4732 2864 4779 et
2889 4724 3070 4778 statim
3097 4726 3278 4781 veniet
3304 4726 3458 4782 Chri-

1864 4824 2007 4881 stus,
2037 4823 2092 4869 et
2125 4814 2393 4870 habitabit
2427 4815 2476 4869 in
2512 4815 2689 4870 nobis.
2728 4816 2967 4886 Denique
3008 4817 3136 4889 quid
3169 4819 3302 4874 dicit
3339 4817 3457 4890 ipse

1864 4909 1917 4963 in
1951 4906 2280 4978 Evangelia?
2299 4905 2518 4962 Veniam
2539 4950 2552 4971 ,
2587 4907 2758 4978 inquit
2777 4949 2792 4974 ,
2824 4919 2880 4964 et
2904 4910 3059 4966 stabo
3085 4919 3212 4966 ante
3232 4915 3454 4978 ostium,

1863 5010 1917 5056 et
1954 5001 2181 5072 pulsabo
2216 5020 2227 5054 :
2267 5010 2322 5054 et
2357 5001 2400 5054 si
2431 5001 2552 5070 quis
2592 5002 2721 5056 mihi
2769 5004 3082 5072 aperuerit,
3129 5006 3370 5076 intrabo.
3403 5016 3459 5062 et

1867 5097 2096 5152 (cenabo
2125 5113 2244 5150 ('lllli
2271 5112 2337 5151 co
2357 5097 2542 5166 (Apoc.
2569 5095 2670 5167 nt).
2697 5095 2950 5164 Quotidie
2981 5107 3087 5153 stat
3107 5106 3233 5152 ante
3259 5099 3456 5155 ostium

1870 5190 2105 5261 peetoris
2146 5189 2316 5244 nostri
2357 5187 2638 5253 Christus,
2671 5189 2873 5245 intrare
2911 5190 3206 5247 desiderat.
3237 5192 3460 5261 Aperia-

1867 5298 1988 5337 mus
2042 5284 2121 5347 ci,
2157 5283 2492 5353 ingredietur
2524 5282 2575 5336 iu
2610 5297 2739 5347 nos,
2773 5292 2828 5336 et
2861 5283 3058 5352 hospes
3105 5292 3290 5339 noster
3330 5285 3454 5350 erit,

1864 5385 1919 5432 et
1949 5375 2206 5442 conviva,
2242 5377 2343 5431 hoc
2375 5385 2488 5440 est,
2531 5386 2580 5431 et
2617 5376 2896 5431 nobiscum
2925 5375 3178 5434 comedet.
3211 5395 3222 5431 :
3258 5379 3342 5435 cui
3373 5389 3460 5436 est

1859 5470 2031 5542 gloria
2073 5472 2126 5526 in
2159 5470 2354 5525 szecula
2381 5469 2724 5525 seculorum.
2759 5472 2954 5525 Amen.

2364 5614 2678 5672 PSALMUS
2719 5613 2954 5669 LXXVI.
2999 5623 3022 5648 ⁸

1869 5775 1932 5832 In
1958 5779 2135 5848 finem,
2165 5792 2279 5848 pro
2322 5773 2559 5830 [dit/nm.
2615 5771 2852 5848 (fallimus
2898 5771 3091 5843 Asaplt.
3129 5772 3185 5830 In
3229 5774 3455 5848 Hebraeo

1942 5845 2027 5918 per
2087 5847 2304 5901 [dit/itm
2353 5862 2368 5897 :
2413 5854 2462 5897 ttt
2522 5845 2785 5914 stgttilicet
2817 5860 2920 5897 non
2954 5860 3046 5913 pro
3091 5860 3188 5913 eo,
3234 5845 3329 5912 sed
3366 5864 3458 5919 per
