3954 6340
516 293 657 353 103')

1306 288 1653 347 APPENDIX
1694 289 1786 346 AD
1825 286 2070 346 TOMUM
2112 283 2465 344 SEPTIMUM
2505 283 2565 342 S.
2608 280 3014 341 ΙΙΙΕΙΚΟΝῨΜΙ.

3665 272 3775 334 ltili)

590 420 713 461 cum
757 403 1024 473 psalmum
1069 403 1236 459 fuisse
1278 412 1577 458 cantatum.
1619 403 1773 472 Quod
1815 412 1994 459 autent
2026 418 2112 458 se-
2140 402 2191 465 Α
2217 402 2548 457 conturbatus
2567 419 2698 456 sum.
2729 397 3078 458 Consideravi
3099 392 3567 452 mansuetudinem
3598 389 3773 462 ipsius:

588 477 773 545 quitur
804 474 980 548 Asaph
1006 477 1238 545 psalmus
1258 515 1273 541 ,
1314 475 1366 530 in
1399 476 1678 531 veteribus
1704 474 2114 546 exemplaribus

593 566 698 603 non
730 548 985 603 habetur.

593 566 698 604 non
732 556 985 603 habetur.

601 661 734 715 l'oce
787 676 900 715 mea
936 658 1004 713 ad
1059 657 1335 713 Dominum
1390 656 1607 712 clamavi
1657 674 1674 712 :
1722 672 1840 711 voce
1889 673 2000 711 mea
2046 656 2115 709 ml

520 753 719 823 Demn,
748 762 795 808 ct
815 751 1034 807 intendit
1062 751 1207 806 milii.
1233 750 1302 805 In
1325 750 1408 805 die
1435 749 1783 805 tribulationis
1806 765 1928 804 mea:
1950 746 2117 804 Deum

517 846 788 917 exquisivi.
834 844 1028 900 Videte
1074 843 1347 913 quomodo
1395 843 1448 899 in
1500 842 1844 900 tribulatione
1894 852 2007 910 cst,
2063 852 2120 898 et

518 940 808 995 Dominum
838 948 892 995 et
935 938 1100 994 Deum
1132 937 1476 1010 deprecatur,
1507 945 1563 993 ct
1598 946 1776 993 tamen
1809 954 1945 993 unus
1977 937 2119 994 Deus

522 1044 626 1090 cst.
658 1032 795 1089 Voce
823 1049 934 1088 inca
962 1032 1031 1087 ad
1059 1031 1341 1088 Dominum
1363 1031 1601 1087 clamari.
1626 1032 1874 1090 Clamare
1893 1048 1959 1089 eo
1986 1042 2121 1090 lem-

522 1143 653 1197 porc
685 1125 1053 1183 necessarium
1077 1135 1159 1182 est
1184 1143 1197 1180 :
1234 1126 1451 1198 quando
1480 1126 1638 1198 longe
1668 1136 1750 1182 est
1776 1127 1867 1183 ille
1893 1126 1983 1198 qui
2012 1127 2122 1182 cla-

523 1228 654 1275 mat.
679 1219 826 1293 Ergo
853 1220 956 1275 iste
981 1219 1124 1291 quod
1150 1217 1283 1275 dicit
1311 1238 1322 1273 :
1357 1220 1458 1275 hoc
1488 1230 1594 1287 est,
1619 1220 1869 1292 quoniam
1899 1230 2122 1295 propter

520 1322 742 1385 peccata
786 1328 905 1370 mea
950 1314 1110 1385 longe
1158 1330 1278 1370 sum
1308 1330 1338 1370 a
1372 1324 1467 1370 te:
1515 1324 1803 1387 proliterea
1847 1314 2025 1372 clamo
2066 1324 2125 1372 ut

520 1422 611 1463 me
640 1405 921 1462 exaudias.
964 1405 1101 1461 Voce
1131 1406 1200 1459 ad
1248 1405 1564 1474 Dominum,
1613 1416 1661 1461 ct
1716 1407 1935 1462 intendit
1970 1408 2120 1465 mihi.

521 1498 700 1571 Ipsum
730 1509 818 1556 est
860 1498 1005 1570 quod
1046 1499 1182 1555 dicit
1212 1509 1266 1555 et
1294 1499 1348 1555 in
1376 1501 1484 1556 alio
1507 1501 1631 1557 loco
1677 1517 1691 1555 :
1724 1500 1807 1557 Ad
1835 1500 2121 1558 Dominum

519 1610 645 1648 cum
698 1591 996 1649 tribularer
1040 1592 1313 1660 clamavi,
1369 1603 1425 1650 et
1463 1592 1739 1650 exaudivit
1797 1610 1886 1651 me
1925 1593 2120 1666 (Psal.

517 1685 692 1757 cstx).

2217 493 2557 552 consideravi
2619 494 2904 565 pietatem,
2966 489 3304 548 considerari
3361 485 3698 550 munditiam,
3737 493 3778 540 ct

2217 589 2410 646 videns
2464 591 2726 661 mcipsum
2796 587 3179 653 immundum,
3252 583 3608 641 vehementer
3669 593 3777 634 cou-

2221 681 2496 738 turbabar.
2532 681 2861 737 Eaercitutus
2905 697 3020 737 sum
3041 725 3055 749 ,
3102 687 3148 735 et
3178 677 3363 749 defecit
3391 674 3603 745 spiritus
3644 687 3778 727 meus.

2219 775 2277 832 lu
2311 775 2540 833 Hebran
2566 776 2763 832 melius
2789 774 2989 831 habet:
3023 771 3296 843 Loquebar
3325 771 3377 824 in
3418 766 3719 837 memetipso,
3744 776 3777 819 et

2221 866 2406 939 defecit
2428 867 2643 938 spiritus
2673 882 2815 922 meus
2843 882 2862 921 :
2891 866 3011 922 sive
3056 863 3469 936 desperatione,
3509 857 3624 915 sive
3663 857 3781 913 desio

2222 961 2376 1018 derio
2402 961 2520 1018 Dei.

2293 1053 2719 1127 Auticipaverunt
2756 1050 2957 1127 vigilias
2981 1052 3119 1106 oculi
3149 1050 3267 1107 mei.
3300 1048 3356 1105 In
3389 1046 3618 1104 Hebraeo
3654 1044 3783 1101 aliter

2224 1147 2432 1203 habet:
2480 1146 2824 1202 Prolu'bcbam
2877 1153 3177 1215 suspectum
3237 1141 3508 1196 oculorum
3558 1153 3783 1204 meorum,

2223 1238 2619 1312 constupebam,
2666 1249 2716 1294 et
2743 1256 2847 1294 non
2872 1237 3140 1310 loquebar.
3188 1233 3344 1303 Quod
3374 1231 3508 1288 dicit
3548 1232 3648 1286 hoc
3687 1238 3783 1285 est:

2222 1330 2589 1388 Cousiderans
2615 1340 2835 1402 peccata
2867 1344 3018 1396 mea,
3053 1328 3246 1385 oculos
3273 1326 3340 1381 ad
3369 1325 3568 1381 cretum
3610 1323 3787 1395 erigere

2228 1439 2336 1481 non
2370 1425 2634 1480 audebam
2671 1440 2683 1477 :
2728 1412 2997 1495 peccatori
3026 1420 3171 1477 enim
3215 1419 3347 1475 dicit
3376 1418 3560 1474 Deus:
3595 1422 3650 1470 ut
3688 1415 3789 1483 quid

2227 1526 2284 1573 tu
2322 1533 2547 1574 enarras
2581 1516 2817 1588 justitias
2861 1531 3012 1573 meas
3060 1512 3237 1588 (Psal.
3287 1510 3473 1585 sus)?
3523 1510 3790 1581 Propterea

2226 1610 2538 1679 stupebam,
2580 1608 2859 1676 timebam,
2889 1607 3036 1677 loqui
3081 1622 3190 1663 non
3231 1614 3503 1677 poteram.
3533 1603 3642 1659 Hoc
3663 1602 3791 1673 juxta

2227 1701 2509 1759 llebrazos.
2565 1701 2987 1774 Anticipuverunt
3058 1699 3262 1772 vigilias
3316 1697 3453 1752 oculi
3496 1695 3593 1752 mei
3632 1711 3651 1750 :
3703 1694 3792 1751 Au-

594 1778 661 1833 ]n
711 1780 796 1833 die
826 1778 1177 1834 tribulationis
1227 1794 1379 1850 ntere,
1411 1780 1579 1834 Deum
1608 1781 1883 1853 exquisivi.
1918 1780 2122 1836 Diftici-
2156 1805 2207 1867 Β
2234 1807 2449 1869 mquam
2493 1796 2692 1868 aliquis
2739 1796 3027 1868 vigilaret;
3069 1809 3170 1867 ρεο
3214 1792 3524 1865 visitabam.
3577 1788 3796 1861 Legimus

521 1870 627 1927 lem
674 1887 787 1927 rem
816 1871 948 1927 dicit
990 1887 1006 1929 :
1038 1869 1148 1926 Nos
1176 1871 1393 1943 quando
1441 1872 1787 1938 tribulamur,
1824 1873 1874 1928 iu
1923 1881 2124 1930 terram

520 1962 839 2033 dejicimur:
864 1962 1001 2018 nihil
1023 1962 1168 2017 aliud
1196 1963 1297 2018 nisi
1325 1963 1391 2019 de
1413 1963 1774 2021 tribulatione
1795 1966 2119 2037 cogitamus.

525 2052 634 2110 Iste
662 2069 792 2112 vero
818 2054 871 2110 in
905 2054 1256 2112 tribulatione
1282 2066 1657 2113 commovetur
1687 2076 1700 2111 :
1728 2066 1786 2112 ut
1814 2057 1983 2113 Deum
2029 2059 2124 2114 de-

520 2154 799 2217 precetur.
827 2148 905 2202 Ae
934 2147 981 2201 si
1004 2155 1189 2218 aperte
1213 2147 1379 2213 dicat,
1405 2146 1602 2203 Filium
1628 2149 1839 2220 perdidi
1864 2168 1878 2203 :
1904 2151 2124 2207 incensa

525 2238 834 2297 estdomus
875 2254 1029 2306 mea,
1062 2238 1128 2295 ad
1161 2239 1568 2296 mendicitatem
1599 2241 1721 2296 veni
1748 2260 1761 2296 :
1798 2258 1904 2298 nou
1936 2257 2124 2314 quiero

528 2332 663 2389 illud
708 2330 854 2404 quod
889 2329 1130 2401 perdidi,
1183 2330 1278 2387 sed
1326 2331 1613 2389 Dominum
1654 2349 1860 2405 qua‘ro.
1892 2334 1948 2392 Si
1979 2335 2126 2391 enim

522 2424 689 2480 istum
720 2424 986 2481 invenero
1008 2464 1024 2491 ,
1054 2424 1105 2478 in
1139 2423 1245 2481 isto
1270 2424 1488 2481 invenio
1516 2428 1716 2484 omnia.
1746 2428 1985 2497 Quaerite
2016 2429 2127 2498 pri-

528 2532 677 2572 mmn
723 2531 953 2589 regnum
982 2516 1114 2585 Dei,
1140 2527 1193 2573 et
1226 2517 1344 2574 haec
1373 2519 1556 2574 omnia
1591 2532 1941 2592 apponcntur
1970 2522 2126 2578 vobis

527 2610 746 2683 (Matth.
775 2612 874 2685 vi).
911 2610 1155 2667 Manibus
1184 2612 1309 2666 meis
1337 2621 1484 2667 nocte
1522 2625 1704 2669 contra
1743 2632 1902 2671 cunt:
1935 2626 1981 2669 et
2022 2633 2125 2671 non

524 2720 639 2759 sum
693 2704 956 2774 deceptus.
994 2704 1049 2760 In
1099 2704 1326 2762 llebra'o
1353 2706 1511 2763 aliter
1539 2707 1700 2764 habet
1729 2728 1741 2761 :
1774 2707 1966 2764 Manus
2010 2725 2125 2764 mea

525 2805 672 2851 nocte
701 2797 1015 2865 extenditur,
1044 2806 1093 2851 et
1132 2814 1232 2854 non
1258 2799 1493 2869 quiescit.
1535 2799 1777 2855 Manibus
1802 2801 1928 2856 mcis
1976 2813 2124 2858 nocte

529 2899 711 2942 contra
760 2904 897 2943 eum.
927 2887 1280 2958 Subauditur,
1314 2892 1566 2948 clamavi.
1598 2891 1788 2948 Videte
1816 2909 1946 2964 ergo
1973 2894 2121 2966 quod

532 2994 584 3037 ct
618 2997 784 3053 opera
818 2992 1033 3051 nostra,
1076 2985 1235 3042 nobis
1266 2988 1608 3057 tacentibus,
1640 2988 1871 3044 clamant
1905 2989 1971 3045 ad
2016 2990 2125 3046 Do-

531 3076 739 3132 minum
766 3095 781 3134 :
810 3086 1096 3149 prepterea
1128 3078 1329 3137 dicitur
1359 3097 1372 3134 :
1405 3079 1629 3136 Factmn
1661 3089 1746 3139 est
1767 3082 1993 3139 ver-bum
2016 3083 2123 3139 Do-

2235 1899 2286 1947 et
2321 1890 2374 1963 in
2420 1890 2645 1947 Daniele
2672 1889 2830 1963 (Cap.
2865 1888 2944 1962 x).
2978 1889 3043 1945 Et
3073 1903 3237 1956 ecce,
3268 1888 3473 1960 inquit,
3511 1885 3577 1951 ir,
3627 1884 3792 1952 idest,

2238 1984 2389 2056 vigil.
2424 1983 2539 2040 Non
2585 1983 2898 2040 dormitavit
2946 1997 3119 2054 neque
3156 1979 3546 2048 dormiet,qui
3594 1977 3799 2035 custodit

2227 2076 2415 2133 Israel.
2447 2075 2592 2149 Ergo
2622 2075 2920 2132 monachus
2958 2076 3049 2148 qui
3082 2091 3187 2131 non
3215 2074 3398 2144 vigilat
3425 2072 3569 2129 hunc
3606 2086 3794 2129 versum

2230 2187 2337 2227 non
2362 2179 2542 2242 potest
2570 2171 2776 2228 dicere.

2304 2263 2565 2320 Turbatus
2590 2280 2727 2332 sum,
2760 2274 2809 2318 et
2838 2280 2940 2319 non
2984 2280 3098 2318 sum
3130 2262 3355 2318 locutus.
3387 2260 3501 2319 Hoc
3537 2269 3640 2328 est,
3678 2258 3796 2330 quod

2227 2358 2361 2417 dicit
2384 2358 2681 2430 Apostolus
2715 2374 2729 2413 :
2762 2358 2855 2415 Sol
2890 2372 2997 2415 non
3045 2356 3258 2415 occidat
3301 2372 3469 2429 super
3498 2355 3797 2412 iracundiam

2228 2461 2464 2509 vestram
2503 2451 2723 2525 (Ep/tes.
2776 2453 2876 2519 tv).
2915 2450 3171 2505 Turbatus
3216 2466 3356 2519 sum,
3409 2450 3561 2520 quasi
3614 2447 3795 2503 homo:

2230 2564 2332 2602 non
2366 2564 2481 2602 sum
2509 2545 2735 2615 locutus,
2775 2545 2927 2616 quasi
2953 2543 3323 2601 Christianus.
3354 2543 3638 2601 Iracundia
3661 2542 3801 2614 erepit

2229 2639 2282 2695 in
2309 2639 2476 2695 corde
2500 2654 2659 2707 meo;
2689 2637 2784 2695 sed
2816 2638 3153 2695 iracundiam
3184 2637 3241 2693 in
3272 2636 3436 2693 verba
3463 2652 3571 2693 non
3603 2635 3797 2708 protuli.

2300 2732 2536 2804 Cogitavi
2574 2731 2686 2787 dies
2734 2732 2997 2803 antiquos,
3032 2741 3079 2787 et
3119 2748 3283 2787 annos
3318 2742 3540 2787 ceternos
3574 2731 3629 2784 in
3662 2738 3801 2784 mente

2229 2826 2407 2882 habui.
2429 2825 2702 2894 Quantum
2733 2841 2832 2896 pro
2860 2824 3096 2897 peccatis
3129 2825 3268 2881 meis
3288 2834 3395 2891 est,
3421 2821 3797 2895 desperabam:

2228 2930 2284 2977 et
2310 2930 2563 2978 renuerat
2599 2920 2873 2976 consolari
2909 2919 3091 2976 anima
3125 2934 3270 2976 mea.
3307 2917 3462 2989 ϐαδνί
3490 2916 3720 2990 cogitare
3743 2914 3801 2969 ab

2230 3014 2387 3070 initio
2418 2995 2633 3079 mundi,
2661 3014 2876 3084 quando
2902 3012 3177 3072 hominem
3208 3011 3339 3069 fecit
3366 3012 3531 3077 Deus,
3563 3025 3723 3082 usque
3744 3008 3800 3063 ad

2228 3122 2428 3162 annmn
2458 3122 2637 3162 meum
2672 3122 2690 3165 :
2722 3106 2795 3160 ab
2824 3106 2994 3163 Adam
3032 3122 3204 3177 usque
3233 3105 3303 3162 ad
3331 3115 3550 3176 tempus
3583 3118 3768 3160 meum.

537 3168 669 3224 mini
709 3169 763 3224 in
800 3184 963 3226 manu
993 3170 1164 3243 Aggei
1209 3173 1486 3243 pr0plieue
1518 3173 1706 3244 (Aggei
1732 3173 1798 3246 ι).
1834 3174 1951 3230 Non
1982 3175 2032 3231 ei
2065 3178 2121 3231 tit

2298 3197 2584 3254 Meditatus
2625 3215 2736 3253 sum
2782 3207 2929 3254 nocte
2966 3216 3087 3255 cum
3115 3199 3270 3254 corde
3315 3214 3454 3266 meo,
3484 3206 3529 3253 et
3558 3196 3799 3270 πορεῦσαι

539 3268 590 3323 in
632 3280 759 3334 ore,
793 3264 897 3320 hoc
922 3274 1040 3334 est,
1072 3267 1124 3321 in
1154 3280 1442 3335 sermone,
1473 3268 1570 3324 sed
1599 3270 1651 3323 in
1678 3285 1837 3325 manu
1862 3312 1876 3337 ,
1911 3270 2013 3326 hoc
2039 3279 2124 3327 est

536 3358 590 3412 in
636 3372 822 3429 opere.
875 3355 1122 3413 Manibus
1151 3361 1278 3415 meis
1308 3370 1501 3417 nocte:
1549 3361 1655 3419 hoc
1697 3373 1817 3431 est,
1853 3365 2118 3434 clamavi,

529 3449 782 3505 manibus
806 3448 1056 3506 clamavi.
1088 3450 1383 3523 Propterea
1435 3452 1636 3510 dicitur
1676 3464 1731 3512 et
1759 3456 1825 3511 ad
1856 3457 2078 3527 Moysen
2107 3478 2121 3514 :

530 3539 671 3610 Quid
722 3541 928 3597 clamas
974 3542 1042 3599 ad
1072 3544 1194 3600 me?
1224 3544 1290 3600 Et
1319 3555 1470 3603 certe
1497 3562 1604 3603 non
1634 3558 1718 3605 est
1757 3551 2016 3622 scriptum
2049 3552 2123 3609 ibi

529 3635 656 3705 quia
684 3633 947 3692 clamaret
990 3636 1205 3710 Moyses
1234 3639 1299 3694 ad
1332 3640 1533 3709 Deum,
1586 3642 1682 3698 sed
1725 3646 1978 3715 quoniam
2030 3661 2125 3702 cor

526 3727 698 3797 ipsius
723 3727 1039 3785 clamabat:
1070 3729 1224 3787 Abba
1245 3774 1259 3799 ,
1287 3732 1448 3787 Pater
1479 3731 1678 3805 (Exod.
1717 3740 1853 3807 λιν).
1883 3737 2014 3794 Inde
2042 3748 2129 3794 est

528 3818 675 3889 quod
727 3818 926 3877 dicitur
966 3822 1021 3877 in
1073 3822 1308 3879 Jeremia
1362 3843 1373 3877 :
1407 3825 1528 3882 Non
1548 3826 1706 3883 .siluit
1748 3831 1951 3901 pupilla
1982 3831 2126 3888 oculi

530 3909 638 3966 mei
668 3907 887 3983 (Tltreu.
922 3910 1008 3985 ll).
1060 3912 1252 3970 Videte
1277 3930 1405 3984 ergo
1453 3917 1597 3988 quod
1629 3929 1683 3974 et
1733 3921 1940 3992 pupilla
1982 3924 2125 3978 oculi

526 4003 702 4059 nostri
730 4018 838 4059 non
861 4014 1039 4074 tacet,
1072 4005 1166 4062 sed
1190 4006 1680 4082 quotienscumque
1701 4009 1975 4085 lacryuias
1994 4030 2123 4085 pro.

534 4096 759 4152 ferimus
782 4140 795 4165 ,
829 4098 1030 4155 totiens
1054 4099 1351 4157 clamamus
1378 4101 1445 4157 ad
1491 4101 1659 4158 Deum
1681 4145 1695 4170 ,
1731 4102 1973 4161 Manibus
2004 4107 2127 4162 meis

532 4200 683 4245 nocte
733 4201 914 4244 contra
944 4188 1157 4246 Deum:
1189 4191 1246 4247 Id
1270 4201 1386 4262 est,
1417 4193 1560 4263 quod
1590 4194 1786 4251 dicitur
1818 4213 1832 4251 :
1866 4196 1922 4252 lu
1950 4200 2127 4255 nocti-

531 4280 631 4335 bus
662 4282 908 4339 extollite
938 4298 1130 4341 manus
1158 4294 1372 4340 vestras
1412 4286 1467 4341 in
1493 4294 1711 4357 sancta,
1745 4298 1798 4344 et
1823 4290 2128 4349 benedicitc

528 4373 820 4432 Dominum
855 4375 1033 4446 (Psal.
1065 4378 1315 4452 cxxxur).
1356 4380 1415 4437 In
1458 4390 1615 4438 nocte
1645 4382 1800 4438 istius
1825 4386 2040 4453 surculi,
2073 4398 2129 4443 et

530 4468 590 4522 in
626 4470 869 4526 tenebris
891 4486 1012 4527 cum
1046 4472 1136 4528 alii
1163 4473 1232 4528 ad
1262 4474 1388 4529 vitia
1420 4487 1811 4546 properarent,
1839 4494 1940 4551 ego
1961 4496 2125 4552 opera

528 4574 649 4615 mea
705 4560 772 4616 ad
827 4571 879 4619 te
934 4563 1111 4620 solum
1141 4565 1315 4624 levab:

2227 3292 2470 3362 spiritum
2511 3308 2684 3348 meum
2718 3309 2736 3346 :
2758 3290 2878 3348 Non
2909 3293 3218 3364 cogitabam
3265 3292 3336 3349 de
3383 3291 3680 3358 iracundia,
3707 3304 3799 3344 non

2224 3385 2531 3457 cogitabam
2561 3385 2630 3441 de
2660 3384 2883 3441 inimico
2928 3400 3085 3452 meo;
3133 3385 3230 3442 sed
3261 3393 3375 3441 tota
3415 3400 3537 3442 mea
3574 3381 3799 3455 cogitatio

2226 3478 2294 3534 de
2323 3478 2604 3534 Deo‘erat.
2645 3477 2763 3533 Nox
2793 3493 2913 3547 quae
2943 3476 3085 3533 solet
3113 3492 3260 3544 esse,
3313 3476 3402 3533 vel
3433 3475 3500 3532 ad
3551 3476 3795 3547 quietem,

2227 3573 2315 3627 vel
2355 3571 2421 3627 ad
2452 3571 2734 3629 libidinem
2759 3588 2775 3629 :
2805 3569 2939 3627 mihi
2968 3579 3089 3627 erat
3127 3569 3388 3644 cogitatio
3416 3569 3486 3627 de
3511 3568 3797 3625 virtutibus.

2229 3664 2517 3720 Meditatus
2543 3681 2657 3720 sum
2679 3674 2826 3720 nocte
2847 3681 2964 3719 cum
2989 3664 3145 3719 corde
3182 3679 3317 3733 meo,
3350 3672 3401 3718 et
3424 3661 3687 3735 scopebam
3708 3656 3799 3729 spi-

2226 3757 2385 3811 ritum
2407 3773 2576 3812 meum
2608 3773 2628 3812 :
2658 3756 2764 3813 hoc
2788 3767 2893 3823 est,
2918 3756 3190 3812 fodiebant
3220 3754 3376 3828 quasi
3407 3770 3621 3827 agrum,
3667 3761 3721 3809 ut
3742 3748 3800 3805 ibi

2228 3850 2501 3907 mitterem
2532 3867 2720 3907 semen
2746 3850 3123 3907 doctrinarum
3158 3850 3398 3907 Domini.

2303 3945 2574 4017 Numquid
2594 3947 2648 4000 in
2670 3956 2918 4002 internum
2944 3947 3182 4020 projiciet
3214 3945 3389 4002 Deus?
3419 3945 3545 4002 Haec
3575 3953 3688 4002 erat
3707 3952 3802 3999 tota

2227 4038 2482 4111 cogitatio
2509 4054 2630 4095 mea
2662 4055 2678 4096 :
2707 4039 2853 4096 Deus
2873 4039 3148 4097 hominem
3176 4039 3310 4096 fecit
3334 4039 3403 4098 de
3431 4046 3595 4111 terra,
3621 4047 3673 4095 et
3692 4050 3803 4109 pro-

2229 4132 2377 4186 misit
2408 4130 2459 4186 ei
2484 4131 2647 4186 vitam
2673 4141 2933 4188 aeternam
2964 4149 2980 4189 :
3010 4132 3284 4205 quomodo
3311 4147 3443 4204 ergo
3478 4133 3546 4189 de
3575 4130 3806 4201 paradiso

2230 4221 2445 4293 ejectus
2466 4223 2584 4279 est?
2610 4223 2678 4278 Et
2705 4240 2810 4279 non
2835 4224 3051 4298 adjiciet
3079 4225 3150 4293 ei,
3183 4233 3240 4279 ut
3271 4224 3473 4299 placeat
3497 4224 3684 4280 adhuc.
3711 4222 3802 4277 Aut

2228 4316 2283 4369 in
2302 4315 2461 4385 ﬁnem
2490 4316 2904 4372 misericordiam
2926 4335 3078 4373 suam
3108 4317 3335 4375 abscidet
3360 4337 3395 4373 a
3421 4320 3739 4392 generatione
3757 4317 3804 4370 in

2229 4408 2652 4478 generationem?
2680 4407 2795 4465 Hoc
2814 4417 2917 4479 est,
2950 4421 3234 4483 utramque
3259 4412 3669 4484 generationem
3694 4423 3805 4481 pro-

2223 4498 2398 4569 jiciet,
2423 4495 2708 4571 et'prioris
2729 4502 2911 4573 p0puli
2946 4520 2961 4559 :
2986 4512 3042 4559 et
3066 4505 3384 4576 sequentis?
3412 4505 3483 4562 Et
3508 4504 3552 4562 si
3581 4504 3807 4577 projece-

1316 4582 1408 4622 rm.
1443 4565 1512 4623 Et
1538 4586 1640 4623 non
1683 4588 1798 4625 sum
1838 4570 2080 4646 deceptus
2104 4593 2122 4630 :

2235 4565 2313 4648 rat
2345 4565 2660 4650 Iudaeorum
2694 4565 2953 4667 populum
2988 4612 3004 4652 :
3033 4565 3303 4669 Numquid
3330 4607 3386 4655 et
3422 4565 3808 4671 gentium-pro-

529 4656 800 4723 Quoniam
850 4659 929 4716 sic
979 4661 1209 4718 clamavi
1257 4675 1308 4719 et
1340 4680 1507 4738 opere
1536 4666 1789 4724 clamavi.
1834 4669 1959 4726 Non
2009 4656 2183 4728 sum-
2222 4683 2413 4755 jiciei?

525 4749 789 4822 deceptus.
825 4751 1125 4823 Dupliciter
1147 4755 1493 4829 intelligitur.
1527 4757 1975 4818 Autconsccutus
2004 4779 2122 4821 sum

526 4845 672 4917 quod
706 4846 954 4903 volebam
974 4894 989 4919 ,
1019 4858 1112 4905 aut
1138 4860 1291 4907 certe
1330 4869 1436 4908 non
1465 4870 1584 4909 sum
1612 4854 1873 4928 deceptus
1901 4858 1969 4915 ab
1995 4859 2127 4916 insi-

524 4938 630 4994 diis
671 4938 908 5006 diaboli,
956 4940 1047 5012 qui
1095 4957 1182 4998 me
1210 4941 1603 5003 circumvenire
1632 4947 1902 5020 cupiebat.
1928 4950 1984 5006 lu
2018 4950 2124 5009 lle-

524 5031 676 5089 brtco
701 5047 883 5089 autem
913 5035 1176 5107 scriptum
1204 5046 1285 5093 est
1312 5056 1323 5091 :
1346 5037 1535 5097 Manus
1558 5059 1668 5097 mea
1698 5042 1751 5099 in
1772 5056 1920 5100 nocte
1944 5044 2123 5104 exten-

526 5126 693 5194 ditur,
722 5137 769 5181 et
800 5144 906 5184 non
933 5128 1173 5202 quiescit.
1198 5129 1429 5204 Semper
1457 5135 1774 5191 extenditur
1800 5153 1992 5196 manus
2015 5139 2123 5197 vir-

522 5218 763 5286 tutibus,
796 5235 1186 5295 nonnunquam
1217 5225 1454 5295 peccatis
1483 5228 1853 5287 contrahitur.

594 5310 788 5367 [ienuit
816 5313 1079 5371 consolari
1122 5317 1296 5373 anima
1337 5336 1469 5377 mea.
1502 5322 1776 5391 Quantum
1801 5326 1853 5382 in
1884 5330 2123 5399 peccatis

520 5404 663 5458 meis
702 5412 815 5477 est,
858 5421 957 5478 spe
1006 5423 1094 5465 me
1125 5410 1275 5466 nulla
1306 5421 1555 5483 poteram
1598 5418 1891 5475 consolari.
1920 5421 2122 5479 Memor

521 5494 601 5567 fui
634 5494 758 5567 Dei,
789 5506 838 5552 et
867 5498 1154 5557 delectatus
1174 5519 1309 5559 sum.
1341 5504 1612 5572 Quantum
1641 5507 1693 5564 in
1718 5515 1957 5580 peccatis
1985 5516 2121 5573 meis

519 5587 623 5644 fuit
656 5609 667 5643 :
702 5592 903 5648 nullam
949 5596 1195 5653 invenire
1226 5598 1372 5668 potui
1402 5600 1855 5663 consolationem.
1884 5607 2119 5667 Rursum

520 5681 759 5753 cogitavi
786 5685 855 5743 de
877 5686 1020 5755 Deo,
1062 5697 1117 5745 et
1146 5689 1200 5745 in
1232 5691 1601 5750 misericordia
1627 5695 1799 5767 ipsius
1822 5698 2119 5760 delectatus

519 5789 665 5833 sum.
713 5774 770 5831 In
805 5777 1071 5836 Hebraico
1112 5781 1273 5838 aliter
1302 5781 1463 5840 habet
1507 5803 1518 5839 :
1563 5784 1765 5844 Memor
1789 5791 1870 5862 [ui
1907 5790 2039 5866 Dei,
2070 5805 2118 5851 et

2308 4781 2410 4834 Aut
2466 4782 2743 4838 continebit
2802 4784 2858 4839 in
2923 4785 3004 4841 ira
3069 4787 3451 4844 misericordias
3512 4805 3649 4867 suos.
3702 4783 3805 4841 Non

2227 4874 2404 4945 potuit
2459 4876 2738 4947 pulchrius
2784 4878 3014 4938 dicere:
3055 4881 3303 4952 quamvis
3371 4899 3435 4940 se
3500 4891 3700 4950 teneat,
3757 4887 3808 4933 ut

2227 4980 2333 5021 non
2391 4966 2711 5024 misereatur
2750 4986 2765 5027 :
2817 4977 2995 5028 tamen
3044 4972 3209 5029 vincit
3249 4973 3403 5030 illum
3452 4970 3806 5032 misericordia

2224 5072 2343 5114 sua.

2297 5151 2367 5207 Et
2413 5153 2547 5224 dixi,
2577 5172 2713 5211 nunc
2742 5159 2892 5232 ccepi.
2937 5159 2994 5215 In
3044 5161 3275 5218 ﬂebraro
3313 5162 3475 5220 aliter
3502 5162 3664 5220 habet
3696 5180 3709 5217 :
3749 5158 3805 5215 Et

2226 5245 2360 5313 dixi,
2391 5247 2717 5307 imbecillitas
2741 5269 2855 5307 mea
2882 5270 2901 5310 :
2931 5254 2984 5311 id
3010 5264 3118 5323 est,
3162 5255 3263 5313 hoc
3311 5258 3455 5330 quod
3486 5260 3685 5331 patior,
3712 5272 3807 5314 non

2226 5350 2312 5397 est
2338 5341 2406 5398 de
2434 5343 2758 5402 crudelitate
2787 5346 2911 5414 Dei;
2959 5349 3058 5405 sed
3113 5351 3183 5407 de
3214 5353 3453 5422 peccatis
3501 5352 3661 5410 meis.
3694 5349 3808 5405 Ηεεε

2226 5434 2447 5489 mutatio
2494 5435 2721 5494 dexteris
2750 5436 2966 5496 Excelsi
3008 5458 3028 5498 :
3060 5441 3129 5499 Ut
3159 5442 3421 5503 Dominus
3470 5446 3807 5510 misereatur.

2229 5534 2288 5582 ut
2316 5526 2407 5583 det
2430 5530 2662 5600 gratiam
2698 5546 2849 5588 suam
2896 5534 3153 5594 universo
3191 5540 3436 5611 mundo;
3463 5550 3518 5598 ut
3545 5556 3656 5598 non
3684 5540 3807 5597 reti-

2227 5628 2355 5675 neat
2381 5620 2432 5675 in
2464 5621 2545 5677 ira
2572 5638 2667 5680 sua
2694 5625 3103 5686 misericordias
3122 5646 3271 5688 suas.
3296 5631 3429 5690 Hinc
3455 5635 3673 5690 mutatio
3696 5634 3810 5688 des-

2226 5718 2352 5768 terw
2378 5711 2589 5770 Επεείδὶ
2620 5716 2777 5775 :Nisi
2800 5720 3026 5778 dextera
3057 5722 3210 5795 ejus,
3242 5725 3349 5784 hoc
3376 5734 3478 5796 est,
3502 5726 3675 5784 Filius
3705 5727 3807 5798 ejus

2228 5813 2466 5864 mutatus
2495 5807 2679 5879 fuerit,
2704 5819 2761 5870 et
2780 5811 3018 5873 hominis
3039 5830 3240 5890 corpus
3263 5822 3569 5894 acceperit:
3597 5838 3699 5881 nos
3719 5821 3806 5879 mi-
