3954 6340
221 336 327 394 lilii

1100 326 1527 386 DREVIARIUM
1570 326 1635 385 IN
1676 326 2011 386 PSALMOS.
2052 323 2302 386 PSALSI.
2346 322 2579 382 LXXVI.

3334 321 3476 380 1042.

215 445 530 507 sericordiam
577 443 825 515 accipere
856 457 961 499 non
995 457 1306 517 possumus.
1356 441 1422 497 Et
1459 442 1594 510 dixi,
1639 459 1774 498 nunc
1799 446 1854 509 Λ
1953 441 2254 499 Illuaerunt
2294 441 2683 497 eoruscationes
2716 450 2820 496 tua:
2850 439 2960 496 orbi
2998 449 3169 497 terra.
3203 440 3300 497 llic
3341 438 3475 510 quid

213 543 344 614 capi,
368 539 470 595 lucc
492 539 707 594 mutatio
732 538 955 594 dexteris
976 537 1205 593 Excelst'.
1235 537 1337 606 Qui
1369 553 1493 593 cum
1518 537 1571 592 in
1599 536 1773 593 forma

212 638 296 696 Dei
328 641 464 692 esset
487 632 840 701 constitutus,
891 648 997 688 non
1048 631 1294 703 rapinam
1344 630 1639 687 arbitratus
1691 640 1775 686 est

210 745 316 787 esse
339 743 393 784 se
431 727 690 798 aequalem
735 726 869 793 Deo,
912 725 1010 783 sed
1046 725 1349 782 exiuanivit
1390 725 1770 798 semetipsum,

210 827 411 881 formam
441 822 581 877 servi
610 821 886 892 accipiens
908 819 1169 893 (Philipp.
1199 820 1283 891 ιι).

272 915 454 972 Memor
490 914 569 986 [ui
620 931 833 985 operum
876 912 1108 970 Domini.
1152 914 1285 984 Qua:
1331 913 1535 971 fecerat
1565 916 1768 989 Moysi,

207 1024 313 1083 qua:
333 1010 523 1064 fecerat
547 1007 771 1064 sanctis.
800 1007 935 1076 Quia
957 1023 1150 1064 memor
1176 1024 1266 1063 ero
1287 1008 1352 1063 ab
1372 1008 1521 1063 initio
1560 1007 1768 1063 mirabi-

210 1104 321 1160 lium
348 1113 573 1169 tuorum,
606 1109 654 1153 et
682 1098 967 1155 meditabor
995 1100 1049 1155 in
1079 1099 1317 1155 omnibus
1353 1100 1613 1170 operibus,
1662 1107 1770 1156 etc.

205 1195 322 1252 Tota
350 1207 460 1249 mea
490 1192 749 1262 cogitatio
775 1191 844 1249 de
869 1192 1164 1249 virtutibus
1192 1192 1297 1248 tuis
1337 1202 1441 1249 est.
1473 1190 1773 1249 Considera

205 1284 452 1360 quomodo
477 1283 586 1340 illis
618 1283 874 1341 misertus
901 1298 990 1351 es,
1021 1293 1075 1340 et
1102 1284 1169 1340 de
1193 1298 1279 1340 me
1307 1300 1415 1340 non
1444 1284 1698 1356 despero.

264 1377 415 1447 Deus,
442 1379 498 1434 in
531 1389 711 1435 sancto
734 1380 817 1435 via
847 1387 956 1435 tua.
995 1378 1333 1452 Quicumque
1376 1394 1506 1450 ergo
1553 1388 1773 1435 sanctus

203 1491 296 1537 non
324 1481 438 1542 est,
484 1474 569 1529 via
603 1474 696 1530 Dei
743 1472 801 1529 in
855 1490 922 1530 eo
976 1484 1209 1530 nonest.
1236 1473 1332 1530 Via
1363 1473 1456 1529 Dei
1487 1489 1609 1545 qum
1653 1472 1773 1529 est?

209 1570 307 1640 Ego
347 1583 465 1624 sum
513 1567 602 1623 via
651 1578 707 1624 et
749 1568 951 1625 veritas
984 1567 1165 1641 (Joan.
1197 1567 1331 1641 xlv).
1373 1567 1487 1624 lloc
1525 1567 1774 1624 Salvator

209 1662 345 1719 dicit.
374 1661 467 1718 Via
497 1676 629 1733 ergo
656 1661 752 1717 Dei
785 1660 928 1717 illius
959 1670 1064 1733 est,
1094 1662 1180 1717 via
1209 1670 1387 1717 autem
1432 1661 1523 1717 Dei
1551 1677 1657 1717 non
1689 1670 1772 1717 est

199 1754 292 1811 nisi
332 1754 382 1810 iu
425 1765 639 1811 sancto.
664 1753 949 1821 Volumus,
981 1768 1041 1811 ut
1067 1755 1319 1812 Christus
1342 1755 1544 1812 habitet
1574 1756 1627 1811 iu
1660 1772 1762 1812 no-

1880 537 2015 594 facis
2043 546 2097 593 tu
2120 578 2135 603 ,
2168 536 2393 593 Judaee?
2422 537 2475 592 lu
2508 535 2642 591 mari
2673 533 2757 590 via
2786 544 2900 601 tua,
2926 544 2981 591 et
3025 533 3234 591 semitae
3267 544 3371 589 tua:
3416 533 3474 587 in

1877 630 2033 702 aquis
2081 629 2288 685 multis.
2326 629 2395 685 Et
2449 627 2551 683 huc
2582 627 2698 694 fac,
2748 636 2842 682 aut
2882 626 2952 682 de
3009 626 3145 682 mari
3196 626 3338 693 dici,
3380 637 3477 680 aut

1877 723 1948 780 de
1979 722 2244 779 .lordanc.
2277 722 2347 776 Et
2391 720 2616 792 vestigia
2649 729 2737 776 tua
2768 734 2877 776 non
2908 726 3328 792 cognoscentur.
3359 718 3476 774 lloc

1877 815 2176 872 secundum
2233 815 2494 880 litteram,
2567 813 2842 885 quomodo
2889 810 3186 883 intelligis?
3238 810 3474 882 Propter

1876 908 2237 981 simpliciores
2258 907 2557 965 secundum
2577 906 2814 963 litteram
2838 906 3075 963 diximus
3098 915 3473 963 :revertamur

1874 1018 2004 1075 ergo
2034 1002 2099 1058 ad
2125 1001 2531 1073 intelligentiam
2558 1001 2919 1072 spiritualem.
2962 1001 3209 1056 Viderunt
3231 1009 3278 1054 te
3298 1015 3474 1072 aquw,

1878 1097 2042 1154 Deus.
2073 1097 2384 1170 Loqnamur
2413 1096 2481 1153 de
2513 1096 2852 1153 revelatione
2873 1095 3123 1152 Joannis.
3159 1094 3351 1165 Aquae,
3382 1094 3474 1149 iu.

1875 1193 2014 1264 quit,
2043 1192 2250 1259 multae,
2277 1189 2466 1263 pepuli
2492 1189 2647 1245 multi
2669 1196 2797 1245 sunt
2817 1188 3005 1263 (Apoc.
3032 1189 3188 1259 xvn).
3216 1185 3470 1242 Viderunt

1875 1296 1924 1341 te
1947 1302 2113 1358 aquw,
2141 1286 2299 1340 Detts.
2323 1284 2456 1354 Quae
2476 1284 2667 1356 aqum?
2697 1284 2763 1340 Et
2783 1298 2940 1354 aqua:
2965 1298 3087 1354 qua:
3116 1297 3286 1354 super
3306 1281 3477 1338 oculos

1875 1390 2021 1450 sunt,
2049 1379 2274 1436 laudent
2301 1394 2501 1435 nomen
2534 1378 2746 1434 Domini
2785 1376 2904 1446 (Ps.
2937 1375 3181 1448 chvm).
3219 1375 3478 1432 Viderunt

1876 1484 1924 1528 te
1953 1489 2125 1544 aqum,
2156 1470 2317 1528 Deus.
2359 1460 2572 1529 Meutes
2601 1479 2658 1527 et
2682 1470 2881 1527 anima:
2911 1485 3082 1541 purae.
3120 1467 3377 1525 Viderunt
3427 1479 3475 1525 te

1875 1582 2025 1635 aqtue
2053 1574 2098 1621 et
2131 1567 2437 1622 timuerunt.
2466 1565 2657 1621 Timor
2684 1579 2794 1620 non
2841 1563 2942 1619 fuit
2978 1562 3047 1620 de
3084 1562 3246 1631 odio,
3280 1563 3377 1620 scd
3404 1562 3477 1619 de

1878 1658 2002 1713 fide.
2035 1656 2104 1712 Et
2130 1660 2352 1714 tnrbala.’
2382 1669 2507 1714 sunt
2537 1658 2736 1729 abyssi.
2764 1656 3018 1713 Dicamus
3046 1655 3252 1726 aliquid
3284 1671 3481 1712 secun—

1874 1749 2003 1805 dum
2036 1749 2454 1821 intelligentiam
2480 1749 2844 1820 spiritualem.
2890 1749 2947 1804 In
2987 1748 3259 1820 principio
3288 1747 3476 1805 Gene-

199 1847 295 1913 b's,
326 1846 488 1903 simus
520 1847 715 1903 sancti.
750 1847 845 1902 Dei
874 1848 1018 1903 enim
1047 1846 1133 1903 via
1175 1846 1229 1902 in
1272 1857 1463 1903 sancto
1494 1855 1598 1904 est.
1642 1846 1772 1913 Quis
1805 1849 1852 1910 Β
1880 1858 2006 1899 seos
2028 1843 2289 1914 scriptum
2311 1856 2430 1898 est:
2461 1843 2527 1899 Et
2554 1858 2719 1914 super
2750 1858 2938 1914 aquas,
2963 1843 3161 1914 inquit,
3194 1841 3479 1898 ferebatur

197 1939 320 1995 Deus
341 1956 557 2013 magnus
584 1938 883 1995 sicuLDeus
911 1940 1123 1995 noster?
1151 1937 1304 1996 Sicut
1337 1940 1480 1996 enim
1528 1948 1656 1995 sunt
1693 1939 1767 1995 dii

196 2030 457 2088 multi:et
482 2029 692 2088 domini
739 2031 914 2086 multi.
972 2030 1086 2088 lloc
1141 2031 1381 2102 loquitur
1430 2031 1768 2103 Apostolus,

195 2123 319 2180 Deus
346 2122 498 2179 stetit
558 2124 611 2179 in
658 2138 932 2197 synagoga
983 2124 1209 2181 deorum
1243 2124 1430 2198 (lCor.
1477 2124 1617 2197 νιιι).
1654 2124 1770 2196 Ego

193 2216 312 2285 dixi,
331 2217 399 2273 dii
418 2218 573 2282 estis.
595 2228 646 2275 et
668 2219 970 2276 liliicxcelsi
993 2233 1185 2276 omnes
1201 2217 1374 2293 (Psal.
1393 2218 1597 2289 Lxxxi).
1618 2218 1683 2274 Et
1705 2218 1772 2274 ad

197 2309 404 2384 Moysen
437 2330 451 2367 :
484 2311 620 2368 Dedi
650 2321 700 2369 te
722 2314 893 2371 Deum
929 2314 1228 2371 Pharaonis
1258 2317 1457 2391 (Exod.
1488 2317 1607 2390 vn).
1634 2317 1773 2375 San-

189 2404 254 2458 cti
280 2403 348 2459 dii
379 2404 655 2463 dicuntur.
687 2406 768 2464 llli
810 2408 1108 2465 secundum
1154 2412 1383 2482 gratiam
1419 2410 1495 2467 dii
1532 2429 1545 2467 :
1581 2421 1636 2468 tu
1666 2428 1766 2469 au-

192 2507 287 2555 tem
319 2509 509 2557 natura
538 2502 681 2559 Deus
707 2518 790 2559 es.
821 2501 903 2558 Tu
934 2521 985 2560 es
1015 2503 1157 2561 Deus
1185 2506 1277 2577 qui
1306 2506 1439 2577 facis
1477 2506 1767 2562 mirabilia.

190 2590 294 2647 Non
320 2591 480 2656 dixit.
508 2599 632 2665 quia
666 2595 873 2664 fecisti;
901 2597 1023 2663 sed,
1045 2600 1137 2670 qui
1159 2599 1289 2671 facis
1321 2600 1604 2656 mirabilia.
1629 2601 1774 2670 Quo-

192 2687 310 2745 tidie
338 2688 463 2745 facit
490 2690 638 2747 Deus
668 2691 969 2757 mirabilia,
1000 2701 1057 2749 et
1080 2703 1363 2765 operatur,
1397 2706 1448 2751 et
1474 2694 1668 2766 Filius,
1718 2706 1775 2754 et

187 2777 402 2848 Spiritus
428 2792 678 2839 sanctus.
701 2784 781 2840 Tu
807 2803 859 2841 es
883 2785 1047 2853 Dens,
1071 2788 1158 2857 qui
1179 2787 1310 2856 facis
1331 2788 1615 2844 mirabilia.
1645 2789 1770 2847 lleri

185 2870 345 2938 latro,
398 2872 567 2931 hodie
618 2875 984 2934 Christianus.
1047 2879 1173 2936 lleri
1227 2879 1552 2953 fornicator,
1609 2881 1773 2941 hodie

181 2966 479 3028 continens.
533 2968 663 3026 lleri
714 2970 966 3043 rapiebas
1013 2971 1226 3039 aliena,
1281 2989 1426 3031 nunc
1480 2983 1572 3030 tua
1633 2991 1764 3048 por-

186 3062 326 3133 rigis.

249 3156 440 3214 Notam
469 3159 641 3232 fecisti
686 3162 743 3217 in
795 3163 1003 3237 populis
1031 3164 1271 3220 virtutem
1315 3175 1479 3221 tuam.
1512 3166 1771 3223 Christus

1877 1934 2125 2005 Spiritus.
2160 1934 2227 1990 Et
2252 1934 2450 1991 deinde
2473 1936 2737 2005 scriptum
2761 1944 2845 1991 est
2872 1954 2882 1988 :
2914 1935 3090 2007 Super
3118 1935 3369 2010 abyssos,
3392 1935 3475 1991 in-

1875 2030 2012 2099 quit,
2045 2030 2357 2086 ferebantur
2393 2029 2660 2086 tenebrm.
2706 2029 2900 2085 Videte
2927 2044 3059 2101 ergo
3102 2030 3235 2101 quid
3279 2028 3478 2085 dicitur

1877 2125 1929 2179 in
1975 2122 2243 2194 principio
2274 2120 2555 2178 Ceneseos
2582 2141 2593 2175 :
2629 2121 2733 2176 hoc
2762 2130 2884 2187 est,
2916 2122 3218 2177 secundum
3262 2121 3472 2177 intelli-

1874 2218 2112 2289 gentiam
2146 2213 2511 2286 Spit‘iittttleltt.
2542 2213 2723 2285 Super
2743 2228 2936 2285 aquas,
2969 2214 3168 2285 inquit,
3200 2213 3479 2270 ferebatur

1877 2309 2128 2381 spiritus.
2161 2308 2281 2364 Jam
2313 2322 2382 2364 eo
2410 2317 2657 2379 tempore
2685 2306 3014 2377 baptismum
3043 2306 3470 2378 significabatur.

1879 2402 1998 2460 Non
2030 2401 2174 2460 cnim
2203 2412 2418 2473 poterat
2447 2415 2573 2456 esse
2601 2400 2934 2472 baptismum
2965 2400 3087 2456 sine
3117 2400 3335 2471 spiritu.
3368 2401 3479 2459 Su-

1878 2513 1976 2569 per
2003 2496 2233 2568 abyssos
2256 2512 2384 2553 vero
2412 2496 2674 2554 tenebrae.
2713 2494 2818 2551 lsta
2843 2504 2929 2552 est
2951 2495 3187 2569 abyssus
3212 2497 3279 2552 ad
3309 2513 3472 2569 quam

1877 2594 2158 2651 daemones
2184 2592 2485 2663 postulant,
2505 2606 2576 2647 ne
2595 2590 2880 2647 mittantur
2899 2607 2929 2644 a
2952 2589 3102 2647 Jesu.
3119 2590 3296 2662 Super
3320 2591 3483 2665 abys-

1878 2705 1970 2747 sos
1999 2703 2131 2761 ergo
2163 2688 2425 2745 tenebrat.
2460 2688 2517 2743 In
2548 2687 2708 2758 aquis
2748 2697 2866 2743 erat
2893 2686 3156 2743 munditia
3184 2706 3195 2742 :
3225 2687 3278 2743 iu
3310 2686 3478 2761 abys-

1877 2784 1974 2849 sis,
2010 2782 2275 2839 tenebrae.
2316 2782 2450 2853 Quae
2481 2781 2590 2839 sint
2623 2781 2839 2854 abyssi,
2874 2797 2964 2839 me
3006 2790 3243 2851 tacente,
3276 2782 3477 2839 intelli-

1876 2877 2039 2948 gitis:
2069 2877 2327 2950 quoniam
2355 2876 2636 2933 daemones
2664 2875 2961 2933 formidant
3000 2875 3079 2933 ire
3110 2876 3163 2931 in
3196 2875 3475 2948 abyssum.

1884 2969 2074 3025 Vocem
2106 2970 2360 3025 dederunt
2394 2969 2580 3026 nubes.
2620 2967 2804 3026 Nubes
2827 3010 2840 3035 ,
2874 2968 3151 3040 propheta:
3185 2984 3345 3039 :qua:
3376 2956 3478 3024 Jué

1877 3067 2011 3123 dacis
2038 3077 2361 3137 tacuerunt,
2407 3068 2563 3125 nobis
2591 3067 2758 3125 loculi
2787 3077 2939 3123 sunt.
2995 3066 3182 3122 Vocem
3220 3066 3476 3122 dederunt

1877 3162 2059 3227 nubes,
2098 3161 2302 3218 etenim
2349 3161 2563 3231 sagitta:
2615 3171 2721 3217 tute
2773 3162 3125 3217 transierunt.
3152 3160 3476 3216 Praedicatio

185 3248 268 3305 Dei
298 3250 471 3307 virtus
491 3296 508 3320 ,
543 3261 599 3309 et
625 3253 717 3311 Dei
742 3255 1005 3326 sapientia
1034 3299 1049 3321 ,
1078 3258 1398 3330 mysterium
1429 3259 1574 3330 quod
1606 3275 1635 3315 a
1668 3276 1770 3317 sae-
1804 3240 1849 3305 C
1886 3255 2160 3311 sermonis
2185 3253 2390 3311 Christi
2418 3255 2473 3310 in
2498 3255 2815 3310 universum
2846 3254 3034 3309 orbem
3064 3254 3329 3310 cucurrit.
3363 3252 3481 3308 Vox

185 3344 311 3400 culis
337 3344 518 3401 fuerat
548 3345 951 3414 absconditum,
980 3365 1122 3406 nunc
1148 3359 1336 3407 notum
1363 3352 1489 3408 fecit
1514 3353 1565 3408 in
1597 3368 1769 3426 popu-

182 3436 258 3492 lis.
285 3437 574 3497 Redemisti
600 3442 651 3496 in
685 3441 893 3500 brachio
924 3454 1013 3499 tuo
1044 3445 1293 3519 populum
1323 3458 1489 3503 luunt.
1517 3448 1770 3517 Domine,

182 3530 296 3600 quis
316 3532 560 3588 credidit
606 3534 811 3591 auditui
856 3545 1076 3605 nostro,
1125 3547 1181 3595 et
1233 3538 1517 3595 brachium
1552 3541 1771 3597 Domini

183 3622 258 3679 cui
290 3626 596 3683 revelatum
628 3629 745 3684 est?
778 3628 1061 3685 Redemiin
1086 3632 1137 3685 in
1168 3631 1378 3688 brachio
1407 3646 1494 3690 tuo
1520 3634 1773 3709 populant

179 3726 312 3771 tuum
344 3733 362 3772 :
390 3716 446 3775 id
476 3726 585 3787 est,
631 3719 691 3795 in
735 3719 975 3777 Christo.
1011 3721 1175 3777 Filios
1216 3724 1403 3793 Iacob,
1447 3735 1495 3780 et
1541 3727 1762 3796 Josep/t.

179 3809 481 3886 Utrumque
513 3816 772 3886 populum
795 3826 849 3872 et
870 3817 1203 3885 Judaeormn,
1229 3819 1759 3876 etChristianorum.

173 3901 334 3960 Jacob
373 3906 429 3961 in
478 3907 682 3977 populo
709 3906 1055 3977 Judzeorum,
1097 3920 1152 3966 et
1197 3910 1397 3982 Ioseph
1457 3912 1510 3967 in
1564 3913 1765 3983 populo

173 3999 431 4067 gentium.
487 4001 732 4072 Denique
775 4001 975 4073 Joseph
1022 4003 1415 4077 interpretatur
1447 4006 1626 4077 lingua
1658 4007 1765 4062 Hc-

174 4086 307 4144 brara
334 4137 350 4161 ,
403 4088 766 4166 augmentum.
812 4095 893 4150 llli
923 4111 1055 4167 ergo
1094 4106 1527 4167 praecesserunt,
1570 4107 1625 4155 et
1667 4115 1766 4155 nos

174 4181 408 4251 adiuncti
442 4200 638 4242 sumus
668 4203 683 4243 :
718 4198 1003 4260 propterea
1035 4189 1190 4256 dicit,
1223 4190 1365 4261 ﬁlios
1386 4190 1552 4248 Jarob
1583 4203 1632 4248 et
1679 4192 1776 4247 Jo-

170 4274 307 4342 scph.
1560 4297 1573 4307 ·

246 4366 509 4427 Viderunt
537 4379 587 4426 te
611 4388 779 4442 aqum,
810 4371 948 4428 Deus
972 4390 991 4428 :
1012 4373 1252 4429 viderunt
1278 4385 1327 4431 te
1353 4393 1524 4449 aqum,
1548 4387 1595 4433 et
1621 4379 1777 4434 tium-

169 4473 336 4517 erunt.
372 4462 606 4520 Interim
637 4465 886 4522 dicamus
924 4467 1229 4523 secundum
1258 4468 1496 4527 litteram
1524 4488 1538 4529 :
1565 4470 1776 4527 haerea-

168 4568 285 4611 mus
335 4565 509 4613 terrre
563 4569 786 4629 propter
825 4560 1218 4631 simpliciores.
1263 4561 1495 4631 Quando
1543 4564 1777 4635 populus

1879 3349 2101 3404 tonitrui
2148 3348 2223 3403 tui
2268 3350 2320 3403 in
2352 3356 2489 3402 rota.
2523 3346 2784 3403 Tonitrus
2824 3346 3084 3417 proprie,
3116 3344 3341 3417 grandis
3371 3360 3477 3400 vox

1877 3450 1982 3497 est.
2016 3441 2259 3511 Denique
2302 3457 2370 3497 eo
2402 3450 2646 3507 tempore
2675 3437 2895 3511 quando
2916 3438 3061 3495 Dens
3102 3439 3321 3495 locutus
3346 3447 3431 3493 est
3462 3456 3475 3493 :

1879 3535 1979 3591 llic
2001 3543 2089 3590 est
2113 3533 2287 3589 Filius
2309 3548 2463 3589 mens
2485 3532 2739 3600 dilectus,
2770 3533 2821 3587 in
2844 3548 2951 3603 quo
2973 3530 3107 3587 mihi
3129 3531 3431 3602 complacui
3461 3547 3475 3585 :

1879 3628 2019 3686 facta
2048 3637 2134 3684 est
2174 3642 2277 3682 vox
2324 3627 2548 3682 tonitrui
2577 3637 2714 3682 reue
2744 3624 2938 3681 similis
2967 3623 3193 3696 (Matth.
3226 3623 3333 3695 ιιι).
3367 3623 3475 3679 De-

1878 3724 2043 3793 nique
2090 3729 2376 3792 propterea
2425 3719 2720 3775 scribitur:
2755 3718 3002 3790 Abyssns
3031 3718 3290 3790 abyssum
3324 3716 3479 3772 invo-

1877 3826 1965 3873 cat
2001 3817 2055 3872 in
2093 3831 2225 3872 voce
2262 3824 2663 3871 cataractarum
2701 3823 2915 3871 tuarum
2956 3811 3134 3886 (Psal.
3171 3813 3279 3882 xu)
3323 3830 3335 3864 :
3369 3808 3477 3865 hoc

1877 3919 1961 3965 est
1982 3908 2092 3964 duo
2115 3907 2495 3973 Testamenta,
2546 3919 2745 3960 novum
2796 3911 3063 3960 etvetus.
3096 3902 3213 3958 Vos:
3259 3902 3477 3955 tonitrui

1880 4002 1954 4057 tui
1977 4002 2028 4056 in
2053 4011 2188 4056 rota.
2214 4000 2326 4055 Vox
2354 3997 2764 4072 prmdicationis
2789 4006 2897 4052 tua:
2926 3997 2981 4052 in
3011 4004 3153 4050 rota.
3177 3995 3475 4064 Propterea

1878 4092 2101 4164 grandis
2154 4107 2256 4149 vox
2306 4091 2549 4147 dicitur:
2581 4090 2706 4161 quia
2761 4087 2983 4161 grandis
3024 4096 3111 4143 est
3138 4085 3473 4158 praedicatio.

1885 4189 2004 4244 Vox
2029 4187 2244 4243 tonitrui
2276 4187 2352 4241 tui
2378 4186 2433 4240 in
2462 4194 2577 4241 rota
2607 4201 2627 4240 :
2658 4184 2713 4239 in
2741 4192 2856 4239 toto
2877 4181 3011 4238 orbe
3040 4195 3139 4253 per
3163 4178 3477 4236 circuitum.

1879 4281 1998 4339 Non
2027 4279 2201 4337 solum
2232 4277 2449 4334 auditur
2478 4278 2532 4333 in
2565 4276 2777 4345 Judtca,
2819 4274 2963 4346 quod
2990 4283 3045 4329 tu
3075 4272 3348 4345 loqueris,
3378 4273 3478 4328 sed

1879 4384 1935 4432 et
1955 4372 2174 4430 auditur
2200 4372 2254 4429 in
2281 4372 2508 4429 saeculo.
2533 4371 2648 4427 lloc
2670 4370 2908 4427 diximus
2931 4367 3284 4441 generaliter.
3313 4367 3476 4423 Dica-

1880 4483 2002 4526 mus
2038 4476 2220 4524 autem
2258 4466 2568 4538 specialiter
2618 4464 2687 4521 de
2742 4463 2989 4520 interiori
3043 4461 3286 4519 homine.
3324 4461 3466 4517 Rota

1887 4562 2107 4619 modico
2137 4560 2373 4634 quodam
2402 4559 2638 4630 vestigio
2665 4566 2772 4613 stat
2800 4556 2855 4613 in
2891 4564 3060 4625 terra,
3084 4564 3139 4612 et
3161 4570 3268 4610 non
3292 4554 3478 4611 solum

169 4649 420 4706 transivit
484 4666 581 4722 per
634 4666 783 4709 mare
833 4652 1107 4724 Rubrum,
1155 4662 1214 4711 et
1268 4670 1363 4727 per
1409 4654 1701 4713 Iordanem
1758 4642 2013 4723 :Dstat,
2058 4654 2154 4712 sed
2202 4653 2357 4726 quasi
2403 4652 2720 4724 percurrit:
2770 4665 2878 4707 non
2923 4658 3051 4719 stat,
3090 4649 3186 4706 sed
3217 4648 3387 4721 tangit
3424 4658 3481 4703 et

166 4748 481 4798 creatorem
536 4756 691 4798 Sllllm
745 4743 1135 4800 intellexerunt
1196 4760 1386 4817 aquas,
1451 4756 1508 4803 et
1547 4749 1778 4819 populus

165 4846 268 4888 non
302 4834 612 4891 intellexit.
664 4834 735 4890 Et
759 4836 1001 4904 ’Aturbattc
1035 4847 1158 4893 sunt
1192 4838 1385 4910 abyssi.
1442 4839 1587 4897 Mare
1617 4840 1774 4912 vidit,

165 4933 216 4979 et
252 4925 396 4997 fugit
429 4944 443 4981 :
473 4927 729 4985 .lordanis
766 4943 1070 4986 conversus
1114 4941 1196 4986 est
1246 4939 1547 4988 retrorsum
1604 4932 1776 5001 (Psal.

163 5015 310 5089 xm).

233 5110 543 5168 Multitudo
606 5115 808 5170 sonitus
855 5131 1135 5187 aquarum,
1182 5114 1539 5172 discusserunt
1593 5118 1773 5173 nubes.

160 5201 266 5259 Pro
293 5204 568 5277 nubibus,
596 5224 760 5280 aquas
789 5206 949 5263 habet
985 5207 1038 5263 in
1066 5207 1317 5264 Hebraeo.
1349 5208 1504 5279 Quod
1531 5210 1626 5278 ait,
1661 5210 1773 5266 Vo-

160 5315 265 5352 rem
291 5298 565 5355 dederunt
593 5301 784 5368 nubes,
809 5300 911 5358 hoc
934 5300 1356 5373 interpretantur
1377 5303 1597 5374 quando
1626 5302 1773 5360 visus

158 5402 245 5450 est
270 5394 427 5452 Deus
465 5395 522 5451 in
551 5396 681 5452 Sina
708 5406 910 5453 monte.

234 5490 461 5545 Etenim
518 5491 719 5562 sagiltte
765 5499 868 5546 tuta
913 5490 1338 5565 perambulabant
1372 5506 1388 5544 :
1420 5507 1519 5546 vos:
1560 5492 1777 5546 tonitrui

157 5585 235 5639 tui
253 5584 311 5639 in
343 5591 499 5641 rota.
528 5582 596 5640 Et
640 5583 741 5639 hoc
790 5584 1221 5655 interpretantur
1249 5584 1317 5641 de
1346 5583 1678 5657 fulgoribus,
1717 5594 1772 5641 et

157 5674 359 5733 dicunt
390 5694 408 5734 :
443 5677 668 5747 quando
690 5680 952 5736 tonitruat
974 5680 1148 5743 Deus,
1179 5679 1415 5736 similem
1441 5693 1632 5736 vocem
1655 5677 1787 5736 facit

155 5780 320 5829 rotae.
369 5771 592 5828 Videtis
620 5774 896 5846 quomodo
936 5773 1111 5830 adhuc
1158 5776 1211 5831 in
1259 5784 1402 5831 terra
1433 5774 1689 5845 haeream,
1730 5784 1787 5834 et

158 5856 364 5936 loquar
396 5866 710 5925 secundum
736 5859 975 5927 litteram
1008 5868 1368 5926 occidentem.

1881 4749 2124 4821 praeterit
2178 4769 2189 4803 :
2253 4747 2492 4819 Denique
2543 4761 2666 4802 cum
2696 4745 2954 4810 volvitur,
2987 4743 3055 4799 ad
3104 4742 3297 4800 altiora
3328 4753 3480 4798 tran-

1881 4842 2109 4901 scendit.
2172 4843 2244 4898 lta
2302 4850 2355 4898 et
2405 4849 2625 4897 sanctus
2679 4842 2782 4909 vir,
2832 4839 3088 4910 quoniam
3134 4838 3187 4892 in
3244 4851 3478 4908 corpore

1881 4947 1987 5004 est,
2021 4935 2399 4993 necessitatem
2429 4934 2591 4989 habet
2637 4932 2814 5004 aliqua
2843 4932 2912 4989 de
2936 4931 3169 4988 terrenis
3193 4931 3436 5001 cogitare
3463 4946 3480 4986 :

1882 5040 1938 5086 ct
1970 5026 2189 5101 quando
2224 5025 2435 5082 venerit
2473 5024 2539 5079 ad
2585 5025 2818 5089 victum,
2863 5032 2919 5079 et
2947 5023 3220 5090 vestitum,
3268 5030 3325 5077 et
3373 5035 3482 5077 caa-

1888 5132 2004 5177 tera
2063 5116 2369 5190 huiusmodi
2408 5136 2418 5170 :
2451 5115 2659 5173 habens
2699 5118 2902 5172 victum
2948 5123 3005 5171 et
3051 5113 3337 5182 vestitum,
3397 5113 3481 5169 bis

1885 5223 2175 5274 contentus
2204 5222 2321 5280 est,
2354 5223 2411 5269 et
2454 5221 2677 5283 tangens
2704 5219 2938 5278 terram,
2991 5208 3058 5265 ad
3106 5209 3295 5264 altiora
3331 5208 3484 5265 festi-

1887 5305 2220 5379 nat(lTim.
2248 5303 2348 5377 Vl).
2387 5302 2483 5359 llle
2529 5303 2619 5372 qui
2674 5303 2875 5370 currit,
2936 5310 2991 5357 et
3026 5300 3093 5357 ad
3146 5300 3342 5357 altiora
3392 5301 3474 5357 fe-

1885 5400 2071 5466 stinat,
2119 5399 2172 5454 in
2219 5397 2315 5453 illo
2340 5405 2427 5453 est
2468 5409 2650 5453 sermo
2676 5403 2798 5451 tuus
2836 5392 3026 5468 (Zach.
3061 5393 3160 5464 Ix).
3215 5392 3476 5464 Legimus

1885 5504 1940 5551 et
2001 5494 2053 5549 in
2086 5491 2399 5564 'prOpheta,
2447 5488 2888 5558 sanctilapides
2943 5487 3233 5543 volvuntur
3303 5502 3470 5557 super

1893 5597 2095 5644 terram
2122 5584 2342 5660 (Ezeeh.
2375 5583 2440 5658 t).
2469 5582 2664 5638 Videte
2691 5580 2819 5653 quid
2846 5578 2979 5636 dixit
3007 5598 3018 5633 :
3045 5579 3226 5637 Sancti
3259 5577 3472 5648 lapides

1891 5680 2179 5736 volvuntur
2205 5692 2368 5750 super
2416 5685 2641 5732 terram.
2670 5673 2935 5743 Quoniam
2965 5674 3111 5729 enim
3151 5682 3289 5729 rotae
3317 5681 3467 5736 sunt,

1896 5783 2182 5845 propterea
2214 5772 2506 5827 volvuntur
2527 5782 2691 5840 super
2719 5774 2951 5833 terram,
2973 5775 3029 5821 et
3061 5763 3131 5821 ad
3167 5762 3364 5820 altiora
3404 5762 3483 5819 fe-

1895 5868 2124 5924 stinant.
2149 5864 2327 5927 Vultis
2355 5865 2496 5922 scire
2521 5872 2669 5922 rotas
2692 5862 2914 5937 plures?
2938 5859 3194 5933 Legimus
3218 5867 3273 5918 et
3302 5866 3480 5917 rotam
