3954 6340
525 320 668 378 Iut3

1318 318 1666 376 APPENDIX
1705 319 1801 376 AD
1836 319 2084 378 TOMUM
2118 318 2475 379 SEPTIMUM
2514 320 2573 378 S.
2618 319 3027 377 IlIliRONYIII.

3672 320 3781 382 Illll

520 440 576 495 in
604 451 742 495 rota.
772 438 1027 512 Legimus
1066 448 1122 495 et
1170 439 1220 493 in
1260 437 1516 494 Ezechiel
1545 456 1559 496 :
1593 436 1827 494 Invicem
1859 437 1960 493 sibi
2006 437 2117 491 ἥτις-
2145 442 2192 503 Α
2221 437 2417 493 davera
2489 451 2678 493 eorum
2739 446 2867 492 sunt
2935 436 2988 491 in
3062 434 3359 490 solitudine
3383 474 3398 501 ,
3472 448 3654 489 eorum
3712 438 3785 506 qui

523 542 647 589 rent
676 545 829 588 rotae.
864 533 991 588 Dure
1024 541 1176 599 rotte,
1207 540 1337 586 sunt
1367 546 1589 598 novum,
1636 539 1693 588 et
1738 541 1901 587 vetus
1927 530 2116 586 Testa-

524 636 785 682 tuentum.
816 625 921 681 Ista
951 634 1066 680 rota
1098 624 1152 681 in
1186 625 1274 680 illa
1329 623 1499 681 hzeret
1522 667 1537 693 ,
1571 634 1625 680 et
1655 625 1744 681 illa
1773 624 1828 679 in
1855 627 1981 679 ista.
2012 624 2121 679 Ta-

524 738 646 777 men
676 720 853 775 videte
883 719 1008 791 quid
1037 718 1258 785 di~itur,
1286 720 1415 776 etin
1442 719 1696 776 Ezechiel
1723 738 1734 772 :
1764 720 1831 775 Et
1854 734 2117 790 quocum-

522 832 658 884 que,
693 814 903 884 inquit,
929 813 1163 870 ducebat
1190 814 1435 885 spiritus,
1491 815 1617 868 illm:
1667 813 2035 885 sequebantur
2065 820 2122 868 et

522 918 678 963 rotze.
713 908 825 963 lloe
871 915 927 963 et
976 907 1027 962 in
1076 907 1409 963 Ecclesiaste
1452 907 1652 962 dicitur
1683 926 1696 959 :
1734 906 1956 977 quodin
1990 920 2114 960 con-

519 1000 885 1055 summatione
952 999 1135 1054 mundi
1195 999 1501 1054 revolvetur
1557 1008 1676 1054 rota
1730 1013 1896 1068 super
1943 999 2120 1054 lacum

526 1090 720 1165 (Eccli.
755 1092 874 1159 att).
906 1090 1069 1146 Multa
1116 1101 1239 1145 sunt
1271 1106 1392 1163 ane
1424 1092 1673 1147 dicantur
1703 1092 1775 1147 de
1802 1092 1976 1158 rotis;
2023 1091 2120 1147 sed

523 1184 592 1239 ad
629 1183 835 1255 reliqua
882 1185 1106 1240 lestiuat
1141 1185 1338 1241 oratio.
1384 1184 1683 1241 [unxerunt
1732 1188 2122 1242 coruscatioues

533 1288 637 1333 tua
666 1276 776 1333 orbi
801 1287 991 1333 terrae:
1019 1279 1327 1349 Apestoliea
1362 1279 1698 1349 praedicatio.
1734 1280 2001 1334 Commota
2022 1290 2117 1346 est,

526 1381 575 1425 et
600 1373 910 1425 contremuit
941 1381 1099 1425 terra.
1134 1370 1247 1427 Nisi
1271 1379 1414 1427 terra
1443 1382 1629 1428 noelra
1659 1381 1930 1427 commota
1952 1383 2118 1440 esset,

524 1476 580 1519 et
610 1465 954 1531 conturbata,
997 1482 1097 1522 nos
1133 1467 1425 1522 Christiani
1481 1482 1587 1523 non
1636 1482 1905 1524 essemus.
1954 1466 2110 1524 Com-

525 1567 661 1612 mota
686 1568 779 1625 est,
807 1567 856 1614 et
877 1560 1181 1613 contremuit
1209 1569 1368 1615 terra.
1401 1560 1577 1629 Super
1610 1559 1816 1614 nullum
1848 1560 1993 1615 enim
2035 1575 2121 1616 re-

527 1655 759 1723 quic~cit
804 1652 1044 1724 Spiritus
1089 1653 1333 1718 Domini,
1369 1654 1472 1715 nisi
1523 1667 1689 1726 super
1719 1654 2016 1720 humilem,
2067 1662 2122 1710 et

526 1745 793 1815 quietum,
824 1756 878 1801 et
905 1754 1226 1802 trementem
1258 1747 1419 1802 verba
1445 1747 1564 1817 ejus
1587 1745 1745 1819 (Isai.
1770 1749 1941 1819 Livi).

2223 532 2420 586 mortui
2482 542 2610 585 sunt
2667 531 2719 584 in
2768 532 3006 585 deserto.
3063 529 3170 584 Nos
3228 529 3321 583 lilii
3361 528 3470 584 sub
3504 528 3633 584 Jesu
3676 529 3785 588 dare

2224 627 2470 682 venimus
2516 624 2583 681 ad
2627 624 2917 682 Iordanem
2975 632 3032 679 et
3099 625 3434 679 intravimus
3486 631 3678 679 terram
3721 640 3789 681 re-

2226 719 2626 791 promissionis,
2659 730 2715 774 et
2759 718 3015 775 venimus
3070 717 3136 772 ad
3182 716 3439 788 Galgaia,
3475 726 3532 773 et
3584 718 3790 775 secundo

2231 813 2540 868 circumcisi
2584 826 2768 866 sumus
2807 810 3079 882 spirituali
3110 810 3558 875 circumcisione,
3590 819 3642 865 et
3669 811 3793 868 abla-

2236 917 2347 962 tum
2377 913 2463 961 est
2489 921 2518 960 a
2551 905 2705 961 nobis
2734 904 3088 975 opprobrium
3118 904 3367 977 Egypti.
3409 902 3564 960 Nunc
3592 905 3701 975 ipse
3715 905 3788 963 Je-

2231 1014 2330 1058 sus
2357 998 2463 1054 dux
2486 1008 2679 1054 noster
2698 998 2937 1070 gladium
2961 1006 3131 1065 leuet,
3162 1006 3220 1055 et
3246 1012 3469 1069 semper
3496 1012 3594 1055 nos
3617 1013 3793 1070 ρηοδ-

2236 1093 2347 1158 dit,
2376 1102 2430 1149 et
2466 1102 2665 1164 pugnat
2708 1107 2806 1164 pro
2838 1092 2999 1149 nobis
3039 1103 3092 1148 et
3135 1093 3306 1149 vincit
3344 1092 3718 1161 adversarios,
3743 1106 3787 1152 et

2228 1196 2437 1257 septem
2488 1187 2679 1243 diebus
2720 1187 3017 1244 circnimus
3051 1187 3275 1243 Iericho
3307 1204 3322 1241 :
3370 1187 3476 1243 hoc
3513 1197 3619 1255 est,
3658 1188 3791 1246 istam

2239 1281 2521 1336 mundum.
2554 1279 2812 1336 Canitnus
2852 1280 3282 1336 sacerdotalibus
3320 1281 3501 1351 tubis,
3533 1290 3590 1337 et
3617 1283 3792 1340 εἰκώ-

2234 1386 2354 1426 mus
2385 1372 2610 1427 Jerieho
2641 1389 2656 1428 :
2706 1373 2808 1427 hoc
2838 1381 2954 1439 est,
2988 1373 3150 1426 istum
3192 1373 3456 1427 mundum
3479 1415 3495 1439 ,
3540 1381 3591 1427 et
3622 1375 3795 1432 cadunt

2238 1465 2374 1519 muri
2403 1464 2544 1535 ejus,
2568 1471 2626 1520 et
2652 1478 2751 1519 nos
2781 1463 3140 1535 ingredimur,
3163 1475 3219 1521 et
3248 1467 3492 1522 victores
3517 1466 3791 1525 existimes.

2237 1556 2445 1613 Deinde
2472 1557 2749 1615 vincimus
2776 1559 3058 1614 civitatem
3090 1558 3195 1613 Abi
3226 1575 3238 1613 :
3272 1559 3528 1614 venimus
3551 1570 3725 1630 postea
3743 1562 3797 1617 ad

2231 1653 2441 1709 Iebus:
2476 1652 2726 1708 venimus
2754 1653 2823 1707 ad
2856 1656 2997 1709 Azor
3031 1671 3044 1708 :
3078 1653 3327 1709 venimus
3361 1654 3429 1710 ad
3460 1655 3599 1711 alias
3635 1655 3797 1711 civita-

2229 1756 2339 1816 tes,
2377 1749 2650 1804 vincimus
2675 1748 3055 1815 adversarios,
3084 1764 3221 1820 quos
3251 1750 3351 1805 sub
3390 1749 3577 1821 Moyse
3607 1750 3801 1809 vincere

604 1836 670 1891 In
703 1842 831 1891 mari
863 1840 945 1892 uia
975 1849 1084 1893 tua.
1121 1839 1220 1896 Ubi
1251 1838 1468 1907 ﬂuctus,
1500 1840 1587 1896 ttbi
1620 1855 1800 1894 amara
1830 1856 1990 1913 aqua,
2038 1841 2126 1897 ttbi
2163 1844 2205 1906 Β
2248 1859 2355 1901 non
2412 1844 2709 1916 potuimus.
2752 1845 2970 1903 Gratias
3018 1861 3147 1917 ergo
3200 1859 3421 1915 agamus
3462 1846 3588 1903 duci
3638 1857 3796 1903 nostro

542 1931 705 1986 draco
729 1932 974 1986 habitat:
1012 1932 1101 1988 ubi
1135 1933 1374 2002 pisciculi
1405 1934 1598 1989 minuti
1633 1934 1861 1991 harent.
1896 1933 1962 1990 In
1994 1936 2126 1993 mori

532 2025 748 2079 viatua.
785 2024 887 2094 Qui
939 2040 1062 2081 eras
1107 2026 1159 2081 in
1207 2028 1381 2095 caelo,
1414 2027 1744 2083 descendisti
1790 2029 1841 2083 in
1900 2036 2125 2084 terram.

532 2118 844 2174 Secundum
875 2119 1110 2175 litteram
1154 2135 1440 2187 possumus
1472 2121 1654 2178 dicere
1696 2141 1707 2174 :
1756 2123 1834 2178 Eo
1881 2133 2129 2195 tempore

532 2226 640 2277 quo
664 2211 851 2266 eduxit
873 2211 1081 2284 Moyses
1100 2211 1287 2279 Israel,
1305 2222 1361 2267 tu
1383 2228 1504 2268 eras
1526 2212 1617 2286 qui
1642 2213 1910 2271 educebas
1924 2214 2122 2287 (Exod.

533 2306 669 2374 xlv).
703 2305 769 2359 In
799 2307 931 2360 mari
958 2308 1042 2361 via
1087 2316 1198 2363 tua.
1236 2309 1443 2365 Deinde
1494 2323 1800 2379 possumus,
1845 2320 1900 2366 et
1928 2325 2123 2367 secun-

535 2400 662 2453 dum
692 2400 972 2455 historiam
1004 2400 1163 2457 aliter
1183 2401 1370 2459 dicere
1404 2422 1417 2457 :
1449 2402 1618 2458 maria
1642 2404 1736 2460 tibi
1771 2403 1989 2461 luerunt
2016 2408 2123 2461 via.

539 2490 644 2545 S~d
678 2490 807 2547 illud
836 2492 1009 2548 semel
1036 2492 1181 2549 fecit.
1214 2495 1483 2551 Catterum
1508 2496 1756 2568 qumidie
1786 2498 2028 2569 l0qnitur
2057 2500 2124 2556 ad

535 2604 688 2643 mare
717 2608 730 2644 :
756 2589 924 2654 Tace,
953 2592 1284 2648 obmutesce.
1326 2592 1585 2649 Dominus
1609 2605 1661 2650 te
1690 2596 1920 2666 mitigat,
1945 2604 2128 2653 uiuos

542 2698 638 2751 per
685 2684 825 2737 istud
870 2684 1131 2739 steculutn
1179 2687 1412 2741 transire
1459 2689 1755 2758 possimus.
1784 2690 1852 2744 In
1880 2692 2013 2745 mari
2045 2692 2129 2746 via

537 2786 649 2830 tua.
676 2776 774 2833 Ille
798 2778 945 2833 venit
995 2779 1114 2833 fons
1148 2778 1302 2847 vitae,
1337 2791 1392 2835 ut
1425 2780 1738 2838 dulcoraret
1768 2799 1940 2841 mare.
1985 2784 2129 2842 Mare

531 2885 806 2933 amarunt,
842 2886 996 2927 mare
1025 2880 1317 2928 mortuum.
1354 2872 1651 2946 Propterea
1682 2877 1831 2947 juxta
1864 2878 2125 2936 Ezechieo

536 2963 642 3017 lem
676 2982 687 3016 :
719 2964 997 3035 egreditur
1021 2965 1091 3019 de
1122 2966 1323 3033 templo
1368 2967 1580 3023 Domini
1610 2971 1728 3025 lous
1756 2986 1911 3043 aqua:
1953 2976 2089 3030 vivae
2109 3020 2124 3045 ,

536 3064 592 3109 et
630 3055 779 3111 vadit
818 3056 887 3112 ad
915 3073 1067 3112 mare
1112 3058 1408 3128 Morinum,
1439 3062 1582 3133 quod
1618 3064 1749 3119 nihil
1784 3066 2013 3122 habebat
2043 3070 2131 3123 vi-

537 3162 670 3203 rens
685 3146 902 3221 (Ezeclt.
929 3148 1117 3221 sun).
1136 3149 1273 3205 Nulli
1294 3153 1436 3207 enim
1459 3154 1707 3223 pist‘iCtlli
1729 3172 1850 3213 esse
1875 3168 2127 3224 poterant

2233 1937 2395 2005 Iesu;
2434 1938 2529 1994 illo
2553 1938 2698 1995 enim
2728 1938 2894 2008 duce,
2934 1938 3032 1993 illo
3070 1948 3364 2009 pugnante,
3406 1953 3505 1993 nos
3531 1940 3793 1995 vincimus.

2233 2033 2334 2089 Ille
2373 2034 2658 2103 imperavit
2679 2034 2779 2088 soli
2802 2042 2855 2088 ut
2880 2042 3068 2097 staret,
3106 2041 3158 2087 et
3189 2033 3339 2087 stetit
3373 2050 3385 2086 :
3419 2042 3475 2089 et
3505 2033 3664 2090 istius
3695 2045 3800 2107 typo

2235 2125 2330 2181 ille
2352 2140 2577 2198 magnus
2605 2135 2752 2191 erat,
2794 2126 2886 2182 ille
2919 2125 3239 2196 imperabat,
3281 2125 3377 2180 sed
3422 2125 3678 2182 Dominus
3699 2127 3798 2181 elli-

2232 2219 2431 2275 ciebat.
2465 2219 2560 2275 Ille
2582 2220 2757 2275 vietor
2778 2217 2985 2273 exstitit
3010 2260 3023 2281 ,
3054 2219 3152 2274 ille
3174 2218 3317 2288 quod
3350 2218 3669 2288 frequenter
3692 2221 3804 2289 dixi,

2235 2311 2288 2367 io
2337 2313 2597 2382 spelunca
2645 2312 2887 2382 quinque
2944 2326 3102 2381 reges
3143 2312 3444 2379 interfecit,
3478 2313 3575 2369 ille
3615 2330 3708 2368 nos
3742 2316 3808 2369 in-

2232 2401 2388 2458 duxit
2425 2402 2477 2457 in
2520 2414 2719 2458 terram
2748 2402 3206 2473 repromissionis.
3236 2402 3316 2459 Illi
3344 2418 3572 2475 agamus
3599 2408 3805 2477 gratias;

2236 2496 2331 2552 ille
2370 2504 2453 2551 est
2483 2494 2626 2550 lilius
2655 2494 2774 2551 Non
2799 2537 2816 2564 ,
2846 2495 2992 2567 quod
3024 2511 3124 2553 nos
3152 2495 3384 2568 legimus
3414 2496 3591 2563 Nave;
3622 2497 3709 2554 ille
3730 2508 3800 2554 est

2230 2590 2321 2659 qui
2350 2589 2635 2645 dicebatur
2661 2588 2823 2655 Osee,
2854 2590 2998 2661 quod
3043 2604 3146 2645 nos
3171 2598 3198 2628 ι
3243 2590 3389 2645 Ause
3425 2590 3677 2661 legimus.
3709 2589 3805 2645 Non

2230 2684 2375 2738 enim
2415 2681 2615 2738 dicitur
2641 2681 2940 2738 secundum
2980 2682 3306 2738 IIehraieam
3336 2683 3623 2739 veritatem
3661 2684 3803 2751 Aose,

2229 2778 2323 2833 sed
2366 2777 2530 2845 Osee,
2578 2777 2630 2832 id
2676 2787 2793 2843 est,
2844 2778 3106 2834 salvator.
3152 2778 3292 2835 Vere
3332 2778 3617 2833 salvator:
3657 2778 3807 2833 salvat

2228 2869 2376 2925 enim
2402 2884 2524 2935 nos,
2548 2880 2604 2926 et
2624 2869 2813 2925 eduxit
2837 2871 2905 2925 de
2932 2872 3154 2925 deserto
3175 2914 3189 2937 ,
3220 2882 3274 2925 ct
3304 2871 3520 2926 induxit
3543 2871 3597 2926 in
3632 2881 3805 2926 terram

2231 2963 2697 3033 repromissionis,
2747 2964 2835 3020 cui
2857 2965 2929 3020 sit
2968 2964 3136 3034 gloria
3166 2964 3222 3020 in
3254 2964 3455 3020 stet-uia
3483 2963 3805 3020 smetdomm.

2230 3055 2425 3111 Amen.

2723 3147 3041 3205 PSALLIUS
3078 3147 3340 3205 LXXVII.

538 3243 591 3295 in
631 3241 763 3296 mari
800 3241 1031 3301 Mortuo.
1074 3243 1211 3297 nihil
1258 3244 1479 3299 vivebat
1526 3246 1578 3300 tu
1614 3249 1747 3302 mari
1788 3248 2018 3307 Mortuo.
2051 3252 2129 3309 De
2157 3236 2203 3298 C
2237 3240 2494 3311 Praecipit
2533 3240 2812 3311 Scriptura
2844 3240 3049 3309 divina.
3082 3241 3303 3310 quando
3325 3239 3393 3295 ad
3443 3240 3629 3295 divitis
3664 3254 3804 3307 eran-

536 3334 742 3402 templo
774 3334 1006 3398 Domini,
1054 3333 1160 3395 hoc
1197 3345 1301 3402 est,
1355 3336 1424 3391 de
1467 3339 1586 3392 sinu
1619 3340 1737 3407 ejus
1765 3357 2018 3411 egressus
2045 3354 2131 3401 est

537 3427 808 3493 Salvator,
843 3437 895 3482 et
933 3427 1239 3482 dulcoravit
1277 3446 1424 3485 mare
1453 3430 1758 3497 Mortuutu,
1812 3445 1867 3489 ct
1920 3452 2133 3494 amaras

532 3533 723 3587 aquas.
758 3517 820 3571 In
850 3520 982 3573 mori
1001 3520 1086 3573 aia
1117 3532 1207 3574 tua
1226 3565 1240 3590 ,
1268 3530 1315 3575 et
1346 3523 1537 3577 semita:
1556 3531 1657 3577 tua:
1681 3525 1734 3578 in
1766 3526 1913 3593 "quis
1936 3528 2129 3585 multis.

538 3612 831 3680 Propterea
857 3612 911 3666 in
940 3613 1077 3666 mari
1101 3615 1185 3667 via
1211 3622 1296 3667 tua
1328 3631 1339 3664 :
1371 3622 1429 3668 ut
1457 3624 1510 3668 tu
1542 3615 1748 3672 faceres
1779 3621 1940 3685 viam,
1967 3630 2021 3674 et
2047 3636 2132 3677 se.

534 3710 835 3771 querentur
860 3711 913 3759 te
944 3705 1173 3774 apostoli
1207 3706 1304 3760 tui.

608 3794 677 3853 Et
707 3796 905 3855 semine
943 3806 1047 3853 tum
1086 3798 1140 3854 in
1171 3799 1319 3869 aquis
1348 3801 1549 3867 multis,
1582 3810 1629 3855 et
1664 3803 1877 3874 uestigia
1908 3814 1997 3859 tua
2028 3822 2132 3862 non

534 3899 940 3960 cognoscentur:
965 3890 1231 3946 deduxisti
1253 3892 1386 3947 sicut
1412 3909 1529 3950 oves
1559 3895 1812 3963 populum
1831 3909 2000 3952 tuum.
2029 3898 2133 3954 Bo~

532 3995 637 4036 nus
666 3988 852 4049 pastor
882 3979 1108 4037 deduxit
1157 3982 1313 4051 quasi
1362 3998 1491 4039 oves
1522 3985 1776 4054 populum
1827 4001 2009 4044 Sltlttlt.
2062 3987 2129 4045 In

532 4090 693 4128 manu
724 4066 919 4145 uaga,
939 4082 987 4127 et
1014 4074 1213 4131 Aaron.
1238 4075 1353 4133 Hoc
1372 4075 1501 4132 let-it
1530 4080 1832 4136 secundum
1863 4081 2123 4139 litteram.

530 4162 805 4223 Caeterum
835 4165 1079 4237 quotidie
1108 4165 1240 4223 facit
1268 4168 1323 4223 in
1356 4169 1531 4229 nobis.
1563 4169 1628 4225 lu
1661 4188 1818 4228 manu
1849 4173 2043 4246 Hoysi,
2071 4176 2123 4231 id

530 4267 615 4312 est
650 4258 703 4313 in
746 4258 885 4328 lege.
936 4257 1150 4314 Scimus
1179 4269 1362 4316 autem
1406 4262 1660 4332 quoniam
1690 4264 1777 4319 lex
1825 4266 2129 4337 spiritualis

529 4359 634 4405 est.
663 4349 722 4409 In
754 4351 872 4422 lege
900 4361 987 4408 tua
1015 4350 1286 4424 spirituali
1332 4364 1391 4412 et
1430 4359 1613 4413 Aaron
1639 4380 1651 4411 ι
1681 4357 1783 4416 hoc
1805 4372 1922 4427 est,
1953 4362 2006 4419 in
2028 4378 2122 4419 sa-

524 4444 792 4505 cerdotio.
820 4443 879 4501 In
911 4446 1031 4515 lege
1057 4455 1145 4503 tua
1175 4449 1468 4518 spirituali,
1498 4460 1554 4507 et
1586 4451 1644 4509 in
1671 4455 1982 4511 sacerdotio
2019 4465 2114 4514 tuo

526 4535 815 4605 spirituali,
846 4553 945 4593 nos
974 4538 1247 4597 deduxisti
1293 4542 1554 4612 populum
1587 4554 1739 4601 tuum
1772 4545 1956 4618 (Rom.
1994 4552 2117 4623 vlt).

525 4627 642 4684 Hoc
669 4628 970 4695 secundum
1018 4631 1253 4691 litteram
1300 4634 1670 4707 intelligamus
1721 4640 1790 4696 de
1830 4640 2014 4714 Moyse
2068 4654 2123 4701 et
2152 4630 2204 4691 Β

522 4720 727 4779 Aaron.
750 4719 990 4783 Eductus
1008 4722 1226 4793 quidem
1243 4736 1329 4783 est
1349 4727 1567 4801 Moyses
1586 4738 1646 4786 et
1665 4730 1868 4799 Aaron,
1888 4736 1985 4790 sed
2012 4751 2118 4797 non

524 4811 867 4869 introductus
918 4812 972 4879 in
1025 4823 1224 4875 terram
1258 4822 1729 4889 reprmnissiouis.
1760 4824 2039 4882 Successit
2067 4826 2119 4885 ei

523 4904 913 4963 Jesus.Vitieto
929 4907 1075 4977 quod
1105 4910 1367 4980 scriptum
1401 4928 1486 4971 est
1519 4933 1531 4968 :
1566 4916 1783 4988 Moyses
1812 4918 1865 4973 in
1896 4920 2119 4979 deserto

521 5010 772 5057 mortuus
794 5010 877 5055 est
903 5015 917 5054 τ
942 5002 1126 5063 Aaron
1151 5014 1398 5065 mortuus
1422 5016 1510 5065 est
1530 5024 1546 5068 ;
1573 5007 1741 5066 Ilaria
1766 5024 1980 5069 mortua
2003 5025 2114 5085 est,

520 5103 576 5149 et
608 5095 709 5151 hoc
737 5103 825 5153 est
853 5095 996 5167 quod
1027 5097 1292 5168 scriptum
1314 5110 1400 5157 est
1423 5104 1475 5158 itt
1502 5105 1765 5175 propheta
1797 5123 1810 5160 t
1836 5119 1892 5166 et
1914 5126 2112 5181 percu-

516 5188 669 5257 tiam,
706 5188 898 5260 inquit,
933 5198 1047 5251 trss
1084 5199 1338 5261 paetores
1367 5192 1423 5250 in
1452 5210 1640 5254 mense
1666 5214 1795 5259 uno.
1837 5200 1919 5258 Illi
1961 5218 2113 5260 tuor-

519 5279 594 5335 tui
624 5287 751 5335 sunt
785 5295 1012 5353 tneque
1037 5282 1184 5347 enim
1214 5293 1505 5355 potuerunt
1551 5290 1755 5347 intrare
1801 5293 1855 5348 in
1901 5302 2106 5355 terram

515 5370 960 5442 repromissionis
1014 5373 1215 5448 (Zach.
1265 5376 1338 5449 t).
1393 5378 1660 5441 Viderunt
1728 5388 2111 5445 tantummodo

514 5472 705 5523 contra
737 5473 942 5523 terram
969 5470 1439 5539 repromissionis.
1475 5483 1530 5530 et
1564 5474 1769 5535 intrare
1796 5494 1906 5536 non
1937 5491 2100 5551 potu-

508 5569 687 5613 erunt.
710 5557 884 5619 Ιυᾱειή
914 5560 1162 5625 viderunt
1193 5574 1394 5623 terram
1418 5571 1864 5640 repromissionis
1884 5615 1900 5642 ,
1924 5585 1981 5631 et
2010 5577 2096 5634 in-

502 5660 653 5707 trare
683 5666 791 5713 non
813 5664 1137 5722 potuerunt.
1163 5656 1359 5725 IIortui
1388 5661 1535 5721 enim
1566 5664 1617 5720 in
1649 5664 1899 5734 deserto,
1925 5679 1982 5725 et
2001 5687 2099 5727 ca-

2310 3310 2454 3369 tlittm
2499 3310 2707 3368 invitati
2750 3310 3032 3380 fuerimus,
3063 3327 3186 3368 cum
3232 3311 3596 3381 intelligentia
3643 3312 3805 3367 mitta-

2310 3399 2427 3457 mus
2474 3399 2692 3457 manum
2741 3394 2981 3443 nostram
3016 3382 3080 3438 ad
3120 3383 3330 3457 epulas.
3364 3382 3529 3455 Igitur
3571 3394 3625 3439 et
3673 3384 3806 3439 uoltis

2308 3454 2459 3509 dives
2514 3455 2798 3525 prandium
2857 3453 3206 3526 prmpositutn
3267 3453 3667 3524 Scripturarutu
3714 3462 3802 3508 est.

2315 3526 2566 3582 Venimus
2596 3530 2647 3582 in
2677 3533 2913 3596 pratum,
2943 3528 3035 3582 ubl
3064 3526 3248 3581 herbae
3274 3526 3477 3581 ﬂorent
3502 3545 3516 3580 :
3549 3526 3671 3580 hinc
3699 3541 3803 3580 rosa

2307 3598 2486 3666 rubet,
2513 3599 2647 3655 inde
2672 3599 2905 3655 candent
2932 3599 3062 3665 lilia,
3099 3599 3303 3654 diversi
3334 3597 3499 3655 liores
3523 3609 3665 3652 sunt.
3690 3597 3806 3654 Atti-

2308 3684 2392 3741 ma
2426 3680 2606 3727 nostra
2641 3669 2769 3737 huc,
2804 3670 3037 3741 illo-que
3062 3669 3311 3732 trahitur,
3343 3670 3488 3727 unde
3512 3670 3668 3725 liores
3694 3670 3802 3740 pul-

2306 3738 2551 3815 ebriores
2593 3741 2789 3815 capiat.
2814 3739 2897 3815 _Si
2932 3738 3109 3796 rosam
3134 3742 3477 3815 relligionis,
3521 3738 3707 3815 lilium
3733 3756 3805 3794 re-

2309 3811 2607 3881 linquimus
2633 3811 2737 3865 z'si
2774 3813 2942 3867 lilium
2988 3813 3294 3876 tulerimus,
3327 3813 3486 3867 viola:
3536 3812 3687 3867 nobis
3727 3826 3802 3865 sn-

2309 3894 2551 3956 persuut.
2597 3882 2667 3939 Ita
2700 3895 2751 3938 et
2794 3884 2845 3941 in
2880 3886 3283 3956 septuagesimo
3325 3887 3555 3952 septimo
3590 3884 3803 3956 psalmo.

2305 3954 2401 4023 qui
2443 3957 2699 4027 mysticus
2731 3963 2835 4027 est,
2878 3954 3315 4027 ct'sacramentis
3342 3956 3587 4027 plurimis
3613 3955 3806 4011 involu-

2309 4035 2391 4099 t_us
2420 4045 2431 4080 :
2467 4025 2865 4097 quotacumque
2899 4026 3181 4099 aspexeris
3203 4025 3462 4087 litteram.
3486 4025 3643 4082 ﬂores
3673 4037 3801 4079 sttnt.

2306 4096 2496 4169 Flores
2538 4096 2785 4166 diversi,
2810 4107 2866 4154 ct
2908 4096 3014 4154 non
3056 4114 3342 4169 pO~SllltIIH
3374 4109 3518 4154 totos
3545 4099 3801 4166 colligere.

2307 4168 2580 4239 Eligamus
2632 4180 2809 4226 autem
2838 4186 3000 4242 omne
3032 4168 3175 4242 quod
3224 4188 3532 4240 possumus,
3577 4185 3608 4225 e
3635 4169 3805 4242 paucis

2306 4237 2484 4314 potest
2511 4252 2565 4297 et
2592 4241 3015 4314 cmleraliorutn
3049 4237 3281 4314 dignitas
3313 4237 3686 4314 contemplari.
3713 4237 3800 4294 Iu-

2305 4311 2536 4391 telleclus
2567 4312 2909 4391 dsoph.__IIoc
2941 4311 3504 4391 titultt"[trmttot:ttur.
3540 4311 3669 4391 Ipse
3715 4327 3802 4366 nos

2305 4383 2490 4455 titulus
2535 4387 2601 4437 ad
2648 4383 3054 4454 intelligentiam
3122 4383 3402 4455 provocat.
3456 4383 3632 4454 Asapb
3670 4398 3801 4455 unus

2306 4453 2406 4510 fuit
2435 4456 2502 4511 de
2524 4453 3008 4524 ehorodidasealis,
3038 4453 3174 4512 sicut
3210 4456 3431 4513 luerunt
3457 4468 3511 4513 et
3543 4453 3627 4511 lilii
3651 4454 3799 4521 Core,

2302 4536 2358 4599 et
2384 4528 2616 4589 ldithttn,
2650 4536 2706 4582 et
2733 4530 2937 4587 caeteri.
2990 4531 3128 4599 Ergo
3158 4528 3226 4583 de
3269 4530 3486 4599 exteris
3515 4545 3576 4582 ex
3618 4527 3803 4580 choreo

2302 4597 2615 4669 didascalis,
2661 4610 2715 4653 et
2760 4599 2860 4663 iste
2903 4614 3043 4653 unus
3068 4597 3170 4655 ‘est
3204 4598 3489 4669 propheta.
3527 4600 3654 4668 Quia
3683 4612 3802 4666 ergo

2302 4668 2609 4729 intellectus
2658 4679 2739 4723 cst
2798 4669 3054 4739 simplex,
3102 4681 3156 4725 et
3202 4671 3253 4724 in
3310 4668 3521 4739 psalmo
3570 4678 3803 4725 narratur

2301 4740 2522 4799 historia
2573 4761 2583 4795 :
2636 4740 2963 4813 necessitate
3025 4741 3404 4813 compellimur
3448 4756 3605 4798 omne
3642 4739 3803 4813 Aquod

2296 4815 2560 4881 scripturn
2588 4822 2695 4879 est,
2723 4812 3022 4869 secundum
3053 4811 3472 4882 intelligentiam
3493 4811 3800 4881 intelligere.

2296 4882 2579 4967 -ScriptumA
2598 4895 2719 4941 est:
2748 4883 2805 4940 In
2836 4894 2980 4967 terra
3002 4882 3229 4967 {Egypti
3258 4886 3540 4967 in_rampo
3565 4885 3800 4967 teneas;

2294 4952 2585 5023 Interrupit
2632 4971 2801 5022 mare,
2848 4965 2903 5010 et
2949 4952 3276 5011 eduxii'eos
3323 4959 3375 5011 in
3412 4952 3553 5011 nube
3580 4954 3706 5021 diei,
3750 4963 3800 5007 et

2294 5035 2402 5082 tota
2433 5038 2595 5082 nocte
2626 5028 2677 5082 in
2703 5027 3097 5082 illuminatione
3127 5028 3287 5099 ignis,
3317 5038 3373 5083 et
3396 5039 3613 5083 caetera.
3644 5023 3799 5099 Vide-

2291 5114 2413 5153 mus
2457 5100 2582 5168 quia
2623 5100 2851 5167 simplex
2904 5097 3167 5154 narratur
3195 5099 3442 5155 historia.
3481 5100 3540 5156 Si
3566 5113 3689 5163 ergo
3716 5097 3790 5151 sic

2292 5169 2723 5227 intellexerimus
2756 5181 2812 5226 ut
2839 5172 3100 5238 scriptum
3132 5181 3238 5234 est,
3269 5173 3389 5229 sine
3427 5185 3586 5227 causa
3612 5168 3797 5224 titulus

2284 5251 2615 5315 “amet-atus
2647 5251 2781 5297 “est:
2815 5238 3114 5315 Intellectus
3142 5244 3338 5314 Asaph.
3374 5243 3470 5301 Sin
3504 5252 3685 5315 autem,
3722 5240 3798 5291 in-

2293 5312 2659 5369 tellexerimus
2723 5322 2777 5367 ut
2830 5313 3018 5368 titulus
3083 5312 3438 5384 pra-nentur,
3486 5312 3796 5384 nrccssit'tle

2288 5384 2690 5453 compellimur,
2745 5384 2891 5439 aliud
2946 5386 2997 5439 itt
3052 5382 3232 5441 littera
3284 5387 3519 5453 habere,
3562 5382 3697 5437 aliud
3744 5382 3794 5434 in

2287 5457 2483 5528 spiritu
2510 5458 2771 5529 reperire.

2285 5588 2567 5657 Attendite,
2608 5592 2832 5663 populus
2877 5605 3041 5661 meus,
3090 5590 3254 5664 legem
3289 5607 3455 5647 meam
3496 5607 3515 5645 :
3559 5586 3796 5643 inclinate

2209 5695 2387 5735 aurem
2412 5689 2628 5736 vestram
2650 5682 2703 5737 t'tt
2728 5682 2882 5737 verba
2909 5682 3017 5737 oris
3043 5684 3158 5738 mei.
3182 5683 3426 5756 Aperiunt
3450 5683 3503 5737 in
3541 5679 3795 5752 parabolis

522 5764 1563 5873 ’ἴῃῖῃἘῇξνξξξξηνξῇξξξξξιξοκῐωυε
1585 5779 1872 5839 lectionem
1902 5785 2086 5843 multis
2115 5791 2483 5864 reprehendit.
2533 5791 2667 5851 Vide
2697 5792 2750 5851 in
2796 5792 3066 5854 Jovinian.
3094 5796 3186 5855 lib.
3224 5813 3264 5873 ι,
3298 5812 3419 5872 cap.
3447 5795 3534 5866 12,
3558 5804 3608 5853 et
3638 5791 3793 5851 initio

501 5838 1029 5907 conttttcntariorutn
1059 5842 1112 5905 in
1138 5842 1359 5901 theam.
