  <div class='ocr_page' id='page_1' title='image "/cluster/home/n/w/nwhite01/storage/ocr_20150623/26/hvd.32044015471402/528.png"; bbox 0 0 3954 6340; ppageno 0'>
   <div class='ocr_carea' id='block_1_1' title="bbox 219 283 341 341">
    <p class='ocr_par' dir='ltr' id='par_1_1' title="bbox 219 283 341 341">
     <span class='ocr_line' id='line_1_1' title="bbox 219 283 341 341; baseline -0.025 0"><span class='ocrx_word' id='word_1_1' title='bbox 219 283 341 341; x_wconf 62' lang='lat' dir='ltr'><strong>{ﬁlii</strong></span> 
     </span>
    </p>
   </div>
   <div class='ocr_carea' id='block_1_2' title="bbox 1075 280 2591 344">
    <p class='ocr_par' dir='ltr' id='par_1_2' title="bbox 1075 280 2591 344">
     <span class='ocr_line' id='line_1_2' title="bbox 1075 280 2591 344; baseline 0.001 -6"><span class='ocrx_word' id='word_1_2' title='bbox 1075 280 1508 339; x_wconf 71' lang='lat' dir='ltr'><strong>BREVIAIUUM</strong></span> <span class='ocrx_word' id='word_1_3' title='bbox 1549 281 1614 340; x_wconf 83' lang='lat' dir='ltr'><strong>lN</strong></span> <span class='ocrx_word' id='word_1_4' title='bbox 1657 280 1989 344; x_wconf 68' lang='grc' dir='ltr'><em>Ρειιιιιοε.</em></span> <span class='ocrx_word' id='word_1_5' title='bbox 2031 280 2289 340; x_wconf 69' lang='lat' dir='ltr'><strong>PSALM.</strong></span> <span class='ocrx_word' id='word_1_6' title='bbox 2331 281 2591 342; x_wconf 75' lang='grc' dir='ltr'><em>ιχιινιι.</em></span> 
     </span>
    </p>
   </div>
   <div class='ocr_carea' id='block_1_3' title="bbox 3349 284 3487 343">
    <p class='ocr_par' dir='ltr' id='par_1_3' title="bbox 3349 284 3487 343">
     <span class='ocr_line' id='line_1_3' title="bbox 3349 284 3487 343; baseline 0.043 -6"><span class='ocrx_word' id='word_1_7' title='bbox 3349 284 3487 343; x_wconf 77' lang='grc' dir='ltr'><em>ιιιιϐ</em></span> 
     </span>
    </p>
   </div>
   <div class='ocr_carea' id='block_1_4' title="bbox 213 395 3484 470">
    <p class='ocr_par' dir='ltr' id='par_1_4' title="bbox 213 395 3484 470">
     <span class='ocr_line' id='line_1_4' title="bbox 213 395 3484 470; baseline -0.002 -14"><span class='ocrx_word' id='word_1_8' title='bbox 213 419 264 457; x_wconf 88' lang='lat' dir='ltr'><strong>os</strong></span> <span class='ocrx_word' id='word_1_9' title='bbox 301 414 476 465; x_wconf 76' lang='lat' dir='ltr'><strong>nteant,</strong></span> <span class='ocrx_word' id='word_1_10' title='bbox 526 407 574 451; x_wconf 78' lang='lat' dir='ltr'><strong>et</strong></span> <span class='ocrx_word' id='word_1_11' title='bbox 623 398 805 468; x_wconf 82' lang='lat' dir='ltr'><strong>loquar</strong></span> <span class='ocrx_word' id='word_1_12' title='bbox 854 397 1230 470; x_wconf 80' lang='lat' dir='ltr'><strong>propositiones</strong></span> <span class='ocrx_word' id='word_1_13' title='bbox 1277 397 1342 452; x_wconf 91' lang='lat' dir='ltr'><strong>ab</strong></span> <span class='ocrx_word' id='word_1_14' title='bbox 1370 397 1539 452; x_wconf 82' lang='lat' dir='ltr'><strong>initio.</strong></span> <span class='ocrx_word' id='word_1_15' title='bbox 1579 395 1783 454; x_wconf 67' lang='lat' dir='ltr'><strong>Videtis</strong></span> <span class='ocrx_word' id='word_1_16' title='bbox 1810 399 1860 460; x_wconf 80' lang='grc' dir='ltr'><strong>Α</strong></span> <span class='ocrx_word' id='word_1_17' title='bbox 1889 396 2088 466; x_wconf 84' lang='lat' dir='ltr'><strong>ipstnn,</strong></span> <span class='ocrx_word' id='word_1_18' title='bbox 2120 406 2177 452; x_wconf 86' lang='lat' dir='ltr'><strong>et</strong></span> <span class='ocrx_word' id='word_1_19' title='bbox 2213 397 2392 452; x_wconf 90' lang='lat' dir='ltr'><strong>dicit:</strong></span> <span class='ocrx_word' id='word_1_20' title='bbox 2443 396 2788 468; x_wconf 83' lang='lat' dir='ltr'><strong>Evangelista</strong></span> <span class='ocrx_word' id='word_1_21' title='bbox 2822 407 3002 456; x_wconf 77' lang='lat' dir='ltr'><strong>vester</strong></span> <span class='ocrx_word' id='word_1_22' title='bbox 3044 395 3332 454; x_wconf 68' lang='lat' dir='ltr'><strong>Mztltltattts</strong></span> <span class='ocrx_word' id='word_1_23' title='bbox 3377 405 3484 454; x_wconf 82' lang='lat' dir='ltr'><strong>tam</strong></span> 
     </span>
    </p>
   </div>
   <div class='ocr_carea' id='block_1_5' title="bbox 212 491 1774 567">
    <p class='ocr_par' dir='ltr' id='par_1_5' title="bbox 212 491 1774 567">
     <span class='ocr_line' id='line_1_5' title="bbox 212 491 1774 567; baseline -0.001 -17"><span class='ocrx_word' id='word_1_24' title='bbox 212 497 321 567; x_wconf 82' lang='lat' dir='ltr'><strong>quia</strong></span> <span class='ocrx_word' id='word_1_25' title='bbox 374 495 507 550; x_wconf 84' lang='lat' dir='ltr'><strong>bene</strong></span> <span class='ocrx_word' id='word_1_26' title='bbox 539 508 702 562; x_wconf 82' lang='lat' dir='ltr'><strong>supra</strong></span> <span class='ocrx_word' id='word_1_27' title='bbox 745 493 1010 560; x_wconf 86' lang='lat' dir='ltr'><strong>scriptum</strong></span> <span class='ocrx_word' id='word_1_28' title='bbox 1040 502 1128 550; x_wconf 88' lang='lat' dir='ltr'><strong>est</strong></span> <span class='ocrx_word' id='word_1_29' title='bbox 1173 510 1187 546; x_wconf 90' lang='lat'><strong>:</strong></span> <span class='ocrx_word' id='word_1_30' title='bbox 1230 491 1535 548; x_wconf 74' lang='lat' dir='ltr'><strong>Intellectus</strong></span> <span class='ocrx_word' id='word_1_31' title='bbox 1581 493 1774 563; x_wconf 74' lang='lat' dir='ltr'><strong>Asapls.</strong></span> 
     </span>
    </p>
   </div>
   <div class='ocr_carea' id='block_1_6' title="bbox 212 583 1780 657">
    <p class='ocr_par' dir='ltr' id='par_1_6' title="bbox 212 583 1780 657">
     <span class='ocr_line' id='line_1_6' title="bbox 212 583 1780 657; baseline -0.005 -11"><span class='ocrx_word' id='word_1_32' title='bbox 212 590 434 657; x_wconf 84' lang='lat' dir='ltr'><strong>Denique</strong></span> <span class='ocrx_word' id='word_1_33' title='bbox 481 594 534 641; x_wconf 90' lang='lat' dir='ltr'><strong>ct</strong></span> <span class='ocrx_word' id='word_1_34' title='bbox 587 586 700 655; x_wconf 87' lang='lat' dir='ltr'><strong>ipsa</strong></span> <span class='ocrx_word' id='word_1_35' title='bbox 731 585 1018 656; x_wconf 81' lang='lat' dir='ltr'><strong>praplietia</strong></span> <span class='ocrx_word' id='word_1_36' title='bbox 1067 585 1148 641; x_wconf 87' lang='lat' dir='ltr'><strong>sic</strong></span> <span class='ocrx_word' id='word_1_37' title='bbox 1195 583 1386 655; x_wconf 95' lang='lat' dir='ltr'><strong>incipit</strong></span> <span class='ocrx_word' id='word_1_38' title='bbox 1432 601 1446 640; x_wconf 88' lang='lat'><strong>:</strong></span> <span class='ocrx_word' id='word_1_39' title='bbox 1493 584 1780 650; x_wconf 70' lang='lat' dir='ltr'><strong>Attendite,</strong></span> 
     </span>
    </p>
   </div>
   <div class='ocr_carea' id='block_1_7' title="bbox 209 674 1780 751">
    <p class='ocr_par' dir='ltr' id='par_1_7' title="bbox 209 674 1780 751">
     <span class='ocr_line' id='line_1_7' title="bbox 209 674 1780 751; baseline -0.003 -17"><span class='ocrx_word' id='word_1_40' title='bbox 209 679 413 751; x_wconf 84' lang='lat' dir='ltr'><strong>populus</strong></span> <span class='ocrx_word' id='word_1_41' title='bbox 444 694 604 745; x_wconf 85' lang='lat' dir='ltr'><strong>meus,</strong></span> <span class='ocrx_word' id='word_1_42' title='bbox 635 680 802 750; x_wconf 81' lang='lat' dir='ltr'><strong>legem</strong></span> <span class='ocrx_word' id='word_1_43' title='bbox 832 693 1042 732; x_wconf 78' lang='lat' dir='ltr'><strong>meam:</strong></span> <span class='ocrx_word' id='word_1_44' title='bbox 1088 691 1192 732; x_wconf 87' lang='lat' dir='ltr'><strong>non</strong></span> <span class='ocrx_word' id='word_1_45' title='bbox 1234 675 1404 748; x_wconf 77' lang='lat' dir='ltr'><strong>Moysi</strong></span> <span class='ocrx_word' id='word_1_46' title='bbox 1445 675 1644 744; x_wconf 69' lang='lat' dir='ltr'><strong>legem,</strong></span> <span class='ocrx_word' id='word_1_47' title='bbox 1683 674 1780 731; x_wconf 73' lang='lat' dir='ltr'><strong>sed</strong></span> 
     </span>
    </p>
   </div>
   <div class='ocr_carea' id='block_1_8' title="bbox 209 769 1780 845">
    <p class='ocr_par' dir='ltr' id='par_1_8' title="bbox 209 769 1780 845">
     <span class='ocr_line' id='line_1_8' title="bbox 209 769 1780 845; baseline -0.004 -14"><span class='ocrx_word' id='word_1_48' title='bbox 209 776 363 845; x_wconf 80' lang='lat' dir='ltr'><strong>legem</strong></span> <span class='ocrx_word' id='word_1_49' title='bbox 395 788 591 828; x_wconf 89' lang='lat' dir='ltr'><strong>meam.</strong></span> <span class='ocrx_word' id='word_1_50' title='bbox 623 770 885 826; x_wconf 79' lang='lat' dir='ltr'><strong>Inclinato</strong></span> <span class='ocrx_word' id='word_1_51' title='bbox 913 787 1091 826; x_wconf 82' lang='lat' dir='ltr'><strong>aurem</strong></span> <span class='ocrx_word' id='word_1_52' title='bbox 1122 780 1344 826; x_wconf 82' lang='lat' dir='ltr'><strong>vestram</strong></span> <span class='ocrx_word' id='word_1_53' title='bbox 1385 771 1439 826; x_wconf 88' lang='lat' dir='ltr'><strong>in</strong></span> <span class='ocrx_word' id='word_1_54' title='bbox 1483 769 1634 826; x_wconf 76' lang='lat' dir='ltr'><strong>verba</strong></span> <span class='ocrx_word' id='word_1_55' title='bbox 1673 769 1780 825; x_wconf 89' lang='lat' dir='ltr'><strong>oris</strong></span> 
     </span>
    </p>
   </div>
   <div class='ocr_carea' id='block_1_9' title="bbox 205 863 1781 936">
    <p class='ocr_par' dir='ltr' id='par_1_9' title="bbox 205 863 1781 936">
     <span class='ocr_line' id='line_1_9' title="bbox 205 863 1781 936; baseline -0.001 -13"><span class='ocrx_word' id='word_1_56' title='bbox 205 868 311 923; x_wconf 76' lang='lat' dir='ltr'><strong>mei.</strong></span> <span class='ocrx_word' id='word_1_57' title='bbox 351 867 466 922; x_wconf 81' lang='lat' dir='ltr'><strong>Hoc</strong></span> <span class='ocrx_word' id='word_1_58' title='bbox 513 873 598 920; x_wconf 87' lang='lat' dir='ltr'><strong>est</strong></span> <span class='ocrx_word' id='word_1_59' title='bbox 646 865 792 936; x_wconf 90' lang='lat' dir='ltr'><strong>quod</strong></span> <span class='ocrx_word' id='word_1_60' title='bbox 841 864 970 920; x_wconf 89' lang='lat' dir='ltr'><strong>dicit</strong></span> <span class='ocrx_word' id='word_1_61' title='bbox 1018 865 1073 920; x_wconf 92' lang='lat' dir='ltr'><strong>in</strong></span> <span class='ocrx_word' id='word_1_62' title='bbox 1105 864 1435 936; x_wconf 83' lang='lat' dir='ltr'><strong>Evangelia:</strong></span> <span class='ocrx_word' id='word_1_63' title='bbox 1466 863 1568 933; x_wconf 87' lang='lat' dir='ltr'><strong>Qui</strong></span> <span class='ocrx_word' id='word_1_64' title='bbox 1617 863 1781 922; x_wconf 94' lang='lat' dir='ltr'><strong>habet</strong></span> 
     </span>
    </p>
   </div>
   <div class='ocr_carea' id='block_1_10' title="bbox 201 955 1778 1030">
    <p class='ocr_par' dir='ltr' id='par_1_10' title="bbox 201 955 1778 1030">
     <span class='ocr_line' id='line_1_10' title="bbox 201 955 1778 1030; baseline -0.001 -16"><span class='ocrx_word' id='word_1_65' title='bbox 201 975 344 1016; x_wconf 81' lang='lat' dir='ltr'><strong>aures</strong></span> <span class='ocrx_word' id='word_1_66' title='bbox 371 958 650 1027; x_wconf 79' lang='lat' dir='ltr'><strong>audiendi,</strong></span> <span class='ocrx_word' id='word_1_67' title='bbox 682 957 867 1012; x_wconf 89' lang='lat' dir='ltr'><strong>audiat</strong></span> <span class='ocrx_word' id='word_1_68' title='bbox 901 957 1056 1030; x_wconf 84' lang='lat' dir='ltr'><strong>(Luc.</strong></span> <span class='ocrx_word' id='word_1_69' title='bbox 1084 955 1220 1029; x_wconf 85' lang='lat' dir='ltr'><strong>vui).</strong></span> <span class='ocrx_word' id='word_1_70' title='bbox 1257 958 1503 1030; x_wconf 80' lang='lat' dir='ltr'><strong>Aperiam</strong></span> <span class='ocrx_word' id='word_1_71' title='bbox 1542 959 1596 1012; x_wconf 85' lang='lat' dir='ltr'><strong>in</strong></span> <span class='ocrx_word' id='word_1_72' title='bbox 1620 974 1778 1029; x_wconf 84' lang='lat' dir='ltr'><strong>para-</strong></span> 
     </span>
    </p>
   </div>
   <div class='ocr_carea' id='block_1_11' title="bbox 202 1051 1777 1123">
    <p class='ocr_par' dir='ltr' id='par_1_11' title="bbox 202 1051 1777 1123">
     <span class='ocr_line' id='line_1_11' title="bbox 202 1051 1777 1123; baseline 0 -15"><span class='ocrx_word' id='word_1_73' title='bbox 202 1054 316 1108; x_wconf 88' lang='lat' dir='ltr'><strong>bolis</strong></span> <span class='ocrx_word' id='word_1_74' title='bbox 343 1069 396 1106; x_wconf 92' lang='lat' dir='ltr'><strong>os</strong></span> <span class='ocrx_word' id='word_1_75' title='bbox 437 1068 628 1106; x_wconf 79' lang='lat' dir='ltr'><strong>meum.</strong></span> <span class='ocrx_word' id='word_1_76' title='bbox 656 1051 913 1123; x_wconf 87' lang='lat' dir='ltr'><strong>Aperiam</strong></span> <span class='ocrx_word' id='word_1_77' title='bbox 943 1052 1097 1108; x_wconf 81' lang='lat' dir='ltr'><strong>vobis</strong></span> <span class='ocrx_word' id='word_1_78' title='bbox 1127 1052 1271 1123; x_wconf 87' lang='lat' dir='ltr'><strong>quod</strong></span> <span class='ocrx_word' id='word_1_79' title='bbox 1300 1051 1505 1107; x_wconf 75' lang='lat' dir='ltr'><strong>Judwis</strong></span> <span class='ocrx_word' id='word_1_80' title='bbox 1531 1053 1777 1108; x_wconf 87' lang='lat' dir='ltr'><strong>clausum</strong></span> 
     </span>
    </p>
   </div>
   <div class='ocr_carea' id='block_1_12' title="bbox 197 1144 1774 1216">
    <p class='ocr_par' dir='ltr' id='par_1_12' title="bbox 197 1144 1774 1216">
     <span class='ocr_line' id='line_1_12' title="bbox 197 1144 1774 1216; baseline -0.002 -13"><span class='ocrx_word' id='word_1_81' title='bbox 197 1156 288 1203; x_wconf 83' lang='lat' dir='ltr'><strong>est.</strong></span> <span class='ocrx_word' id='word_1_82' title='bbox 312 1147 551 1216; x_wconf 74' lang='lat' dir='ltr'><strong>Aperiunt</strong></span> <span class='ocrx_word' id='word_1_83' title='bbox 573 1146 627 1200; x_wconf 86' lang='lat' dir='ltr'><strong>in</strong></span> <span class='ocrx_word' id='word_1_84' title='bbox 657 1146 929 1215; x_wconf 79' lang='lat' dir='ltr'><strong>parabolis</strong></span> <span class='ocrx_word' id='word_1_85' title='bbox 949 1163 1005 1200; x_wconf 90' lang='lat' dir='ltr'><strong>os</strong></span> <span class='ocrx_word' id='word_1_86' title='bbox 1028 1162 1217 1206; x_wconf 74' lang='lat' dir='ltr'><strong>incum.</strong></span> <span class='ocrx_word' id='word_1_87' title='bbox 1244 1144 1312 1200; x_wconf 86' lang='lat' dir='ltr'><strong>Et</strong></span> <span class='ocrx_word' id='word_1_88' title='bbox 1333 1145 1452 1200; x_wconf 83' lang='lat' dir='ltr'><strong>sine</strong></span> <span class='ocrx_word' id='word_1_89' title='bbox 1483 1144 1774 1214; x_wconf 68' lang='lat' dir='ltr'><strong>parabolis,</strong></span> 
     </span>
    </p>
   </div>
   <div class='ocr_carea' id='block_1_13' title="bbox 195 1237 1775 1308">
    <p class='ocr_par' dir='ltr' id='par_1_13' title="bbox 195 1237 1775 1308">
     <span class='ocr_line' id='line_1_13' title="bbox 195 1237 1775 1308; baseline -0.001 -14"><span class='ocrx_word' id='word_1_90' title='bbox 195 1239 370 1308; x_wconf 86' lang='lat' dir='ltr'><strong>inquit,</strong></span> <span class='ocrx_word' id='word_1_91' title='bbox 421 1253 528 1293; x_wconf 92' lang='lat' dir='ltr'><strong>non</strong></span> <span class='ocrx_word' id='word_1_92' title='bbox 579 1238 905 1308; x_wconf 85' lang='lat' dir='ltr'><strong>loquebatur</strong></span> <span class='ocrx_word' id='word_1_93' title='bbox 934 1238 1017 1293; x_wconf 89' lang='lat' dir='ltr'><strong>eis</strong></span> <span class='ocrx_word' id='word_1_94' title='bbox 1063 1256 1074 1290; x_wconf 95' lang='lat'>:</span> <span class='ocrx_word' id='word_1_95' title='bbox 1123 1237 1410 1306; x_wconf 79' lang='lat' dir='ltr'><strong>discipulis</strong></span> <span class='ocrx_word' id='word_1_96' title='bbox 1447 1247 1630 1291; x_wconf 86' lang='lat' dir='ltr'><strong>autem</strong></span> <span class='ocrx_word' id='word_1_97' title='bbox 1662 1237 1775 1292; x_wconf 84' lang='lat' dir='ltr'><strong>suis</strong></span> 
     </span>
    </p>
   </div>
   <div class='ocr_carea' id='block_1_14' title="bbox 192 1328 1774 1401">
    <p class='ocr_par' dir='ltr' id='par_1_14' title="bbox 192 1328 1774 1401">
     <span class='ocr_line' id='line_1_14' title="bbox 192 1328 1774 1401; baseline -0.002 -14"><span class='ocrx_word' id='word_1_98' title='bbox 192 1339 387 1388; x_wconf 79' lang='lat' dir='ltr'><strong>secreto</strong></span> <span class='ocrx_word' id='word_1_99' title='bbox 429 1331 675 1386; x_wconf 71' lang='lat' dir='ltr'><strong>spirabat</strong></span> <span class='ocrx_word' id='word_1_100' title='bbox 707 1330 1000 1400; x_wconf 88' lang='lat' dir='ltr'><strong>parabolas</strong></span> <span class='ocrx_word' id='word_1_101' title='bbox 1045 1328 1238 1401; x_wconf 73' lang='lat' dir='ltr'><strong>(Marc.</strong></span> <span class='ocrx_word' id='word_1_102' title='bbox 1273 1333 1373 1397; x_wconf 91' lang='lat' dir='ltr'><strong>tv).</strong></span> <span class='ocrx_word' id='word_1_103' title='bbox 1424 1329 1669 1400; x_wconf 77' lang='lat' dir='ltr'><strong>Aperiunt</strong></span> <span class='ocrx_word' id='word_1_104' title='bbox 1720 1330 1774 1384; x_wconf 85' lang='lat' dir='ltr'><strong>in</strong></span> 
     </span>
    </p>
   </div>
   <div class='ocr_carea' id='block_1_15' title="bbox 192 1422 1774 1496">
    <p class='ocr_par' dir='ltr' id='par_1_15' title="bbox 192 1422 1774 1496">
     <span class='ocr_line' id='line_1_15' title="bbox 192 1422 1774 1496; baseline -0.002 -16"><span class='ocrx_word' id='word_1_105' title='bbox 192 1422 434 1496; x_wconf 79' lang='lat' dir='ltr'><strong>parabolis</strong></span> <span class='ocrx_word' id='word_1_106' title='bbox 482 1441 544 1480; x_wconf 84' lang='lat' dir='ltr'><strong>os</strong></span> <span class='ocrx_word' id='word_1_107' title='bbox 575 1440 764 1480; x_wconf 85' lang='lat' dir='ltr'><strong>nteum.</strong></span> <span class='ocrx_word' id='word_1_108' title='bbox 814 1423 972 1492; x_wconf 83' lang='lat' dir='ltr'><strong>Quod</strong></span> <span class='ocrx_word' id='word_1_109' title='bbox 1024 1423 1134 1479; x_wconf 85' lang='lat' dir='ltr'><strong>illis</strong></span> <span class='ocrx_word' id='word_1_110' title='bbox 1172 1424 1225 1479; x_wconf 93' lang='lat' dir='ltr'><strong>in</strong></span> <span class='ocrx_word' id='word_1_111' title='bbox 1259 1423 1536 1494; x_wconf 84' lang='lat' dir='ltr'><strong>parabolis</strong></span> <span class='ocrx_word' id='word_1_112' title='bbox 1579 1422 1774 1493; x_wconf 85' lang='lat' dir='ltr'><strong>loquar</strong></span> 
     </span>
    </p>
   </div>
   <div class='ocr_carea' id='block_1_16' title="bbox 191 1511 1768 1590">
    <p class='ocr_par' dir='ltr' id='par_1_16' title="bbox 191 1511 1768 1590">
     <span class='ocr_line' id='line_1_16' title="bbox 191 1511 1768 1590; baseline -0.003 -16"><span class='ocrx_word' id='word_1_113' title='bbox 191 1519 324 1586; x_wconf 75' lang='lat' dir='ltr'><strong>foris,</strong></span> <span class='ocrx_word' id='word_1_114' title='bbox 350 1517 500 1573; x_wconf 80' lang='lat' dir='ltr'><strong>vobis</strong></span> <span class='ocrx_word' id='word_1_115' title='bbox 552 1517 886 1574; x_wconf 89' lang='lat' dir='ltr'><strong>intrinsecus</strong></span> <span class='ocrx_word' id='word_1_116' title='bbox 922 1517 1187 1587; x_wconf 84' lang='lat' dir='ltr'><strong>aperiam.</strong></span> <span class='ocrx_word' id='word_1_117' title='bbox 1222 1511 1289 1571; x_wconf 85' lang='lat' dir='ltr'><strong>Et</strong></span> <span class='ocrx_word' id='word_1_118' title='bbox 1315 1517 1500 1587; x_wconf 77' lang='lat' dir='ltr'><strong>loquar</strong></span> <span class='ocrx_word' id='word_1_119' title='bbox 1529 1516 1768 1590; x_wconf 67' lang='lat' dir='ltr'><strong>prop085~</strong></span> 
     </span>
    </p>
   </div>
   <div class='ocr_carea' id='block_1_17' title="bbox 188 1608 1770 1682">
    <p class='ocr_par' dir='ltr' id='par_1_17' title="bbox 188 1608 1770 1682">
     <span class='ocr_line' id='line_1_17' title="bbox 188 1608 1770 1682; baseline 0.001 -16"><span class='ocrx_word' id='word_1_120' title='bbox 188 1615 328 1666; x_wconf 70' lang='lat' dir='ltr'><strong>tiones</strong></span> <span class='ocrx_word' id='word_1_121' title='bbox 386 1612 452 1665; x_wconf 90' lang='lat' dir='ltr'><strong>ab</strong></span> <span class='ocrx_word' id='word_1_122' title='bbox 502 1611 676 1666; x_wconf 82' lang='lat' dir='ltr'><strong>initio.</strong></span> <span class='ocrx_word' id='word_1_123' title='bbox 722 1610 830 1665; x_wconf 88' lang='lat' dir='ltr'><strong>Pro</strong></span> <span class='ocrx_word' id='word_1_124' title='bbox 873 1609 1371 1682; x_wconf 83' lang='lat' dir='ltr'><strong>propositionibus,</strong></span> <span class='ocrx_word' id='word_1_125' title='bbox 1427 1608 1481 1664; x_wconf 89' lang='lat' dir='ltr'><strong>in</strong></span> <span class='ocrx_word' id='word_1_126' title='bbox 1540 1609 1770 1667; x_wconf 63' lang='lat' dir='ltr'><strong>Hebraeo</strong></span> 
     </span>
    </p>
   </div>
   <div class='ocr_carea' id='block_1_18' title="bbox 185 1705 1764 1777">
    <p class='ocr_par' dir='ltr' id='par_1_18' title="bbox 185 1705 1764 1777">
     <span class='ocr_line' id='line_1_18' title="bbox 185 1705 1764 1777; baseline 0 -17"><span class='ocrx_word' id='word_1_127' title='bbox 185 1706 352 1772; x_wconf 87' lang='lat' dir='ltr'><strong>habet,</strong></span> <span class='ocrx_word' id='word_1_128' title='bbox 372 1707 426 1760; x_wconf 84' lang='lat' dir='ltr'><strong>in</strong></span> <span class='ocrx_word' id='word_1_129' title='bbox 447 1707 746 1777; x_wconf 75' lang='lat' dir='ltr'><strong>wnigmate.</strong></span> <span class='ocrx_word' id='word_1_130' title='bbox 781 1706 920 1775; x_wconf 87' lang='lat' dir='ltr'><strong>Erga</strong></span> <span class='ocrx_word' id='word_1_131' title='bbox 943 1720 1104 1762; x_wconf 87' lang='lat' dir='ltr'><strong>omne</strong></span> <span class='ocrx_word' id='word_1_132' title='bbox 1127 1705 1268 1776; x_wconf 92' lang='lat' dir='ltr'><strong>quod</strong></span> <span class='ocrx_word' id='word_1_133' title='bbox 1291 1705 1510 1773; x_wconf 89' lang='lat' dir='ltr'><strong>dicitur,</strong></span> <span class='ocrx_word' id='word_1_134' title='bbox 1533 1705 1764 1776; x_wconf 66' lang='lat' dir='ltr'><strong>aenigma</strong></span> 
     </span>
    </p>
   </div>
   <div class='ocr_carea' id='block_1_19' title="bbox 1888 488 3486 560">
    <p class='ocr_par' dir='ltr' id='par_1_19' title="bbox 1888 488 3486 560">
     <span class='ocr_line' id='line_1_19' title="bbox 1888 488 3486 560; baseline 0.001 -16"><span class='ocrx_word' id='word_1_135' title='bbox 1888 489 2170 559; x_wconf 87' lang='lat' dir='ltr'><strong>imperitus</strong></span> <span class='ocrx_word' id='word_1_136' title='bbox 2219 489 2338 558; x_wconf 82' lang='lat' dir='ltr'><strong>fuit,</strong></span> <span class='ocrx_word' id='word_1_137' title='bbox 2375 497 2432 542; x_wconf 91' lang='lat' dir='ltr'><strong>nt.</strong></span> <span class='ocrx_word' id='word_1_138' title='bbox 2484 490 2695 544; x_wconf 85' lang='lat' dir='ltr'><strong>diceret</strong></span> <span class='ocrx_word' id='word_1_139' title='bbox 2741 508 2752 542; x_wconf 89' lang='lat'><strong>:</strong></span> <span class='ocrx_word' id='word_1_140' title='bbox 2801 488 2942 558; x_wconf 91' lang='lat' dir='ltr'><strong>quod</strong></span> <span class='ocrx_word' id='word_1_141' title='bbox 2975 489 3238 560; x_wconf 87' lang='lat' dir='ltr'><strong>scriptum</strong></span> <span class='ocrx_word' id='word_1_142' title='bbox 3266 497 3352 544; x_wconf 84' lang='lat' dir='ltr'><strong>est</strong></span> <span class='ocrx_word' id='word_1_143' title='bbox 3389 503 3486 560; x_wconf 84' lang='lat' dir='ltr'><strong>per</strong></span> 
     </span>
    </p>
   </div>
   <div class='ocr_carea' id='block_1_20' title="bbox 1888 581 3484 654">
    <p class='ocr_par' dir='ltr' id='par_1_20' title="bbox 1888 581 3484 654">
     <span class='ocr_line' id='line_1_20' title="bbox 1888 581 3484 654; baseline 0.001 -18"><span class='ocrx_word' id='word_1_144' title='bbox 1888 582 2079 638; x_wconf 88' lang='lat' dir='ltr'><strong>Isaiam</strong></span> <span class='ocrx_word' id='word_1_145' title='bbox 2122 581 2446 654; x_wconf 62' lang='lat' dir='ltr'><strong>proiihetam</strong></span> <span class='ocrx_word' id='word_1_146' title='bbox 2478 601 2491 640; x_wconf 89' lang='lat'><strong>:</strong></span> <span class='ocrx_word' id='word_1_147' title='bbox 2528 582 2776 653; x_wconf 82' lang='lat' dir='ltr'><strong>Aperiam</strong></span> <span class='ocrx_word' id='word_1_148' title='bbox 2800 584 2852 636; x_wconf 83' lang='lat' dir='ltr'><strong>in</strong></span> <span class='ocrx_word' id='word_1_149' title='bbox 2894 581 3159 654; x_wconf 80' lang='lat' dir='ltr'><strong>parabolis</strong></span> <span class='ocrx_word' id='word_1_150' title='bbox 3187 597 3244 638; x_wconf 91' lang='lat' dir='ltr'><strong>os</strong></span> <span class='ocrx_word' id='word_1_151' title='bbox 3291 597 3484 650; x_wconf 69' lang='lat' dir='ltr'><strong>nterim,</strong></span> 
     </span>
    </p>
   </div>
   <div class='ocr_carea' id='block_1_21' title="bbox 1883 674 3484 748">
    <p class='ocr_par' dir='ltr' id='par_1_21' title="bbox 1883 674 3484 748">
     <span class='ocr_line' id='line_1_21' title="bbox 1883 674 3484 748; baseline 0.003 -18"><span class='ocrx_word' id='word_1_152' title='bbox 1883 684 1933 730; x_wconf 84' lang='lat' dir='ltr'><strong>et</strong></span> <span class='ocrx_word' id='word_1_153' title='bbox 1980 675 2163 748; x_wconf 79' lang='lat' dir='ltr'><strong>loquar</strong></span> <span class='ocrx_word' id='word_1_154' title='bbox 2201 675 2586 747; x_wconf 80' lang='lat' dir='ltr'><strong>prepositiones</strong></span> <span class='ocrx_word' id='word_1_155' title='bbox 2631 674 2693 729; x_wconf 87' lang='lat' dir='ltr'><strong>ab</strong></span> <span class='ocrx_word' id='word_1_156' title='bbox 2743 674 2891 730; x_wconf 88' lang='lat' dir='ltr'><strong>initia</strong></span> <span class='ocrx_word' id='word_1_157' title='bbox 2936 690 2953 730; x_wconf 88' lang='lat'><strong><em>:</em></strong></span> <span class='ocrx_word' id='word_1_158' title='bbox 2994 689 3128 747; x_wconf 85' lang='lat' dir='ltr'><strong>ergo</strong></span> <span class='ocrx_word' id='word_1_159' title='bbox 3157 674 3484 746; x_wconf 76' lang='lat' dir='ltr'><strong>simpliciter</strong></span> 
     </span>
    </p>
   </div>
   <div class='ocr_carea' id='block_1_22' title="bbox 1883 765 3480 837">
    <p class='ocr_par' dir='ltr' id='par_1_22' title="bbox 1883 765 3480 837">
     <span class='ocr_line' id='line_1_22' title="bbox 1883 765 3480 837; baseline -0.001 -13"><span class='ocrx_word' id='word_1_160' title='bbox 1883 765 2132 824; x_wconf 84' lang='lat' dir='ltr'><strong>dicamus</strong></span> <span class='ocrx_word' id='word_1_161' title='bbox 2163 783 2177 820; x_wconf 92' lang='lat'><strong>:</strong></span> <span class='ocrx_word' id='word_1_162' title='bbox 2209 765 2484 836; x_wconf 90' lang='lat' dir='ltr'><strong>quomodo</strong></span> <span class='ocrx_word' id='word_1_163' title='bbox 2514 765 2647 822; x_wconf 92' lang='lat' dir='ltr'><strong>illud</strong></span> <span class='ocrx_word' id='word_1_164' title='bbox 2677 766 2730 822; x_wconf 92' lang='lat' dir='ltr'><strong>in</strong></span> <span class='ocrx_word' id='word_1_165' title='bbox 2763 766 3056 836; x_wconf 71' lang='lat' dir='ltr'><strong>Evangelia</strong></span> <span class='ocrx_word' id='word_1_166' title='bbox 3084 765 3348 837; x_wconf 86' lang='lat' dir='ltr'><strong>scriptum</strong></span> <span class='ocrx_word' id='word_1_167' title='bbox 3372 776 3480 836; x_wconf 89' lang='lat' dir='ltr'><strong>est,</strong></span> 
     </span>
    </p>
   </div>
   <div class='ocr_carea' id='block_1_23' title="bbox 1881 858 3479 934">
    <p class='ocr_par' dir='ltr' id='par_1_23' title="bbox 1881 858 3479 934">
     <span class='ocr_line' id='line_1_23' title="bbox 1881 858 3479 934; baseline 0 -18"><span class='ocrx_word' id='word_1_168' title='bbox 1881 861 1962 916; x_wconf 89' lang='lat' dir='ltr'><strong>sic</strong></span> <span class='ocrx_word' id='word_1_169' title='bbox 1994 861 2263 931; x_wconf 88' lang='lat' dir='ltr'><strong>scriptum</strong></span> <span class='ocrx_word' id='word_1_170' title='bbox 2309 871 2393 916; x_wconf 88' lang='lat' dir='ltr'><strong>est</strong></span> <span class='ocrx_word' id='word_1_171' title='bbox 2432 860 2486 916; x_wconf 89' lang='lat' dir='ltr'><strong>itt</strong></span> <span class='ocrx_word' id='word_1_172' title='bbox 2517 859 2773 916; x_wconf 73' lang='lat' dir='ltr'><strong>blalthzeo</strong></span> <span class='ocrx_word' id='word_1_173' title='bbox 2815 871 2868 917; x_wconf 90' lang='lat' dir='ltr'><strong>et</strong></span> <span class='ocrx_word' id='word_1_174' title='bbox 2895 858 3132 928; x_wconf 85' lang='lat' dir='ltr'><strong>Joanne,</strong></span> <span class='ocrx_word' id='word_1_175' title='bbox 3176 861 3320 934; x_wconf 88' lang='lat' dir='ltr'><strong>quod</strong></span> <span class='ocrx_word' id='word_1_176' title='bbox 3371 861 3479 918; x_wconf 92' lang='lat' dir='ltr'><strong>Do-</strong></span> 
     </span>
    </p>
   </div>
   <div class='ocr_carea' id='block_1_24' title="bbox 1882 951 3476 1010">
    <p class='ocr_par' dir='ltr' id='par_1_24' title="bbox 1882 951 3476 1010">
     <span class='ocr_line' id='line_1_24' title="bbox 1882 951 3476 1010; baseline 0.001 -2"><span class='ocrx_word' id='word_1_177' title='bbox 1882 953 2063 1008; x_wconf 87' lang='lat' dir='ltr'><strong>minus</strong></span> <span class='ocrx_word' id='word_1_178' title='bbox 2112 962 2296 1008; x_wconf 90' lang='lat' dir='ltr'><strong>noster</strong></span> <span class='ocrx_word' id='word_1_179' title='bbox 2351 953 2490 1007; x_wconf 85' lang='lat' dir='ltr'><strong>hora</strong></span> <span class='ocrx_word' id='word_1_180' title='bbox 2537 962 2691 1008; x_wconf 84' lang='lat' dir='ltr'><strong>sexta</strong></span> <span class='ocrx_word' id='word_1_181' title='bbox 2740 951 3033 1009; x_wconf 79' lang='lat' dir='ltr'><strong>cruciﬁxus</strong></span> <span class='ocrx_word' id='word_1_182' title='bbox 3080 953 3170 1010; x_wconf 88' lang='lat' dir='ltr'><strong>sit.</strong></span> <span class='ocrx_word' id='word_1_183' title='bbox 3239 954 3476 1010; x_wconf 80' lang='lat' dir='ltr'><strong>Rursum</strong></span> 
     </span>
    </p>
   </div>
   <div class='ocr_carea' id='block_1_25' title="bbox 1880 1046 3476 1119">
    <p class='ocr_par' dir='ltr' id='par_1_25' title="bbox 1880 1046 3476 1119">
     <span class='ocr_line' id='line_1_25' title="bbox 1880 1046 3476 1119; baseline -0.001 -15"><span class='ocrx_word' id='word_1_184' title='bbox 1880 1049 2143 1118; x_wconf 84' lang='lat' dir='ltr'><strong>scriptum</strong></span> <span class='ocrx_word' id='word_1_185' title='bbox 2177 1058 2260 1103; x_wconf 90' lang='grc' dir='ltr'><strong>εει</strong></span> <span class='ocrx_word' id='word_1_186' title='bbox 2293 1048 2344 1102; x_wconf 93' lang='lat' dir='ltr'><strong>in</strong></span> <span class='ocrx_word' id='word_1_187' title='bbox 2373 1046 2559 1104; x_wconf 85' lang='lat' dir='ltr'><strong>Marco</strong></span> <span class='ocrx_word' id='word_1_188' title='bbox 2589 1066 2601 1101; x_wconf 84' lang='lat'><strong>:</strong></span> <span class='ocrx_word' id='word_1_189' title='bbox 2636 1049 2764 1119; x_wconf 88' lang='lat' dir='ltr'><strong>quia</strong></span> <span class='ocrx_word' id='word_1_190' title='bbox 2805 1050 2938 1104; x_wconf 89' lang='lat' dir='ltr'><strong>hora</strong></span> <span class='ocrx_word' id='word_1_191' title='bbox 2972 1048 3137 1104; x_wconf 89' lang='lat' dir='ltr'><strong>tertia</strong></span> <span class='ocrx_word' id='word_1_192' title='bbox 3183 1046 3476 1104; x_wconf 75' lang='lat' dir='ltr'><strong>cruciﬁxus</strong></span> 
     </span>
    </p>
   </div>
   <div class='ocr_carea' id='block_1_26' title="bbox 1879 1139 3474 1205">
    <p class='ocr_par' dir='ltr' id='par_1_26' title="bbox 1879 1139 3474 1205">
     <span class='ocr_line' id='line_1_26' title="bbox 1879 1139 3474 1205; baseline -0.001 -9"><span class='ocrx_word' id='word_1_193' title='bbox 1879 1143 1970 1196; x_wconf 88' lang='lat' dir='ltr'><strong>sit.</strong></span> <span class='ocrx_word' id='word_1_194' title='bbox 2026 1141 2141 1196; x_wconf 86' lang='lat' dir='ltr'><strong>liae</strong></span> <span class='ocrx_word' id='word_1_195' title='bbox 2164 1139 2383 1196; x_wconf 88' lang='lat' dir='ltr'><strong>videtur</strong></span> <span class='ocrx_word' id='word_1_196' title='bbox 2413 1154 2534 1196; x_wconf 81' lang='lat' dir='ltr'><strong>esse</strong></span> <span class='ocrx_word' id='word_1_197' title='bbox 2579 1139 2884 1205; x_wconf 87' lang='lat' dir='ltr'><strong>diversum,</strong></span> <span class='ocrx_word' id='word_1_198' title='bbox 2911 1141 3007 1196; x_wconf 87' lang='lat' dir='ltr'><strong>sed</strong></span> <span class='ocrx_word' id='word_1_199' title='bbox 3040 1155 3148 1196; x_wconf 92' lang='lat' dir='ltr'><strong>non</strong></span> <span class='ocrx_word' id='word_1_200' title='bbox 3180 1150 3264 1196; x_wconf 90' lang='lat' dir='ltr'><strong>est</strong></span> <span class='ocrx_word' id='word_1_201' title='bbox 3290 1139 3474 1196; x_wconf 87' lang='lat' dir='ltr'><strong>diver-</strong></span> 
     </span>
    </p>
   </div>
   <div class='ocr_carea' id='block_1_27' title="bbox 1877 1234 3475 1306">
    <p class='ocr_par' dir='ltr' id='par_1_27' title="bbox 1877 1234 3475 1306">
     <span class='ocr_line' id='line_1_27' title="bbox 1877 1234 3475 1306; baseline 0.001 -16"><span class='ocrx_word' id='word_1_202' title='bbox 1877 1252 2021 1292; x_wconf 91' lang='lat' dir='ltr'><strong>sum.</strong></span> <span class='ocrx_word' id='word_1_203' title='bbox 2087 1236 2254 1290; x_wconf 87' lang='lat' dir='ltr'><strong>Error</strong></span> <span class='ocrx_word' id='word_1_204' title='bbox 2311 1237 2642 1306; x_wconf 87' lang='lat' dir='ltr'><strong>scriptorum</strong></span> <span class='ocrx_word' id='word_1_205' title='bbox 2691 1234 2837 1292; x_wconf 80' lang='lat' dir='ltr'><strong>fuit:</strong></span> <span class='ocrx_word' id='word_1_206' title='bbox 2878 1236 2948 1292; x_wconf 87' lang='lat' dir='ltr'><strong>Et</strong></span> <span class='ocrx_word' id='word_1_207' title='bbox 3009 1237 3062 1290; x_wconf 93' lang='lat' dir='ltr'><strong>in</strong></span> <span class='ocrx_word' id='word_1_208' title='bbox 3115 1237 3296 1292; x_wconf 85' lang='lat' dir='ltr'><strong>Marco</strong></span> <span class='ocrx_word' id='word_1_209' title='bbox 3342 1235 3475 1292; x_wconf 88' lang='lat' dir='ltr'><strong>hora</strong></span> 
     </span>
    </p>
   </div>
   <div class='ocr_carea' id='block_1_28' title="bbox 1877 1328 3472 1400">
    <p class='ocr_par' dir='ltr' id='par_1_28' title="bbox 1877 1328 3472 1400">
     <span class='ocr_line' id='line_1_28' title="bbox 1877 1328 3472 1400; baseline 0.001 -17"><span class='ocrx_word' id='word_1_210' title='bbox 1877 1337 2030 1384; x_wconf 83' lang='lat' dir='ltr'><strong>sexta</strong></span> <span class='ocrx_word' id='word_1_211' title='bbox 2075 1328 2338 1399; x_wconf 90' lang='lat' dir='ltr'><strong>scriptum</strong></span> <span class='ocrx_word' id='word_1_212' title='bbox 2386 1328 2517 1396; x_wconf 77' lang='lat' dir='ltr'><strong>fuit;</strong></span> <span class='ocrx_word' id='word_1_213' title='bbox 2570 1329 2665 1386; x_wconf 90' lang='lat' dir='ltr'><strong>sed</strong></span> <span class='ocrx_word' id='word_1_214' title='bbox 2697 1329 2854 1385; x_wconf 89' lang='lat' dir='ltr'><strong>multi</strong></span> <span class='ocrx_word' id='word_1_215' title='bbox 2883 1330 3190 1400; x_wconf 87' lang='lat' dir='ltr'><strong>episemum</strong></span> <span class='ocrx_word' id='word_1_216' title='bbox 3219 1330 3472 1388; x_wconf 70' lang='lat' dir='ltr'><strong>Graecum</strong></span> 
     </span>
    </p>
   </div>
   <div class='ocr_carea' id='block_1_29' title="bbox 1875 1422 3468 1498">
    <p class='ocr_par' dir='ltr' id='par_1_29' title="bbox 1875 1422 3468 1498">
     <span class='ocr_line' id='line_1_29' title="bbox 1875 1422 3468 1498; baseline 0.002 -21"><span class='ocrx_word' id='word_1_217' title='bbox 1875 1445 1934 1489; x_wconf 83' lang='grc' dir='ltr'><em>ς,</em></span> <span class='ocrx_word' id='word_1_218' title='bbox 1960 1429 2295 1492; x_wconf 87' lang='lat' dir='ltr'><strong>putaverunt</strong></span> <span class='ocrx_word' id='word_1_219' title='bbox 2320 1437 2442 1478; x_wconf 89' lang='lat' dir='ltr'><strong>esse</strong></span> <span class='ocrx_word' id='word_1_220' title='bbox 2464 1445 2497 1495; x_wconf 74' lang='grc' dir='ltr'><em>γ</em></span> <span class='ocrx_word' id='word_1_221' title='bbox 2523 1441 2535 1478; x_wconf 91' lang='lat'><strong>:</strong></span> <span class='ocrx_word' id='word_1_222' title='bbox 2570 1423 2712 1478; x_wconf 89' lang='lat' dir='ltr'><strong>sicut</strong></span> <span class='ocrx_word' id='word_1_223' title='bbox 2742 1432 2796 1478; x_wconf 92' lang='lat' dir='ltr'><strong>et</strong></span> <span class='ocrx_word' id='word_1_224' title='bbox 2820 1422 2898 1480; x_wconf 90' lang='lat' dir='ltr'><strong>ibi</strong></span> <span class='ocrx_word' id='word_1_225' title='bbox 2921 1438 3078 1480; x_wconf 88' lang='lat' dir='ltr'><strong>error</strong></span> <span class='ocrx_word' id='word_1_226' title='bbox 3108 1423 3208 1479; x_wconf 81' lang='lat' dir='ltr'><strong>fuit</strong></span> <span class='ocrx_word' id='word_1_227' title='bbox 3229 1425 3468 1498; x_wconf 88' lang='lat' dir='ltr'><strong>scripto-</strong></span> 
     </span>
    </p>
   </div>
   <div class='ocr_carea' id='block_1_30' title="bbox 1875 1514 3472 1585">
    <p class='ocr_par' dir='ltr' id='par_1_30' title="bbox 1875 1514 3472 1585">
     <span class='ocr_line' id='line_1_30' title="bbox 1875 1514 3472 1585; baseline 0.003 -17"><span class='ocrx_word' id='word_1_228' title='bbox 1875 1528 1994 1568; x_wconf 91' lang='lat' dir='ltr'><strong>rum</strong></span> <span class='ocrx_word' id='word_1_229' title='bbox 2052 1531 2063 1566; x_wconf 91' lang='lat'>:</span> <span class='ocrx_word' id='word_1_230' title='bbox 2113 1522 2173 1568; x_wconf 84' lang='lat' dir='ltr'><strong>ut</strong></span> <span class='ocrx_word' id='word_1_231' title='bbox 2215 1529 2318 1585; x_wconf 90' lang='lat' dir='ltr'><strong>pro</strong></span> <span class='ocrx_word' id='word_1_232' title='bbox 2365 1514 2587 1585; x_wconf 88' lang='lat' dir='ltr'><strong>Asaph,</strong></span> <span class='ocrx_word' id='word_1_233' title='bbox 2640 1515 2830 1569; x_wconf 89' lang='lat' dir='ltr'><strong>lsaiam</strong></span> <span class='ocrx_word' id='word_1_234' title='bbox 2881 1515 3206 1573; x_wconf 85' lang='lat' dir='ltr'><strong>scriberent.</strong></span> <span class='ocrx_word' id='word_1_235' title='bbox 3257 1516 3472 1574; x_wconf 86' lang='lat' dir='ltr'><strong>Scimus</strong></span> 
     </span>
    </p>
   </div>
   <div class='ocr_carea' id='block_1_31' title="bbox 1873 1603 3469 1681">
    <p class='ocr_par' dir='ltr' id='par_1_31' title="bbox 1873 1603 3469 1681">
     <span class='ocr_line' id='line_1_31' title="bbox 1873 1603 3469 1681; baseline 0.003 -23"><span class='ocrx_word' id='word_1_236' title='bbox 1873 1603 2017 1658; x_wconf 88' lang='lat' dir='ltr'><strong>enim</strong></span> <span class='ocrx_word' id='word_1_237' title='bbox 2049 1604 2172 1675; x_wconf 85' lang='lat' dir='ltr'><strong>quia</strong></span> <span class='ocrx_word' id='word_1_238' title='bbox 2210 1604 2381 1675; x_wconf 88' lang='lat' dir='ltr'><strong>prima</strong></span> <span class='ocrx_word' id='word_1_239' title='bbox 2411 1604 2659 1662; x_wconf 87' lang='lat' dir='ltr'><strong>Ecclesia</strong></span> <span class='ocrx_word' id='word_1_240' title='bbox 2708 1606 2775 1661; x_wconf 89' lang='lat' dir='ltr'><strong>de</strong></span> <span class='ocrx_word' id='word_1_241' title='bbox 2821 1606 3092 1677; x_wconf 87' lang='lat' dir='ltr'><strong>imperitis</strong></span> <span class='ocrx_word' id='word_1_242' title='bbox 3144 1619 3469 1681; x_wconf 69' lang='lat' dir='ltr'><strong>congregata</strong></span> 
     </span>
    </p>
   </div>
   <div class='ocr_carea' id='block_1_32' title="bbox 1875 1694 3472 1772">
    <p class='ocr_par' dir='ltr' id='par_1_32' title="bbox 1875 1694 3472 1772">
     <span class='ocr_line' id='line_1_32' title="bbox 1875 1694 3472 1772; baseline 0.005 -22"><span class='ocrx_word' id='word_1_243' title='bbox 1875 1694 2274 1768; x_wconf 84' lang='lat' dir='ltr'><strong>iuitgentihus.</strong></span> <span class='ocrx_word' id='word_1_244' title='bbox 2306 1698 2452 1768; x_wconf 80' lang='lat' dir='ltr'><strong>Erga</strong></span> <span class='ocrx_word' id='word_1_245' title='bbox 2478 1714 2600 1755; x_wconf 91' lang='lat' dir='ltr'><strong>cum</strong></span> <span class='ocrx_word' id='word_1_246' title='bbox 2632 1699 2879 1771; x_wconf 72' lang='lat' dir='ltr'><strong>legerent</strong></span> <span class='ocrx_word' id='word_1_247' title='bbox 2915 1700 2969 1755; x_wconf 92' lang='lat' dir='ltr'><strong>in</strong></span> <span class='ocrx_word' id='word_1_248' title='bbox 3014 1701 3306 1772; x_wconf 76' lang='lat' dir='ltr'><strong>Evangelio</strong></span> <span class='ocrx_word' id='word_1_249' title='bbox 3339 1717 3352 1756; x_wconf 89' lang='lat'><strong>:</strong></span> <span class='ocrx_word' id='word_1_250' title='bbox 3403 1701 3472 1758; x_wconf 91' lang='lat' dir='ltr'><strong>Ut</strong></span> 
     </span>
    </p>
   </div>
   <div class='ocr_carea' id='block_1_33' title="bbox 184 1789 3466 1870">
    <p class='ocr_par' dir='ltr' id='par_1_33' title="bbox 184 1789 3466 1870">
     <span class='ocr_line' id='line_1_33' title="bbox 184 1789 3466 1870; baseline 0 -23"><span class='ocrx_word' id='word_1_251' title='bbox 184 1810 273 1854; x_wconf 76' lang='lat' dir='ltr'><strong>est.</strong></span> <span class='ocrx_word' id='word_1_252' title='bbox 315 1797 566 1870; x_wconf 64' lang='grc' dir='ltr'><strong>Ᾱῖηίεηη</strong></span> <span class='ocrx_word' id='word_1_253' title='bbox 596 1813 707 1856; x_wconf 76' lang='lat' dir='ltr'><strong>non</strong></span> <span class='ocrx_word' id='word_1_254' title='bbox 735 1809 819 1853; x_wconf 76' lang='lat' dir='ltr'><strong>est</strong></span> <span class='ocrx_word' id='word_1_255' title='bbox 852 1800 957 1855; x_wconf 76' lang='lat' dir='ltr'><strong>hoc</strong></span> <span class='ocrx_word' id='word_1_256' title='bbox 1001 1799 1146 1869; x_wconf 70' lang='lat' dir='ltr'><strong>quod</strong></span> <span class='ocrx_word' id='word_1_257' title='bbox 1195 1797 1420 1863; x_wconf 66' lang='lat' dir='ltr'><strong>dicitur,</strong></span> <span class='ocrx_word' id='word_1_258' title='bbox 1472 1798 1570 1854; x_wconf 72' lang='lat' dir='ltr'><strong>sed</strong></span> <span class='ocrx_word' id='word_1_259' title='bbox 1617 1799 1764 1854; x_wconf 64' lang='lat' dir='ltr'><strong>aliud</strong></span> <span class='ocrx_word' id='word_1_260' title='bbox 1796 1799 1845 1860; x_wconf 83' lang='grc' dir='ltr'><strong>Β</strong></span> <span class='ocrx_word' id='word_1_261' title='bbox 1872 1789 2198 1861; x_wconf 82' lang='lat' dir='ltr'><strong>impleretur</strong></span> <span class='ocrx_word' id='word_1_262' title='bbox 2228 1792 2371 1862; x_wconf 91' lang='lat' dir='ltr'><strong>quod</strong></span> <span class='ocrx_word' id='word_1_263' title='bbox 2401 1792 2668 1862; x_wconf 88' lang='lat' dir='ltr'><strong>scriptum</strong></span> <span class='ocrx_word' id='word_1_264' title='bbox 2716 1803 2801 1849; x_wconf 90' lang='lat' dir='ltr'><strong>est</strong></span> <span class='ocrx_word' id='word_1_265' title='bbox 2842 1792 2896 1847; x_wconf 93' lang='lat' dir='ltr'><strong>in</strong></span> <span class='ocrx_word' id='word_1_266' title='bbox 2927 1791 3112 1864; x_wconf 82' lang='lat' dir='ltr'><strong>Asaph</strong></span> <span class='ocrx_word' id='word_1_267' title='bbox 3155 1793 3416 1864; x_wconf 67' lang='lat' dir='ltr'><strong>proiiheta</strong></span> <span class='ocrx_word' id='word_1_268' title='bbox 3451 1812 3466 1848; x_wconf 74' lang='grc' dir='ltr'><strong>ε</strong></span> 
     </span>
    </p>
   </div>
   <div class='ocr_carea' id='block_1_34' title="bbox 181 1890 1766 1963">
    <p class='ocr_par' dir='ltr' id='par_1_34' title="bbox 181 1890 1766 1963">
     <span class='ocr_line' id='line_1_34' title="bbox 181 1890 1766 1963; baseline 0.003 -19"><span class='ocrx_word' id='word_1_269' title='bbox 181 1891 291 1962; x_wconf 88' lang='lat' dir='ltr'><strong>quid</strong></span> <span class='ocrx_word' id='word_1_270' title='bbox 337 1892 698 1962; x_wconf 83' lang='lat' dir='ltr'><strong>signiﬁcatur.</strong></span> <span class='ocrx_word' id='word_1_271' title='bbox 769 1892 920 1947; x_wconf 85' lang='lat' dir='ltr'><strong>Dicat</strong></span> <span class='ocrx_word' id='word_1_272' title='bbox 965 1892 1098 1947; x_wconf 87' lang='lat' dir='ltr'><strong>mihi</strong></span> <span class='ocrx_word' id='word_1_273' title='bbox 1159 1892 1362 1963; x_wconf 82' lang='lat' dir='ltr'><strong>aliquis</strong></span> <span class='ocrx_word' id='word_1_274' title='bbox 1405 1910 1418 1947; x_wconf 87' lang='lat'><strong>:</strong></span> <span class='ocrx_word' id='word_1_275' title='bbox 1462 1890 1582 1948; x_wconf 83' lang='lat' dir='ltr'><strong>Vim</strong></span> <span class='ocrx_word' id='word_1_276' title='bbox 1630 1892 1766 1948; x_wconf 80' lang='lat' dir='ltr'><strong>facis</strong></span> 
     </span>
    </p>
   </div>
   <div class='ocr_carea' id='block_1_35' title="bbox 179 1985 1767 2054">
    <p class='ocr_par' dir='ltr' id='par_1_35' title="bbox 179 1985 1767 2054">
     <span class='ocr_line' id='line_1_35' title="bbox 179 1985 1767 2054; baseline 0.001 -15"><span class='ocrx_word' id='word_1_277' title='bbox 179 1985 470 2054; x_wconf 72' lang='lat' dir='ltr'><strong>Scriptum,</strong></span> <span class='ocrx_word' id='word_1_278' title='bbox 539 2000 665 2041; x_wconf 90' lang='lat' dir='ltr'><strong>cum</strong></span> <span class='ocrx_word' id='word_1_279' title='bbox 729 1986 876 2042; x_wconf 86' lang='lat' dir='ltr'><strong>enim</strong></span> <span class='ocrx_word' id='word_1_280' title='bbox 940 1987 1131 2042; x_wconf 91' lang='lat' dir='ltr'><strong>titulus</strong></span> <span class='ocrx_word' id='word_1_281' title='bbox 1189 1986 1411 2042; x_wconf 86' lang='lat' dir='ltr'><strong>habet:</strong></span> <span class='ocrx_word' id='word_1_282' title='bbox 1459 1985 1767 2042; x_wconf 85' lang='lat' dir='ltr'><strong>Intellectus</strong></span> 
     </span>
    </p>
   </div>
   <div class='ocr_carea' id='block_1_36' title="bbox 185 2077 1768 2150">
    <p class='ocr_par' dir='ltr' id='par_1_36' title="bbox 185 2077 1768 2150">
     <span class='ocr_line' id='line_1_36' title="bbox 185 2077 1768 2150; baseline 0.002 -18"><span class='ocrx_word' id='word_1_283' title='bbox 185 2078 362 2149; x_wconf 79' lang='lat' dir='ltr'><strong>Asaplt,</strong></span> <span class='ocrx_word' id='word_1_284' title='bbox 393 2089 445 2132; x_wconf 94' lang='lat' dir='ltr'><strong>tu</strong></span> <span class='ocrx_word' id='word_1_285' title='bbox 476 2079 611 2136; x_wconf 88' lang='lat' dir='ltr'><strong>mihi</strong></span> <span class='ocrx_word' id='word_1_286' title='bbox 639 2095 707 2136; x_wconf 78' lang='lat' dir='ltr'><strong>ex</strong></span> <span class='ocrx_word' id='word_1_287' title='bbox 742 2094 973 2149; x_wconf 88' lang='lat' dir='ltr'><strong>persona</strong></span> <span class='ocrx_word' id='word_1_288' title='bbox 997 2077 1202 2135; x_wconf 84' lang='lat' dir='ltr'><strong>Christi</strong></span> <span class='ocrx_word' id='word_1_289' title='bbox 1251 2079 1632 2150; x_wconf 86' lang='lat' dir='ltr'><strong>interpretaris</strong></span> <span class='ocrx_word' id='word_1_290' title='bbox 1662 2079 1768 2136; x_wconf 86' lang='lat' dir='ltr'><strong>hoc</strong></span> 
     </span>
    </p>
   </div>
   <div class='ocr_carea' id='block_1_37' title="bbox 177 2172 1765 2244">
    <p class='ocr_par' dir='ltr' id='par_1_37' title="bbox 177 2172 1765 2244">
     <span class='ocr_line' id='line_1_37' title="bbox 177 2172 1765 2244; baseline 0.004 -20"><span class='ocrx_word' id='word_1_291' title='bbox 177 2172 380 2228; x_wconf 89' lang='lat' dir='ltr'><strong>dictum.</strong></span> <span class='ocrx_word' id='word_1_292' title='bbox 432 2173 516 2229; x_wconf 82' lang='lat' dir='ltr'><strong>Ex</strong></span> <span class='ocrx_word' id='word_1_293' title='bbox 563 2187 800 2244; x_wconf 82' lang='lat' dir='ltr'><strong>persona</strong></span> <span class='ocrx_word' id='word_1_294' title='bbox 850 2173 1056 2228; x_wconf 79' lang='lat' dir='ltr'><strong>Christi</strong></span> <span class='ocrx_word' id='word_1_295' title='bbox 1103 2173 1525 2243; x_wconf 84' lang='lat' dir='ltr'><strong>interpretemur</strong></span> <span class='ocrx_word' id='word_1_296' title='bbox 1551 2174 1656 2230; x_wconf 89' lang='lat' dir='ltr'><strong>hoc</strong></span> <span class='ocrx_word' id='word_1_297' title='bbox 1680 2173 1765 2230; x_wconf 83' lang='lat' dir='ltr'><strong>di-</strong></span> 
     </span>
    </p>
   </div>
   <div class='ocr_carea' id='block_1_38' title="bbox 176 2265 1763 2336">
    <p class='ocr_par' dir='ltr' id='par_1_38' title="bbox 176 2265 1763 2336">
     <span class='ocr_line' id='line_1_38' title="bbox 176 2265 1763 2336; baseline 0.003 -16"><span class='ocrx_word' id='word_1_298' title='bbox 176 2276 322 2330; x_wconf 92' lang='lat' dir='ltr'><strong>ctum,</strong></span> <span class='ocrx_word' id='word_1_299' title='bbox 353 2267 397 2324; x_wconf 93' lang='lat' dir='ltr'><strong>si</strong></span> <span class='ocrx_word' id='word_1_300' title='bbox 423 2265 734 2324; x_wconf 86' lang='lat' dir='ltr'><strong>Christiani</strong></span> <span class='ocrx_word' id='word_1_301' title='bbox 763 2283 977 2323; x_wconf 87' lang='lat' dir='ltr'><strong>sumus.</strong></span> <span class='ocrx_word' id='word_1_302' title='bbox 1008 2268 1208 2323; x_wconf 88' lang='lat' dir='ltr'><strong>Sumus</strong></span> <span class='ocrx_word' id='word_1_303' title='bbox 1238 2275 1420 2324; x_wconf 87' lang='lat' dir='ltr'><strong>autem</strong></span> <span class='ocrx_word' id='word_1_304' title='bbox 1443 2265 1763 2336; x_wconf 67' lang='lat' dir='ltr'><strong>Christiani,</strong></span> 
     </span>
    </p>
   </div>
   <div class='ocr_carea' id='block_1_39' title="bbox 176 2359 1766 2433">
    <p class='ocr_par' dir='ltr' id='par_1_39' title="bbox 176 2359 1766 2433">
     <span class='ocr_line' id='line_1_39' title="bbox 176 2359 1766 2433; baseline 0.001 -19"><span class='ocrx_word' id='word_1_305' title='bbox 176 2361 251 2429; x_wconf 87' lang='lat' dir='ltr'><strong>qui</strong></span> <span class='ocrx_word' id='word_1_306' title='bbox 273 2359 467 2417; x_wconf 83' lang='lat' dir='ltr'><strong>Christi</strong></span> <span class='ocrx_word' id='word_1_307' title='bbox 491 2361 820 2433; x_wconf 86' lang='lat' dir='ltr'><strong>baptismum</strong></span> <span class='ocrx_word' id='word_1_308' title='bbox 844 2361 1174 2431; x_wconf 89' lang='lat' dir='ltr'><strong>accepimus,</strong></span> <span class='ocrx_word' id='word_1_309' title='bbox 1201 2371 1254 2416; x_wconf 90' lang='lat' dir='ltr'><strong>et</strong></span> <span class='ocrx_word' id='word_1_310' title='bbox 1280 2376 1385 2416; x_wconf 90' lang='lat' dir='ltr'><strong>nan</strong></span> <span class='ocrx_word' id='word_1_311' title='bbox 1405 2361 1578 2416; x_wconf 89' lang='lat' dir='ltr'><strong>solum</strong></span> <span class='ocrx_word' id='word_1_312' title='bbox 1601 2360 1766 2416; x_wconf 91' lang='lat' dir='ltr'><strong>conﬁ-</strong></span> 
     </span>
    </p>
   </div>
   <div class='ocr_carea' id='block_1_40' title="bbox 177 2451 1765 2524">
    <p class='ocr_par' dir='ltr' id='par_1_40' title="bbox 177 2451 1765 2524">
     <span class='ocr_line' id='line_1_40' title="bbox 177 2451 1765 2524; baseline 0.001 -18"><span class='ocrx_word' id='word_1_313' title='bbox 177 2463 350 2520; x_wconf 84' lang='lat' dir='ltr'><strong>temur,</strong></span> <span class='ocrx_word' id='word_1_314' title='bbox 377 2454 472 2510; x_wconf 88' lang='lat' dir='ltr'><strong>sed</strong></span> <span class='ocrx_word' id='word_1_315' title='bbox 499 2462 559 2510; x_wconf 88' lang='lat' dir='ltr'><strong>et</strong></span> <span class='ocrx_word' id='word_1_316' title='bbox 580 2453 919 2524; x_wconf 89' lang='lat' dir='ltr'><strong>proﬁtemur,</strong></span> <span class='ocrx_word' id='word_1_317' title='bbox 953 2455 1076 2524; x_wconf 88' lang='lat' dir='ltr'><strong>quia</strong></span> <span class='ocrx_word' id='word_1_318' title='bbox 1101 2453 1392 2510; x_wconf 86' lang='lat' dir='ltr'><strong>Christiani</strong></span> <span class='ocrx_word' id='word_1_319' title='bbox 1416 2467 1624 2508; x_wconf 89' lang='lat' dir='ltr'><strong>sumus.</strong></span> <span class='ocrx_word' id='word_1_320' title='bbox 1660 2451 1765 2508; x_wconf 90' lang='lat' dir='ltr'><strong>De-</strong></span> 
     </span>
    </p>
   </div>
   <div class='ocr_carea' id='block_1_41' title="bbox 181 2547 1760 2620">
    <p class='ocr_par' dir='ltr' id='par_1_41' title="bbox 181 2547 1760 2620">
     <span class='ocr_line' id='line_1_41' title="bbox 181 2547 1760 2620; baseline 0 -18"><span class='ocrx_word' id='word_1_321' title='bbox 181 2548 351 2603; x_wconf 82' lang='lat' dir='ltr'><strong>bemus</strong></span> <span class='ocrx_word' id='word_1_322' title='bbox 400 2562 536 2620; x_wconf 89' lang='lat' dir='ltr'><strong>ergo</strong></span> <span class='ocrx_word' id='word_1_323' title='bbox 579 2549 804 2606; x_wconf 84' lang='lat' dir='ltr'><strong>credere</strong></span> <span class='ocrx_word' id='word_1_324' title='bbox 852 2550 1230 2620; x_wconf 87' lang='lat' dir='ltr'><strong>Evangelistis.</strong></span> <span class='ocrx_word' id='word_1_325' title='bbox 1277 2548 1547 2619; x_wconf 85' lang='lat' dir='ltr'><strong>Scriptum</strong></span> <span class='ocrx_word' id='word_1_326' title='bbox 1585 2557 1671 2604; x_wconf 87' lang='lat' dir='ltr'><strong>est</strong></span> <span class='ocrx_word' id='word_1_327' title='bbox 1708 2547 1760 2603; x_wconf 90' lang='lat' dir='ltr'><strong>in</strong></span> 
     </span>
    </p>
   </div>
   <div class='ocr_carea' id='block_1_42' title="bbox 177 2641 1764 2713">
    <p class='ocr_par' dir='ltr' id='par_1_42' title="bbox 177 2641 1764 2713">
     <span class='ocr_line' id='line_1_42' title="bbox 177 2641 1764 2713; baseline 0.003 -17"><span class='ocrx_word' id='word_1_328' title='bbox 177 2641 446 2713; x_wconf 80' lang='lat' dir='ltr'><strong>Evangelia</strong></span> <span class='ocrx_word' id='word_1_329' title='bbox 461 2642 762 2698; x_wconf 87' lang='lat' dir='ltr'><strong>secundum</strong></span> <span class='ocrx_word' id='word_1_330' title='bbox 788 2643 1130 2698; x_wconf 73' lang='lat' dir='ltr'><strong>Matthmnm:</strong></span> <span class='ocrx_word' id='word_1_331' title='bbox 1154 2642 1310 2709; x_wconf 89' lang='lat' dir='ltr'><strong>Cum,</strong></span> <span class='ocrx_word' id='word_1_332' title='bbox 1337 2643 1528 2712; x_wconf 90' lang='lat' dir='ltr'><strong>inquit,</strong></span> <span class='ocrx_word' id='word_1_333' title='bbox 1552 2641 1764 2700; x_wconf 87' lang='lat' dir='ltr'><strong>locutus</strong></span> 
     </span>
    </p>
   </div>
   <div class='ocr_carea' id='block_1_43' title="bbox 175 2734 1764 2806">
    <p class='ocr_par' dir='ltr' id='par_1_43' title="bbox 175 2734 1764 2806">
     <span class='ocr_line' id='line_1_43' title="bbox 175 2734 1764 2806; baseline 0.002 -18"><span class='ocrx_word' id='word_1_334' title='bbox 175 2734 344 2790; x_wconf 82' lang='lat' dir='ltr'><strong>luisset</strong></span> <span class='ocrx_word' id='word_1_335' title='bbox 367 2737 417 2792; x_wconf 91' lang='lat' dir='ltr'><strong>in</strong></span> <span class='ocrx_word' id='word_1_336' title='bbox 459 2736 736 2806; x_wconf 84' lang='lat' dir='ltr'><strong>parabolis</strong></span> <span class='ocrx_word' id='word_1_337' title='bbox 785 2735 1044 2790; x_wconf 85' lang='lat' dir='ltr'><strong>Dominus</strong></span> <span class='ocrx_word' id='word_1_338' title='bbox 1073 2744 1258 2791; x_wconf 78' lang='lat' dir='ltr'><strong>noster</strong></span> <span class='ocrx_word' id='word_1_339' title='bbox 1287 2748 1447 2806; x_wconf 84' lang='lat' dir='ltr'><strong>atque</strong></span> <span class='ocrx_word' id='word_1_340' title='bbox 1491 2735 1764 2806; x_wconf 82' lang='lat' dir='ltr'><strong>Salvator,</strong></span> 
     </span>
    </p>
   </div>
   <div class='ocr_carea' id='block_1_44' title="bbox 174 2825 1763 2900">
    <p class='ocr_par' dir='ltr' id='par_1_44' title="bbox 174 2825 1763 2900">
     <span class='ocr_line' id='line_1_44' title="bbox 174 2825 1763 2900; baseline 0.002 -19"><span class='ocrx_word' id='word_1_341' title='bbox 174 2834 221 2881; x_wconf 86' lang='lat' dir='ltr'><strong>et</strong></span> <span class='ocrx_word' id='word_1_342' title='bbox 258 2827 330 2883; x_wconf 90' lang='lat' dir='ltr'><strong>illi</strong></span> <span class='ocrx_word' id='word_1_343' title='bbox 372 2844 480 2883; x_wconf 91' lang='lat' dir='ltr'><strong>non</strong></span> <span class='ocrx_word' id='word_1_344' title='bbox 529 2827 894 2899; x_wconf 79' lang='lat' dir='ltr'><strong>intelligerent</strong></span> <span class='ocrx_word' id='word_1_345' title='bbox 919 2826 1132 2900; x_wconf 76' lang='lat' dir='ltr'><strong>(Matth.</strong></span> <span class='ocrx_word' id='word_1_346' title='bbox 1161 2825 1285 2897; x_wconf 86' lang='lat' dir='ltr'><strong>tu):</strong></span> <span class='ocrx_word' id='word_1_347' title='bbox 1335 2838 1390 2883; x_wconf 90' lang='lat' dir='ltr'><strong>et</strong></span> <span class='ocrx_word' id='word_1_348' title='bbox 1416 2835 1610 2884; x_wconf 69' lang='lat' dir='ltr'><strong>caetera</strong></span> <span class='ocrx_word' id='word_1_349' title='bbox 1641 2843 1763 2899; x_wconf 66' lang='lat' dir='ltr'><strong>quas</strong></span> 
     </span>
    </p>
   </div>
   <div class='ocr_carea' id='block_1_45' title="bbox 177 2919 1762 2990">
    <p class='ocr_par' dir='ltr' id='par_1_45' title="bbox 177 2919 1762 2990">
     <span class='ocr_line' id='line_1_45' title="bbox 177 2919 1762 2990; baseline 0.004 -19"><span class='ocrx_word' id='word_1_350' title='bbox 177 2920 360 2989; x_wconf 77' lang='lat' dir='ltr'><strong>scripta</strong></span> <span class='ocrx_word' id='word_1_351' title='bbox 405 2929 540 2975; x_wconf 87' lang='lat' dir='ltr'><strong>sunt</strong></span> <span class='ocrx_word' id='word_1_352' title='bbox 589 2920 642 2975; x_wconf 93' lang='lat' dir='ltr'><strong>in</strong></span> <span class='ocrx_word' id='word_1_353' title='bbox 692 2919 1013 2990; x_wconf 81' lang='lat' dir='ltr'><strong>Evangelia.</strong></span> <span class='ocrx_word' id='word_1_354' title='bbox 1064 2919 1130 2974; x_wconf 88' lang='lat' dir='ltr'><strong>Et</strong></span> <span class='ocrx_word' id='word_1_355' title='bbox 1191 2927 1378 2990; x_wconf 88' lang='lat' dir='ltr'><strong>postea</strong></span> <span class='ocrx_word' id='word_1_356' title='bbox 1426 2919 1762 2990; x_wconf 74' lang='lat' dir='ltr'><strong>evangelista</strong></span> 
     </span>
    </p>
   </div>
   <div class='ocr_carea' id='block_1_46' title="bbox 174 3011 1760 3084">
    <p class='ocr_par' dir='ltr' id='par_1_46' title="bbox 174 3011 1760 3084">
     <span class='ocr_line' id='line_1_46' title="bbox 174 3011 1760 3084; baseline 0.001 -18"><span class='ocrx_word' id='word_1_357' title='bbox 174 3012 288 3082; x_wconf 88' lang='lat' dir='ltr'><strong>quid</strong></span> <span class='ocrx_word' id='word_1_358' title='bbox 319 3013 541 3068; x_wconf 82' lang='lat' dir='ltr'><strong>intulit?</strong></span> <span class='ocrx_word' id='word_1_359' title='bbox 570 3013 702 3069; x_wconf 66' lang='lat' dir='ltr'><strong>Haec</strong></span> <span class='ocrx_word' id='word_1_360' title='bbox 732 3013 937 3083; x_wconf 85' lang='lat' dir='ltr'><strong>omnia,</strong></span> <span class='ocrx_word' id='word_1_361' title='bbox 974 3011 1170 3084; x_wconf 86' lang='lat' dir='ltr'><strong>inquit,</strong></span> <span class='ocrx_word' id='word_1_362' title='bbox 1202 3011 1344 3068; x_wconf 78' lang='lat' dir='ltr'><strong>facta</strong></span> <span class='ocrx_word' id='word_1_363' title='bbox 1377 3025 1525 3081; x_wconf 90' lang='lat' dir='ltr'><strong>sunt,</strong></span> <span class='ocrx_word' id='word_1_364' title='bbox 1557 3023 1611 3068; x_wconf 89' lang='grc' dir='ltr'><strong>ιιι</strong></span> <span class='ocrx_word' id='word_1_365' title='bbox 1657 3015 1760 3069; x_wconf 85' lang='lat' dir='ltr'><strong>itii-</strong></span> 
     </span>
    </p>
   </div>
   <div class='ocr_carea' id='block_1_47' title="bbox 175 3107 1756 3180">
    <p class='ocr_par' dir='ltr' id='par_1_47' title="bbox 175 3107 1756 3180">
     <span class='ocr_line' id='line_1_47' title="bbox 175 3107 1756 3180; baseline 0.002 -20"><span class='ocrx_word' id='word_1_366' title='bbox 175 3107 395 3175; x_wconf 88' lang='lat' dir='ltr'><strong>pleretur</strong></span> <span class='ocrx_word' id='word_1_367' title='bbox 422 3107 562 3165; x_wconf 91' lang='lat' dir='ltr'><strong>illud</strong></span> <span class='ocrx_word' id='word_1_368' title='bbox 591 3108 733 3177; x_wconf 90' lang='lat' dir='ltr'><strong>quod</strong></span> <span class='ocrx_word' id='word_1_369' title='bbox 761 3109 1023 3179; x_wconf 76' lang='lat' dir='ltr'><strong>scriptum</strong></span> <span class='ocrx_word' id='word_1_370' title='bbox 1069 3117 1153 3163; x_wconf 89' lang='lat' dir='ltr'><strong>est</strong></span> <span class='ocrx_word' id='word_1_371' title='bbox 1178 3124 1193 3162; x_wconf 87' lang='lat'><strong>:</strong></span> <span class='ocrx_word' id='word_1_372' title='bbox 1223 3108 1469 3179; x_wconf 82' lang='lat' dir='ltr'><strong>Aperiam</strong></span> <span class='ocrx_word' id='word_1_373' title='bbox 1497 3108 1551 3164; x_wconf 85' lang='lat' dir='ltr'><strong>in</strong></span> <span class='ocrx_word' id='word_1_374' title='bbox 1597 3125 1756 3180; x_wconf 84' lang='lat' dir='ltr'><strong>para-</strong></span> 
     </span>
    </p>
   </div>
   <div class='ocr_carea' id='block_1_48' title="bbox 1867 1879 3468 1958">
    <p class='ocr_par' dir='ltr' id='par_1_48' title="bbox 1867 1879 3468 1958">
     <span class='ocr_line' id='line_1_48' title="bbox 1867 1879 3468 1958; baseline 0.006 -23"><span class='ocrx_word' id='word_1_375' title='bbox 1867 1879 1959 1936; x_wconf 89' lang='lat' dir='ltr'><strong>ille</strong></span> <span class='ocrx_word' id='word_1_376' title='bbox 1979 1882 2070 1953; x_wconf 91' lang='lat' dir='ltr'><strong>qui</strong></span> <span class='ocrx_word' id='word_1_377' title='bbox 2099 1882 2308 1953; x_wconf 91' lang='lat' dir='ltr'><strong>primus</strong></span> <span class='ocrx_word' id='word_1_378' title='bbox 2334 1883 2608 1940; x_wconf 85' lang='lat' dir='ltr'><strong>scribebat</strong></span> <span class='ocrx_word' id='word_1_379' title='bbox 2635 1884 3012 1956; x_wconf 81' lang='lat' dir='ltr'><strong>Evangeliuni,</strong></span> <span class='ocrx_word' id='word_1_380' title='bbox 3044 1887 3212 1958; x_wconf 65' lang='lat' dir='ltr'><strong>coepit</strong></span> <span class='ocrx_word' id='word_1_381' title='bbox 3237 1885 3420 1942; x_wconf 88' lang='lat' dir='ltr'><strong>dicere</strong></span> <span class='ocrx_word' id='word_1_382' title='bbox 3453 1904 3468 1944; x_wconf 86' lang='lat'><strong>:</strong></span> 
     </span>
    </p>
   </div>
   <div class='ocr_carea' id='block_1_49' title="bbox 1868 1975 3470 2050">
    <p class='ocr_par' dir='ltr' id='par_1_49' title="bbox 1868 1975 3470 2050">
     <span class='ocr_line' id='line_1_49' title="bbox 1868 1975 3470 2050; baseline 0.004 -23"><span class='ocrx_word' id='word_1_383' title='bbox 1868 1976 2000 2044; x_wconf 84' lang='lat' dir='ltr'><strong>Quis</strong></span> <span class='ocrx_word' id='word_1_384' title='bbox 2026 1985 2109 2032; x_wconf 89' lang='lat' dir='ltr'><strong>cst</strong></span> <span class='ocrx_word' id='word_1_385' title='bbox 2133 1976 2236 2032; x_wconf 90' lang='lat' dir='ltr'><strong>iste</strong></span> <span class='ocrx_word' id='word_1_386' title='bbox 2269 1975 2452 2048; x_wconf 86' lang='lat' dir='ltr'><strong>Asaph</strong></span> <span class='ocrx_word' id='word_1_387' title='bbox 2482 1977 2789 2048; x_wconf 80' lang='lat' dir='ltr'><strong>propheta?</strong></span> <span class='ocrx_word' id='word_1_388' title='bbox 2815 1976 2934 2034; x_wconf 87' lang='lat' dir='ltr'><strong>Non</strong></span> <span class='ocrx_word' id='word_1_389' title='bbox 2966 1988 3082 2036; x_wconf 88' lang='lat' dir='ltr'><strong>erat</strong></span> <span class='ocrx_word' id='word_1_390' title='bbox 3104 1987 3268 2036; x_wconf 91' lang='lat' dir='ltr'><strong>notus</strong></span> <span class='ocrx_word' id='word_1_391' title='bbox 3293 1978 3349 2034; x_wconf 93' lang='lat' dir='ltr'><strong>in</strong></span> <span class='ocrx_word' id='word_1_392' title='bbox 3373 1993 3470 2050; x_wconf 48' lang='lat' dir='ltr'><strong>pag</strong></span> 
     </span>
    </p>
   </div>
   <div class='ocr_carea' id='block_1_50' title="bbox 1867 2067 3467 2138">
    <p class='ocr_par' dir='ltr' id='par_1_50' title="bbox 1867 2067 3467 2138">
     <span class='ocr_line' id='line_1_50' title="bbox 1867 2067 3467 2138; baseline 0.003 -18"><span class='ocrx_word' id='word_1_393' title='bbox 1867 2067 2018 2136; x_wconf 90' lang='lat' dir='ltr'><strong>pulo,</strong></span> <span class='ocrx_word' id='word_1_394' title='bbox 2045 2076 2101 2122; x_wconf 89' lang='lat' dir='ltr'><strong>et</strong></span> <span class='ocrx_word' id='word_1_395' title='bbox 2133 2067 2234 2124; x_wconf 91' lang='lat' dir='ltr'><strong>hoc</strong></span> <span class='ocrx_word' id='word_1_396' title='bbox 2264 2069 2417 2135; x_wconf 79' lang='lat' dir='ltr'><strong>fecit,</strong></span> <span class='ocrx_word' id='word_1_397' title='bbox 2450 2079 2508 2124; x_wconf 92' lang='lat' dir='ltr'><strong>ut</strong></span> <span class='ocrx_word' id='word_1_398' title='bbox 2535 2069 2662 2124; x_wconf 92' lang='lat' dir='ltr'><strong>dum</strong></span> <span class='ocrx_word' id='word_1_399' title='bbox 2696 2084 2939 2126; x_wconf 89' lang='lat' dir='ltr'><strong>errorem</strong></span> <span class='ocrx_word' id='word_1_400' title='bbox 2991 2069 3332 2138; x_wconf 89' lang='lat' dir='ltr'><strong>emendaret,</strong></span> <span class='ocrx_word' id='word_1_401' title='bbox 3387 2068 3467 2124; x_wconf 83' lang='lat' dir='ltr'><strong>fa-</strong></span> 
     </span>
    </p>
   </div>
   <div class='ocr_carea' id='block_1_51' title="bbox 1866 2159 3470 2232">
    <p class='ocr_par' dir='ltr' id='par_1_51' title="bbox 1866 2159 3470 2232">
     <span class='ocr_line' id='line_1_51' title="bbox 1866 2159 3470 2232; baseline 0.002 -19"><span class='ocrx_word' id='word_1_402' title='bbox 1866 2171 2017 2214; x_wconf 89' lang='lat' dir='ltr'><strong>ceret</strong></span> <span class='ocrx_word' id='word_1_403' title='bbox 2062 2174 2332 2216; x_wconf 85' lang='lat' dir='ltr'><strong>errorem.</strong></span> <span class='ocrx_word' id='word_1_404' title='bbox 2376 2160 2632 2216; x_wconf 89' lang='lat' dir='ltr'><strong>Dicamus</strong></span> <span class='ocrx_word' id='word_1_405' title='bbox 2671 2159 2876 2232; x_wconf 87' lang='lat' dir='ltr'><strong>aliquid</strong></span> <span class='ocrx_word' id='word_1_406' title='bbox 2917 2159 3116 2230; x_wconf 88' lang='lat' dir='ltr'><strong>simile,</strong></span> <span class='ocrx_word' id='word_1_407' title='bbox 3159 2172 3214 2218; x_wconf 88' lang='lat' dir='ltr'><strong>et</strong></span> <span class='ocrx_word' id='word_1_408' title='bbox 3259 2161 3313 2216; x_wconf 91' lang='lat' dir='ltr'><strong>in</strong></span> <span class='ocrx_word' id='word_1_409' title='bbox 3361 2161 3470 2217; x_wconf 90' lang='lat' dir='ltr'><strong>alio</strong></span> 
     </span>
    </p>
   </div>
   <div class='ocr_carea' id='block_1_52' title="bbox 1867 2251 3468 2324">
    <p class='ocr_par' dir='ltr' id='par_1_52' title="bbox 1867 2251 3468 2324">
     <span class='ocr_line' id='line_1_52' title="bbox 1867 2251 3468 2324; baseline 0.001 -18"><span class='ocrx_word' id='word_1_410' title='bbox 1867 2251 1989 2307; x_wconf 91' lang='lat' dir='ltr'><strong>loco</strong></span> <span class='ocrx_word' id='word_1_411' title='bbox 2039 2251 2092 2307; x_wconf 91' lang='lat' dir='ltr'><strong>in</strong></span> <span class='ocrx_word' id='word_1_412' title='bbox 2140 2253 2434 2324; x_wconf 85' lang='lat' dir='ltr'><strong>Evangelia</strong></span> <span class='ocrx_word' id='word_1_413' title='bbox 2475 2251 2773 2307; x_wconf 87' lang='lat' dir='ltr'><strong>secundum</strong></span> <span class='ocrx_word' id='word_1_414' title='bbox 2825 2252 3139 2308; x_wconf 77' lang='lat' dir='ltr'><strong>Matthaeum</strong></span> <span class='ocrx_word' id='word_1_415' title='bbox 3183 2270 3195 2306; x_wconf 92' lang='lat'><strong>:</strong></span> <span class='ocrx_word' id='word_1_416' title='bbox 3248 2253 3468 2324; x_wconf 90' lang='lat' dir='ltr'><strong>quando</strong></span> 
     </span>
    </p>
   </div>
   <div class='ocr_carea' id='block_1_53' title="bbox 1864 2347 3468 2420">
    <p class='ocr_par' dir='ltr' id='par_1_53' title="bbox 1864 2347 3468 2420">
     <span class='ocr_line' id='line_1_53' title="bbox 1864 2347 3468 2420; baseline -0.001 -16"><span class='ocrx_word' id='word_1_417' title='bbox 1864 2347 2033 2406; x_wconf 79' lang='lat' dir='ltr'><strong>ludas</strong></span> <span class='ocrx_word' id='word_1_418' title='bbox 2065 2348 2252 2405; x_wconf 88' lang='lat' dir='ltr'><strong>retulit</strong></span> <span class='ocrx_word' id='word_1_419' title='bbox 2280 2349 2502 2420; x_wconf 85' lang='lat' dir='ltr'><strong>triginta</strong></span> <span class='ocrx_word' id='word_1_420' title='bbox 2552 2357 2867 2419; x_wconf 86' lang='lat' dir='ltr'><strong>argenteos,</strong></span> <span class='ocrx_word' id='word_1_421' title='bbox 2899 2356 2954 2403; x_wconf 91' lang='lat' dir='ltr'><strong>et</strong></span> <span class='ocrx_word' id='word_1_422' title='bbox 2982 2348 3280 2403; x_wconf 91' lang='lat' dir='ltr'><strong>noluerunt</strong></span> <span class='ocrx_word' id='word_1_423' title='bbox 3325 2349 3468 2403; x_wconf 88' lang='lat' dir='ltr'><strong>acci-</strong></span> 
     </span>
    </p>
   </div>
   <div class='ocr_carea' id='block_1_54' title="bbox 1867 2439 3463 2513">
    <p class='ocr_par' dir='ltr' id='par_1_54' title="bbox 1867 2439 3463 2513">
     <span class='ocr_line' id='line_1_54' title="bbox 1867 2439 3463 2513; baseline -0.001 -16"><span class='ocrx_word' id='word_1_424' title='bbox 1867 2457 1998 2512; x_wconf 87' lang='lat' dir='ltr'><strong>pere</strong></span> <span class='ocrx_word' id='word_1_425' title='bbox 2027 2441 2363 2512; x_wconf 84' lang='lat' dir='ltr'><strong>sacerdotes,</strong></span> <span class='ocrx_word' id='word_1_426' title='bbox 2392 2456 2493 2500; x_wconf 90' lang='lat' dir='ltr'><strong>nec</strong></span> <span class='ocrx_word' id='word_1_427' title='bbox 2522 2442 2739 2498; x_wconf 86' lang='lat' dir='ltr'><strong>mittere</strong></span> <span class='ocrx_word' id='word_1_428' title='bbox 2769 2442 2824 2496; x_wconf 92' lang='lat' dir='ltr'><strong>in</strong></span> <span class='ocrx_word' id='word_1_429' title='bbox 2854 2439 3175 2509; x_wconf 89' lang='lat' dir='ltr'><strong>corbonam,</strong></span> <span class='ocrx_word' id='word_1_430' title='bbox 3206 2441 3463 2513; x_wconf 86' lang='lat' dir='ltr'><strong>quoniam</strong></span> 
     </span>
    </p>
   </div>
   <div class='ocr_carea' id='block_1_55' title="bbox 1865 2534 3460 2610">
    <p class='ocr_par' dir='ltr' id='par_1_55' title="bbox 1865 2534 3460 2610">
     <span class='ocr_line' id='line_1_55' title="bbox 1865 2534 3460 2610; baseline -0.003 -17"><span class='ocrx_word' id='word_1_431' title='bbox 1865 2545 1983 2593; x_wconf 89' lang='lat' dir='ltr'><strong>erat</strong></span> <span class='ocrx_word' id='word_1_432' title='bbox 2035 2537 2270 2610; x_wconf 86' lang='lat' dir='ltr'><strong>pretium</strong></span> <span class='ocrx_word' id='word_1_433' title='bbox 2319 2535 2603 2608; x_wconf 73' lang='lat' dir='ltr'><strong>sanguinis</strong></span> <span class='ocrx_word' id='word_1_434' title='bbox 2656 2543 2759 2591; x_wconf 89' lang='lat' dir='ltr'><strong>:et</strong></span> <span class='ocrx_word' id='word_1_435' title='bbox 2785 2545 3042 2591; x_wconf 88' lang='lat' dir='ltr'><strong>emerunt</strong></span> <span class='ocrx_word' id='word_1_436' title='bbox 3095 2534 3223 2592; x_wconf 88' lang='lat' dir='ltr'><strong>inde</strong></span> <span class='ocrx_word' id='word_1_437' title='bbox 3271 2550 3460 2606; x_wconf 85' lang='lat' dir='ltr'><strong>agrum</strong></span> 
     </span>
    </p>
   </div>
   <div class='ocr_carea' id='block_1_56' title="bbox 1865 2613 3462 2704">
    <p class='ocr_par' dir='ltr' id='par_1_56' title="bbox 1865 2613 3462 2704">
     <span class='ocr_line' id='line_1_56' title="bbox 1865 2613 3462 2704; baseline -0.002 -18"><span class='ocrx_word' id='word_1_438' title='bbox 1865 2631 2014 2702; x_wconf 86' lang='lat' dir='ltr'><strong>ﬁguli</strong></span> <span class='ocrx_word' id='word_1_439' title='bbox 2045 2613 2126 2686; x_wconf 82' lang='lat' dir='ltr'><strong>in</strong></span> <span class='ocrx_word' id='word_1_440' title='bbox 2176 2629 2518 2702; x_wconf 83' lang='lat' dir='ltr'><strong>sepulturam</strong></span> <span class='ocrx_word' id='word_1_441' title='bbox 2570 2630 2980 2704; x_wconf 83' lang='lat' dir='ltr'><strong>peregrinarum</strong></span> <span class='ocrx_word' id='word_1_442' title='bbox 3014 2627 3236 2701; x_wconf 76' lang='lat' dir='ltr'><strong>(Matth.</strong></span> <span class='ocrx_word' id='word_1_443' title='bbox 3269 2628 3462 2701; x_wconf 68' lang='lat' dir='ltr'><strong>XXVII).</strong></span> 
     </span>
    </p>
   </div>
   <div class='ocr_carea' id='block_1_57' title="bbox 1865 2721 3468 2793">
    <p class='ocr_par' dir='ltr' id='par_1_57' title="bbox 1865 2721 3468 2793">
     <span class='ocr_line' id='line_1_57' title="bbox 1865 2721 3468 2793; baseline -0.001 -16"><span class='ocrx_word' id='word_1_444' title='bbox 1865 2723 2106 2779; x_wconf 86' lang='lat' dir='ltr'><strong>Pretium</strong></span> <span class='ocrx_word' id='word_1_445' title='bbox 2159 2722 2384 2793; x_wconf 83' lang='lat' dir='ltr'><strong>Christi,</strong></span> <span class='ocrx_word' id='word_1_446' title='bbox 2420 2721 2704 2793; x_wconf 89' lang='lat' dir='ltr'><strong>sepultura</strong></span> <span class='ocrx_word' id='word_1_447' title='bbox 2755 2735 2940 2778; x_wconf 87' lang='lat' dir='ltr'><strong>nostra</strong></span> <span class='ocrx_word' id='word_1_448' title='bbox 2989 2730 3096 2788; x_wconf 87' lang='lat' dir='ltr'><strong>est,</strong></span> <span class='ocrx_word' id='word_1_449' title='bbox 3143 2732 3198 2778; x_wconf 89' lang='lat' dir='ltr'><strong>et</strong></span> <span class='ocrx_word' id='word_1_450' title='bbox 3243 2734 3468 2776; x_wconf 87' lang='lat' dir='ltr'><strong>vocatur</strong></span> 
     </span>
    </p>
   </div>
   <div class='ocr_carea' id='block_1_58' title="bbox 1864 2813 3462 2888">
    <p class='ocr_par' dir='ltr' id='par_1_58' title="bbox 1864 2813 3462 2888">
     <span class='ocr_line' id='line_1_58' title="bbox 1864 2813 3462 2888; baseline 0 -20"><span class='ocrx_word' id='word_1_451' title='bbox 1864 2831 1994 2886; x_wconf 86' lang='lat' dir='ltr'><strong>ager</strong></span> <span class='ocrx_word' id='word_1_452' title='bbox 2037 2814 2132 2871; x_wconf 90' lang='lat' dir='ltr'><strong>ille</strong></span> <span class='ocrx_word' id='word_1_453' title='bbox 2174 2813 2604 2881; x_wconf 86' lang='lat' dir='ltr'><strong>Acheldemach,</strong></span> <span class='ocrx_word' id='word_1_454' title='bbox 2651 2813 2798 2886; x_wconf 90' lang='lat' dir='ltr'><strong>quod</strong></span> <span class='ocrx_word' id='word_1_455' title='bbox 2847 2823 2953 2880; x_wconf 91' lang='lat' dir='ltr'><strong>cst,</strong></span> <span class='ocrx_word' id='word_1_456' title='bbox 3001 2830 3126 2886; x_wconf 86' lang='lat' dir='ltr'><strong>ager</strong></span> <span class='ocrx_word' id='word_1_457' title='bbox 3171 2813 3462 2888; x_wconf 80' lang='lat' dir='ltr'><strong>sanguinis.</strong></span> 
     </span>
    </p>
   </div>
   <div class='ocr_carea' id='block_1_59' title="bbox 1863 2905 3466 2979">
    <p class='ocr_par' dir='ltr' id='par_1_59' title="bbox 1863 2905 3466 2979">
     <span class='ocr_line' id='line_1_59' title="bbox 1863 2905 3466 2979; baseline -0.002 -16"><span class='ocrx_word' id='word_1_458' title='bbox 1863 2908 2154 2978; x_wconf 70' lang='lat' dir='ltr'><strong>Sanguinis</strong></span> <span class='ocrx_word' id='word_1_459' title='bbox 2199 2924 2330 2979; x_wconf 88' lang='lat' dir='ltr'><strong>ager</strong></span> <span class='ocrx_word' id='word_1_460' title='bbox 2368 2924 2477 2965; x_wconf 87' lang='lat' dir='ltr'><strong>non</strong></span> <span class='ocrx_word' id='word_1_461' title='bbox 2524 2907 2861 2975; x_wconf 64' lang='lat' dir='ltr'><strong>Iudaeorum,</strong></span> <span class='ocrx_word' id='word_1_462' title='bbox 2918 2905 3018 2964; x_wconf 88' lang='lat' dir='ltr'><strong>sed</strong></span> <span class='ocrx_word' id='word_1_463' title='bbox 3062 2915 3249 2962; x_wconf 88' lang='lat' dir='ltr'><strong>nostra</strong></span> <span class='ocrx_word' id='word_1_464' title='bbox 3281 2907 3466 2978; x_wconf 86' lang='lat' dir='ltr'><strong>sepul-</strong></span> 
     </span>
    </p>
   </div>
   <div class='ocr_carea' id='block_1_60' title="bbox 1864 2995 3462 3072">
    <p class='ocr_par' dir='ltr' id='par_1_60' title="bbox 1864 2995 3462 3072">
     <span class='ocr_line' id='line_1_60' title="bbox 1864 2995 3462 3072; baseline -0.002 -18"><span class='ocrx_word' id='word_1_465' title='bbox 1864 3008 1986 3054; x_wconf 88' lang='lat' dir='ltr'><strong>tura</strong></span> <span class='ocrx_word' id='word_1_466' title='bbox 2013 3010 2115 3054; x_wconf 90' lang='lat' dir='ltr'><strong>est.</strong></span> <span class='ocrx_word' id='word_1_467' title='bbox 2148 2997 2261 3054; x_wconf 88' lang='lat' dir='ltr'><strong>Nos</strong></span> <span class='ocrx_word' id='word_1_468' title='bbox 2289 3001 2436 3056; x_wconf 88' lang='lat' dir='ltr'><strong>enim</strong></span> <span class='ocrx_word' id='word_1_469' title='bbox 2463 2999 2741 3072; x_wconf 78' lang='lat' dir='ltr'><strong>peregrini</strong></span> <span class='ocrx_word' id='word_1_470' title='bbox 2800 2998 3003 3054; x_wconf 82' lang='lat' dir='ltr'><strong>fuimus</strong></span> <span class='ocrx_word' id='word_1_471' title='bbox 3033 3007 3089 3056; x_wconf 86' lang='lat' dir='ltr'><strong>et</strong></span> <span class='ocrx_word' id='word_1_472' title='bbox 3115 2995 3362 3063; x_wconf 70' lang='lat' dir='ltr'><strong>advenae,</strong></span> <span class='ocrx_word' id='word_1_473' title='bbox 3408 3007 3462 3052; x_wconf 84' lang='lat' dir='ltr'><strong>et</strong></span> 
     </span>
    </p>
   </div>
   <div class='ocr_carea' id='block_1_61' title="bbox 1865 3090 3466 3162">
    <p class='ocr_par' dir='ltr' id='par_1_61' title="bbox 1865 3090 3466 3162">
     <span class='ocr_line' id='line_1_61' title="bbox 1865 3090 3466 3162; baseline 0 -16"><span class='ocrx_word' id='word_1_474' title='bbox 1865 3107 1973 3146; x_wconf 92' lang='lat' dir='ltr'><strong>non</strong></span> <span class='ocrx_word' id='word_1_475' title='bbox 2003 3091 2341 3151; x_wconf 84' lang='lat' dir='ltr'><strong>habebamus</strong></span> <span class='ocrx_word' id='word_1_476' title='bbox 2376 3093 2464 3148; x_wconf 90' lang='lat' dir='ltr'><strong>ubi</strong></span> <span class='ocrx_word' id='word_1_477' title='bbox 2517 3093 3006 3162; x_wconf 79' lang='lat' dir='ltr'><strong>requiesceremus.</strong></span> <span class='ocrx_word' id='word_1_478' title='bbox 3039 3090 3138 3148; x_wconf 85' lang='lat' dir='ltr'><strong>Ille</strong></span> <span class='ocrx_word' id='word_1_479' title='bbox 3166 3090 3466 3147; x_wconf 68' lang='lat' dir='ltr'><strong>cruciﬁxus</strong></span> 
     </span>
    </p>
   </div>
   <div class='ocr_carea' id='block_1_62' title="bbox 174 3186 1781 3272">
    <p class='ocr_par' dir='ltr' id='par_1_62' title="bbox 174 3200 1754 3272">
     <span class='ocr_line' id='line_1_62' title="bbox 174 3200 1754 3272; baseline 0.003 -19"><span class='ocrx_word' id='word_1_480' title='bbox 174 3200 285 3254; x_wconf 82' lang='lat' dir='ltr'><strong>bolis</strong></span> <span class='ocrx_word' id='word_1_481' title='bbox 309 3216 363 3256; x_wconf 90' lang='lat' dir='ltr'><strong>os</strong></span> <span class='ocrx_word' id='word_1_482' title='bbox 391 3217 587 3266; x_wconf 83' lang='lat' dir='ltr'><strong>meum,</strong></span> <span class='ocrx_word' id='word_1_483' title='bbox 617 3211 663 3256; x_wconf 87' lang='lat' dir='ltr'><strong>et</strong></span> <span class='ocrx_word' id='word_1_484' title='bbox 694 3202 876 3272; x_wconf 86' lang='lat' dir='ltr'><strong>loquar</strong></span> <span class='ocrx_word' id='word_1_485' title='bbox 904 3200 1283 3272; x_wconf 80' lang='lat' dir='ltr'><strong>prapasitiones</strong></span> <span class='ocrx_word' id='word_1_486' title='bbox 1299 3202 1363 3254; x_wconf 88' lang='lat' dir='ltr'><strong>ab</strong></span> <span class='ocrx_word' id='word_1_487' title='bbox 1389 3201 1556 3260; x_wconf 84' lang='lat' dir='ltr'><strong>initio.</strong></span> <span class='ocrx_word' id='word_1_488' title='bbox 1591 3200 1754 3258; x_wconf 81' lang='lat' dir='ltr'><strong>Vides</strong></span> 
     </span>
    </p>
   </div>
   <div class='ocr_carea' id='block_1_63' title="bbox 1873 3186 3462 3272">
    <p class='ocr_par' dir='ltr' id='par_1_63' title="bbox 1873 3186 3462 3261">
     <span class='ocr_line' id='line_1_63' title="bbox 1873 3186 3462 3261; baseline -0.001 -22"><span class='ocrx_word' id='word_1_489' title='bbox 1873 3193 1965 3254; x_wconf 74' lang='lat' dir='ltr'><strong>est,</strong></span> <span class='ocrx_word' id='word_1_490' title='bbox 1982 3194 2037 3239; x_wconf 87' lang='lat' dir='ltr'><strong>et</strong></span> <span class='ocrx_word' id='word_1_491' title='bbox 2054 3200 2300 3243; x_wconf 89' lang='lat' dir='ltr'><strong>mortuus</strong></span> <span class='ocrx_word' id='word_1_492' title='bbox 2323 3197 2429 3254; x_wconf 88' lang='lat' dir='ltr'><strong>est,</strong></span> <span class='ocrx_word' id='word_1_493' title='bbox 2450 3195 2504 3242; x_wconf 89' lang='lat' dir='ltr'><strong>et</strong></span> <span class='ocrx_word' id='word_1_494' title='bbox 2529 3200 2630 3242; x_wconf 88' lang='lat' dir='ltr'><strong>nos</strong></span> <span class='ocrx_word' id='word_1_495' title='bbox 2657 3202 2780 3242; x_wconf 86' lang='lat' dir='ltr'><strong>cum</strong></span> <span class='ocrx_word' id='word_1_496' title='bbox 2809 3186 2902 3242; x_wconf 89' lang='lat' dir='ltr'><strong>illo</strong></span> <span class='ocrx_word' id='word_1_497' title='bbox 2925 3186 3228 3261; x_wconf 84' lang='lat' dir='ltr'><strong>eonsepulti</strong></span> <span class='ocrx_word' id='word_1_498' title='bbox 3251 3201 3462 3240; x_wconf 87' lang='lat' dir='ltr'><strong>sumus.</strong></span> 
     </span>
    </p>
   </div>
   <div class='ocr_carea' id='block_1_64' title="bbox 175 3293 1756 3364">
    <p class='ocr_par' dir='ltr' id='par_1_64' title="bbox 175 3293 1756 3364">
     <span class='ocr_line' id='line_1_64' title="bbox 175 3293 1756 3364; baseline 0.004 -19"><span class='ocrx_word' id='word_1_499' title='bbox 175 3307 291 3362; x_wconf 82' lang='lat' dir='ltr'><strong>ergo</strong></span> <span class='ocrx_word' id='word_1_500' title='bbox 332 3293 480 3363; x_wconf 90' lang='lat' dir='ltr'><strong>quod</strong></span> <span class='ocrx_word' id='word_1_501' title='bbox 535 3295 868 3364; x_wconf 75' lang='lat' dir='ltr'><strong>evangelista</strong></span> <span class='ocrx_word' id='word_1_502' title='bbox 917 3293 1206 3349; x_wconf 79' lang='lat' dir='ltr'><strong>Matthaeus</strong></span> <span class='ocrx_word' id='word_1_503' title='bbox 1253 3293 1357 3350; x_wconf 89' lang='lat' dir='ltr'><strong>hoc</strong></span> <span class='ocrx_word' id='word_1_504' title='bbox 1407 3309 1474 3348; x_wconf 73' lang='lat' dir='ltr'><strong>ex</strong></span> <span class='ocrx_word' id='word_1_505' title='bbox 1523 3309 1756 3364; x_wconf 87' lang='lat' dir='ltr'><strong>persona</strong></span> 
     </span>
    </p>
   </div>
   <div class='ocr_carea' id='block_1_65' title="bbox 173 3384 1758 3443">
    <p class='ocr_par' dir='ltr' id='par_1_65' title="bbox 173 3384 1758 3443">
     <span class='ocr_line' id='line_1_65' title="bbox 173 3384 1758 3443; baseline 0.002 -2"><span class='ocrx_word' id='word_1_506' title='bbox 173 3385 355 3441; x_wconf 87' lang='lat' dir='ltr'><strong>Christi</strong></span> <span class='ocrx_word' id='word_1_507' title='bbox 402 3385 706 3443; x_wconf 80' lang='lat' dir='ltr'><strong>intellexit.</strong></span> <span class='ocrx_word' id='word_1_508' title='bbox 758 3387 893 3441; x_wconf 85' lang='lat' dir='ltr'><strong>Cum</strong></span> <span class='ocrx_word' id='word_1_509' title='bbox 932 3387 1078 3441; x_wconf 87' lang='lat' dir='ltr'><strong>enim</strong></span> <span class='ocrx_word' id='word_1_510' title='bbox 1129 3384 1442 3442; x_wconf 81' lang='lat' dir='ltr'><strong>induxisset</strong></span> <span class='ocrx_word' id='word_1_511' title='bbox 1470 3384 1758 3443; x_wconf 90' lang='lat' dir='ltr'><strong>D0minum</strong></span> 
     </span>
    </p>
   </div>
   <div class='ocr_carea' id='block_1_66' title="bbox 172 3477 1755 3552">
    <p class='ocr_par' dir='ltr' id='par_1_66' title="bbox 172 3477 1755 3552">
     <span class='ocr_line' id='line_1_66' title="bbox 172 3477 1755 3552; baseline 0.003 -20"><span class='ocrx_word' id='word_1_512' title='bbox 172 3477 428 3535; x_wconf 87' lang='lat' dir='ltr'><strong>dicentem</strong></span> <span class='ocrx_word' id='word_1_513' title='bbox 452 3480 510 3536; x_wconf 90' lang='lat' dir='ltr'><strong>in</strong></span> <span class='ocrx_word' id='word_1_514' title='bbox 536 3479 835 3552; x_wconf 69' lang='lat' dir='ltr'><strong>parabolis,</strong></span> <span class='ocrx_word' id='word_1_515' title='bbox 864 3489 920 3536; x_wconf 87' lang='lat' dir='ltr'><strong>et</strong></span> <span class='ocrx_word' id='word_1_516' title='bbox 949 3479 1023 3534; x_wconf 93' lang='lat' dir='ltr'><strong>illi</strong></span> <span class='ocrx_word' id='word_1_517' title='bbox 1052 3494 1160 3538; x_wconf 91' lang='lat' dir='ltr'><strong>non</strong></span> <span class='ocrx_word' id='word_1_518' title='bbox 1195 3479 1558 3552; x_wconf 78' lang='lat' dir='ltr'><strong>intelligerent</strong></span> <span class='ocrx_word' id='word_1_519' title='bbox 1583 3499 1596 3536; x_wconf 93' lang='lat'>:</span> <span class='ocrx_word' id='word_1_520' title='bbox 1632 3481 1755 3552; x_wconf 88' lang='lat' dir='ltr'><strong>hoc,</strong></span> 
     </span>
    </p>
   </div>
   <div class='ocr_carea' id='block_1_67' title="bbox 173 3571 1758 3646">
    <p class='ocr_par' dir='ltr' id='par_1_67' title="bbox 173 3571 1758 3646">
     <span class='ocr_line' id='line_1_67' title="bbox 173 3571 1758 3646; baseline 0.004 -20"><span class='ocrx_word' id='word_1_521' title='bbox 173 3571 354 3644; x_wconf 88' lang='lat' dir='ltr'><strong>inquit,</strong></span> <span class='ocrx_word' id='word_1_522' title='bbox 406 3575 612 3630; x_wconf 78' lang='lat' dir='ltr'><strong>factum</strong></span> <span class='ocrx_word' id='word_1_523' title='bbox 659 3583 763 3641; x_wconf 88' lang='lat' dir='ltr'><strong>est,</strong></span> <span class='ocrx_word' id='word_1_524' title='bbox 815 3587 872 3628; x_wconf 94' lang='lat' dir='ltr'><strong>ut</strong></span> <span class='ocrx_word' id='word_1_525' title='bbox 942 3574 1260 3645; x_wconf 85' lang='lat' dir='ltr'><strong>impleretur</strong></span> <span class='ocrx_word' id='word_1_526' title='bbox 1307 3574 1449 3645; x_wconf 89' lang='lat' dir='ltr'><strong>quod</strong></span> <span class='ocrx_word' id='word_1_527' title='bbox 1497 3577 1758 3646; x_wconf 84' lang='lat' dir='ltr'><strong>scriptum</strong></span> 
     </span>
    </p>
   </div>
   <div class='ocr_carea' id='block_1_68' title="bbox 172 3666 1763 3741">
    <p class='ocr_par' dir='ltr' id='par_1_68' title="bbox 172 3666 1763 3741">
     <span class='ocr_line' id='line_1_68' title="bbox 172 3666 1763 3741; baseline 0.003 -21"><span class='ocrx_word' id='word_1_528' title='bbox 172 3675 244 3722; x_wconf 76' lang='lat' dir='ltr'><strong>est</strong></span> <span class='ocrx_word' id='word_1_529' title='bbox 279 3687 292 3721; x_wconf 85' lang='lat'><strong>:</strong></span> <span class='ocrx_word' id='word_1_530' title='bbox 337 3667 588 3738; x_wconf 72' lang='lat' dir='ltr'><strong>Aperiat»</strong></span> <span class='ocrx_word' id='word_1_531' title='bbox 619 3670 671 3724; x_wconf 86' lang='lat' dir='ltr'><strong>in</strong></span> <span class='ocrx_word' id='word_1_532' title='bbox 711 3666 982 3740; x_wconf 81' lang='lat' dir='ltr'><strong>parabolis</strong></span> <span class='ocrx_word' id='word_1_533' title='bbox 1023 3687 1079 3723; x_wconf 89' lang='lat' dir='ltr'><strong>os</strong></span> <span class='ocrx_word' id='word_1_534' title='bbox 1124 3685 1316 3736; x_wconf 79' lang='lat' dir='ltr'><strong>meum,</strong></span> <span class='ocrx_word' id='word_1_535' title='bbox 1349 3679 1397 3724; x_wconf 82' lang='lat' dir='ltr'><strong>et</strong></span> <span class='ocrx_word' id='word_1_536' title='bbox 1426 3669 1610 3741; x_wconf 81' lang='lat' dir='ltr'><strong>loquar</strong></span> <span class='ocrx_word' id='word_1_537' title='bbox 1641 3688 1763 3740; x_wconf 82' lang='lat' dir='ltr'><strong>pro-</strong></span> 
     </span>
    </p>
   </div>
   <div class='ocr_carea' id='block_1_69' title="bbox 172 3760 1762 3829">
    <p class='ocr_par' dir='ltr' id='par_1_69' title="bbox 172 3760 1762 3829">
     <span class='ocr_line' id='line_1_69' title="bbox 172 3760 1762 3829; baseline 0.006 -17"><span class='ocrx_word' id='word_1_538' title='bbox 172 3760 432 3829; x_wconf 76' lang='lat' dir='ltr'><strong>positiones</strong></span> <span class='ocrx_word' id='word_1_539' title='bbox 466 3761 535 3815; x_wconf 85' lang='lat' dir='ltr'><strong>ab</strong></span> <span class='ocrx_word' id='word_1_540' title='bbox 585 3763 756 3817; x_wconf 76' lang='lat' dir='ltr'><strong>initio.</strong></span> <span class='ocrx_word' id='word_1_541' title='bbox 791 3761 1017 3818; x_wconf 85' lang='lat' dir='ltr'><strong>Videtur</strong></span> <span class='ocrx_word' id='word_1_542' title='bbox 1049 3764 1205 3819; x_wconf 87' lang='lat' dir='ltr'><strong>nobis</strong></span> <span class='ocrx_word' id='word_1_543' title='bbox 1247 3762 1386 3818; x_wconf 88' lang='lat' dir='ltr'><strong>nihil</strong></span> <span class='ocrx_word' id='word_1_544' title='bbox 1430 3765 1762 3822; x_wconf 78' lang='lat' dir='ltr'><strong>remansisse</strong></span> 
     </span>
    </p>
   </div>
   <div class='ocr_carea' id='block_1_70' title="bbox 173 3855 1764 3929">
    <p class='ocr_par' dir='ltr' id='par_1_70' title="bbox 173 3855 1764 3929">
     <span class='ocr_line' id='line_1_70' title="bbox 173 3855 1764 3929; baseline 0.006 -23"><span class='ocrx_word' id='word_1_545' title='bbox 173 3855 511 3923; x_wconf 68' lang='lat' dir='ltr'><strong>qumstionis,</strong></span> <span class='ocrx_word' id='word_1_546' title='bbox 545 3855 640 3912; x_wconf 89' lang='lat' dir='ltr'><strong>sed</strong></span> <span class='ocrx_word' id='word_1_547' title='bbox 671 3855 964 3926; x_wconf 78' lang='lat' dir='ltr'><strong>diligenter</strong></span> <span class='ocrx_word' id='word_1_548' title='bbox 991 3856 1258 3914; x_wconf 81' lang='lat' dir='ltr'><strong>attendite</strong></span> <span class='ocrx_word' id='word_1_549' title='bbox 1297 3857 1480 3929; x_wconf 77' lang='lat' dir='ltr'><strong>(Joan.</strong></span> <span class='ocrx_word' id='word_1_550' title='bbox 1518 3856 1571 3929; x_wconf 93' lang='lat' dir='ltr'><strong>v)</strong></span> <span class='ocrx_word' id='word_1_551' title='bbox 1599 3875 1610 3910; x_wconf 91' lang='lat'><strong>:</strong></span> <span class='ocrx_word' id='word_1_552' title='bbox 1637 3858 1764 3916; x_wconf 84' lang='lat' dir='ltr'><strong>Stlt-</strong></span> 
     </span>
    </p>
   </div>
   <div class='ocr_carea' id='block_1_71' title="bbox 174 3944 1758 4019">
    <p class='ocr_par' dir='ltr' id='par_1_71' title="bbox 174 3944 1758 4019">
     <span class='ocr_line' id='line_1_71' title="bbox 174 3944 1758 4019; baseline 0.006 -20"><span class='ocrx_word' id='word_1_553' title='bbox 174 3944 238 4000; x_wconf 90' lang='lat' dir='ltr'><strong>dii</strong></span> <span class='ocrx_word' id='word_1_554' title='bbox 275 3949 420 4002; x_wconf 89' lang='lat' dir='ltr'><strong>enim</strong></span> <span class='ocrx_word' id='word_1_555' title='bbox 472 3948 583 4004; x_wconf 87' lang='lat' dir='ltr'><strong>mei</strong></span> <span class='ocrx_word' id='word_1_556' title='bbox 632 3959 716 4004; x_wconf 81' lang='lat' dir='ltr'><strong>est</strong></span> <span class='ocrx_word' id='word_1_557' title='bbox 761 3967 870 4004; x_wconf 91' lang='lat' dir='ltr'><strong>non</strong></span> <span class='ocrx_word' id='word_1_558' title='bbox 911 3949 1222 4006; x_wconf 84' lang='lat' dir='ltr'><strong>declamare</strong></span> <span class='ocrx_word' id='word_1_559' title='bbox 1265 3966 1417 4007; x_wconf 85' lang='lat' dir='ltr'><strong>more</strong></span> <span class='ocrx_word' id='word_1_560' title='bbox 1460 3953 1758 4019; x_wconf 87' lang='lat' dir='ltr'><strong>rhetorico,</strong></span> 
     </span>
    </p>
   </div>
   <div class='ocr_carea' id='block_1_72' title="bbox 172 4039 1765 4114">
    <p class='ocr_par' dir='ltr' id='par_1_72' title="bbox 172 4039 1765 4114">
     <span class='ocr_line' id='line_1_72' title="bbox 172 4039 1765 4114; baseline 0.007 -22"><span class='ocrx_word' id='word_1_561' title='bbox 172 4040 257 4093; x_wconf 88' lang='lat' dir='ltr'><strong>sed</strong></span> <span class='ocrx_word' id='word_1_562' title='bbox 303 4039 717 4113; x_wconf 88' lang='lat' dir='ltr'><strong>Scripturarum</strong></span> <span class='ocrx_word' id='word_1_563' title='bbox 747 4056 942 4098; x_wconf 78' lang='lat' dir='ltr'><strong>sensus</strong></span> <span class='ocrx_word' id='word_1_564' title='bbox 987 4044 1220 4113; x_wconf 85' lang='lat' dir='ltr'><strong>aperire.</strong></span> <span class='ocrx_word' id='word_1_565' title='bbox 1274 4044 1516 4114; x_wconf 85' lang='lat' dir='ltr'><strong>Denique</strong></span> <span class='ocrx_word' id='word_1_566' title='bbox 1556 4055 1612 4102; x_wconf 90' lang='lat' dir='ltr'><strong>et</strong></span> <span class='ocrx_word' id='word_1_567' title='bbox 1656 4045 1765 4103; x_wconf 87' lang='lat' dir='ltr'><strong>Do-</strong></span> 
     </span>
    </p>
   </div>
   <div class='ocr_carea' id='block_1_73' title="bbox 174 4130 1763 4212">
    <p class='ocr_par' dir='ltr' id='par_1_73' title="bbox 174 4130 1763 4212">
     <span class='ocr_line' id='line_1_73' title="bbox 174 4130 1763 4212; baseline 0.007 -28"><span class='ocrx_word' id='word_1_568' title='bbox 174 4130 341 4188; x_wconf 87' lang='lat' dir='ltr'><strong>minus</strong></span> <span class='ocrx_word' id='word_1_569' title='bbox 364 4143 532 4204; x_wconf 87' lang='lat' dir='ltr'><strong>atque</strong></span> <span class='ocrx_word' id='word_1_570' title='bbox 561 4133 812 4191; x_wconf 89' lang='lat' dir='ltr'><strong>Salvator</strong></span> <span class='ocrx_word' id='word_1_571' title='bbox 841 4136 968 4205; x_wconf 86' lang='lat' dir='ltr'><strong>quid</strong></span> <span class='ocrx_word' id='word_1_572' title='bbox 999 4134 1176 4193; x_wconf 87' lang='lat' dir='ltr'><strong>dixit?</strong></span> <span class='ocrx_word' id='word_1_573' title='bbox 1208 4137 1540 4194; x_wconf 90' lang='lat' dir='ltr'><strong>Scrutamini</strong></span> <span class='ocrx_word' id='word_1_574' title='bbox 1580 4138 1763 4212; x_wconf 60' lang='lat' dir='ltr'><strong>Serip.</strong></span> 
     </span>
    </p>
   </div>
   <div class='ocr_carea' id='block_1_74' title="bbox 179 4227 1763 4302">
    <p class='ocr_par' dir='ltr' id='par_1_74' title="bbox 179 4227 1763 4302">
     <span class='ocr_line' id='line_1_74' title="bbox 179 4227 1763 4302; baseline 0.009 -26"><span class='ocrx_word' id='word_1_575' title='bbox 179 4233 340 4294; x_wconf 80' lang='lat' dir='ltr'><strong>teras,</strong></span> <span class='ocrx_word' id='word_1_576' title='bbox 387 4234 447 4282; x_wconf 90' lang='lat' dir='ltr'><strong>et</strong></span> <span class='ocrx_word' id='word_1_577' title='bbox 490 4227 563 4282; x_wconf 92' lang='lat' dir='ltr'><strong>ibi</strong></span> <span class='ocrx_word' id='word_1_578' title='bbox 613 4227 901 4284; x_wconf 87' lang='lat' dir='ltr'><strong>invenietis</strong></span> <span class='ocrx_word' id='word_1_579' title='bbox 947 4228 1222 4299; x_wconf 87' lang='lat' dir='ltr'><strong>quomoda</strong></span> <span class='ocrx_word' id='word_1_580' title='bbox 1269 4229 1337 4285; x_wconf 90' lang='lat' dir='ltr'><strong>de</strong></span> <span class='ocrx_word' id='word_1_581' title='bbox 1379 4245 1464 4285; x_wconf 85' lang='lat' dir='ltr'><strong>me</strong></span> <span class='ocrx_word' id='word_1_582' title='bbox 1496 4231 1763 4302; x_wconf 88' lang='lat' dir='ltr'><strong>scriptum</strong></span> 
     </span>
    </p>
   </div>
   <div class='ocr_carea' id='block_1_75' title="bbox 174 4318 1759 4389">
    <p class='ocr_par' dir='ltr' id='par_1_75' title="bbox 174 4318 1759 4389">
     <span class='ocr_line' id='line_1_75' title="bbox 174 4318 1759 4389; baseline 0.008 -17"><span class='ocrx_word' id='word_1_583' title='bbox 174 4325 269 4372; x_wconf 86' lang='lat' dir='ltr'><strong>est.</strong></span> <span class='ocrx_word' id='word_1_584' title='bbox 299 4319 368 4376; x_wconf 87' lang='lat' dir='ltr'><strong>Et</strong></span> <span class='ocrx_word' id='word_1_585' title='bbox 391 4319 526 4374; x_wconf 88' lang='lat' dir='ltr'><strong>alibi</strong></span> <span class='ocrx_word' id='word_1_586' title='bbox 553 4318 693 4375; x_wconf 85' lang='lat' dir='ltr'><strong>dixit</strong></span> <span class='ocrx_word' id='word_1_587' title='bbox 715 4319 918 4375; x_wconf 70' lang='lat' dir='ltr'><strong>ludatis</strong></span> <span class='ocrx_word' id='word_1_588' title='bbox 947 4338 959 4376; x_wconf 88' lang='lat'><strong>:</strong></span> <span class='ocrx_word' id='word_1_589' title='bbox 995 4321 1222 4389; x_wconf 82' lang='lat' dir='ltr'><strong>Erratis,</strong></span> <span class='ocrx_word' id='word_1_590' title='bbox 1259 4337 1366 4377; x_wconf 87' lang='lat' dir='ltr'><strong>nes.</strong></span> <span class='ocrx_word' id='word_1_591' title='bbox 1390 4322 1568 4380; x_wconf 87' lang='lat' dir='ltr'><strong>ientcs</strong></span> <span class='ocrx_word' id='word_1_592' title='bbox 1606 4324 1759 4386; x_wconf 84' lang='lat' dir='ltr'><strong>Scri-</strong></span> 
     </span>
    </p>
   </div>
   <div class='ocr_carea' id='block_1_76' title="bbox 173 4416 1764 4495">
    <p class='ocr_par' dir='ltr' id='par_1_76' title="bbox 173 4416 1764 4495">
     <span class='ocr_line' id='line_1_76' title="bbox 173 4416 1764 4495; baseline 0.006 -28"><span class='ocrx_word' id='word_1_593' title='bbox 173 4422 381 4482; x_wconf 87' lang='lat' dir='ltr'><strong>pturas,</strong></span> <span class='ocrx_word' id='word_1_594' title='bbox 430 4429 613 4486; x_wconf 86' lang='lat' dir='ltr'><strong>neque</strong></span> <span class='ocrx_word' id='word_1_595' title='bbox 660 4416 916 4472; x_wconf 83' lang='lat' dir='ltr'><strong>virtutem</strong></span> <span class='ocrx_word' id='word_1_596' title='bbox 972 4417 1086 4473; x_wconf 85' lang='lat' dir='ltr'><strong>Dei.</strong></span> <span class='ocrx_word' id='word_1_597' title='bbox 1143 4417 1334 4472; x_wconf 83' lang='lat' dir='ltr'><strong>Videte</strong></span> <span class='ocrx_word' id='word_1_598' title='bbox 1379 4419 1509 4489; x_wconf 87' lang='lat' dir='ltr'><strong>quid</strong></span> <span class='ocrx_word' id='word_1_599' title='bbox 1555 4419 1702 4495; x_wconf 80' lang='lat' dir='ltr'><strong>dicat</strong></span> <span class='ocrx_word' id='word_1_600' title='bbox 1749 4438 1764 4477; x_wconf 87' lang='lat'><strong>:</strong></span> 
     </span>
    </p>
   </div>
   <div class='ocr_carea' id='block_1_77' title="bbox 174 4505 1761 4585">
    <p class='ocr_par' dir='ltr' id='par_1_77' title="bbox 174 4505 1761 4585">
     <span class='ocr_line' id='line_1_77' title="bbox 174 4505 1761 4585; baseline 0.008 -26"><span class='ocrx_word' id='word_1_601' title='bbox 174 4505 396 4564; x_wconf 80' lang='lat' dir='ltr'><strong>Erratis.</strong></span> <span class='ocrx_word' id='word_1_602' title='bbox 429 4508 647 4576; x_wconf 83' lang='lat' dir='ltr'><strong>Quare?</strong></span> <span class='ocrx_word' id='word_1_603' title='bbox 684 4509 998 4566; x_wconf 83' lang='lat' dir='ltr'><strong>Nescientes</strong></span> <span class='ocrx_word' id='word_1_604' title='bbox 1046 4511 1359 4582; x_wconf 88' lang='lat' dir='ltr'><strong>Seripturas</strong></span> <span class='ocrx_word' id='word_1_605' title='bbox 1409 4512 1604 4585; x_wconf 75' lang='lat' dir='ltr'><strong>(Marc.</strong></span> <span class='ocrx_word' id='word_1_606' title='bbox 1639 4516 1761 4584; x_wconf 77' lang='lat' dir='ltr'><strong>sit).</strong></span> 
     </span>
    </p>
   </div>
   <div class='ocr_carea' id='block_1_78' title="bbox 1869 3274 3464 3349">
    <p class='ocr_par' dir='ltr' id='par_1_78' title="bbox 1869 3274 3464 3349">
     <span class='ocr_line' id='line_1_78' title="bbox 1869 3274 3464 3349; baseline -0.001 -18"><span class='ocrx_word' id='word_1_607' title='bbox 1869 3274 1936 3331; x_wconf 90' lang='lat' dir='ltr'><strong>Ut</strong></span> <span class='ocrx_word' id='word_1_608' title='bbox 1976 3277 2317 3347; x_wconf 88' lang='lat' dir='ltr'><strong>impleretur,</strong></span> <span class='ocrx_word' id='word_1_609' title='bbox 2352 3278 2544 3348; x_wconf 90' lang='lat' dir='ltr'><strong>inquit,</strong></span> <span class='ocrx_word' id='word_1_610' title='bbox 2579 3278 2721 3348; x_wconf 90' lang='lat' dir='ltr'><strong>quod</strong></span> <span class='ocrx_word' id='word_1_611' title='bbox 2744 3279 3008 3349; x_wconf 82' lang='lat' dir='ltr'><strong>scriptum</strong></span> <span class='ocrx_word' id='word_1_612' title='bbox 3038 3287 3120 3334; x_wconf 91' lang='lat' dir='ltr'><strong>est</strong></span> <span class='ocrx_word' id='word_1_613' title='bbox 3146 3279 3198 3332; x_wconf 94' lang='lat' dir='ltr'><strong>in</strong></span> <span class='ocrx_word' id='word_1_614' title='bbox 3226 3276 3464 3334; x_wconf 83' lang='lat' dir='ltr'><strong>Jeremia</strong></span> 
     </span>
    </p>
   </div>
   <div class='ocr_carea' id='block_1_79' title="bbox 1867 3369 3464 3444">
    <p class='ocr_par' dir='ltr' id='par_1_79' title="bbox 1867 3369 3464 3444">
     <span class='ocr_line' id='line_1_79' title="bbox 1867 3369 3464 3444; baseline 0.001 -21"><span class='ocrx_word' id='word_1_615' title='bbox 1867 3369 2157 3443; x_wconf 86' lang='lat' dir='ltr'><strong>propheta:</strong></span> <span class='ocrx_word' id='word_1_616' title='bbox 2179 3370 2406 3440; x_wconf 78' lang='lat' dir='ltr'><strong>ltetulit,</strong></span> <span class='ocrx_word' id='word_1_617' title='bbox 2432 3369 2625 3444; x_wconf 88' lang='lat' dir='ltr'><strong>inquit,</strong></span> <span class='ocrx_word' id='word_1_618' title='bbox 2654 3369 2872 3442; x_wconf 79' lang='lat' dir='ltr'><strong>triginta</strong></span> <span class='ocrx_word' id='word_1_619' title='bbox 2899 3379 3209 3441; x_wconf 84' lang='lat' dir='ltr'><strong>argenteas,</strong></span> <span class='ocrx_word' id='word_1_620' title='bbox 3232 3370 3464 3444; x_wconf 89' lang='lat' dir='ltr'><strong>pretium</strong></span> 
     </span>
    </p>
   </div>
   <div class='ocr_carea' id='block_1_80' title="bbox 1865 3461 3462 3538">
    <p class='ocr_par' dir='ltr' id='par_1_80' title="bbox 1865 3461 3462 3538">
     <span class='ocr_line' id='line_1_80' title="bbox 1865 3461 3462 3538; baseline -0.001 -22"><span class='ocrx_word' id='word_1_621' title='bbox 1865 3461 2008 3533; x_wconf 89' lang='lat' dir='ltr'><strong>quod</strong></span> <span class='ocrx_word' id='word_1_622' title='bbox 2033 3466 2400 3534; x_wconf 85' lang='lat' dir='ltr'><strong>appretiatum</strong></span> <span class='ocrx_word' id='word_1_623' title='bbox 2428 3476 2533 3532; x_wconf 88' lang='lat' dir='ltr'><strong>cst,</strong></span> <span class='ocrx_word' id='word_1_624' title='bbox 2565 3475 2620 3518; x_wconf 90' lang='lat' dir='ltr'><strong>et</strong></span> <span class='ocrx_word' id='word_1_625' title='bbox 2650 3473 2865 3520; x_wconf 69' lang='lat' dir='ltr'><strong>cmtera.</strong></span> <span class='ocrx_word' id='word_1_626' title='bbox 2893 3463 3044 3518; x_wconf 87' lang='lat' dir='ltr'><strong>Sicut.</strong></span> <span class='ocrx_word' id='word_1_627' title='bbox 3066 3463 3326 3538; x_wconf 85' lang='lat' dir='ltr'><strong>scriptum</strong></span> <span class='ocrx_word' id='word_1_628' title='bbox 3355 3473 3462 3534; x_wconf 81' lang='lat' dir='ltr'><strong>est,</strong></span> 
     </span>
    </p>
   </div>
   <div class='ocr_carea' id='block_1_81' title="bbox 1866 3570 3469 3649">
    <p class='ocr_par' dir='ltr' id='par_1_81' title="bbox 1866 3570 3469 3649">
     <span class='ocr_line' id='line_1_81' title="bbox 1866 3570 3469 3649; baseline 0.009 -24"><span class='ocrx_word' id='word_1_629' title='bbox 1866 3570 2061 3644; x_wconf 86' lang='lat' dir='ltr'><strong>inquit,</strong></span> <span class='ocrx_word' id='word_1_630' title='bbox 2113 3575 2163 3630; x_wconf 92' lang='lat' dir='ltr'><strong>in</strong></span> <span class='ocrx_word' id='word_1_631' title='bbox 2195 3574 2429 3632; x_wconf 82' lang='lat' dir='ltr'><strong>Ieremia</strong></span> <span class='ocrx_word' id='word_1_632' title='bbox 2482 3578 2740 3649; x_wconf 85' lang='lat' dir='ltr'><strong>propheta</strong></span> <span class='ocrx_word' id='word_1_633' title='bbox 2775 3599 2787 3632; x_wconf 87' lang='lat'><strong>:</strong></span> <span class='ocrx_word' id='word_1_634' title='bbox 2824 3579 2927 3635; x_wconf 88' lang='lat' dir='ltr'><strong>hoc</strong></span> <span class='ocrx_word' id='word_1_635' title='bbox 2959 3583 3008 3634; x_wconf 89' lang='lat' dir='ltr'><strong>in</strong></span> <span class='ocrx_word' id='word_1_636' title='bbox 3053 3579 3304 3634; x_wconf 71' lang='lat' dir='ltr'><strong>Matthteo</strong></span> <span class='ocrx_word' id='word_1_637' title='bbox 3333 3578 3469 3638; x_wconf 88' lang='lat' dir='ltr'><strong>scri-</strong></span> 
     </span>
    </p>
   </div>
   <div class='ocr_carea' id='block_1_82' title="bbox 1866 3673 3464 3747">
    <p class='ocr_par' dir='ltr' id='par_1_82' title="bbox 1866 3673 3464 3747">
     <span class='ocr_line' id='line_1_82' title="bbox 1866 3673 3464 3747; baseline 0.001 -20"><span class='ocrx_word' id='word_1_638' title='bbox 1866 3683 2017 3742; x_wconf 84' lang='lat' dir='ltr'><strong>ptum</strong></span> <span class='ocrx_word' id='word_1_639' title='bbox 2047 3683 2151 3728; x_wconf 89' lang='lat' dir='ltr'><strong>est.</strong></span> <span class='ocrx_word' id='word_1_640' title='bbox 2190 3673 2597 3744; x_wconf 86' lang='lat' dir='ltr'><strong>Requisivitnns</strong></span> <span class='ocrx_word' id='word_1_641' title='bbox 2627 3675 2678 3728; x_wconf 93' lang='lat' dir='ltr'><strong>in</strong></span> <span class='ocrx_word' id='word_1_642' title='bbox 2701 3673 2938 3732; x_wconf 83' lang='lat' dir='ltr'><strong>Jeremia</strong></span> <span class='ocrx_word' id='word_1_643' title='bbox 2961 3675 3247 3747; x_wconf 85' lang='lat' dir='ltr'><strong>propheta,</strong></span> <span class='ocrx_word' id='word_1_644' title='bbox 3276 3683 3333 3730; x_wconf 90' lang='lat' dir='ltr'><strong>et</strong></span> <span class='ocrx_word' id='word_1_645' title='bbox 3363 3675 3464 3729; x_wconf 93' lang='lat' dir='ltr'><strong>hoc</strong></span> 
     </span>
    </p>
   </div>
   <div class='ocr_carea' id='block_1_83' title="bbox 1869 3767 3466 3838">
    <p class='ocr_par' dir='ltr' id='par_1_83' title="bbox 1869 3767 3466 3838">
     <span class='ocr_line' id='line_1_83' title="bbox 1869 3767 3466 3838; baseline 0.001 -18"><span class='ocrx_word' id='word_1_646' title='bbox 1869 3767 2087 3836; x_wconf 87' lang='lat' dir='ltr'><strong>penitus</strong></span> <span class='ocrx_word' id='word_1_647' title='bbox 2135 3768 2380 3824; x_wconf 87' lang='lat' dir='ltr'><strong>invenire</strong></span> <span class='ocrx_word' id='word_1_648' title='bbox 2444 3783 2552 3823; x_wconf 90' lang='lat' dir='ltr'><strong>non</strong></span> <span class='ocrx_word' id='word_1_649' title='bbox 2621 3768 2923 3838; x_wconf 77' lang='lat' dir='ltr'><strong>potuimus,</strong></span> <span class='ocrx_word' id='word_1_650' title='bbox 2993 3767 3090 3823; x_wconf 88' lang='lat' dir='ltr'><strong>sed</strong></span> <span class='ocrx_word' id='word_1_651' title='bbox 3156 3769 3466 3824; x_wconf 87' lang='lat' dir='ltr'><strong>invenimus</strong></span> 
     </span>
    </p>
   </div>
   <div class='ocr_carea' id='block_1_84' title="bbox 1869 3860 3464 3934">
    <p class='ocr_par' dir='ltr' id='par_1_84' title="bbox 1869 3860 3464 3934">
     <span class='ocr_line' id='line_1_84' title="bbox 1869 3860 3464 3934; baseline -0.002 -18"><span class='ocrx_word' id='word_1_652' title='bbox 1869 3861 1997 3917; x_wconf 86' lang='lat' dir='ltr'><strong>illud</strong></span> <span class='ocrx_word' id='word_1_653' title='bbox 2031 3863 2082 3917; x_wconf 90' lang='lat' dir='ltr'><strong>in</strong></span> <span class='ocrx_word' id='word_1_654' title='bbox 2102 3861 2362 3920; x_wconf 80' lang='lat' dir='ltr'><strong>Zacharia</strong></span> <span class='ocrx_word' id='word_1_655' title='bbox 2389 3862 2625 3920; x_wconf 76' lang='lat' dir='ltr'><strong>:Vidutis</strong></span> <span class='ocrx_word' id='word_1_656' title='bbox 2650 3878 2804 3934; x_wconf 82' lang='lat' dir='ltr'><strong>ergo,</strong></span> <span class='ocrx_word' id='word_1_657' title='bbox 2827 3863 2951 3932; x_wconf 85' lang='lat' dir='ltr'><strong>quia</strong></span> <span class='ocrx_word' id='word_1_658' title='bbox 2975 3871 3031 3918; x_wconf 89' lang='lat' dir='ltr'><strong>et</strong></span> <span class='ocrx_word' id='word_1_659' title='bbox 3059 3861 3144 3919; x_wconf 90' lang='lat' dir='ltr'><strong>hic</strong></span> <span class='ocrx_word' id='word_1_660' title='bbox 3163 3874 3316 3919; x_wconf 89' lang='lat' dir='ltr'><strong>error</strong></span> <span class='ocrx_word' id='word_1_661' title='bbox 3341 3860 3464 3924; x_wconf 85' lang='lat' dir='ltr'><strong>luit,</strong></span> 
     </span>
    </p>
   </div>
   <div class='ocr_carea' id='block_1_85' title="bbox 1867 3955 2457 4027">
    <p class='ocr_par' dir='ltr' id='par_1_85' title="bbox 1867 3955 2457 4027">
     <span class='ocr_line' id='line_1_85' title="bbox 1867 3955 2457 4027; baseline 0.007 -19"><span class='ocrx_word' id='word_1_662' title='bbox 1867 3955 2010 4010; x_wconf 85' lang='lat' dir='ltr'><strong>sicut</strong></span> <span class='ocrx_word' id='word_1_663' title='bbox 2040 3955 2112 4010; x_wconf 92' lang='lat' dir='ltr'><strong>ibi</strong></span> <span class='ocrx_word' id='word_1_664' title='bbox 2139 3955 2324 4027; x_wconf 82' lang='lat' dir='ltr'><strong>(Zaclt.</strong></span> <span class='ocrx_word' id='word_1_665' title='bbox 2358 3955 2457 4025; x_wconf 72' lang='grc' dir='ltr'><em>ιι).</em></span> 
     </span>
    </p>
   </div>
   <div class='ocr_carea' id='block_1_86' title="bbox 1942 4045 3465 4122">
    <p class='ocr_par' dir='ltr' id='par_1_86' title="bbox 1942 4045 3465 4122">
     <span class='ocr_line' id='line_1_86' title="bbox 1942 4045 3465 4122; baseline -0.001 -19"><span class='ocrx_word' id='word_1_666' title='bbox 1942 4047 2150 4113; x_wconf 79' lang='lat' dir='ltr'><strong>Quanta</strong></span> <span class='ocrx_word' id='word_1_667' title='bbox 2198 4047 2488 4104; x_wconf 77' lang='lat' dir='ltr'><strong>audivimus</strong></span> <span class='ocrx_word' id='word_1_668' title='bbox 2540 4059 2587 4104; x_wconf 86' lang='lat' dir='ltr'><strong>et</strong></span> <span class='ocrx_word' id='word_1_669' title='bbox 2616 4051 2950 4122; x_wconf 72' lang='lat' dir='ltr'><strong>cegttouintus</strong></span> <span class='ocrx_word' id='word_1_670' title='bbox 2983 4063 3063 4104; x_wconf 87' lang='lat' dir='ltr'><strong>ea.</strong></span> <span class='ocrx_word' id='word_1_671' title='bbox 3115 4046 3178 4104; x_wconf 85' lang='lat' dir='ltr'><strong>lli</strong></span> <span class='ocrx_word' id='word_1_672' title='bbox 3203 4045 3465 4105; x_wconf 88' lang='lat' dir='ltr'><strong>versiculi</strong></span> 
     </span>
    </p>
   </div>
   <div class='ocr_carea' id='block_1_87' title="bbox 1868 4139 3467 4214">
    <p class='ocr_par' dir='ltr' id='par_1_87' title="bbox 1868 4139 3467 4214">
     <span class='ocr_line' id='line_1_87' title="bbox 1868 4139 3467 4214; baseline 0.001 -20"><span class='ocrx_word' id='word_1_673' title='bbox 1868 4139 1937 4196; x_wconf 88' lang='lat' dir='ltr'><strong>ab</strong></span> <span class='ocrx_word' id='word_1_674' title='bbox 1966 4159 1976 4194; x_wconf 94' lang='lat'>:</span> <span class='ocrx_word' id='word_1_675' title='bbox 2010 4139 2294 4209; x_wconf 79' lang='lat' dir='ltr'><strong>Attendite,</strong></span> <span class='ocrx_word' id='word_1_676' title='bbox 2348 4141 2575 4212; x_wconf 82' lang='lat' dir='ltr'><strong>papulas</strong></span> <span class='ocrx_word' id='word_1_677' title='bbox 2620 4157 2786 4212; x_wconf 83' lang='lat' dir='ltr'><strong>meus,</strong></span> <span class='ocrx_word' id='word_1_678' title='bbox 2833 4142 2998 4214; x_wconf 82' lang='lat' dir='ltr'><strong>legent</strong></span> <span class='ocrx_word' id='word_1_679' title='bbox 3045 4155 3213 4195; x_wconf 80' lang='lat' dir='ltr'><strong>meam</strong></span> <span class='ocrx_word' id='word_1_680' title='bbox 3241 4158 3259 4196; x_wconf 87' lang='lat'><strong>.&#39;</strong></span> <span class='ocrx_word' id='word_1_681' title='bbox 3292 4155 3467 4212; x_wconf 84' lang='lat' dir='ltr'><strong>usque</strong></span> 
     </span>
    </p>
   </div>
   <div class='ocr_carea' id='block_1_88' title="bbox 1870 4233 3465 4308">
    <p class='ocr_par' dir='ltr' id='par_1_88' title="bbox 1870 4233 3465 4308">
     <span class='ocr_line' id='line_1_88' title="bbox 1870 4233 3465 4308; baseline 0.001 -21"><span class='ocrx_word' id='word_1_682' title='bbox 1870 4233 1924 4288; x_wconf 92' lang='lat' dir='ltr'><strong>in</strong></span> <span class='ocrx_word' id='word_1_683' title='bbox 1960 4235 2123 4290; x_wconf 86' lang='lat' dir='ltr'><strong>istum</strong></span> <span class='ocrx_word' id='word_1_684' title='bbox 2151 4235 2507 4301; x_wconf 83' lang='lat' dir='ltr'><strong>versiculum,</strong></span> <span class='ocrx_word' id='word_1_685' title='bbox 2557 4237 2740 4306; x_wconf 82' lang='lat' dir='ltr'><strong>loquar</strong></span> <span class='ocrx_word' id='word_1_686' title='bbox 2771 4235 3151 4308; x_wconf 82' lang='lat' dir='ltr'><strong>propositiones</strong></span> <span class='ocrx_word' id='word_1_687' title='bbox 3178 4233 3243 4290; x_wconf 89' lang='lat' dir='ltr'><strong>ab</strong></span> <span class='ocrx_word' id='word_1_688' title='bbox 3271 4234 3420 4290; x_wconf 85' lang='lat' dir='ltr'><strong>initio</strong></span> <span class='ocrx_word' id='word_1_689' title='bbox 3447 4249 3465 4288; x_wconf 90' lang='lat'><strong><em>:</em></strong></span> 
     </span>
    </p>
   </div>
   <div class='ocr_carea' id='block_1_89' title="bbox 1871 4328 3468 4401">
    <p class='ocr_par' dir='ltr' id='par_1_89' title="bbox 1871 4328 3468 4401">
     <span class='ocr_line' id='line_1_89' title="bbox 1871 4328 3468 4401; baseline 0.001 -17"><span class='ocrx_word' id='word_1_690' title='bbox 1871 4343 1938 4384; x_wconf 80' lang='lat' dir='ltr'><strong>ex</strong></span> <span class='ocrx_word' id='word_1_691' title='bbox 1974 4343 2211 4399; x_wconf 84' lang='lat' dir='ltr'><strong>persona</strong></span> <span class='ocrx_word' id='word_1_692' title='bbox 2243 4328 2452 4386; x_wconf 82' lang='lat' dir='ltr'><strong>Christi</strong></span> <span class='ocrx_word' id='word_1_693' title='bbox 2478 4329 2759 4397; x_wconf 90' lang='lat' dir='ltr'><strong>dicuntur,</strong></span> <span class='ocrx_word' id='word_1_694' title='bbox 2792 4337 2848 4386; x_wconf 90' lang='lat' dir='ltr'><strong>et</strong></span> <span class='ocrx_word' id='word_1_695' title='bbox 2875 4331 2990 4400; x_wconf 88' lang='lat' dir='ltr'><strong>ipse</strong></span> <span class='ocrx_word' id='word_1_696' title='bbox 3013 4329 3266 4388; x_wconf 83' lang='lat' dir='ltr'><strong>Salvator</strong></span> <span class='ocrx_word' id='word_1_697' title='bbox 3293 4331 3468 4401; x_wconf 88' lang='lat' dir='ltr'><strong>loqui-</strong></span> 
     </span>
    </p>
   </div>
   <div class='ocr_carea' id='block_1_90' title="bbox 1871 4421 3472 4493">
    <p class='ocr_par' dir='ltr' id='par_1_90' title="bbox 1871 4421 3472 4493">
     <span class='ocr_line' id='line_1_90' title="bbox 1871 4421 3472 4493; baseline 0.001 -18"><span class='ocrx_word' id='word_1_698' title='bbox 1871 4432 1981 4478; x_wconf 91' lang='lat' dir='ltr'><strong>tur.</strong></span> <span class='ocrx_word' id='word_1_699' title='bbox 2011 4422 2130 4480; x_wconf 86' lang='lat' dir='ltr'><strong>Jam</strong></span> <span class='ocrx_word' id='word_1_700' title='bbox 2163 4431 2398 4478; x_wconf 72' lang='lat' dir='ltr'><strong>crateras</strong></span> <span class='ocrx_word' id='word_1_701' title='bbox 2420 4422 2727 4480; x_wconf 84' lang='lat' dir='ltr'><strong>versiculos</strong></span> <span class='ocrx_word' id='word_1_702' title='bbox 2752 4437 2925 4493; x_wconf 86' lang='lat' dir='ltr'><strong>usque</strong></span> <span class='ocrx_word' id='word_1_703' title='bbox 2953 4421 3022 4478; x_wconf 85' lang='lat' dir='ltr'><strong>ad</strong></span> <span class='ocrx_word' id='word_1_704' title='bbox 3053 4421 3216 4480; x_wconf 83' lang='lat' dir='ltr'><strong>ﬁnem</strong></span> <span class='ocrx_word' id='word_1_705' title='bbox 3253 4422 3472 4492; x_wconf 84' lang='lat' dir='ltr'><strong>psalmi,</strong></span> 
     </span>
    </p>
   </div>
   <div class='ocr_carea' id='block_1_91' title="bbox 1872 4517 3470 4590">
    <p class='ocr_par' dir='ltr' id='par_1_91' title="bbox 1872 4517 3470 4590">
     <span class='ocr_line' id='line_1_91' title="bbox 1872 4517 3470 4590; baseline 0.006 -22"><span class='ocrx_word' id='word_1_706' title='bbox 1872 4532 1936 4570; x_wconf 81' lang='lat' dir='ltr'><strong>ex</strong></span> <span class='ocrx_word' id='word_1_707' title='bbox 1970 4531 2199 4586; x_wconf 88' lang='lat' dir='ltr'><strong>persona</strong></span> <span class='ocrx_word' id='word_1_708' title='bbox 2229 4519 2611 4588; x_wconf 89' lang='lat' dir='ltr'><strong>apostolorum</strong></span> <span class='ocrx_word' id='word_1_709' title='bbox 2637 4517 2900 4578; x_wconf 84' lang='lat' dir='ltr'><strong>debemus</strong></span> <span class='ocrx_word' id='word_1_710' title='bbox 2927 4518 3194 4590; x_wconf 86' lang='lat' dir='ltr'><strong>accipere.</strong></span> <span class='ocrx_word' id='word_1_711' title='bbox 3247 4517 3470 4578; x_wconf 80' lang='lat' dir='ltr'><strong>Dicente</strong></span> 
     </span>
    </p>
   </div>
   <div class='ocr_carea' id='block_1_92' title="bbox 169 4595 3472 4685">
    <p class='ocr_par' dir='ltr' id='par_1_92' title="bbox 169 4595 3472 4685">
     <span class='ocr_line' id='line_1_92' title="bbox 169 4595 3472 4685; baseline 0.004 -18"><span class='ocrx_word' id='word_1_712' title='bbox 169 4601 434 4667; x_wconf 79' lang='lat' dir='ltr'><strong>Quoniam</strong></span> <span class='ocrx_word' id='word_1_713' title='bbox 467 4611 647 4658; x_wconf 76' lang='lat' dir='ltr'><strong>autem</strong></span> <span class='ocrx_word' id='word_1_714' title='bbox 693 4603 916 4660; x_wconf 72' lang='lat' dir='ltr'><strong>nescitis</strong></span> <span class='ocrx_word' id='word_1_715' title='bbox 955 4603 1264 4675; x_wconf 76' lang='lat' dir='ltr'><strong>Scriptum</strong></span> <span class='ocrx_word' id='word_1_716' title='bbox 1295 4624 1308 4660; x_wconf 74' lang='grc' dir='ltr'><strong>ι</strong></span> <span class='ocrx_word' id='word_1_717' title='bbox 1345 4617 1632 4677; x_wconf 74' lang='lat' dir='ltr'><strong>propterea</strong></span> <span class='ocrx_word' id='word_1_718' title='bbox 1667 4624 1764 4666; x_wconf 73' lang='grc' dir='ltr'><strong>ηε·</strong></span> <span class='ocrx_word' id='word_1_719' title='bbox 1790 4595 1843 4654; x_wconf 88' lang='grc'><strong>1)</strong></span> <span class='ocrx_word' id='word_1_720' title='bbox 1872 4634 2004 4685; x_wconf 76' lang='lat' dir='ltr'><strong>ergo</strong></span> <span class='ocrx_word' id='word_1_721' title='bbox 2031 4619 2262 4676; x_wconf 89' lang='lat' dir='ltr'><strong>Domino</strong></span> <span class='ocrx_word' id='word_1_722' title='bbox 2294 4638 2306 4675; x_wconf 85' lang='lat'>:</span> <span class='ocrx_word' id='word_1_723' title='bbox 2344 4619 2602 4676; x_wconf 75' lang='lat' dir='ltr'><strong>Inclinato</strong></span> <span class='ocrx_word' id='word_1_724' title='bbox 2624 4637 2804 4676; x_wconf 83' lang='lat' dir='ltr'><strong>aurem</strong></span> <span class='ocrx_word' id='word_1_725' title='bbox 2832 4633 3055 4680; x_wconf 78' lang='lat' dir='ltr'><strong>vestram</strong></span> <span class='ocrx_word' id='word_1_726' title='bbox 3079 4621 3148 4683; x_wconf 78' lang='lat' dir='ltr'><strong>ad</strong></span> <span class='ocrx_word' id='word_1_727' title='bbox 3177 4622 3330 4680; x_wconf 76' lang='lat' dir='ltr'><strong>verba</strong></span> <span class='ocrx_word' id='word_1_728' title='bbox 3367 4622 3472 4684; x_wconf 74' lang='lat' dir='ltr'><strong>oris</strong></span> 
     </span>
    </p>
   </div>
   <div class='ocr_carea' id='block_1_93' title="bbox 171 4693 1760 4770">
    <p class='ocr_par' dir='ltr' id='par_1_93' title="bbox 171 4693 1760 4770">
     <span class='ocr_line' id='line_1_93' title="bbox 171 4693 1760 4770; baseline 0.008 -24"><span class='ocrx_word' id='word_1_729' title='bbox 171 4694 318 4748; x_wconf 88' lang='lat' dir='ltr'><strong>scitis</strong></span> <span class='ocrx_word' id='word_1_730' title='bbox 346 4693 656 4763; x_wconf 88' lang='lat' dir='ltr'><strong>Christum,</strong></span> <span class='ocrx_word' id='word_1_731' title='bbox 689 4696 782 4765; x_wconf 88' lang='lat' dir='ltr'><strong>qui</strong></span> <span class='ocrx_word' id='word_1_732' title='bbox 814 4705 897 4750; x_wconf 77' lang='lat' dir='ltr'><strong>est</strong></span> <span class='ocrx_word' id='word_1_733' title='bbox 924 4695 1016 4752; x_wconf 89' lang='lat' dir='ltr'><strong>Dei</strong></span> <span class='ocrx_word' id='word_1_734' title='bbox 1047 4696 1234 4764; x_wconf 86' lang='lat' dir='ltr'><strong>virtus,</strong></span> <span class='ocrx_word' id='word_1_735' title='bbox 1269 4706 1324 4754; x_wconf 87' lang='lat' dir='ltr'><strong>et</strong></span> <span class='ocrx_word' id='word_1_736' title='bbox 1350 4699 1443 4756; x_wconf 92' lang='lat' dir='ltr'><strong>Dei</strong></span> <span class='ocrx_word' id='word_1_737' title='bbox 1469 4701 1760 4770; x_wconf 79' lang='lat' dir='ltr'><strong>sapientia.</strong></span> 
     </span>
    </p>
   </div>
   <div class='ocr_carea' id='block_1_94' title="bbox 170 4784 1760 4862">
    <p class='ocr_par' dir='ltr' id='par_1_94' title="bbox 170 4784 1760 4862">
     <span class='ocr_line' id='line_1_94' title="bbox 170 4784 1760 4862; baseline 0.006 -25"><span class='ocrx_word' id='word_1_738' title='bbox 170 4784 373 4843; x_wconf 90' lang='lat' dir='ltr'><strong>Dicitur</strong></span> <span class='ocrx_word' id='word_1_739' title='bbox 398 4796 425 4823; x_wconf 75' lang='grc' dir='ltr'><em>ει</em></span> <span class='ocrx_word' id='word_1_740' title='bbox 459 4801 590 4858; x_wconf 88' lang='lat' dir='ltr'><strong>ergo</strong></span> <span class='ocrx_word' id='word_1_741' title='bbox 622 4787 674 4841; x_wconf 92' lang='lat' dir='ltr'><strong>in</strong></span> <span class='ocrx_word' id='word_1_742' title='bbox 710 4786 971 4843; x_wconf 66' lang='lat' dir='ltr'><strong>Matthaeo</strong></span> <span class='ocrx_word' id='word_1_743' title='bbox 1000 4806 1012 4842; x_wconf 89' lang='lat'><strong>:</strong></span> <span class='ocrx_word' id='word_1_744' title='bbox 1056 4787 1186 4846; x_wconf 73' lang='lat' dir='ltr'><strong>licet:</strong></span> <span class='ocrx_word' id='word_1_745' title='bbox 1227 4791 1422 4860; x_wconf 91' lang='lat' dir='ltr'><strong>inquit,</strong></span> <span class='ocrx_word' id='word_1_746' title='bbox 1450 4792 1592 4862; x_wconf 77' lang='lat' dir='ltr'><strong>facta</strong></span> <span class='ocrx_word' id='word_1_747' title='bbox 1617 4803 1760 4860; x_wconf 86' lang='lat' dir='ltr'><strong>sunt,</strong></span> 
     </span>
    </p>
   </div>
   <div class='ocr_carea' id='block_1_95' title="bbox 170 4871 1762 4958">
    <p class='ocr_par' dir='ltr' id='par_1_95' title="bbox 170 4871 1762 4958">
     <span class='ocr_line' id='line_1_95' title="bbox 170 4871 1762 4958; baseline 0.006 -25"><span class='ocrx_word' id='word_1_748' title='bbox 170 4891 220 4933; x_wconf 86' lang='lat' dir='ltr'><strong>ut</strong></span> <span class='ocrx_word' id='word_1_749' title='bbox 258 4882 570 4953; x_wconf 84' lang='lat' dir='ltr'><strong>impleretur</strong></span> <span class='ocrx_word' id='word_1_750' title='bbox 608 4882 746 4954; x_wconf 87' lang='lat' dir='ltr'><strong>quod</strong></span> <span class='ocrx_word' id='word_1_751' title='bbox 785 4882 1036 4954; x_wconf 85' lang='lat' dir='ltr'><strong>scriptum</strong></span> <span class='ocrx_word' id='word_1_752' title='bbox 1065 4871 1136 4938; x_wconf 83' lang='lat' dir='ltr'><strong>est</strong></span> <span class='ocrx_word' id='word_1_753' title='bbox 1178 4884 1235 4938; x_wconf 86' lang='lat' dir='ltr'><strong>in</strong></span> <span class='ocrx_word' id='word_1_754' title='bbox 1265 4884 1440 4955; x_wconf 77' lang='grc' dir='ltr'><strong>Λεαρή</strong></span> <span class='ocrx_word' id='word_1_755' title='bbox 1485 4887 1762 4958; x_wconf 81' lang='lat' dir='ltr'><strong>propheta.</strong></span> 
     </span>
    </p>
   </div>
   <div class='ocr_carea' id='block_1_96' title="bbox 169 4977 1761 5047">
    <p class='ocr_par' dir='ltr' id='par_1_96' title="bbox 169 4977 1761 5047">
     <span class='ocr_line' id='line_1_96' title="bbox 169 4977 1761 5047; baseline 0.004 -15"><span class='ocrx_word' id='word_1_756' title='bbox 169 4977 251 5032; x_wconf 87' lang='lat' dir='ltr'><strong>Sic</strong></span> <span class='ocrx_word' id='word_1_757' title='bbox 283 4977 562 5033; x_wconf 85' lang='lat' dir='ltr'><strong>invenitur</strong></span> <span class='ocrx_word' id='word_1_758' title='bbox 593 4980 647 5034; x_wconf 93' lang='lat' dir='ltr'><strong>in</strong></span> <span class='ocrx_word' id='word_1_759' title='bbox 697 4977 944 5036; x_wconf 88' lang='lat' dir='ltr'><strong>omnibus</strong></span> <span class='ocrx_word' id='word_1_760' title='bbox 992 4978 1264 5034; x_wconf 87' lang='lat' dir='ltr'><strong>veteribus</strong></span> <span class='ocrx_word' id='word_1_761' title='bbox 1309 4978 1612 5047; x_wconf 86' lang='lat' dir='ltr'><strong>codicibus,</strong></span> <span class='ocrx_word' id='word_1_762' title='bbox 1663 4983 1761 5038; x_wconf 87' lang='lat' dir='ltr'><strong>sed</strong></span> 
     </span>
    </p>
   </div>
   <div class='ocr_carea' id='block_1_97' title="bbox 170 5069 1765 5143">
    <p class='ocr_par' dir='ltr' id='par_1_97' title="bbox 170 5069 1765 5143">
     <span class='ocr_line' id='line_1_97' title="bbox 170 5069 1765 5143; baseline 0.005 -22"><span class='ocrx_word' id='word_1_763' title='bbox 170 5069 417 5128; x_wconf 84' lang='lat' dir='ltr'><strong>homines</strong></span> <span class='ocrx_word' id='word_1_764' title='bbox 471 5071 783 5142; x_wconf 72' lang='lat' dir='ltr'><strong>ignorantes</strong></span> <span class='ocrx_word' id='word_1_765' title='bbox 817 5071 1051 5127; x_wconf 88' lang='lat' dir='ltr'><strong>tulerunt</strong></span> <span class='ocrx_word' id='word_1_766' title='bbox 1103 5070 1254 5127; x_wconf 90' lang='lat' dir='ltr'><strong>illud.</strong></span> <span class='ocrx_word' id='word_1_767' title='bbox 1309 5072 1549 5143; x_wconf 86' lang='lat' dir='ltr'><strong>Denique</strong></span> <span class='ocrx_word' id='word_1_768' title='bbox 1598 5076 1765 5134; x_wconf 84' lang='lat' dir='ltr'><strong>multa</strong></span> 
     </span>
    </p>
   </div>
   <div class='ocr_carea' id='block_1_98' title="bbox 174 5162 1768 5239">
    <p class='ocr_par' dir='ltr' id='par_1_98' title="bbox 174 5162 1768 5239">
     <span class='ocr_line' id='line_1_98' title="bbox 174 5162 1768 5239; baseline 0.003 -22"><span class='ocrx_word' id='word_1_769' title='bbox 174 5162 472 5234; x_wconf 84' lang='lat' dir='ltr'><strong>Evangelia</strong></span> <span class='ocrx_word' id='word_1_770' title='bbox 522 5177 697 5235; x_wconf 87' lang='lat' dir='ltr'><strong>usque</strong></span> <span class='ocrx_word' id='word_1_771' title='bbox 740 5162 906 5219; x_wconf 90' lang='lat' dir='ltr'><strong>hodie</strong></span> <span class='ocrx_word' id='word_1_772' title='bbox 954 5163 1029 5218; x_wconf 91' lang='lat' dir='ltr'><strong>ita</strong></span> <span class='ocrx_word' id='word_1_773' title='bbox 1079 5165 1279 5219; x_wconf 83' lang='lat' dir='ltr'><strong>habent</strong></span> <span class='ocrx_word' id='word_1_774' title='bbox 1319 5183 1333 5220; x_wconf 85' lang='lat'><strong>:</strong></span> <span class='ocrx_word' id='word_1_775' title='bbox 1371 5163 1439 5220; x_wconf 89' lang='lat' dir='ltr'><strong>Ut</strong></span> <span class='ocrx_word' id='word_1_776' title='bbox 1472 5166 1768 5239; x_wconf 81' lang='lat' dir='ltr'><strong>impleretur</strong></span> 
     </span>
    </p>
   </div>
   <div class='ocr_carea' id='block_1_99' title="bbox 169 5253 1769 5330">
    <p class='ocr_par' dir='ltr' id='par_1_99' title="bbox 169 5253 1769 5330">
     <span class='ocr_line' id='line_1_99' title="bbox 169 5253 1769 5330; baseline 0.006 -23"><span class='ocrx_word' id='word_1_777' title='bbox 169 5256 302 5325; x_wconf 81' lang='lat' dir='ltr'><strong>quod</strong></span> <span class='ocrx_word' id='word_1_778' title='bbox 332 5257 588 5327; x_wconf 81' lang='lat' dir='ltr'><strong>scriptum</strong></span> <span class='ocrx_word' id='word_1_779' title='bbox 619 5265 693 5311; x_wconf 81' lang='lat' dir='ltr'><strong>est</strong></span> <span class='ocrx_word' id='word_1_780' title='bbox 723 5273 816 5328; x_wconf 88' lang='lat' dir='ltr'><strong>per</strong></span> <span class='ocrx_word' id='word_1_781' title='bbox 863 5253 1063 5311; x_wconf 80' lang='lat' dir='ltr'><strong>Isaiam</strong></span> <span class='ocrx_word' id='word_1_782' title='bbox 1103 5257 1408 5330; x_wconf 84' lang='lat' dir='ltr'><strong>prapltelam</strong></span> <span class='ocrx_word' id='word_1_783' title='bbox 1451 5275 1472 5315; x_wconf 88' lang='lat'><strong><em>:</em></strong></span> <span class='ocrx_word' id='word_1_784' title='bbox 1521 5261 1769 5329; x_wconf 77' lang='lat' dir='ltr'><strong>Aperiunt</strong></span> 
     </span>
    </p>
   </div>
   <div class='ocr_carea' id='block_1_100' title="bbox 169 5347 1770 5420">
    <p class='ocr_par' dir='ltr' id='par_1_100' title="bbox 169 5347 1770 5420">
     <span class='ocr_line' id='line_1_100' title="bbox 169 5347 1770 5420; baseline 0 -20"><span class='ocrx_word' id='word_1_785' title='bbox 169 5347 217 5402; x_wconf 80' lang='lat' dir='ltr'><strong>in</strong></span> <span class='ocrx_word' id='word_1_786' title='bbox 250 5347 525 5420; x_wconf 79' lang='lat' dir='ltr'><strong>parabolis</strong></span> <span class='ocrx_word' id='word_1_787' title='bbox 564 5366 620 5405; x_wconf 89' lang='lat' dir='ltr'><strong>os</strong></span> <span class='ocrx_word' id='word_1_788' title='bbox 660 5365 852 5418; x_wconf 85' lang='lat' dir='ltr'><strong>meum,</strong></span> <span class='ocrx_word' id='word_1_789' title='bbox 885 5358 930 5403; x_wconf 84' lang='lat' dir='ltr'><strong>et</strong></span> <span class='ocrx_word' id='word_1_790' title='bbox 962 5350 1146 5420; x_wconf 85' lang='lat' dir='ltr'><strong>loquar</strong></span> <span class='ocrx_word' id='word_1_791' title='bbox 1174 5351 1548 5420; x_wconf 68' lang='lat' dir='ltr'><strong>prapositiones</strong></span> <span class='ocrx_word' id='word_1_792' title='bbox 1573 5351 1635 5408; x_wconf 85' lang='lat' dir='ltr'><strong>ab</strong></span> <span class='ocrx_word' id='word_1_793' title='bbox 1666 5353 1770 5408; x_wconf 79' lang='lat' dir='ltr'><strong>ini.</strong></span> 
     </span>
    </p>
   </div>
   <div class='ocr_carea' id='block_1_101' title="bbox 171 5441 1772 5516">
    <p class='ocr_par' dir='ltr' id='par_1_101' title="bbox 171 5441 1772 5516">
     <span class='ocr_line' id='line_1_101' title="bbox 171 5441 1772 5516; baseline 0.006 -24"><span class='ocrx_word' id='word_1_794' title='bbox 171 5441 259 5494; x_wconf 82' lang='lat' dir='ltr'><strong>lio.</strong></span> <span class='ocrx_word' id='word_1_795' title='bbox 299 5442 415 5510; x_wconf 86' lang='lat' dir='ltr'><strong>llac</strong></span> <span class='ocrx_word' id='word_1_796' title='bbox 442 5441 610 5498; x_wconf 79' lang='lat' dir='ltr'><strong>Isaias</strong></span> <span class='ocrx_word' id='word_1_797' title='bbox 642 5459 747 5498; x_wconf 89' lang='lat' dir='ltr'><strong>non</strong></span> <span class='ocrx_word' id='word_1_798' title='bbox 783 5441 1040 5513; x_wconf 83' lang='lat' dir='ltr'><strong>loquitur,</strong></span> <span class='ocrx_word' id='word_1_799' title='bbox 1073 5441 1171 5498; x_wconf 90' lang='lat' dir='ltr'><strong>sed</strong></span> <span class='ocrx_word' id='word_1_800' title='bbox 1201 5442 1403 5513; x_wconf 82' lang='lat' dir='ltr'><strong>Asaph.</strong></span> <span class='ocrx_word' id='word_1_801' title='bbox 1442 5445 1686 5516; x_wconf 87' lang='lat' dir='ltr'><strong>Denique</strong></span> <span class='ocrx_word' id='word_1_802' title='bbox 1715 5456 1772 5504; x_wconf 91' lang='lat' dir='ltr'><strong>et</strong></span> 
     </span>
    </p>
   </div>
   <div class='ocr_carea' id='block_1_102' title="bbox 170 5533 1771 5609">
    <p class='ocr_par' dir='ltr' id='par_1_102' title="bbox 170 5533 1771 5609">
     <span class='ocr_line' id='line_1_102' title="bbox 170 5533 1771 5609; baseline 0.006 -20"><span class='ocrx_word' id='word_1_803' title='bbox 170 5533 375 5606; x_wconf 90' lang='lat' dir='ltr'><strong>impius</strong></span> <span class='ocrx_word' id='word_1_804' title='bbox 424 5536 517 5594; x_wconf 89' lang='lat' dir='ltr'><strong>ille</strong></span> <span class='ocrx_word' id='word_1_805' title='bbox 546 5536 880 5609; x_wconf 86' lang='lat' dir='ltr'><strong>Porphyrius</strong></span> <span class='ocrx_word' id='word_1_806' title='bbox 913 5537 1171 5608; x_wconf 87' lang='lat' dir='ltr'><strong>proponit</strong></span> <span class='ocrx_word' id='word_1_807' title='bbox 1199 5537 1486 5598; x_wconf 86' lang='lat' dir='ltr'><strong>adversum</strong></span> <span class='ocrx_word' id='word_1_808' title='bbox 1521 5557 1622 5600; x_wconf 90' lang='lat' dir='ltr'><strong>nos</strong></span> <span class='ocrx_word' id='word_1_809' title='bbox 1668 5542 1771 5600; x_wconf 91' lang='lat' dir='ltr'><strong>hoc</strong></span> 
     </span>
    </p>
   </div>
   <div class='ocr_carea' id='block_1_103' title="bbox 1874 4720 3473 4792">
    <p class='ocr_par' dir='ltr' id='par_1_103' title="bbox 1874 4720 3473 4792">
     <span class='ocr_line' id='line_1_103' title="bbox 1874 4720 3473 4792; baseline 0.003 -19"><span class='ocrx_word' id='word_1_810' title='bbox 1874 4720 1994 4775; x_wconf 84' lang='lat' dir='ltr'><strong>mei.</strong></span> <span class='ocrx_word' id='word_1_811' title='bbox 2037 4721 2081 4774; x_wconf 83' lang='lat'><strong>0</strong></span> <span class='ocrx_word' id='word_1_812' title='bbox 2112 4721 2377 4790; x_wconf 79' lang='lat' dir='ltr'><strong>aposmli,</strong></span> <span class='ocrx_word' id='word_1_813' title='bbox 2409 4721 2551 4791; x_wconf 89' lang='lat' dir='ltr'><strong>quod</strong></span> <span class='ocrx_word' id='word_1_814' title='bbox 2571 4765 2585 4789; x_wconf 92' lang='lat'><strong>,</strong></span> <span class='ocrx_word' id='word_1_815' title='bbox 2622 4722 2827 4792; x_wconf 88' lang='lat' dir='ltr'><strong>inquit,</strong></span> <span class='ocrx_word' id='word_1_816' title='bbox 2877 4721 3106 4778; x_wconf 84' lang='lat' dir='ltr'><strong>audistis</strong></span> <span class='ocrx_word' id='word_1_817' title='bbox 3138 4723 3192 4779; x_wconf 89' lang='lat' dir='ltr'><strong>in</strong></span> <span class='ocrx_word' id='word_1_818' title='bbox 3221 4733 3435 4779; x_wconf 85' lang='lat' dir='ltr'><strong>secreto</strong></span> <span class='ocrx_word' id='word_1_819' title='bbox 3455 4759 3473 4784; x_wconf 85' lang='lat'><strong>.</strong></span> 
     </span>
    </p>
   </div>
   <div class='ocr_carea' id='block_1_104' title="bbox 1874 4821 3474 4895">
    <p class='ocr_par' dir='ltr' id='par_1_104' title="bbox 1874 4821 3474 4895">
     <span class='ocr_line' id='line_1_104' title="bbox 1874 4821 3474 4895; baseline 0.002 -20"><span class='ocrx_word' id='word_1_820' title='bbox 1874 4822 2168 4892; x_wconf 80' lang='lat' dir='ltr'><strong>praedicata</strong></span> <span class='ocrx_word' id='word_1_821' title='bbox 2196 4838 2364 4892; x_wconf 84' lang='lat' dir='ltr'><strong>super</strong></span> <span class='ocrx_word' id='word_1_822' title='bbox 2398 4833 2539 4878; x_wconf 87' lang='lat' dir='ltr'><strong>tecta</strong></span> <span class='ocrx_word' id='word_1_823' title='bbox 2587 4821 2771 4895; x_wconf 75' lang='lat' dir='ltr'><strong>(Matt.</strong></span> <span class='ocrx_word' id='word_1_824' title='bbox 2807 4823 2883 4894; x_wconf 73' lang='grc' dir='ltr'><strong>ι).</strong></span> <span class='ocrx_word' id='word_1_825' title='bbox 2927 4823 3067 4891; x_wconf 89' lang='lat' dir='ltr'><strong>Quid</strong></span> <span class='ocrx_word' id='word_1_826' title='bbox 3105 4823 3294 4879; x_wconf 88' lang='lat' dir='ltr'><strong>dicunt</strong></span> <span class='ocrx_word' id='word_1_827' title='bbox 3343 4838 3474 4892; x_wconf 86' lang='lat' dir='ltr'><strong>apo-</strong></span> 
     </span>
    </p>
   </div>
   <div class='ocr_carea' id='block_1_105' title="bbox 1875 4925 3476 4996">
    <p class='ocr_par' dir='ltr' id='par_1_105' title="bbox 1875 4925 3476 4996">
     <span class='ocr_line' id='line_1_105' title="bbox 1875 4925 3476 4996; baseline -0.001 -16"><span class='ocrx_word' id='word_1_828' title='bbox 1875 4925 2042 4980; x_wconf 83' lang='lat' dir='ltr'><strong>stoli?</strong></span> <span class='ocrx_word' id='word_1_829' title='bbox 2075 4925 2282 4991; x_wconf 81' lang='lat' dir='ltr'><strong>Quanta</strong></span> <span class='ocrx_word' id='word_1_830' title='bbox 2308 4925 2599 4979; x_wconf 81' lang='lat' dir='ltr'><strong>audivimus</strong></span> <span class='ocrx_word' id='word_1_831' title='bbox 2622 4936 2668 4980; x_wconf 86' lang='lat' dir='ltr'><strong>et</strong></span> <span class='ocrx_word' id='word_1_832' title='bbox 2690 4925 3023 4996; x_wconf 82' lang='lat' dir='ltr'><strong>cognovimus</strong></span> <span class='ocrx_word' id='word_1_833' title='bbox 3043 4941 3100 4979; x_wconf 82' lang='lat' dir='ltr'><strong>ea</strong></span> <span class='ocrx_word' id='word_1_834' title='bbox 3115 4941 3136 4991; x_wconf 89' lang='lat'><strong><em>;</em></strong></span> <span class='ocrx_word' id='word_1_835' title='bbox 3158 4932 3214 4979; x_wconf 90' lang='lat' dir='ltr'><strong>et</strong></span> <span class='ocrx_word' id='word_1_836' title='bbox 3239 4925 3476 4994; x_wconf 86' lang='lat' dir='ltr'><strong>patriar-</strong></span> 
     </span>
    </p>
   </div>
   <div class='ocr_carea' id='block_1_106' title="bbox 1873 5025 3478 5097">
    <p class='ocr_par' dir='ltr' id='par_1_106' title="bbox 1873 5025 3478 5097">
     <span class='ocr_line' id='line_1_106' title="bbox 1873 5025 3478 5097; baseline -0.001 -15"><span class='ocrx_word' id='word_1_837' title='bbox 1873 5029 1988 5083; x_wconf 71' lang='lat' dir='ltr'><strong>cha:</strong></span> <span class='ocrx_word' id='word_1_838' title='bbox 2012 5039 2064 5083; x_wconf 89' lang='lat' dir='ltr'><strong>et</strong></span> <span class='ocrx_word' id='word_1_839' title='bbox 2091 5025 2367 5097; x_wconf 76' lang='lat' dir='ltr'><strong>prophettn</strong></span> <span class='ocrx_word' id='word_1_840' title='bbox 2391 5026 2554 5081; x_wconf 88' lang='lat' dir='ltr'><strong>locuti</strong></span> <span class='ocrx_word' id='word_1_841' title='bbox 2589 5036 2720 5081; x_wconf 40' lang='lat' dir='ltr'><strong>sunt,</strong></span> <span class='ocrx_word' id='word_1_842' title='bbox 2770 5026 2949 5083; x_wconf 84' lang='lat' dir='ltr'><strong>nobis.</strong></span> <span class='ocrx_word' id='word_1_843' title='bbox 3012 5025 3082 5081; x_wconf 81' lang='lat' dir='ltr'><strong>Et</strong></span> <span class='ocrx_word' id='word_1_844' title='bbox 3111 5034 3282 5096; x_wconf 81' lang='lat' dir='ltr'><strong>patres</strong></span> <span class='ocrx_word' id='word_1_845' title='bbox 3313 5027 3478 5081; x_wconf 78' lang='lat' dir='ltr'><strong>nostri</strong></span> 
     </span>
    </p>
   </div>
   <div class='ocr_carea' id='block_1_107' title="bbox 1876 5126 3474 5198">
    <p class='ocr_par' dir='ltr' id='par_1_107' title="bbox 1876 5126 3474 5198">
     <span class='ocr_line' id='line_1_107' title="bbox 1876 5126 3474 5198; baseline -0.001 -14"><span class='ocrx_word' id='word_1_846' title='bbox 1876 5141 2215 5184; x_wconf 81' lang='lat' dir='ltr'><strong>narraverttnt</strong></span> <span class='ocrx_word' id='word_1_847' title='bbox 2234 5127 2397 5184; x_wconf 80' lang='lat' dir='ltr'><strong>nobis.</strong></span> <span class='ocrx_word' id='word_1_848' title='bbox 2428 5126 2685 5184; x_wconf 82' lang='lat' dir='ltr'><strong>Nonsuitt</strong></span> <span class='ocrx_word' id='word_1_849' title='bbox 2709 5130 2912 5183; x_wconf 74' lang='lat' dir='ltr'><strong>occulta</strong></span> <span class='ocrx_word' id='word_1_850' title='bbox 2940 5146 2970 5182; x_wconf 81' lang='grc' dir='ltr'><em>(ι</em></span> <span class='ocrx_word' id='word_1_851' title='bbox 2996 5127 3122 5198; x_wconf 75' lang='lat' dir='ltr'><strong>ﬁliis</strong></span> <span class='ocrx_word' id='word_1_852' title='bbox 3150 5144 3346 5194; x_wconf 84' lang='lat' dir='ltr'><strong>eorum,</strong></span> <span class='ocrx_word' id='word_1_853' title='bbox 3364 5137 3474 5182; x_wconf 83' lang='lat' dir='ltr'><strong>etc.</strong></span> 
     </span>
    </p>
   </div>
   <div class='ocr_carea' id='block_1_108' title="bbox 1876 5232 3474 5306">
    <p class='ocr_par' dir='ltr' id='par_1_108' title="bbox 1876 5232 3474 5306">
     <span class='ocr_line' id='line_1_108' title="bbox 1876 5232 3474 5306; baseline -0.003 -16"><span class='ocrx_word' id='word_1_854' title='bbox 1876 5235 2172 5306; x_wconf 76' lang='lat' dir='ltr'><strong>Propterea</strong></span> <span class='ocrx_word' id='word_1_855' title='bbox 2207 5233 2285 5289; x_wconf 95' lang='lat' dir='ltr'><strong>illi</strong></span> <span class='ocrx_word' id='word_1_856' title='bbox 2317 5234 2482 5290; x_wconf 88' lang='lat' dir='ltr'><strong>locuti</strong></span> <span class='ocrx_word' id='word_1_857' title='bbox 2514 5244 2665 5301; x_wconf 90' lang='lat' dir='ltr'><strong>sunt,</strong></span> <span class='ocrx_word' id='word_1_858' title='bbox 2698 5243 2756 5288; x_wconf 90' lang='lat' dir='ltr'><strong>ut</strong></span> <span class='ocrx_word' id='word_1_859' title='bbox 2787 5249 2885 5288; x_wconf 77' lang='lat' dir='ltr'><strong>nos</strong></span> <span class='ocrx_word' id='word_1_860' title='bbox 2925 5232 3023 5287; x_wconf 90' lang='lat' dir='ltr'><strong>ﬁlii</strong></span> <span class='ocrx_word' id='word_1_861' title='bbox 3065 5248 3255 5289; x_wconf 85' lang='lat' dir='ltr'><strong>eorum</strong></span> <span class='ocrx_word' id='word_1_862' title='bbox 3304 5232 3474 5286; x_wconf 78' lang='lat' dir='ltr'><strong>scire-</strong></span> 
     </span>
    </p>
   </div>
   <div class='ocr_carea' id='block_1_109' title="bbox 1876 5334 3471 5412">
    <p class='ocr_par' dir='ltr' id='par_1_109' title="bbox 1876 5334 3471 5412">
     <span class='ocr_line' id='line_1_109' title="bbox 1876 5334 3471 5412; baseline -0.003 -19"><span class='ocrx_word' id='word_1_863' title='bbox 1876 5355 2016 5393; x_wconf 78' lang='lat' dir='ltr'><strong>mus.</strong></span> <span class='ocrx_word' id='word_1_864' title='bbox 2051 5335 2118 5392; x_wconf 80' lang='lat' dir='ltr'><strong>Et</strong></span> <span class='ocrx_word' id='word_1_865' title='bbox 2147 5337 2307 5412; x_wconf 83' lang='lat' dir='ltr'><strong>legem</strong></span> <span class='ocrx_word' id='word_1_866' title='bbox 2335 5336 2589 5412; x_wconf 30' lang='lat' dir='ltr'><strong>pOStlt‘l‘t‘tt</strong></span> <span class='ocrx_word' id='word_1_867' title='bbox 2617 5334 2786 5390; x_wconf 84' lang='lat' dir='ltr'><strong>Israel</strong></span> <span class='ocrx_word' id='word_1_868' title='bbox 2809 5351 2826 5389; x_wconf 89' lang='lat'><em>:</em></span> <span class='ocrx_word' id='word_1_869' title='bbox 2849 5346 3046 5404; x_wconf 83' lang='lat' dir='ltr'><strong>quanta</strong></span> <span class='ocrx_word' id='word_1_870' title='bbox 3076 5335 3340 5390; x_wconf 67' lang='lat' dir='ltr'><strong>nrandarit</strong></span> <span class='ocrx_word' id='word_1_871' title='bbox 3374 5353 3471 5406; x_wconf 81' lang='lat' dir='ltr'><strong>pa—</strong></span> 
     </span>
    </p>
   </div>
   <div class='ocr_carea' id='block_1_110' title="bbox 1879 5440 3479 5504">
    <p class='ocr_par' dir='ltr' id='par_1_110' title="bbox 1879 5440 3479 5504">
     <span class='ocr_line' id='line_1_110' title="bbox 1879 5440 3479 5504; baseline -0.001 -4"><span class='ocrx_word' id='word_1_872' title='bbox 1879 5447 2040 5502; x_wconf 85' lang='lat' dir='ltr'><strong>tribus</strong></span> <span class='ocrx_word' id='word_1_873' title='bbox 2063 5445 2276 5503; x_wconf 84' lang='lat' dir='ltr'><strong>noslris.</strong></span> <span class='ocrx_word' id='word_1_874' title='bbox 2311 5444 2423 5504; x_wconf 86' lang='lat' dir='ltr'><strong>Illis</strong></span> <span class='ocrx_word' id='word_1_875' title='bbox 2453 5442 2750 5499; x_wconf 85' lang='lat' dir='ltr'><strong>carnaliter</strong></span> <span class='ocrx_word' id='word_1_876' title='bbox 2787 5440 2948 5500; x_wconf 89' lang='lat' dir='ltr'><strong>locuti</strong></span> <span class='ocrx_word' id='word_1_877' title='bbox 2973 5450 3100 5498; x_wconf 84' lang='lat' dir='ltr'><strong>sunt</strong></span> <span class='ocrx_word' id='word_1_878' title='bbox 3134 5459 3146 5500; x_wconf 89' lang='lat'><strong>:</strong></span> <span class='ocrx_word' id='word_1_879' title='bbox 3174 5441 3268 5499; x_wconf 87' lang='lat' dir='ltr'><strong>scd</strong></span> <span class='ocrx_word' id='word_1_880' title='bbox 3293 5457 3390 5497; x_wconf 87' lang='lat' dir='ltr'><strong>nos</strong></span> <span class='ocrx_word' id='word_1_881' title='bbox 3415 5457 3479 5498; x_wconf 84' lang='lat' dir='ltr'><strong>ea</strong></span> 
     </span>
    </p>
   </div>
   <div class='ocr_carea' id='block_1_111' title="bbox 1880 5542 3483 5617">
    <p class='ocr_par' dir='ltr' id='par_1_111' title="bbox 1880 5542 3483 5617">
     <span class='ocr_line' id='line_1_111' title="bbox 1880 5542 3483 5617; baseline -0.003 -14"><span class='ocrx_word' id='word_1_882' title='bbox 1880 5548 2238 5617; x_wconf 87' lang='lat' dir='ltr'><strong>spiritualiter</strong></span> <span class='ocrx_word' id='word_1_883' title='bbox 2271 5545 2647 5617; x_wconf 80' lang='lat' dir='ltr'><strong>intelligimus.</strong></span> <span class='ocrx_word' id='word_1_884' title='bbox 2704 5542 2772 5598; x_wconf 85' lang='lat' dir='ltr'><strong>Ut</strong></span> <span class='ocrx_word' id='word_1_885' title='bbox 2814 5551 2937 5598; x_wconf 88' lang='lat' dir='ltr'><strong>nota</strong></span> <span class='ocrx_word' id='word_1_886' title='bbox 2989 5543 3217 5614; x_wconf 75' lang='lat' dir='ltr'><strong>facerent</strong></span> <span class='ocrx_word' id='word_1_887' title='bbox 3259 5560 3320 5598; x_wconf 83' lang='lat' dir='ltr'><strong>ea</strong></span> <span class='ocrx_word' id='word_1_888' title='bbox 3354 5543 3483 5614; x_wconf 74' lang='lat' dir='ltr'><strong>ﬁliis</strong></span> 
     </span>
    </p>
   </div>
   <div class='ocr_carea' id='block_1_112' title="bbox 245 5743 3492 5824">
    <p class='ocr_par' dir='ltr' id='par_1_112' title="bbox 245 5743 3492 5824">
     <span class='ocr_line' id='line_1_112' title="bbox 245 5743 3492 5824; baseline 0.004 -27"><span class='ocrx_word' id='word_1_889' title='bbox 245 5753 272 5781; x_wconf 71' lang='grc' dir='ltr'>ι</span> <span class='ocrx_word' id='word_1_890' title='bbox 299 5743 545 5800; x_wconf 81' lang='lat' dir='ltr'><strong>Consule</strong></span> <span class='ocrx_word' id='word_1_891' title='bbox 573 5757 762 5800; x_wconf 85' lang='lat' dir='ltr'><strong>verum</strong></span> <span class='ocrx_word' id='word_1_892' title='bbox 803 5743 1022 5800; x_wconf 81' lang='lat' dir='ltr'><strong>Hieron.</strong></span> <span class='ocrx_word' id='word_1_893' title='bbox 1067 5743 1470 5803; x_wconf 85' lang='lat' dir='ltr'><strong>Commentario</strong></span> <span class='ocrx_word' id='word_1_894' title='bbox 1518 5747 1574 5805; x_wconf 89' lang='lat' dir='ltr'><strong>in</strong></span> <span class='ocrx_word' id='word_1_895' title='bbox 1631 5749 1942 5809; x_wconf 79' lang='lat' dir='ltr'><strong>Matthteum</strong></span> <span class='ocrx_word' id='word_1_896' title='bbox 1983 5768 2104 5824; x_wconf 84' lang='lat' dir='ltr'><strong>cap.</strong></span> <span class='ocrx_word' id='word_1_897' title='bbox 2151 5767 2270 5823; x_wconf 79' lang='lat' dir='ltr'><strong>xm,</strong></span> <span class='ocrx_word' id='word_1_898' title='bbox 2314 5764 2458 5808; x_wconf 82' lang='lat' dir='ltr'><strong>vers.</strong></span> <span class='ocrx_word' id='word_1_899' title='bbox 2492 5750 2583 5821; x_wconf 72' lang='grc' dir='ltr'><strong>ὃὸ,</strong></span> <span class='ocrx_word' id='word_1_900' title='bbox 2616 5757 2674 5806; x_wconf 86' lang='grc' dir='ltr'><strong>ει</strong></span> <span class='ocrx_word' id='word_1_901' title='bbox 2710 5765 2835 5822; x_wconf 82' lang='lat' dir='ltr'><strong>quae</strong></span> <span class='ocrx_word' id='word_1_902' title='bbox 2865 5748 2918 5806; x_wconf 93' lang='lat' dir='ltr'><strong>in</strong></span> <span class='ocrx_word' id='word_1_903' title='bbox 2949 5763 3072 5808; x_wconf 90' lang='lat' dir='ltr'><strong>eum</strong></span> <span class='ocrx_word' id='word_1_904' title='bbox 3098 5750 3275 5810; x_wconf 89' lang='lat' dir='ltr'><strong>locum</strong></span> <span class='ocrx_word' id='word_1_905' title='bbox 3302 5753 3492 5810; x_wconf 79' lang='lat' dir='ltr'><strong>eliser-</strong></span> 
     </span>
    </p>
   </div>
   <div class='ocr_carea' id='block_1_113' title="bbox 176 5830 394 5871">
    <p class='ocr_par' dir='ltr' id='par_1_113' title="bbox 176 5830 394 5871">
     <span class='ocr_line' id='line_1_113' title="bbox 176 5830 394 5871; baseline -0.009 0"><span class='ocrx_word' id='word_1_906' title='bbox 176 5830 394 5871; x_wconf 75' lang='lat' dir='ltr'><strong>vannus.</strong></span> 
     </span>
    </p>
   </div>
  </div>
