3954 6340
489 317 627 378 1047

1279 311 1628 370 APPENDIX
1667 310 1760 366 AD
1797 307 2042 366 TOMUM
2080 304 2440 364 SEPTIMUM
2479 307 2537 365 S.
2581 307 2987 367 IIIERONYMI.

3652 311 3766 367 “illi

485 429 615 485 suis.
647 426 763 484 Hoc
793 435 898 493 est,
925 424 1102 482 nobis.
1132 423 1426 494 Propterea
1471 421 1577 478 illis
1609 423 1829 479 loculus
1883 434 1988 489 est,
2014 428 2072 476 ut
2096 419 2145 482 A
2177 419 2431 492 Ephraim
2463 421 2734 479 habebant
2767 439 2973 495 regem.
2999 424 3283 492 Quomodo
3311 425 3456 482 enim
3479 427 3571 499 qui
3600 442 3770 498 regna-

485 521 645 578 nohis
673 519 988 592 proderent.

561 615 717 672 Filiis
743 616 833 687 qui
858 622 1136 670 nascentur
1159 621 1208 666 et
1233 619 1531 682 exsurgant,
1589 617 1637 663 et
1675 609 1962 665 narrabant
2021 611 2085 676 ﬁ-

486 711 572 766 liis
600 711 725 763 suis.
752 708 858 762 Pro
889 705 1157 778 patribus,
1189 704 1392 776 inquit,
1437 702 1542 758 tuis
1574 702 1683 756 nati
1724 711 1852 758 sunt
1889 703 1986 759 tibi
2021 705 2085 758 li-

485 802 544 857 lii
579 800 754 873 (Psal.
780 799 952 870 mv).
986 798 1094 854 Nos
1144 797 1240 852 ﬁlii
1280 809 1470 852 sumus
1519 795 1759 850 illorum.
1792 795 1876 851 llli
1926 796 2084 853 nobis

484 902 871 959 narraverunt,
905 902 962 948 et
991 904 1092 946 nos
1124 890 1466 946 narravimus
1518 888 1646 944 ﬁliis
1686 889 1889 944 nostris
1915 933 1929 957 ,
1981 890 2082 947 ﬁlii

483 1001 672 1042 eorum
702 1000 800 1040 nos
826 999 1039 1040 SllanS.

557 1080 624 1133 Ut
656 1087 854 1151 ponant
877 1079 930 1132 in
967 1077 1076 1131 Deo
1105 1093 1249 1148 spem
1279 1092 1448 1131 suam.
1486 1075 1548 1131 Ut
1578 1076 1688 1145 jam
1715 1090 1821 1130 non
1855 1075 2085 1132 credant

485 1173 537 1227 in
562 1171 745 1237 idolis,
778 1171 874 1226 sed
908 1171 958 1226 in
995 1170 1110 1226 Deo
1158 1170 1411 1225 credant.
1463 1169 1532 1224 Ut
1562 1186 1664 1224 non
1711 1169 2083 1225 obliviscantur

483 1281 639 1337 opera
697 1262 814 1318 Dei.
875 1262 940 1318 Ut
988 1263 1208 1318 videant
1252 1261 1500 1317 ordinem
1534 1272 1838 1331 creaturae,
1899 1272 1957 1318 et
2015 1279 2093 1319 ex

482 1368 734 1414 creatura
765 1356 1075 1426 intelligant
1105 1368 1432 1411 creatorem.
1463 1355 1528 1410 Et
1553 1356 1800 1411 mandata
1836 1360 1950 1430 ejus
1995 1374 2083 1411 ex-

483 1458 710 1524 quirant.
736 1453 854 1510 Non
886 1463 1240 1510 contemnant
1270 1453 1416 1509 sicut
1437 1452 1608 1510 Judtei
1628 1495 1642 1519 ,
1667 1452 1763 1508 sed
1793 1453 2081 1524 exquirant

489 1547 634 1603 sicut
663 1546 958 1602 Christiani
985 1546 1028 1619 (ι
1053 1545 1173 1602 Cor.
1201 1544 1284 1618 χ).

555 1639 666 1694 Nec
696 1640 825 1709 [iant
851 1642 980 1694 sicut
1012 1655 1185 1711 patres
1206 1655 1400 1694 eorum.
1434 1637 1514 1694 Ne
1567 1649 1907 1694 murmurant
1942 1639 2082 1696 sicut

481 1745 972 1793 murmnraveruut
1001 1735 1224 1808 quidam
1275 1736 1326 1790 in
1361 1734 1605 1802 deserto,
1665 1745 1720 1789 ct
1774 1736 2076 1806 perierunt.

2185 515 2316 572 bant
2338 517 2388 572 in
2413 517 2620 587 Judzea,
2649 521 2920 578 habebant
2945 538 3126 594 regem
3154 522 3225 579 de
3256 524 3402 579 tribu
3428 522 3586 590 Juda,
3609 534 3665 579 et
3693 541 3769 596 ge-

2187 622 2319 664 nere
2349 608 2516 665 David
2542 629 2553 663 :
2579 613 2656 667 sic
2685 613 2775 682 qui
2805 615 3107 687 regnabant
3135 615 3189 670 in
3219 615 3486 683 Samaria,
3522 615 3772 674 habebant

2185 717 2372 773 regem
2399 705 2468 762 de
2495 707 2634 763 tribu
2671 708 2952 780 Ephraitn,
2983 719 3039 765 et
3068 725 3224 782 reges
3254 711 3496 782 ipsorum
3525 713 3773 768 vocaban-

2186 805 2273 853 tur
2307 798 2583 868 Ephraim.
2628 801 2896 872 Legamus
2930 803 3070 859 Osee
3107 805 3460 876 prophetam,
3493 813 3549 860 et
3577 820 3772 861 omnim

2187 893 2525 965 prophetiam
2569 898 2687 966 ejus
2726 907 2912 952 contra
2952 897 3212 968 prraim
3249 897 3586 969 reperiemus
3638 895 3773 969 (Osce

2185 989 2307 1059 vn).
2335 988 2400 1043 Et
2427 989 2748 1046 dieituribi:
2777 991 3060 1061 Ephraim,
3099 993 3294 1064 inquit,
3323 992 3498 1048 factus
3525 1001 3609 1048 est
3641 994 3773 1062 quasi

2186 1080 2435 1136 columba
2475 1081 2754 1154 insipiens.
2796 1083 2934 1139 Vide
2973 1084 3100 1155 quid
3133 1085 3297 1141 dicat.
3347 1085 3609 1140 Columba
3650 1086 3774 1140 enim

2188 1172 2449 1243 insipiens
2476 1175 2731 1247 relinquit
2753 1177 3036 1245 templum,
3067 1186 3120 1232 et
3151 1177 3356 1232 habitat
3387 1177 3439 1232 in
3474 1177 3650 1232 silvis.
3686 1175 3774 1232 Co-

2187 1265 2365 1321 lumba
2416 1284 2632 1340 semper
2675 1272 2728 1325 in
2773 1270 3022 1326 domibus
3072 1270 3298 1325 habitat.
3355 1271 3612 1342 Ephraim
3673 1286 3778 1327 vero

2186 1363 2432 1418 columba
2479 1378 2598 1418 mea
2626 1363 2840 1435 reliquit
2881 1365 3139 1435 templum
3163 1407 3176 1429 ,
3205 1365 3422 1435 reliquit
3451 1365 3671 1420 domum
3699 1409 3710 1427 ,
3737 1375 3778 1422 et

2187 1453 2391 1510 habitat
2430 1455 2483 1510 in
2537 1454 2730 1522 silvis,
2782 1454 2988 1510 habitat
3025 1456 3078 1511 in
3125 1455 3376 1513 desertis.
3424 1456 3538 1514 Hoc
3579 1459 3776 1513 interim

2185 1547 2482 1603 secundum
2522 1547 2757 1604 litteram
2784 1592 2798 1616 ,
2831 1548 3092 1604 debemus
3121 1549 3266 1605 enim
3302 1560 3360 1605 et
3389 1549 3676 1606 historiam
3703 1566 3778 1621 po-

2186 1655 2336 1698 nere.
2370 1641 2521 1698 Nunc
2557 1657 2686 1699 vero
2727 1653 2853 1715 post
2883 1643 3121 1699 litteram
3149 1687 3162 1709 ,
3215 1643 3372 1715 quasi
3404 1661 3501 1716 per
3529 1644 3775 1716 quosdam

2185 1732 2386 1803 gradus
2425 1734 2689 1790 debemus
2729 1735 2796 1790 ad
2838 1736 3041 1806 majora
3093 1737 3486 1793 conscendere.
3541 1736 3778 1794 Dicamus

482 1829 764 1885 (.‘eneratio
787 1846 946 1899 prava
968 1840 1014 1884 et
1036 1845 1371 1897 exasperatis.
1403 1827 1520 1882 Non
1550 1843 1650 1898 ego
1684 1828 1790 1883 hoc
1842 1828 2074 1899 loquor:
2109 1827 2158 1887 B
2183 1841 2310 1898 ergo
2335 1869 2350 1893 ,
2379 1828 2518 1882 ﬁlios
2545 1827 2802 1898 Ephraim
2835 1871 2849 1895 ,
2891 1843 3081 1885 omnes
3120 1844 3242 1886 esse
3271 1829 3578 1887 hmreticos.
3614 1831 3682 1886 Et
3708 1832 3776 1886 isti

392 1993 397 1999 .
481 1923 759 1994 Propheta
790 1935 912 1979 tuus
944 1924 1048 1979 hoc
1100 1924 1341 1994 loquitur
1367 1923 1435 1979 de
1485 1932 1556 1979 te.
1590 1921 1870 1978 Generatio
1920 1942 2080 1998 prora

479 2026 530 2071 et
558 2033 890 2087 exasperatis.
925 2016 1222 2074 Generatio
1244 2016 1490 2071 adultera
1515 2025 1568 2071 et
1599 2017 1831 2087 pessima
1863 2018 2078 2088 signum

480 2115 701 2182 qttmrit,
734 2122 790 2168 ct
812 2113 1026 2183 signum
1061 2127 1169 2166 non
1192 2110 1411 2166 dabitur
1433 2111 1483 2166 ei
1503 2152 1516 2174 ,
1549 2111 1652 2166 nisi
1681 2111 1896 2184 signum
1922 2110 2079 2167 Jonas

481 2204 662 2278 (Matt.
698 2206 832 2275 xvi).
865 2205 1049 2273 Quare
1083 2203 1250 2273 dixit,
1284 2205 1485 2275 prava?
1513 2202 1648 2271 Quia
1699 2203 1826 2258 lacti
1867 2213 1995 2259 sunt
2025 2203 2078 2258 in

478 2315 666 2355 arcum
695 2313 1041 2370 perversum.
1069 2297 1246 2354 Arcus
1273 2298 1421 2353 enim
1463 2311 1758 2369 numquam
1817 2297 2080 2354 extendi-

481 2403 570 2448 tur
600 2393 651 2448 in
679 2408 802 2449 eum
843 2391 934 2463 qui
966 2406 1025 2446 se
1057 2389 1263 2457 mittit,
1306 2390 1402 2445 sed
1451 2400 1642 2446 contra
1701 2389 2074 2446 adversarios.

475 2484 581 2542 Ista
612 2495 793 2540 autem
815 2485 1100 2555 generatio
1129 2498 1254 2540 cum
1283 2494 1434 2540 esset
1456 2493 1602 2538 recta
1630 2499 1660 2538 a
1695 2482 1807 2538 Deo
1835 2483 2077 2552 condita,

481 2590 536 2634 et
558 2578 852 2635 haberetur
883 2579 936 2634 in
966 2592 1129 2632 manu
1166 2577 1258 2633 Dei
1285 2577 1440 2648 quasi
1467 2591 1658 2643 arcus,
1723 2586 1780 2632 ut
1837 2574 2078 2632 mitteret

480 2687 579 2740 per
607 2685 728 2726 eam
753 2671 1006 2742 sagittas,
1032 2684 1191 2725 versa
1221 2679 1305 2726 est
1349 2669 1504 2741 quasi
1543 2683 1707 2725 arcus
1759 2683 2074 2740 perversus,

479 2762 866 2833 blasphemans
887 2763 940 2818 in
969 2760 1288 2818 Creatorem
1313 2776 1492 2817 suum.

548 2856 827 2911 Generatio
861 2871 974 2927 qua:
1004 2871 1104 2910 non
1131 2856 1322 2910 direxit
1363 2872 1454 2910 cor
1481 2871 1649 2910 suum.
1694 2853 1876 2926 Usque
1913 2853 2077 2912 hodie

477 2964 773 3023 pervorsus
817 2960 903 3007 est
945 2949 1135 3006 Israel.
1170 2947 1240 3002 Et
1285 2967 1387 3004 non
1429 2958 1502 3005 est
1547 2949 1772 3004 creditus
1818 2966 1934 3004 cum
1965 2949 2075 3005 Deo

481 3043 694 3115 spiritus
725 3043 857 3107 eius.
890 3042 1158 3112 Quoniam
1188 3056 1294 3097 non
1331 3041 1541 3112 recepit
1565 3041 1788 3109 Filium,
1821 3052 2072 3112 propter.

477 3153 541 3194 ea
579 3153 687 3192 non
736 3137 945 3208 recepit
979 3136 1242 3208 Spiritum
1279 3146 1552 3192 sanctum.
1611 3135 1861 3204 Denique
1892 3135 2071 3206 Spiri-

2185 1921 2329 1976 enim
2382 1932 2722 1978 recesserunt
2755 1921 2824 1978 de
2853 1921 3017 1978 domo
3063 1923 3152 1978 Dei
3179 1969 3192 1992 ,
3239 1932 3292 1978 et
3335 1923 3420 1978 isti
3474 1923 3779 1980 dimiserunt

2187 2015 2377 2080 David,
2411 2025 2465 2072 et
2489 2015 2806 2072 habitabant
2833 2018 2885 2073 in
2917 2016 3174 2074 desertis.
3210 2018 3271 2072 Et
3301 2017 3560 2074 dicuntur
3578 2016 3775 2089 quidem

2184 2111 2448 2166 columba:
2470 2155 2484 2179 ,
2510 2111 2635 2181 quia
2668 2111 2849 2182 legunt
2877 2111 2980 2181 ipsi
3003 2110 3441 2181 Scripturas,sed
3474 2110 3776 2181 insipienter

2184 2203 2512 2274 intelligunt.
2545 2203 2696 2259 Multi
2734 2212 2862 2259 suut
2898 2204 2992 2276 qui
3029 2203 3319 2272 dicuntur,
3358 2204 3460 2274 ﬁlii
3499 2202 3772 2274 Ephraim,

2182 2296 2502 2351 intendentes
2528 2305 2576 2351 et
2606 2298 2859 2352 mittentes
2886 2312 3086 2352 arcum.
3117 2296 3252 2354 Vide
3271 2311 3464 2353 omnes
3484 2296 3774 2363 bmreticos,

2181 2388 2273 2460 qui
2303 2387 3030 2460 dereliqueruntJerusalem
3052 2430 3068 2451 ,
3099 2389 3190 2460 qui
3214 2389 3627 2458 dereliquerunt
3657 2399 3772 2444 tem-

2181 2482 2329 2552 plum
2349 2483 2463 2549 Dei,
2486 2484 2576 2554 qui
2609 2482 2852 2538 habitant
2879 2481 2932 2538 in
2962 2481 3222 2538 Samaria.
3260 2481 3360 2538 Ubi
3390 2481 3638 2537 fecerunt
3662 2482 3774 2537 vitu-

2180 2574 2263 2631 los
2293 2575 2528 2631 aureos?
2557 2573 2615 2629 ln
2641 2573 2849 2639 Bethel,
2883 2584 2938 2630 et
2966 2575 3017 2629 in
3048 2573 3182 2629 Dan.
3215 2573 3281 2630 Et
3310 2573 3434 2630 vide
3459 2575 3584 2646 quid
3615 2575 3770 2632 dicat:

2180 2669 2453 2727 Fecerunt
2481 2670 2678 2726 vitulos
2699 2685 2897 2727 aureos
2926 2669 2978 2726 in
3013 2669 3224 2735 Bethel,
3249 2670 3299 2725 in
3323 2668 3487 2726 domo
3519 2669 3633 2736 Dei,
3667 2668 3772 2724 ido-

2179 2763 2387 2822 lolatrae
2419 2765 2544 2822 facti
2571 2775 2718 2822 sunt.
2753 2767 2821 2822 Et
2846 2764 3094 2822 fecerunt
3124 2764 3257 2820 illud
3284 2765 3340 2821 in
3372 2764 3516 2821 Dan:
3551 2765 3651 2820 hoc
3675 2775 3766 2832 εει,

2180 2859 2234 2914 in
2261 2858 2521 2928 judicium
2550 2875 2730 2926 suum,
2761 2869 2815 2915 et
2845 2859 2898 2914 in
2923 2859 3452 2915 condemnationem.
3477 2859 3771 2931 Dereliquec

2179 2959 2306 3005 runt
2333 2950 2552 3006 domum
2587 2951 2820 3017 Domini,
2849 2961 2905 3006 et
2930 2950 3063 3007 nihil
3089 2949 3232 3006 aliud
3265 2951 3369 3006 nisi
3390 2952 3460 3006 de
3484 2967 3612 3007 auro
3639 2953 3771 3022 cogi-

2180 3051 2314 3097 tant.
2369 3043 2520 3099 Dicat
2553 3043 2770 3114 aliquis,
2807 3043 2986 3112 Quare
3025 3044 3271 3100 iecerunt
3312 3043 3510 3099 vitulos
3549 3045 3769 3099 aureos?

2180 3135 2374 3193 Noster
2429 3137 2715 3194 thesaurus
2755 3138 3029 3209 repositus
3074 3148 3156 3195 est
3205 3139 3257 3194 in
3311 3139 3452 3195 vasis
3505 3138 3764 3194 ﬁctilibus.

475 3240 564 3286 tus
591 3240 833 3298 sanctus,
861 3231 1083 3303 quando
1113 3229 1398 3286 descendit
1451 3231 1504 3284 in
1551 3229 1735 3300 specie
1777 3228 2068 3296 columbm,
2100 3217 2146 3280 C
2182 3227 2549 3286 Ecclesiastici
2590 3231 2766 3300 enim,
2804 3232 2988 3288 rustici
3015 3241 3142 3287 sunt
3169 3240 3224 3288 et
3259 3231 3560 3303 simplices:
3589 3247 3766 3288 omnes

473 3343 584 3385 non
611 3330 897 3385 descendit
929 3345 1094 3400 super
1126 3330 1313 3386 turbas
1359 3329 1675 3386 Iudaeorum
1704 3376 1718 3398 ,
1761 3331 1858 3385 sed
1912 3346 2076 3401 super

475 3436 646 3475 unum
671 3421 882 3477 Jesum.
919 3421 975 3477 Si
1008 3421 1089 3475 vis
1117 3419 1494 3491 ergo,.ludaac,
1525 3420 1780 3490 spiritum
1806 3420 2076 3491 accipere,

476 3512 642 3568 crede
679 3512 734 3568 in
770 3511 983 3581 Jesum,
1013 3512 1265 3583 quoniam
1307 3513 1541 3584 Spiritus
1577 3525 1802 3568 sanctus
1833 3513 1982 3570 sedet
2019 3514 2072 3569 in

479 3605 629 3663 Jesu.

552 3699 684 3754 Filii
721 3699 973 3770 Epitraim
1017 3700 1338 3756 intendentes
1385 3711 1432 3754 et
1482 3701 1740 3756 mittentes
1791 3718 1991 3758 areum.
2031 3702 2076 3758 Ο

480 3803 682 3866 quanta
705 3796 962 3867 mysteria
985 3796 998 3850 !
1024 3810 1058 3850 0
1084 3795 1270 3865 quanti
1295 3793 1491 3850 ﬂores!
1518 3792 1632 3850 Non
1656 3795 1778 3850 dico
1803 3795 1944 3862 dies,
1976 3796 2073 3852 sed

476 3897 532 3944 et
563 3897 716 3943 totus
747 3889 952 3943 mensis
974 3886 1040 3942 ad
1065 3885 1481 3958 intelligentiam
1526 3886 1680 3942 istius
1735 3887 1930 3958 psalmi
1964 3903 2070 3942 non

472 3993 651 4055 potest
681 3982 963 4040 sufﬁcere.
989 3981 1046 4038 ln
1077 3982 1308 4053 singulis
1337 3982 1522 4039 verbis
1553 3997 1747 4038 sensus
1776 3993 1922 4038 sunt.
1963 3983 2071 4038 lla-

469 4075 665 4132 bemus
695 4085 750 4133 et
787 4075 1105 4132 thesaurum
1147 4075 1202 4130 in
1252 4076 1396 4130 vasis
1428 4076 1544 4129 istis
1577 4075 1857 4130 lietilibus.
1913 4075 2065 4131 Multi

471 4168 578 4225 hoc
609 4171 1040 4240 interpretantur
1061 4170 1128 4224 de
1148 4183 1403 4239 corpore,
1426 4176 1482 4222 et
1507 4168 1574 4224 de
1601 4167 1804 4239 Spiritu
1834 4179 2061 4224 sancto:

469 4262 577 4317 hoc
600 4272 703 4331 est,
737 4261 1004 4318 habemus
1031 4261 1348 4317 thesaurum
1397 4260 1450 4316 in
1483 4261 1626 4316 vasis
1650 4261 1933 4318 ﬁctilibus.
1963 4260 2064 4316 Est

468 4353 690 4425 quidem
732 4361 788 4410 et
834 4355 934 4409 ista
992 4353 1348 4424 intelligentia
1387 4353 1524 4410 :sed
1568 4354 1672 4410 ista
1723 4354 1896 4409 multo
1948 4370 2066 4410 tne-

469 4450 578 4505 lior
607 4459 727 4518 est,
775 4449 1033 4521 quoniam
1083 4449 1346 4505 habemus
1401 4449 1716 4505 thesaurum
1769 4448 2059 4520 pretiosis.-

469 4543 669 4598 simum
701 4543 756 4598 in
805 4545 948 4599 vasis
991 4543 1251 4599 lictilihus
1285 4542 1429 4598 :hoc
1477 4552 1602 4608 est,
1647 4545 1699 4598 in
1732 4542 1918 4599 verbis
1973 4559 2066 4598 ru-

2181 3337 2313 3380 vero
2337 3323 2602 3390 haeretici,
2631 3324 2960 3381 Aristotelici
2988 3334 3044 3380 et
3072 3325 3334 3382 Platonici
3366 3335 3510 3381 sunt.
3540 3326 3765 3398 Denique

2179 3430 2238 3475 ut
2264 3418 2735 3490 sciatis,quoniam
2759 3419 2936 3475 omnis
2953 3419 3256 3491 eloquentia
3279 3421 3762 3487 stecularis,anrum

2178 3515 2403 3571 dicitur:
2439 3515 2541 3570 hoc
2568 3523 2671 3582 est,
2694 3515 2950 3585 quoniam
2972 3514 3152 3586 lingua
3181 3529 3367 3571 eorum
3389 3517 3538 3586 quasi
3560 3523 3762 3586 propter

2178 3608 2521 3680 splendorem
2574 3608 2691 3663 auri
2737 3607 2962 3663 dicitur:
3009 3608 3158 3664 Calix
3208 3624 3405 3665 aureus
3444 3608 3668 3682 Babylon
3710 3609 3759 3662 in

2179 3716 2342 3757 manu
2370 3700 2603 3756 Domini.
2641 3700 2831 3756 Videte
2861 3701 2989 3771 quid
3021 3700 3194 3756 dicat:
3233 3701 3475 3774 Babylon
3506 3701 3761 3757 conlusio-

2178 3793 2281 3848 nis.
2317 3793 2462 3863 Ergo
2503 3792 2734 3848 mundus
2767 3793 2869 3848 iste
2897 3839 2911 3860 ,
2967 3793 3110 3850 calix
3157 3809 3357 3850 aureus
3409 3803 3511 3850 est.
3556 3795 3626 3850 De
3665 3794 3759 3848 boe

2176 3883 2347 3940 calice
2365 3898 2530 3939 aureo
2555 3882 2807 3938 omnibus
2825 3883 3078 3954 gentibus
3102 3885 3415 3956 propinatur
3436 3885 3644 3959 (lerant.
3664 3885 3752 3954 LI).

2178 3975 2306 4031 Filii
2335 3975 2592 4050 Ephraint
2620 3977 2934 4032 intendentes
2964 3987 3012 4032 et
3048 3979 3302 4034 mittentes
3342 3995 3539 4033 arcum.
3571 3979 3754 4047 Quam-

2175 4085 2408 4138 cumque
2462 4069 2665 4126 videris
2721 4071 3044 4139 scripturam
3099 4069 3526 4135 lmretieorum,
3585 4084 3756 4126 omnes

2175 4161 2590 4232 superstitiones
2622 4161 2844 4217 habent.
2891 4161 3097 4216 Ilet'ersi
3135 4173 3254 4217 sunt
3281 4163 3333 4216 in
3362 4165 3448 4217 die
3492 4163 3622 4220 belli.
3665 4162 3754 4218 Ne

2173 4254 2354 4311 sciunt
2380 4271 2504 4311 eum
2532 4255 2624 4326 qui
2653 4255 2822 4311 dixit:
2851 4255 3045 4312 Pacem
3077 4271 3251 4313 meam
3281 4257 3352 4313 do
3381 4259 3556 4325 vobis,
3588 4273 3750 4330 pacem

2173 4364 2350 4405 meam
2377 4349 2626 4420 relinquo
2655 4349 2810 4405 vobis
2836 4347 3018 4418 (Joan.
3053 4351 3202 4421 xiv):
3233 4350 3326 4406 sed
3355 4351 3422 4406 ad
3453 4352 3612 4407 verba
3639 4360 3750 4406 sunt

2172 4441 2481 4513 przeparati.
2530 4441 2742 4498 llabent
2797 4441 3001 4509 verba,
3049 4441 3144 4498 sed
3191 4443 3410 4500 audient
3457 4445 3581 4500 illud
3622 4442 3744 4512 quod

2171 4536 2427 4606 scriptum
2459 4544 2570 4591 est:
2608 4534 2812 4605 Dissipa
2845 4544 3033 4606 gentes
3053 4552 3174 4607 quae
3204 4536 3344 4593 bella
3376 4539 3563 4594 volunt
3592 4536 3743 4610 (Psal.

465 4636 618 4692 sticis
689 4636 1118 4707 scripturarum,
1189 4635 1318 4691 Filii
1398 4635 1653 4709 Ephrm'm
1736 4637 2059 4692 intendent“
2094 4619 2142 4680 D
2170 4627 2356 4700 vau).
2375 4627 2753 4700 Dicataliquis,
2778 4637 3016 4684 nostram
3041 4643 3163 4686 esse
3185 4632 3548 4688 sententiam:
3575 4629 3744 4687 Videa-

465 4740 513 4786 et
578 4730 832 4785 mittentes
895 4747 1112 4796 arcum,
1177 4731 1405 4786 conversi
1459 4740 1579 4786 sunt
1644 4731 1697 4785 in
1756 4731 1841 4785 die
1904 4730 2054 4796 belli,

463 4834 520 4880 et
553 4831 773 4879 caetera.
806 4822 1060 4894 Legimus
1093 4823 1146 4878 in
1187 4823 1393 4896 Regum
1439 4823 1620 4879 libris:
1657 4824 1912 4894 quoniatn
1957 4823 2059 4880 sub

463 4915 709 4972 Roboam
740 4916 852 4972 ﬁlio
878 4916 1204 4985 Salomonis,
1235 4917 1524 4971 Jeroboam
1549 4915 1688 4972 ﬁlius
1718 4916 1927 4972 Nabath
1957 4917 2059 4973 sci-

457 5011 537 5066 dit
571 5010 824 5081 populum
847 5026 876 5064 a
899 5009 1110 5080 reliquo
1142 5011 1368 5080 populo,
1401 5019 1454 5066 et
1481 5010 1668 5066 decent
1707 5011 1880 5067 tribus
1908 5010 2064 5067 duxit

461 5105 516 5158 in
565 5102 862 5158 Samariam
907 5100 1006 5172 (Ill
1039 5101 1164 5172 Reg.
1209 5100 1336 5173 xu).
1379 5101 1533 5158 Juda:
1571 5117 1701 5158 vero
1749 5103 1961 5171 tribus,
2009 5112 2062 5159 et

456 5196 740 5266 Beniamin
791 5207 1176 5252 remanserunt
1228 5197 1329 5251 sub
1384 5197 1611 5268 imperio
1664 5197 1950 5266 Roboam,
2009 5209 2065 5256 ct

456 5290 610 5345 multi
659 5289 727 5346 de
777 5290 918 5346 tribu
964 5291 1130 5359 Levi,
1181 5291 1274 5361 qui
1315 5289 1630 5348 habitabant
1658 5293 1710 5349 in
1759 5295 2060 5351 Jerusalem

455 5385 767 5442 sacerdotes
794 5394 849 5442 et
876 5386 1104 5454 Levitaz,
1137 5385 1276 5442 sicut
1302 5387 1560 5456 scriptum
1584 5396 1666 5443 est
1693 5388 1745 5443 in
1779 5387 2058 5460 Paralipo-

453 5494 653 5534 menon
687 5519 702 5543 ,
747 5479 951 5534 reversi
989 5489 1116 5534 sunt
1157 5479 1212 5533 in
1247 5480 1504 5550 templum
1539 5480 1674 5548 Dei,
1716 5481 1820 5536 hoc
1849 5494 1930 5537 est
1956 5527 1971 5551 ,
2007 5483 2058 5539 in

450 5569 752 5627 Jerusalem
781 5571 847 5643 (ll
875 5570 999 5626 Par.
1037 5572 1140 5641 tu).
1167 5573 1304 5626 Tres
1333 5586 1464 5643 ergo
1487 5572 1657 5629 tribus
1682 5573 1930 5630 luerunt:
1957 5574 2060 5632 hoc

451 5671 540 5722 est
562 5706 576 5731 ,
599 5662 764 5718 Juda:
793 5662 928 5719 Juda
962 5663 1077 5734 ipsa
1109 5665 1308 5735 regalis
1337 5665 1543 5733 tribus,
1576 5676 1628 5721 et
1654 5666 1934 5737 Beniamin
1959 5709 1973 5734 ,
2004 5677 2061 5724 et

447 5767 639 5827 postea
678 5755 878 5811 Levita:
921 5756 991 5811 ibi
1033 5765 1298 5813 venerant
1331 5757 1398 5815 de
1427 5757 1655 5815 diversis
1701 5759 1950 5817 tribubus
1987 5761 2056 5818 ad

452 5850 729 5920 templum.
789 5851 889 5919 Qui
938 5861 1094 5908 erant
1145 5865 1275 5924 ergo
1324 5854 1376 5908 in
1436 5853 1678 5909 Samaria
1713 5898 1726 5924 ,
1785 5854 1853 5912 tle
1913 5857 2055 5915 tribu

2170 4738 2290 4779 mus
2319 4723 2737 4794 consequentia:

2245 4815 2367 4871 Non
2398 4817 2751 4872 custodierunt
2781 4827 3138 4875 testamentum
3169 4818 3287 4888 Dei,
3315 4831 3362 4874 ct
3409 4821 3461 4875 in
3496 4822 3600 4893 lege
3641 4819 3740 4890 ejus

2170 4911 2446 4966 noluerunt
2493 4911 2782 4977 ambulare,
2828 4921 2876 4967 et
2917 4913 3062 4967 obliti
3082 4922 3202 4968 sunt
3231 4912 3607 4984 benefactorum
3623 4911 3732 4981 ejus.

2170 5003 2855 5062 Consurrexeruntcontra
2886 5023 3036 5076 cum,
3070 5009 3158 5080 qui
3193 5023 3290 5064 eos
3333 5005 3664 5079 regeneravit
3691 5002 3735 5056 in

2170 5101 2513 5171 baptismate.
2549 5099 2614 5155 Et
2645 5101 2962 5155 ntirabiliunt
2993 5106 3105 5175 ejus
3128 5117 3245 5175 qua:
3271 5102 3492 5157 ostendit
3519 5101 3605 5155 eis.
3652 5095 3732 5152 Vi-

2165 5195 2290 5251 dete
2311 5207 2528 5250 sensum
2544 5194 2969 5263 Scripturarum,
2989 5193 3264 5265 quomodo
3286 5193 3352 5250 de
3367 5193 3492 5248 ﬁliis
3507 5189 3731 5264 Ephraint

2165 5289 2311 5345 venit
2336 5287 2401 5342 ad
2431 5288 2686 5343 historias
2713 5288 3028 5358 praeteritas
3058 5307 3070 5343 :
3105 5287 3308 5344 ntillud
3336 5289 3478 5360 quod
3501 5288 3730 5358 scriptum

2165 5391 2248 5437 est
2279 5397 2294 5436 :
2325 5381 2578 5451 Aper-iam
2605 5380 2656 5435 in
2698 5381 2970 5451 parabolis
3010 5397 3074 5438 os
3102 5396 3308 5447 meum,
3342 5382 3530 5454 loquar
3557 5391 3729 5451 propo-

2167 5477 2394 5532 sitiones
2422 5476 2489 5530 ab
2515 5476 2669 5531 initio
2700 5493 2713 5530 :
2748 5477 3064 5548 parabolice
3093 5478 3301 5534 dictum
3352 5477 3600 5534 ostendit.

2236 5571 2422 5626 Coram
2473 5570 2704 5641 patribus
2745 5587 2920 5624 eorum
2966 5588 3082 5642 qure
3111 5573 3232 5645 fecit
3255 5572 3516 5627 mirabilia
3535 5573 3583 5625 in
3610 5578 3725 5623 terra

2166 5663 2404 5736 ιιιῗρῃριὶ,
2459 5664 2510 5717 in
2561 5678 2742 5732 campo
2773 5662 2974 5719 Taneos
3007 5667 3323 5739 :interrupit
3371 5682 3526 5732 mare,
3559 5673 3600 5719 et
3625 5677 3725 5734 per-

2162 5759 2310 5814 duxit
2335 5775 2440 5827 eos,
2466 5754 2644 5810 statuit
2671 5772 2833 5827 aquas
2852 5759 3000 5828 quasi
3021 5759 3075 5813 in
3099 5768 3234 5826 utre,
3260 5768 3309 5814 et
3329 5758 3540 5813 deduxit
3583 5769 3658 5811 eos
3676 5753 3720 5805 in

2159 5855 2293 5910 ttttlte
2339 5855 2465 5910 dici.
2506 5853 2654 5910 Dicat
2685 5850 2881 5924 aliquis
2908 5871 2921 5908 :
2957 5853 3078 5911 Vim
3103 5854 3232 5911 facis
3255 5854 3579 5927 Scripturae:
3612 5849 3722 5906 εἰιιιδ
