3954 6340
284 288 406 349 Ιοῖ9

1133 281 1564 341 BREVIARIUM
1605 283 1670 341 IN
1713 283 2045 342 PSALMOS.
2090 285 2336 345 I‘SALM.
2381 286 2642 347 LXXVII.

3407 285 3549 345 10230

274 406 464 480 pliciter
503 400 642 458 enim
692 399 896 456 dicitur
921 398 991 456 de
1021 399 1221 472 populo
1243 398 1432 465 Israel,
1461 399 1680 473 quando
1708 399 1836 456 edu-

1953 404 2217 462 lluxerunt
2247 414 2535 461 torrentes.
2579 405 2876 462 Torrentes
2905 412 3088 460 autem
3119 401 3371 458 doctores
3408 401 3550 456 acci-

274 511 382 558 ctus
425 506 502 554 est
551 495 617 550 de
668 504 809 550 terra
842 494 1483 567 Egypti,etpropterea
1538 493 1836 550 secundum

275 591 536 648 historiam
564 587 782 644 dicitur.
820 588 888 643 Et
918 589 1142 659 legimus
1167 587 1353 644 decem
1388 587 1560 643 tribus
1581 588 1838 660 quoniam

278 686 658 756 dercliquerunt
706 682 902 750 Deum,
935 692 986 738 et
1017 681 1329 738 idololatrte
1375 681 1558 738 effecti
1609 689 1758 751 sunt,
1785 689 1840 738 et

271 779 409 852 quasi
461 777 624 832 secuti
655 784 783 831 sunt
832 775 1036 830 vitulos
1075 790 1291 830 aureos.
1333 773 1624 830 Videamus
1651 773 1839 844 Asaph

271 871 512 945 prephcta
541 885 647 938 quo
673 877 918 939 tempore
948 867 1133 924 fuerit.
1180 867 1376 938 Utique
1427 867 1520 923 illo
1566 875 1836 937 tempore,

269 962 468 1037 quando
499 960 596 1016 fuit
629 959 795 1016 David
837 960 1192 1032 quadraginta
1218 960 1397 1016 annis.
1424 959 1657 1015 Rursum
1679 959 1839 1014 Salo-

270 1073 383 1114 mon
411 1055 526 1111 aliis
552 1054 907 1126 quadraginta
930 1055 1111 1110 annis.
1159 1054 1290 1110 Post
1332 1055 1605 1126 octoginta
1667 1069 1840 1110 annos

267 1152 357 1210 sub
385 1152 636 1216 Roboam,
665 1159 853 1221 postea
870 1151 1054 1206 scissae
1071 1158 1201 1206 sunt
1225 1149 1415 1206 decem
1444 1149 1642 1205 tribus.
1674 1147 1839 1203 Vides

267 1259 382 1315 ergo
403 1242 538 1314 quod
572 1242 791 1310 dicitur,
851 1257 957 1297 non
1006 1241 1208 1297 dicitur
1240 1240 1308 1297 de
1337 1241 1527 1298 decem
1561 1240 1836 1305 tribubus,

265 1338 430 1396 scddc
453 1337 721 1393 luereticis
744 1337 1123 1408 pr‘ophetatnr.
1160 1335 1348 1392 Coram
1377 1337 1610 1407 patribus
1659 1352 1838 1390 eorum

265 1433 369 1505 fecit
391 1431 666 1485 mirabilia.
693 1429 860 1484 Obliti
885 1445 1014 1500 ergo
1055 1437 1180 1484 sunt
1240 1429 1479 1485 hmretici
1531 1429 1702 1499 patris
1731 1428 1835 1495 sui,

265 1523 344 1596 qni
371 1522 491 1578 fecit
523 1522 796 1578 mirabilia
828 1522 880 1578 in
915 1531 1058 1577 terra
1081 1521 1326 1594 Egypti,
1350 1521 1401 1577 in
1421 1520 1836 1577 tenebrisistius

261 1617 446 1684 smculi,
477 1616 750 1687 quomodo
781 1616 904 1671 illos
951 1616 1227 1672 liberavit.
1285 1616 1342 1671 In
1375 1615 1615 1672 Ecclesia
1665 1616 1837 1672 renati

260 1720 394 1775 sunt,
423 1718 472 1764 et
503 1719 694 1780 postea
729 1709 822 1765 ubi
853 1709 962 1764 nati
995 1717 1148 1776 sunt,
1180 1709 1434 1781 di5plicet
1463 1710 1544 1764 eis
1570 1709 1834 1766 Ecclesia.

260 1801 318 1856 In
346 1811 477 1856 terra
500 1801 723 1875 :Egypti
776 1802 828 1856 in
868 1819 1050 1875 campo
1101 1802 1303 1858 Taneos
1329 1820 1348 1858 :
1377 1803 1465 1857 ubi
1509 1803 1834 1872 idololatria,
1870 1810 1915 1869 Β

263 1897 338 1953 ubi
366 1912 453 1952 rex
495 1896 740 1969 Egypti,
775 1897 864 1952 ubi
896 1899 1167 1970 equitatus
1195 1897 1444 1970 IEgypti,
1480 1898 1571 1953 ubi
1601 1897 1841 1954 Joannes

257 2000 304 2045 et
343 1989 606 2045 Mambres
659 1989 960 2046 adversarii
1019 1990 1331 2062 Moysi,ubi
1359 1989 1692 2046 idololatria.
1725 1989 1835 2045 Nos

259 2100 430 2141 omnes
452 2099 674 2140 eramus
695 2084 747 2140 in
770 2084 1025 2157 IEgypto,
1056 2094 1113 2140 et
1135 2100 1162 2138 a
1198 2085 1428 2140 Domino
1482 2084 1702 2140 liberati
1745 2099 1840 2138 su-

258 2197 385 2237 mus.
414 2180 702 2254 Interrupit
724 2197 886 2246 mare,
917 2191 963 2236 et
985 2181 1162 2236 eduxit
1183 2198 1290 2236 eos.
1313 2179 1639 2236 Ambulabat
1661 2177 1842 2233 Domi-

257 2287 351 2328 nus
375 2259 542 2342 super
563 2287 741 2340 mare,
771 2284 821 2328 et
852 2270 1055 2328 ﬂuctus
1084 2271 1249 2327 maris
1298 2271 1585 2341 mitigavit,
1637 2279 1692 2326 et
1742 2285 1843 2326 nos

258 2367 514 2438 perduxit.
542 2365 833 2438 Interrupit
855 2383 1023 2434 mare,
1044 2376 1093 2420 et
1114 2367 1413 2422 eduxiteos.
1441 2365 1623 2436 Usque
1653 2363 1837 2432 hodie,

255 2459 554 2517 oilonache
594 2460 792 2527 fidelis,
833 2460 1052 2531 quando
1098 2459 1350 2516 educeris
1373 2459 1438 2514 de
1460 2459 1720 2532 Aigypto,
1755 2459 1840 2512 in-

256 2555 602 2626 terrumpitur
625 2570 798 2623 mare,
820 2562 876 2610 et
903 2555 983 2609 sic
1006 2551 1279 2609 educeris.
1299 2552 1494 2608 Statuit
1509 2569 1668 2623 aquas
1694 2551 1843 2623 quasi

255 2647 302 2702 in
329 2656 452 2705 utre.
483 2648 540 2704 In
589 2648 824 2704 Hebraeo
871 2663 978 2703 non
1025 2646 1217 2713 habet,
1276 2657 1496 2703 utrem:
1531 2646 1649 2711 sed,
1709 2646 1842 2701 sicut

256 2758 501 2797 acervum.
535 2741 604 2798 Et
627 2743 841 2798 deduxit
867 2757 952 2796 eos
979 2743 1032 2796 in
1053 2742 1188 2795 nube
1235 2739 1356 2795 diei.
1410 2739 1550 2795 Ecce
1577 2738 1842 2795 Dominus

259 2835 469 2891 venitin
494 2835 795 2909 Egyptum
823 2835 877 2890 in
907 2835 1050 2890 nube
1098 2833 1230 2889 levi.
1263 2832 1469 2888 Nubem
1511 2833 1709 2898 levem,
1749 2841 1844 2886 aut

257 2931 460 3001 proprie
511 2929 814 2987 Salvatoris
873 2942 1072 2998 corpus
1127 2925 1396 2982 debemus
1427 2927 1714 2996 accipere:
1750 2923 1842 2996 qui

261 3023 372 3081 leve
422 3024 544 3094 fuit,
595 3034 652 3083 et
701 3024 851 3081 nullo
881 3032 1112 3094 peccato
1143 3030 1542 3093 praegravatum
1589 3030 1691 3075 est.
1738 3019 1846 3074 Aut

255 3127 394 3176 certe
421 3120 623 3176 nubem
650 3119 822 3175 levem
851 3117 1115 3174 debemus
1145 3123 1390 3173 sanctam
1444 3114 1665 3170 Mariam
1697 3112 1842 3169 acci-

1945 498 2157 569 pimus:
2206 514 2302 568 per
2351 514 2485 569 quos
2543 506 2830 562 torrentes,
2885 496 2937 553 id
2996 506 3102 563 est,
3156 495 3551 567 subsequentcs

1944 589 2314 646 Ecclesiarum
2355 591 2607 647 doctores
2639 591 2829 662 repleti
2878 599 3027 646 sunt.
3062 589 3144 646 Ex
3178 604 3408 662 quorum
3449 602 3550 646 nos

1943 683 2328 753 praedicatione
2359 725 2374 748 ,
2421 684 2564 739 sitim
2597 683 2746 740 verbi
2772 683 2868 739 Dei
2902 682 3314 754 restinguimus.
3361 681 3468 739 Sed
3497 690 3552 738 et

1941 776 2009 831 ad
2038 775 2242 833 fontem
2268 777 2527 848 Baptismi
2559 777 2715 833 nobis
2738 785 2900 846 atque
2931 775 3202 849 martyrii,
3228 773 3421 831 eadem
3456 789 3552 846 pe-

1943 880 2022 928 tra
2045 873 2302 928 ostendit.
2338 874 2411 930 De
2441 873 2615 930 latere
2644 873 2789 929 enim
2817 873 2937 944 ejus
2958 887 3083 928 cum
3122 886 3416 943 percussus
3441 881 3551 938 est,

1942 965 2165 1035 sanguis
2190 975 2247 1021 et
2269 981 2406 1037 aqua
2433 967 2732 1036 processit,
2782 964 2928 1036 quod
2965 964 3294 1037 baptismum
3327 974 3381 1022 et
3407 981 3552 1021 mar-

1943 1059 2141 1132 tyrium
2173 1060 2421 1132 figuravit
2453 1060 2634 1131 (Joan.
2660 1060 2798 1132 xix).
2822 1060 3118 1117 Torrentes
3145 1069 3327 1116 autem
3356 1059 3548 1116 docto-

1942 1171 2032 1212 res
2053 1156 2202 1222 dicti,
2227 1158 2349 1227 quia
2383 1157 2695 1227 priusquam
2725 1157 3054 1224 crederent,
3106 1155 3175 1212 ab
3207 1154 3467 1212 imbribus
3495 1163 3550 1211 et

1945 1249 2250 1304 volutabris
2295 1249 2454 1320 hujus
2498 1249 2683 1304 smculi
2724 1259 2880 1305 erant
2925 1249 3136 1320 repleti.
3186 1247 3338 1304 Nunc
3364 1256 3546 1303 autem

1941 1341 2210 1412 baptismo
2239 1341 2426 1409 abluti,
2458 1357 2488 1397 a
2516 1342 2664 1397 fonte
2691 1342 2812 1397 vita:
2844 1341 3097 1413 perennis
3126 1340 3545 1397 inundaverant.

1946 1435 2107 1495 Addit
2127 1436 2482 1492 murmuratio
2511 1434 2759 1501 Iudaica,
2793 1436 3017 1492 dicens:

2018 1527 2287 1600 Numquid
2316 1537 2363 1584 et
2385 1546 2569 1598 panem
2589 1529 2775 1601 poterit
2799 1530 2944 1597 dare,
2984 1539 3076 1584 aut
3104 1545 3292 1603 parare
3322 1545 3547 1584 mensam

1941 1625 2135 1698 populo
2149 1623 2560 1680 suo?Diflicilem
2579 1633 2725 1697 putat
2738 1625 3114 1682 virtutemDei:
3130 1626 3288 1697 utqui
3303 1625 3550 1682 eduxerit

1943 1733 2135 1790 aquam
2159 1719 2225 1775 de
2239 1735 2390 1789 saxo,
2408 1720 2562 1792 quasi
2585 1735 2693 1776 non
2716 1720 2884 1791 possit
2911 1735 3108 1776 manna
3126 1721 3257 1777 dare
3284 1719 3352 1777 de
3376 1720 3544 1778 caelo.

2017 1810 2144 1866 Ideo
2175 1813 2375 1868 audivit
2407 1811 2681 1882 Dominus,
2711 1823 2758 1868 et
2789 1813 3016 1868 distulit.
3042 1813 3237 1882 Utique
3258 1828 3319 1870 se
3346 1813 3414 1869 ab
3443 1813 3544 1883 eis,

1944 1919 2012 1961 ne
2035 1905 2087 1962 in
2111 1913 2308 1961 terram
2336 1906 2778 1977 repromissionis
2803 1906 3093 1964 intrarent.
3119 1905 3186 1960 Et
3211 1906 3348 1976 ignis
3367 1922 3542 1962 arcen-

1942 2017 2031 2056 sus
2054 2010 2130 2055 est
2159 2001 2212 2054 in
2241 1999 2424 2067 Jacob,
2453 2011 2501 2055 et
2533 2002 2610 2056 ira
2643 2001 2876 2056 ascendit
2907 2001 2962 2056 in
2992 2001 3188 2055 Israel.
3227 1998 3395 2057 Jacob
3438 2015 3546 2056 non

1943 2109 2160 2166 semper
2185 2096 2561 2166 supplautator
2582 2096 2839 2152 vitiorum
2871 2095 3231 2167 intelligitur:
3257 2111 3356 2151 nec
3385 2093 3552 2151 Israel

1944 2189 1996 2245 in
2021 2187 2275 2244 omnibus
2301 2189 2493 2245 videns
2521 2190 2698 2246 Deum
2734 2189 3020 2261 accipitur.
3053 2190 3344 2263 Apostolus
3374 2198 3553 2247 autem

1943 2281 2104 2339 docet
2125 2298 2246 2340 esse
2276 2284 2532 2341 Israelem
2560 2284 2860 2342 secundum
2893 2300 3114 2342 carnem
3144 2284 3194 2359 (l
3217 2285 3337 2341 Cor.
3363 2303 3394 2341 x
3414 2287 3455 2356 ),
3484 2284 3552 2342 de

1942 2392 2052 2448 quo
2079 2376 2278 2433 dicitur
2311 2395 2324 2434 :
2355 2378 2419 2434 Et
2451 2378 2742 2436 fornicatus
2763 2389 2848 2437 est
2876 2380 3041 2437 Israel
3065 2378 3270 2450 (Judic.
3301 2396 3392 2436 vtu
3413 2381 3452 2452 ).
3491 2379 3547 2437 Si

1944 2475 2088 2530 enim
2127 2475 2354 2532 vidisset
2398 2486 2581 2533 mente
2626 2478 2833 2545 Deum,
2875 2477 3180 2534 fornicatus
3219 2478 3402 2549 utique
3437 2492 3545 2533 non

1945 2567 2150 2623 fuisset.
2185 2567 2277 2625 Sic
2306 2567 2375 2623 de
2400 2567 2587 2634 Iacob,
2611 2583 2733 2624 cum
2762 2568 2905 2625 Esau
2930 2569 3195 2640 pollutum
3227 2568 3387 2625 idolis
3408 2568 3539 2624 ado-

1946 2661 2119 2728 rabat,
2152 2661 2340 2717 dicens
2374 2681 2384 2715 :
2417 2661 2582 2719 Video
2615 2661 2805 2719 faciem
2847 2673 2992 2719 tuam
3037 2671 3306 2734 tamquam
3339 2661 3532 2719 faciem

1944 2754 2122 2823 angeli
2148 2754 2241 2810 Dei
2272 2753 2430 2829 (Gen.
2455 2756 2644 2824 xxtn);
2687 2755 2804 2825 vel,
2839 2769 2960 2810 cum
2987 2753 3354 2826 impinguatus
3375 2754 3547 2810 recal-

1946 2846 2191 2914 citravit,
2219 2862 2324 2902 non
2352 2857 2473 2902 erat
2501 2847 2878 2919 supplantator
2907 2848 3184 2904 vitiorum.
3214 2846 3346 2904 Ideo
3376 2857 3429 2904 et
3457 2847 3548 2904 hic

1947 2943 2022 2998 ita
2070 2942 2482 3015 intelligendum
2518 2953 2602 3001 est
2635 2945 2797 3018 :quia
2846 2959 3110 3002 accensus
3158 2952 3242 3000 est
3282 2944 3336 3000 in
3378 2942 3550 2998 Iacob

1948 3045 2196 3092 terrenus
2228 3037 2366 3108 ignis
2387 3039 2877 3110 concupiscentiae,
2909 3048 2965 3095 et
3009 3039 3082 3094 ita
3120 3039 3175 3094 in
3220 3036 3429 3094 ultione
3466 3037 3556 3093 di—

1949 3127 2088 3194 vina,
2124 3143 2289 3200 super
2317 3130 2480 3187 Israel
2508 3133 2782 3189 carnalem
2814 3131 3083 3188 ascendit.

255 3226 378 3284 pere
411 3229 425 3267 :
452 3213 608 3269 nullo
625 3213 832 3268 semine
862 3211 1099 3266 humano
1121 3217 1532 3279 prmgravatam.
1565 3205 1707 3262 Ecce
1738 3205 1842 3261 Do-

2029 3223 2165 3290 Quia
2199 3243 2304 3280 non
2346 3225 2677 3280 crediderunt
2705 3227 2758 3280 in
2791 3223 2994 3292 Deum,
3027 3241 3117 3280 nec
3140 3234 3473 3298 speraverant
3502 3225 3556 3280 in

250 3304 424 3359 minus
451 3305 601 3360 venit
631 3305 683 3359 in
716 3303 1036 3375 )Egyptum,
1066 3299 1250 3356 szeeuli
1304 3299 1498 3355 iSIins:
1530 3312 1695 3367 super
1746 3315 1844 3353 nuo

248 3394 362 3451 hem
410 3395 614 3463 levem,
649 3395 950 3467 Virginem.
995 3393 1304 3448 Etdeduxit
1332 3408 1420 3446 eos
1460 3391 1515 3446 in
1536 3391 1672 3445 nube
1721 3389 1850 3445 diei.

247 3487 471 3546 Pulchre
499 3489 668 3555 dixit,
703 3488 806 3543 diei
825 3505 844 3544 :
871 3485 1052 3542 Nubes
1080 3485 1223 3540 enim
1245 3484 1331 3540 illa
1362 3499 1468 3539 non
1489 3483 1590 3539 fuit
1611 3484 1664 3539 in
1700 3492 1850 3538 tene-

252 3581 378 3650 bris,
409 3582 507 3640 sed
529 3597 750 3652 semper
771 3583 824 3636 in
852 3580 993 3636 luce.
1029 3578 1093 3634 Et
1108 3588 1218 3634 tota
1234 3586 1380 3632 nocte
1395 3577 1448 3630 in
1470 3576 1852 3630 illuminatione

243 3677 391 3749 ignis.
407 3678 473 3734 Et
497 3676 741 3734 tenebrae
759 3690 865 3732 non
884 3683 1016 3730 sunt
1033 3674 1316 3730 absconsze
1331 3686 1360 3726 a
1377 3671 1607 3728 te.Sicut
1625 3672 1714 3727 lux
1731 3671 1847 3735 tibi,

245 3773 310 3827 ita
323 3782 375 3828 et
400 3789 506 3829 nox
523 3773 626 3830 tibi
641 3771 822 3844 (Deut.
842 3771 939 3843 tv).
963 3769 1026 3825 Et
1053 3776 1160 3824 tota
1183 3776 1341 3822 nocte
1367 3767 1419 3822 in
1451 3765 1850 3821 illuminatione

241 3864 668 3938 ignis.Dominus
685 3864 1035 3935 noster,ignis
1046 3876 1375 3918 consumens
1391 3859 1642 3930 csthnis
1661 3873 1850 3914 consu-

242 3974 410 4016 mens.
443 3960 562 4017 Non
588 3956 859 4028 dixitquid
877 3969 1226 4022 consumens,
1258 3953 1413 4008 nobis
1433 3950 1846 4021 intelligentiam

237 4050 548 4124 dereliquit.
576 4050 677 4120 Qui
709 4064 872 4121 super
893 4046 1299 4103 fundamentum
1323 4043 1525 4100 Christi
1551 4041 1853 4098 aediﬁcave-

239 4155 378 4212 runt,
394 4147 628 4217 lignum,
650 4141 1118 4212 fenum,stipulam
1141 4137 1185 4214 (I
1201 4137 1321 4194 Cor.
1341 4138 1424 4206 ut)
1443 4156 1453 4189 :
1472 4136 1730 4191 Dominus
1747 4133 1850 4189 illis

238 4237 829 4310 ignisconsumensest.
855 4234 995 4304 Ignis
1010 4231 1278 4303 duplicem
1311 4230 1473 4286 habet
1497 4237 1768 4294 naturam,
1795 4236 1850 4283 et

239 4329 398 4397 lucet,
431 4343 486 4387 et
508 4331 643 4387 ttrit.
672 4329 729 4388 Si
756 4335 1072 4401 peccatores
1093 4339 1300 4392 sumus,
1333 4322 1603 4380 incendit:
1629 4321 1847 4392 sijusti,

236 4424 376 4482 lucet
404 4425 587 4482 nobis.

303 4517 601 4590 Interrupit
646 4527 845 4590 petram
893 4518 948 4571 in
989 4517 1211 4573 deserto.
1252 4515 1554 4585 Interrupta
1584 4513 1741 4568 nobis
1765 4521 1852 4568 est

1955 3318 2180 3372 salutari
2225 3321 2358 3393 ejus.
2413 3317 2524 3375 Nec
2568 3317 2823 3385 Patrem,
2862 3331 2962 3374 nec
3010 3316 3238 3382 Filium,
3283 3317 3372 3388 qui
3411 3316 3557 3372 salus

1955 3413 2140 3467 mundi
2171 3422 2274 3478 εει,
2301 3412 2671 3468 crediderunt.

2030 3504 2099 3560 Et
2121 3507 2384 3562 mandavit
2402 3507 2620 3562 nubibus
2642 3508 2882 3575 desuper,
2906 3516 2954 3561 et
2968 3509 3168 3580 januas
3191 3505 3305 3559 caeli
3329 3505 3552 3578 aperuit.

1956 3599 2024 3654 Et
2056 3601 2190 3670 pluit
2224 3599 2332 3656 illis
2355 3616 2544 3655 manna
2571 3600 2640 3654 ad
2669 3599 3109 3654 manducandum.
3157 3597 3404 3653 Prtestita
3441 3597 3557 3654 lucc

1955 3704 2082 3750 sunt
2125 3695 2366 3751 Hebraeis
2402 3714 2413 3749 :
2448 3693 2541 3750 scd
2566 3705 2621 3749 et
2652 3692 2815 3749 modo
2845 3694 2896 3748 in
2930 3693 3168 3748 Ecclesia
3201 3691 3479 3762 prophetis
3505 3703 3559 3748 et

1955 3789 2216 3860 apostolis
2247 3789 2579 3861 praecipitur,
2605 3796 2663 3842 ut
2691 3788 2845 3843 nobis
2872 3787 3096 3843 verbum
3125 3785 3556 3857 praedicationis,

1953 3897 2062 3952 quo
2089 3881 2267 3936 anima
2296 3880 2658 3952 spiritualiter
2689 3889 2965 3950 pascatur,
2991 3877 3331 3933 annunticnt.
3360 3875 3558 3931 Panem

1954 3975 2069 4030 caeli
2113 3975 2254 4028 dedit
2299 3975 2404 4034 eis.
2449 3989 2632 4042 panem
2670 3970 2976 4042 angelorum
3021 3967 3346 4022 manducauit
3378 3967 3556 4022 homo.

1954 4065 2077 4138 Ipse
2107 4065 2314 4122 homini
2340 4066 2522 4120 cibum
2549 4065 2800 4135 pra-linit,
2825 4063 2916 4134 qui
2950 4060 3092 4117 dixit
3125 4079 3137 4114 :
3172 4060 3286 4131 ligo
3314 4074 3432 4114 sum
3460 4074 3555 4129 pa-

1954 4159 2041 4216 nis
2060 4161 2204 4224 vitro,
2234 4159 2322 4231 qui
2350 4158 2420 4214 de
2445 4158 2587 4214 coelo
2613 4155 2869 4213 descendi
2898 4173 2912 4208 :
2938 4153 3026 4226 qui
3057 4152 3459 4209 manducaverit
3483 4167 3550 4207 ev

1955 4270 2042 4322 eo,
2067 4254 2212 4309 vivet
2243 4253 2294 4309 in
2335 4262 2596 4309 :cternum
2630 4251 2818 4325 (Joan.
2854 4249 2962 4321 vt).
2996 4251 3072 4305 Ex
3100 4248 3203 4304 hoc
3231 4247 3376 4302 enim
3415 4263 3554 4319 pane

1953 4347 2113 4414 cteli,
2145 4346 2320 4402 sancti
2347 4346 2664 4402 reficiuntur
2685 4353 2739 4400 et
2764 4343 2962 4414 angeli.
2995 4341 3202 4398 Cibaria
3233 4341 3371 4396 misit
3397 4341 3469 4396 eis
3501 4343 3555 4396 in

1953 4440 2292 4497 abundantia.
2321 4438 2390 4495 ιιι
2414 4438 2524 4510 jam
2557 4454 2665 4493 non
2697 4437 2894 4492 littera:
2926 4435 3153 4504 hordeo,
3180 4433 3276 4490 sed
3299 4433 3559 4507 spiritua-

1956 4532 2026 4589 lis
2051 4531 2214 4588 tritici
2245 4530 2499 4603 dogmate
2528 4532 2820 4586 satientur.

230 4621 381 4685 Imm
431 4615 488 4670 ίη
544 4627 750 4669 eremo.
787 4612 1051 4668 percussa
1101 4620 1182 4666 θεῖ
1230 4619 1382 4679 1⁵⁸⁸1³³
1409 4650 1423 4673 ο
1475 4616 1530 4664 el
1575 4605 1845 4663 “"‘en'm
1875 4605 1922 4667 θ
2023 4623 2092 4679 Et
2125 4623 2387 4678 transtulit
2411 4625 2659 4680 Austrum
2689 4625 2754 4678 de
2780 4625 2936 4694 rmlo,
2970 4633 3017 4679 et
3044 4623 3254 4680 induxit
3275 4624 3326 4678 in
3357 4625 3549 4679 uirtute

231 4720 406 4778 aqum.
438 4705 538 4762 Illa
569 4714 718 4776 petra
747 4720 866 4776 qua:
893 4704 1051 4759 dicit:
1082 4702 1175 4774 qui
1205 4702 1340 4768 sitit,
1373 4699 1556 4756 veniat
1576 4708 1631 4756 et
1653 4697 1836 4764 bibat;

230 4797 295 4851 de
322 4797 484 4868 cujus
505 4805 695 4852 ventre
715 4796 994 4852 ﬂuxerunt
1019 4793 1240 4849 flumina
1266 4793 1448 4867 (Joan.
1479 4796 1596 4862 vn).
1627 4790 1693 4846 Et
1720 4790 1845 4845 ada-

229 4893 400 4961 quavit
448 4909 537 4946 eos
559 4892 696 4948 velut
729 4891 782 4945 in
808 4891 995 4962 abysso
1038 4888 1274 4944 multa...
1327 4888 1386 4943 In
1439 4887 1657 4942 deserto
1685 4929 1698 4953 ,
1749 4883 1840 4939 ubi

228 4999 364 5055 aqua
398 5000 510 5040 non
536 4991 654 5040 erat
677 5029 690 5051 ,
720 4980 1051 5038 abundantia
1083 4980 1241 5036 nobis
1261 4993 1526 5050 aquarum
1562 4980 1701 5032 facta
1733 4984 1838 5030 est.

299 5078 365 5133 Et
386 5079 574 5134 eduxit
603 5094 789 5150 aquam
834 5080 897 5132 dc
925 5085 1072 5148 petra
1098 5115 1112 5139 ,
1143 5083 1188 5130 et
1217 5073 1398 5128 eduxit
1436 5083 1698 5144 tamquam
1733 5071 1842 5139 [Iu-

225 5172 366 5226 mina
410 5187 611 5244 aquas,
641 5181 692 5226 et
717 5177 1071 5242 opposuerunt
1100 5167 1272 5220 adhuc
1299 5180 1508 5234 peccare
1537 5164 1585 5217 ei
1604 5203 1618 5229 ,
1664 5169 1772 5217 etc.
1800 5161 1846 5217 Ο

229 5266 570 5332 perversitas
595 5262 783 5319 cordis
806 5259 989 5333 pravi,
1022 5260 1073 5314 in
1115 5259 1280 5313 Deum
1314 5257 1453 5313 male
1483 5255 1752 5326 loquitur,
1791 5263 1846 5310 et

223 5358 317 5427 qui
352 5357 629 5428 justitiam
680 5357 891 5412 esurire
935 5353 1234 5417 debuerat,
1276 5364 1470 5408 carnes
1507 5350 1736 5421 requirit
1792 5361 1849 5407 et

225 5449 401 5506 olera.
438 5450 576 5506 Nam
608 5450 748 5506 sicut
773 5447 988 5520 Moyses
1021 5446 1294 5518 percussit
1317 5447 1368 5500 in
1395 5458 1586 5502 eremo
1610 5453 1844 5515 petram,

228 5553 284 5600 et
307 5544 568 5616 produxit
599 5543 802 5615 populo
829 5557 997 5614 aquas
1028 5540 1236 5615 (Num.
1275 5556 1342 5595 xx
1370 5540 1388 5612 )
1418 5583 1432 5607 ,
1479 5539 1550 5593 ita
1581 5547 1636 5592 et
1667 5538 1848 5594 Domi-

224 5660 329 5702 nus
359 5662 532 5719 quem
587 5647 787 5703 Paulus
842 5659 1162 5718 pcrcussum
1219 5643 1293 5700 ait
1341 5651 1566 5716 propter
1629 5651 1846 5711 peccata

223 5758 413 5813 nostra
443 5792 461 5817 ,
515 5749 806 5805 immensos
850 5748 1010 5805 nobis
1051 5748 1280 5821 protulit
1319 5747 1498 5804 fontes
1530 5743 1706 5816 (Rom.
1734 5745 1840 5820 tv):

225 5851 518 5922 apostolos
546 5852 770 5925 scilicet,
795 5868 932 5925 quos
957 5863 1108 5924 petra
1133 5851 1476 5922 monstravit,
1509 5859 1563 5907 et
1589 5865 1684 5922 per
1704 5866 1838 5923 quos

1947 4736 2043 4774 sua
2065 4719 2375 4790 Africum,et
2391 4717 2690 4791 pluitsuper
2701 4734 2788 4773 eos
2802 4719 2936 4772 sicut
2950 4718 3211 4789 pulverem
3233 4726 3549 4782 carnes,etc.

1945 4809 2002 4866 In
2028 4813 2228 4881 ventis,
2257 4809 2445 4865 flatum
2476 4810 2715 4882 Spiritus
2737 4812 2910 4867 sancti
2927 4811 3286 4868 demonstrat.
3309 4811 3480 4867 Collat
3499 4811 3556 4866 io

1945 4914 2127 4960 autem
2151 4904 2540 4972 multitudinis,
2561 4920 2682 4975 qua:
2709 4905 2919 4977 pulveri
2949 4906 3033 4961 vel
3061 4919 3243 4960 arenae
3266 4904 3433 4959 maris
3462 4920 3554 4960 as-

1947 4997 2240 5063 similatur,
2277 5005 2555 5052 terrenum
2589 5006 2643 5053 et
2671 4997 2867 5054 durum
2895 5013 3082 5054 eorum
3106 4997 3287 5068 arguit
3310 5011 3548 5052 sensum.

2026 5089 2089 5143 Et
2117 5089 2412 5144 ceciderunt
2447 5093 2500 5145 in
2527 5091 2698 5147 medio
2726 5102 3017 5148 castrorum
3062 5108 3261 5160 eorum,
3292 5092 3430 5146 circa
3476 5102 3555 5146 ta-

1953 5181 2232 5238 bernacula
2261 5200 2465 5254 eorum,
2495 5194 2541 5238 et
2565 5186 3040 5250 manducaverunt,
3087 5193 3133 5238 ct
3164 5187 3385 5240 saturati
3439 5194 3560 5240 sunt

1949 5278 2126 5332 nimis.
2154 5277 2370 5345 Castra,
2417 5294 2724 5351 synagogas
2755 5279 2908 5334 dicit.
2953 5278 3337 5334 'I‘abernacula
3394 5294 3547 5349 vero,

1949 5373 2115 5430 corda
2146 5388 2336 5429 eorum
2375 5373 2428 5429 in
2451 5373 2648 5445 quibus
2676 5373 2795 5430 haec
2833 5373 3205 5429 deﬂuxerunt.
3252 5373 3409 5443 Quod
3457 5390 3555 5429 au-

1951 5477 2058 5524 tem
2091 5483 2189 5522 eos
2211 5459 2600 5523 nimis‘indicat
2635 5477 2911 5523 saturatos
2941 5513 2953 5537 ,
3003 5467 3308 5537 ingluviem
3360 5483 3550 5523 eorttm

1951 5563 2228 5620 carnalem
2269 5562 2724 5635 increpatzquod
2772 5562 2827 5616 hi
2871 5563 2960 5632 qui
3013 5561 3080 5617 de
3121 5561 3217 5617 Dei
3266 5563 3555 5634 praeceptis

1952 5657 2103 5714 refici
2131 5657 2457 5723 debuerant,
2491 5656 2558 5713 de
2593 5655 2872 5728 pulvereis
2903 5670 2962 5709 se
3015 5654 3270 5710 carnibus
3308 5655 3554 5710 sentiunt

1952 5756 2205 5812 satiatos.
2249 5753 2312 5808 Et
2352 5753 2667 5809 desiderium
2712 5768 2891 5807 eorum
2919 5751 3095 5809 attulit
3123 5752 3239 5807 eis:
3292 5766 3395 5805 non
3432 5758 3554 5805 sunt

1952 5852 2182 5926 fraudati
2204 5868 2234 5906 a
2266 5851 2522 5907 desiderio
2547 5866 2655 5905 suo.
2687 5849 2954 5907 lmtnensa
2989 5850 3160 5920 pietas
3215 5844 3460 5917 Domini,
3487 5853 3546 5902 ut
