3954 6340
419 297 547 352 “iiii

1209 293 1550 351 APPENDIX
1595 295 1686 350 AD
1723 295 1969 353 τοιηυη
2009 293 2364 354 SEPTIMUM
2402 294 2466 356 S.
2507 293 2913 352 ΙΙΙΕΒΟῈΠΜΙ.

3558 291 3704 351 ’1039

413 425 632 469 ῐ·“Ι“Γ‹ἸΙ(ι
663 415 806 470 victu
836 415 1140 469 esurientes
1164 417 1334 483 pascit
1360 433 1374 470 :
1404 415 1483 469 sic
1512 423 1566 469 et
1589 413 1682 484 qui
1724 428 1849 470 eum
1907 413 2002 469 de—
2030 416 2080 474 Α
2110 413 2233 483 pius
2274 413 2706 470 exacerbabant.
2755 409 2862 467 Sed
2901 419 2957 466 et
2999 424 3144 465 nunc
3181 409 3537 475 exacerbant,
3582 422 3702 464 cum

412 508 753 576 sideraverit,
788 507 996 564 cmlesti
1021 550 1032 569 .
1061 523 1217 576 quem
1253 507 1508 577 superius
1562 506 1818 571 diximus,
1865 521 2005 576 pane

411 602 608 670 replet.
653 603 791 672 Ergo
823 601 876 655 hi
909 601 999 671 qui
1024 616 1214 656 carne.-
1243 609 1470 667 tantum,
1493 612 1545 655 et
1574 616 1682 655 non
1715 600 1884 655 Deum
1913 599 2007 656 de-

409 695 811 760 Sidi-raverttttt,
859 693 986 762 quid
1013 693 1062 747 in
1093 695 1342 763 sequenti
1372 691 1614 761 tulerint,
1647 692 1950 748 videamus.

480 789 664 844 Adhuc
691 806 808 843 esca
836 805 1012 844 eorum
1045 797 1152 843 erat
1197 791 1252 841 in
1276 804 1365 841 ore
1407 789 1673 859 ipsorum,
1706 797 1753 841 et
1795 788 1876 842 ira
1910 785 2008 842 Dei

407 883 637 938 ascendit
668 899 822 953 super
850 899 956 950 eos,
990 891 1037 936 et
1075 882 1262 936 occidit
1303 882 1521 953 pingues
1551 896 1749 935 eorum.
1781 880 1912 937 Hzec
1938 879 2007 938 de

409 976 496 1031 his
525 976 614 1048 qui
659 978 824 1031 Deum
858 987 979 1046 post
1011 987 1292 1047 acceptum
1327 990 1526 1030 manna
1567 975 2004 1045 dereliquerunt.

410 1072 540 1126 Nam
574 1080 629 1125 cl.
666 1086 810 1126 nunc
852 1070 903 1125 iu
933 1071 1184 1125 Ecclesia
1214 1070 1260 1124 si
1289 1071 1413 1142 quis
1444 1068 1622 1126 Carne
1651 1081 1704 1124 et
1729 1069 2008 1141 Sanguine

406 1166 608 1221 Chriin
638 1165 897 1230 reﬁcitur,
925 1175 978 1218 et
1000 1163 1237 1218 declinat
1259 1165 1325 1218 ad
1361 1164 1510 1233 vitia,
1546 1163 1758 1218 noverit
1783 1162 1887 1218 sibi
1912 1163 2004 1218 Dei

401 1263 669 1333 judicium
705 1263 1010 1327 imminere,
1037 1261 1177 1314 sicut
1215 1260 1410 1314 Paulus
1435 1259 1714 1330 apostolus
1745 1260 1821 1312 ait
1855 1277 1868 1314 :
1901 1256 2002 1327 Qui

405 1355 678 1425 acceperit
703 1370 902 1426 corpus
949 1363 1003 1409 et
1024 1353 1354 1423 Sanguinem
1381 1352 1586 1408 Christi
1630 1351 1884 1422 indigne,
1913 1351 2001 1423 ju-

409 1448 609 1503 diciqu
642 1447 743 1503 sibi
784 1446 982 1509 sumit,
1023 1456 1083 1501 et
1122 1446 1250 1499 bibit
1287 1445 1347 1514 (l
1389 1443 1510 1499 Cor.
1547 1442 1670 1515 xl).
1705 1443 1773 1498 Et
1816 1445 2004 1500 electos

407 1539 578 1596 Israel
609 1541 893 1612 impedivit.
927 1539 1326 1609 Impediuutur,
1362 1545 1418 1592 et
1445 1551 1592 1592 mmc
1618 1536 1782 1591 electi
1813 1536 2001 1591 Eccle-

407 1636 499 1689 sia:
536 1653 549 1690 :
584 1636 628 1689 si
673 1651 740 1691 ue
770 1635 868 1705 ipsi
902 1649 1119 1705 quoque
1158 1633 1476 1688 sacerdotes
1522 1631 1844 1686 innocenter
1887 1614 2004 1686 haec

405 1735 749 1784 sacramenta
781 1729 1106 1798 percipiant.

2109 504 2362 572 audiunt,
2395 505 2536 577 quod
2564 503 2844 561 Christum
2867 501 3157 559 Dominum
3188 502 3241 558 in
3266 517 3437 558 carne
3471 502 3705 557 nasciluv

2111 614 2230 654 mm
2261 600 2573 655 annuntiat.

2195 693 2318 752 Non
2358 701 2476 748 sunt
2514 691 2777 746 recordati
2816 706 3007 746 manus
3033 692 3145 763 ejus
3181 705 3199 743 :
3235 688 3321 742 die
3347 704 3451 757 qua
3489 686 3703 743 redemit

2109 805 2192 848 eos
2219 788 2284 844 de
2313 804 2469 842 manu
2501 783 2825 839 tribulantis.
2857 781 3160 838 Pharaonis
3192 780 3410 852 Utique,
3442 779 3536 851 qui
3569 779 3700 850 ﬁgu-

2111 882 2300 939 raliter
2330 878 2584 935 diabolus
2609 876 2837 934 dicitur.

2182 976 2328 1033 Sicut
2358 975 2527 1045 posuit
2556 974 2610 1027 in
2655 971 2892 1046 ngypto
2921 973 3073 1046 signa
3112 987 3228 1031 sua.
3263 979 3312 1025 et
3334 971 3583 1044 prodigia
3610 987 3703 1027 sua

2109 1071 2170 1125 in
2199 1083 2382 1141 campo
2412 1066 2637 1122 Taneos.
2667 1063 2824 1122 Sicut
2850 1065 2998 1121 enim
3035 1073 3162 1121 tunc
3194 1063 3246 1118 iu
3279 1063 3473 1120 det-em
3505 1063 3702 1134 signis,

2109 1163 2159 1218 id
2191 1169 2296 1223 est,
2335 1159 2529 1231 plagis,
2558 1157 2776 1231 Moyses
2802 1157 3065 1228 populum
3097 1174 3170 1214 ex
3217 1156 3459 1230 Egypto
3501 1158 3706 1214 libera-

2112 1255 2229 1310 vit:
2274 1254 2344 1308 ita
2375 1261 2430 1307 et
2457 1252 2658 1306 Paulus
2688 1251 2976 1321 apostolus
3017 1250 3209 1306 decem
3254 1249 3520 1320 Epistolis
3562 1266 3701 1322 prae-

2111 1346 2287 1402 sentis
2317 1345 2504 1399 muttdi
2538 1343 2797 1400 tenebras
2825 1341 3126 1414 oppressit.

2177 1437 2437 1494 Convertit
2476 1439 2528 1492 in
2571 1437 2875 1508 sanguinem
2905 1437 3130 1508 [Iuntina
3181 1446 3380 1503 earum,
3422 1451 3469 1492 et
3513 1436 3702 1493 imbres

2105 1546 2281 1587 eorum
2305 1547 2369 1584 ne
2391 1529 2638 1584 biberent.
2658 1527 2808 1584 Vana
2829 1526 3281 1598 philosophorum
3296 1527 3486 1594 verba,
3503 1544 3629 1596 quae
3649 1529 3700 1584 in

2105 1623 2368 1680 doctrinis
2384 1622 2677 1679 Platonicis
2700 1620 2963 1677 Ecclesia:
2988 1620 3243 1690 parvulos
3263 1621 3656 1676 iuterimebant
3687 1640 3698 1676 :

2110 1718 2162 1772 in
2194 1716 2460 1771 ultionem
2501 1715 2749 1770 divinam
2792 1713 2904 1768 illis
2941 1727 3203 1769 conversa
3244 1723 3413 1769 estet
3453 1715 3507 1769 in
3540 1731 3703 1771 cruo-

477 1822 542 1876 In
569 1821 804 1876 omnibus
831 1821 912 1874 Itis
942 1830 1279 1893 peccauerunt
1311 1820 1484 1874 adhuc
1509 1835 1528 1873 :
1555 1827 1602 1873 et
1628 1834 1733 1872 non
1762 1816 1992 1872 credide-
2028 1809 2072 1870 Β
2103 1833 2241 1881 rem,
2261 1817 2419 1888 utqui
2443 1816 2760 1886 sanguinem
2779 1814 3100 1883 fundebant,
3123 1815 3173 1871 id
3194 1817 3698 1888 est,animasjugu-

404 1927 524 1968 runt
549 1916 600 1967 in
632 1913 962 1968 mirabilibus
999 1918 1129 1986 ejus.
1166 1913 1232 1966 Et
1263 1913 1560 1982 defecerunt
1580 1954 1594 1977 ,
1627 1923 1732 1966 etc.
1763 1909 1999 1964 Peccaut

403 2006 644 2078 quotidie
676 2008 869 2076 iniqui,
901 2007 1255 2078 quoadusque
1281 2005 1570 2073 deliciam,
1600 2015 1804 2059 etcum
1837 2003 1995 2060 festi-

404 2099 622 2154 natione
665 2097 925 2152 deliciunt
977 2115 990 2154 :
1035 2099 1122 2167 qui
1171 2095 1544 2154 sacerdotibus
1590 2096 1682 2154 Dei
1731 2094 1998 2151 obaudire

401 2201 778 2258 contemnunt,
824 2192 964 2248 sicut
991 2201 1046 2248 et
1087 2191 1320 2262 populus
1351 2191 1441 2245 ille
1471 2192 1560 2260 qui
1601 2197 1791 2245 contra
1823 2187 1996 2244 fatuu-

402 2286 514 2341 lum
543 2285 636 2340 Dei
663 2283 886 2357 Moysen
915 2283 1308 2340 murmurabat.

471 2379 602 2435 Cum
625 2377 879 2433 occideret
900 2394 1008 2445 eos,
1029 2377 1325 2449 maerebant
1348 2392 1489 2441 eum,
1517 2385 1564 2430 et
1584 2373 1993 2445 revertebantur,

398 2482 446 2528 et
479 2473 713 2527 diluculo
754 2472 1022 2527 ueniebant
1053 2473 1120 2525 ad
1149 2488 1284 2526 eum.
1329 2469 1615 2542 Flagellati
1663 2469 1716 2528 in
1758 2469 1996 2539 peccatis

401 2567 816 2621 revertebantur
846 2581 862 2620 :
894 2580 1234 2636 excussoque
1265 2564 1602 2622 inﬁdelitatis
1630 2578 1844 2632 somno,
1880 2577 1994 2618 ma-

402 2663 654 2715 turabant
680 2669 740 2714 ut
761 2659 1012 2715 audirent
1031 2659 1256 2714 verbum
1293 2659 1408 2716 Dei.
1473 2691 1476 2694 -

473 2751 542 2807 Et
576 2753 1006 2821 rememorabant,
1039 2755 1161 2823 quia
1193 2752 1333 2809 Deus
1373 2753 1587 2827 adjutor
1613 2760 1690 2807 est
1717 2766 1914 2819 eorum,
1945 2759 1996 2809 et

397 2843 537 2900 Deus
563 2845 796 2900 excelsus
823 2847 1118 2916 redemptor
1143 2862 1318 2900 eorum
1343 2854 1442 2902 est.
1472 2845 1691 2902 Nullum
1725 2857 1890 2915 posse
1909 2843 1994 2902 itt-

396 2940 731 2996 tellexerunt
758 2939 1091 3010 adjutorium
1125 2938 1306 3004 ferre,
1338 2939 1441 2996 nisi
1485 2939 1638 2996 illum
1669 2937 1758 3010 qui
1795 2953 1890 2996 eos
1923 2935 1994 2996 de

391 3032 661 3087 servitute
684 3031 908 3103 Egypti
936 3031 1206 3088 liberavit.

466 3126 531 3180 Et
567 3126 860 3180 dilexerunt
918 3142 1036 3182 eum
1088 3127 1139 3181 in
1193 3143 1280 3182 ore
1327 3142 1444 3182 suo.
1485 3125 1621 3182 Cum
1667 3123 1914 3182 dicerent
1969 3139 1986 3180 :

2102 1911 2349 1965 lacerant
2376 1909 2709 1978 seducendo,
2752 1908 3017 1980 sanguine
3062 1909 3318 1980 deinceps
3343 1919 3691 1980 poterentur.

2172 2001 2319 2058 llisit
2349 2004 2404 2056 in
2441 2019 2526 2057 eos
2556 2002 2907 2074 cynomyiam,
2941 2011 2988 2056 et
3028 2003 3247 2057 comedit
3287 2019 3393 2058 eos.
3430 2002 3489 2057 lu
3529 2018 3700 2075 cyno-

2101 2098 2240 2169 myia
2283 2096 2616 2168 Cynicorum
2662 2105 2868 2152 sectam
2919 2095 3200 2162 indicavit,
3240 2112 3360 2167 qua:
3410 2095 3694 2152 libidinem

2097 2200 2262 2262 atque
2290 2191 2562 2246 luxuriam
2583 2231 2598 2256 ,
2635 2205 2910 2245 summum
2940 2189 3202 2259 pradicet
3240 2190 3464 2246 bonum.
3510 2188 3578 2244 Et
3609 2208 3698 2244 ra-

2097 2300 2238 2349 nam,
2287 2293 2333 2338 et
2362 2283 2670 2355 disperdidit
2721 2299 2825 2336 eos.
2883 2282 2940 2338 In
2993 2297 3246 2338 ranarum
3291 2276 3552 2348 vocibus,
3581 2296 3637 2340 et
3670 2294 3696 2321 ελ

2098 2387 2383 2451 poetarum
2414 2378 2658 2434 carmina
2678 2378 3039 2448 designantur
3056 2419 3072 2442 ,
3093 2394 3219 2448 quae
3240 2393 3336 2447 per
3355 2376 3700 2433 inﬂationem

2097 2472 2448 2529 verbositatis
2475 2472 2999 2528 exterminationum
3036 2471 3246 2527 tabulas
3275 2471 3603 2529 intulerunt.

2171 2567 2237 2623 Et
2257 2567 2629 2639 dedita'rugini
2649 2572 2852 2639 [ructus
2873 2583 3071 2621 eorum.
3095 2566 3150 2621 ln
3171 2568 3429 2638 terugine,
3460 2570 3579 2622 sive
3603 2582 3697 2623 ca-

2096 2661 2308 2725 nicula,
2354 2658 2736 2715 fornicationis
2765 2658 2939 2714 forma
2982 2668 3340 2715 monstratur.
3373 2659 3508 2716 Nunt
3547 2664 3696 2716 sicut

2095 2754 2211 2810 b.ec
2243 2755 2392 2810 lento
2425 2769 2624 2824 repens
2657 2751 2977 2817 conamine,
3009 2751 3392 2809 crudelissime
3433 2753 3698 2808 arborum

2093 2847 2364 2903 fructibus
2405 2847 2691 2902 insidiatur
2728 2866 2739 2900 :
2775 2847 2848 2902 ita
2880 2859 2931 2902 et
2970 2846 3083 2901 lucc
3108 2846 3310 2902 blande
3339 2846 3578 2904 illiciens
3603 2849 3700 2904 ho-

2096 2939 2274 2994 mines
2303 2980 2318 3005 ,
2349 2937 2550 3009 iniquis
2590 2953 2688 2993 eos
2729 2947 2892 3009 atque
2919 2938 3148 2994 occultis
3188 2938 3462 2994 morsibus
3507 2939 3702 2993 suavis-

2091 3031 2230 3091 sime
2277 3040 2454 3086 vorat.
2501 3029 2572 3086 Et
2611 3031 2813 3086 labores
2843 3048 3025 3086 eorum
3074 3030 3306 3087 locusta.
3349 3031 3403 3086 lu
3455 3031 3697 3098 locusta,

2094 3109 2314 3180 humani
2359 3126 2583 3196 generis
2627 3123 2920 3181 discordia:
2958 3125 3333 3181 confutantur.
3390 3125 3522 3193 ρυςυ
3563 3140 3700 3184 cum

391 3220 587 3276 Omnia
641 3235 1001 3290 qumcutnque
1060 3223 1380 3291 praeceperit
1432 3220 1679 3291 Moyses,
1725 3215 1988 3274 faciemus
2016 3208 2063 3271 C
2093 3219 2210 3274 sine
2257 3233 2386 3289 rege
2432 3217 2742 3273 ordinatmu
2787 3219 2956 3274 ducat
2997 3220 3342 3285 exercitum,
3389 3218 3694 3275 buutanum

394 3312 612 3384 (Exod.
640 3328 675 3366 ιι
703 3313 743 3382 ).
779 3311 845 3367 Et
876 3314 1057 3383 lingua
1093 3330 1189 3367 sua
1230 3313 1424 3370 mentiti
1464 3322 1583 3368 sunt
1611 3311 1681 3367 ei.
1729 3310 1986 3368 Dicentes

394 3404 564 3474 Moysi
614 3421 626 3456 :
677 3404 872 3459 Omnia
920 3421 1275 3476 qumeumque
1320 3406 1522 3462 dixerit
1566 3404 1863 3472 Dominus,
1908 3402 1987 3462 fs-

393 3499 624 3553 ciemus.

465 3590 567 3645 σοι·
595 3600 767 3646 autem
793 3593 1022 3664 ipsorum
1056 3609 1156 3646 non
1184 3603 1290 3645 erat
1323 3602 1516 3646 rectum
1547 3607 1667 3647 cum
1693 3608 1783 3659 eo,
1807 3605 1898 3645 nec
1921 3591 1988 3661 ﬁo

390 3683 534 3738 delos
563 3683 727 3738 habiti
757 3686 950 3739 suntin
981 3694 1285 3740 testamento
1306 3688 1439 3756 ejus.
1473 3683 1606 3740 Nam
1637 3693 1692 3740 et
1723 3684 1986 3744 Dominus

393 3777 714 3832 testimonio
743 3789 902 3832 utens
931 3777 1078 3832 lsaiae
1108 3780 1410 3848 prapbetc,
1449 3776 1670 3836 dicebat
1701 3793 1715 3832 :
1748 3777 1986 3848 Pupulus

393 3867 483 3923 hic
517 3868 672 3923 labiis
713 3884 799 3924 me
841 3869 1066 3930 honorat
1098 3887 1116 3926 :
1143 3884 1240 3925 cor
1265 3880 1447 3926 autem
1485 3869 1608 3940 ejus
1638 3869 1796 3941 longe
1831 3877 1918 3924 est
1953 3885 1984 3928 a

393 3977 482 4016 tne
515 3959 654 4030 (Isa.
693 3964 860 4031 ms).

415 4083 428 4102 ο
464 4054 587 4125 Ipse
605 4064 778 4110 autem
805 4064 879 4110 est
907 4056 1221 4121 misericors,
1270 4066 1318 4111 et
1347 4057 1612 4126 propitius
1653 4056 1738 4128 [iet
1761 4058 1986 4126 peccatis

393 4163 598 4214 eorum,
634 4157 740 4202 etc.
774 4147 1062 4204 Multitudo
1104 4151 1249 4204 enim
1283 4149 1780 4208 tniset'icordiarum
1808 4151 1987 4206 couti-

397 4247 492 4291 net
517 4252 668 4305 eum,
690 4247 748 4292 ut
773 4239 902 4294 dum
927 4249 1208 4310 exspectat
1230 4241 1631 4310 ptenitentiam,
1658 4256 1765 4299 non
1795 4242 1986 4313 puniat

397 4327 806 4397 delinquentem
840 4347 855 4386 :
911 4334 1037 4402 quia
1071 4349 1175 4388 non
1211 4332 1324 4388 vult
1361 4341 1596 4390 mortem
1647 4334 1984 4405 peccatoris,

392 4423 486 4479 sed
519 4434 573 4480 ut
599 4433 948 4482 convertatur
979 4436 1032 4482 et
1062 4430 1206 4484 vivat
1235 4427 1457 4503 (Ezech.
1494 4432 1664 4505 svnt).

465 4517 532 4572 Et
555 4531 918 4574 remuneratus
938 4531 1030 4588 est,
1057 4524 1176 4593 quia
1205 4541 1326 4580 caro
1355 4535 1492 4584 sunt.
1521 4527 1637 4586 Scit
1657 4528 1828 4594 enim,
1855 4529 1980 4600 quia

2089 3320 2269 3367 tamen
2295 3326 2468 3382 genus
2497 3326 2712 3381 semper
2740 3311 2975 3368 dissidet
3001 3326 3066 3368 ac
3087 3312 3395 3372 discordat.

2162 3404 2364 3460 Occidit
2389 3407 2440 3460 in
2461 3406 2714 3479 grandine
2737 3407 2910 3461 vineas
2935 3423 3132 3473 eorum,
3157 3417 3203 3461 et
3230 3424 3402 3462 moros
3425 3425 3609 3462 eorum
3645 3411 3699 3466 in

2087 3499 2294 3570 pruina.
2330 3498 2394 3554 Et
2418 3499 2633 3553 tradidit
2657 3499 2898 3570 grandini
2919 3505 3156 3573 jumenta
3183 3518 3383 3566 eorum,
3416 3516 3462 3556 et
3484 3520 3698 3575 posses-

2087 3593 2256 3647 slones
2287 3607 2462 3649 eorum
2489 3592 2617 3665 igni.
2643 3591 2699 3645 lu
2723 3591 2990 3661 grandine
3013 3595 3300 3664 castigatio
3325 3595 3504 3648 divina
3532 3612 3700 3650 mou-

2089 3695 2292 3741 stratur
2321 3705 2332 3738 :
2367 3688 2421 3741 in
2445 3703 2546 3756 qua
2571 3687 2655 3741 vel
2693 3689 2888 3755 vinezc,
2918 3688 3002 3742 vel
3037 3687 3266 3743 arbores
3291 3687 3646 3758 ﬂagellantur
3681 3709 3693 3744 :

2091 3783 2174 3835 lue
2203 3780 2416 3836 scilicet
2447 3796 2568 3851 qua:
2598 3796 2701 3851 pro
2729 3782 2883 3836 bonis
2910 3780 3198 3846 fructibus,
3230 3782 3461 3837 tribulos
3493 3790 3687 3852 protu«

2089 3875 2288 3931 lerunt.
2320 3875 2403 3930 Ab
2433 3874 2535 3930 hac
2557 3877 2703 3930 enim
2744 3874 3013 3945 grandine
3049 3885 3103 3930 et
3140 3875 3392 3944 jumenta
3425 3876 3700 3932 occiduu-

2090 3975 2196 4033 tur,
2227 3975 2284 4020 ut
2311 3981 2501 4022 eorum
2534 3966 2847 4038 insipientia
2878 3977 3160 4037 arguatur,
3191 3969 3281 4038 qui
3309 3968 3559 4023 divinum
3597 3984 3699 4024 no-

2091 4074 2214 4114 men
2241 4059 2431 4116 bestiis
2460 4059 2798 4115 iudiderunt.
2827 4059 2970 4131 Ignis
2998 4076 3219 4131 quoqtte
3242 4060 3308 4115 ad
3341 4060 3698 4131 depascenda

2093 4155 2222 4210 vitia
2250 4164 2306 4211 et
2330 4155 2684 4210 illuminanda
2709 4155 3051 4211 credentium
3071 4155 3235 4210 corda
3259 4155 3515 4220 mittitur,
3538 4159 3686 4211 sicut

2088 4248 2348 4305 Dominus
2366 4248 2444 4304 ait
2473 4267 2484 4303 :
2514 4248 2694 4318 Ignem
2723 4250 2845 4305 veni
2879 4249 3099 4304 mittere
3123 4249 3176 4302 in
3204 4259 3408 4305 terram
3442 4267 3454 4303 :
3480 4261 3540 4306 et
3561 4249 3696 4322 quid

2089 4344 2236 4413 volo,
2269 4341 2373 4398 nisi
2395 4351 2455 4397 ut
2484 4340 2821 4397 accendatur
2848 4340 3003 4414 (Luc.
3038 4339 3172 4412 xu)?

2161 4435 2305 4492 Misit
2328 4437 2382 4490 in
2404 4453 2490 4490 eos
2513 4436 2646 4489 iram
2664 4435 3042 4508 indignationis
3068 4450 3176 4490 sua:
3201 4451 3218 4490 :
3249 4434 3696 4506 indignationem,

2088 4540 2136 4585 et
2161 4530 2292 4584 iram
2315 4539 2359 4584 et
2384 4527 2793 4595 tribulationem,
2822 4528 3195 4582 immissionem
3218 4545 3311 4599 per
3333 4529 3551 4599 angelos
3582 4548 3698 4584 nta-

392 4628 528 4668 caro
555 4628 773 4683 semper
805 4615 1012 4671 resistit
1035 4617 1134 4686 legi
1169 4618 1282 4673 Dei.
1315 4619 1550 4690 Spiritus
1571 4621 1786 4689 radens,
1810 4631 1856 4677 et
1881 4639 1984 4682 non
2016 4611 2062 4671 υ
2088 4623 2187 4678 los.
2224 4623 2290 4682 Ut
2319 4626 2412 4694 qui
2456 4622 2656 4678 divinis
2681 4622 2860 4694 plagis
2891 4639 3000 4677 non
3025 4623 3421 4692 arguebantur,
3453 4623 3702 4679 diaboli-

391 4707 616 4764 rediens.
651 4707 815 4764 Novit
853 4710 999 4766 enim
1031 4712 1154 4783 quia
1203 4713 1404 4780 homo,
1438 4715 1646 4774 amisso
1675 4718 1893 4787 spiritu.
1929 4717 1984 4777 in

393 4800 672 4870 pulverem
708 4803 1018 4858 revertitur.
1063 4804 1195 4860 Nam
1226 4817 1281 4861 et
1324 4807 1560 4876 Spiritus
1600 4818 1826 4867 sanctus
1859 4824 1983 4870 cum

392 4892 594 4950 recedit
622 4908 652 4950 a
679 4896 1077 4964 peccatoribus,
1100 4897 1359 4967 quamdiu
1391 4900 1444 4956 in
1467 4900 1764 4958 volutabris
1792 4916 1985 4972 pecea-

394 4986 596 5042 minum
629 4995 778 5055 sunt,
813 5004 918 5044 non
951 4991 1240 5046 revertitur
1269 4992 1334 5047 ad
1368 5008 1485 5050 eos.

467 5079 676 5146 Quoties
720 5083 1150 5143 exacerbauerunt
1192 5104 1307 5144 cum
1346 5089 1401 5144 in
1447 5088 1700 5144 deserto:
1751 5088 1807 5145 in
1848 5090 1979 5145 iram

394 5174 771 5230 concitaverunt
805 5194 920 5232 cum
953 5179 1003 5233 in
1048 5181 1318 5252 inaquoso.
1348 5181 1408 5238 In
1453 5182 1838 5242 incredulitate
1877 5185 1983 5241 uti-

393 5281 498 5333 que
524 5275 685 5336 atque
714 5269 970 5327 ariditate
999 5271 1182 5328 cordis
1212 5273 1316 5329 sui.

466 5355 535 5414 Et
564 5363 795 5418 conuersi
832 5374 970 5434 sunt,
1000 5376 1048 5420 et
1079 5375 1400 5422 tentauerunt
1427 5366 1617 5437 Deum,
1645 5378 1694 5424 et
1727 5369 1984 5428 Sanctum

393 5449 569 5509 Israel
597 5458 1050 5514 exttcerbavernnt.
1080 5459 1212 5518 Erat
1250 5470 1379 5518 tunc
1409 5460 1624 5534 Moyses
1651 5469 1878 5518 sanctus
1908 5463 1985 5520 ls-

394 5549 527 5618 rael,
558 5551 646 5621 qui
681 5553 845 5612 Deum
867 5561 922 5609 et
952 5565 1134 5612 mente
1165 5555 1380 5612 videbat
1402 5555 1672 5624 etoeulis,
1691 5571 1855 5629 quem
1875 5573 1984 5616 sat-

471 5697 494 5724 ιι
525 5688 788 5760 Origenes
825 5691 1012 5746 homil.
1041 5691 1073 5746 4
1105 5692 1156 5747 in
1187 5693 1362 5748 Exod.
1399 5710 1411 5748 :
1451 5693 1552 5747 l’er
1581 5711 1737 5748 ranas
1765 5695 1990 5752 indicari

403 5760 740 5837 singulariter
760 5764 981 5837 arbitror
997 5766 1232 5837 carmina
1250 5764 1549 5832 Poetarum,
1569 5765 1659 5837 qui
1680 5769 1828 5823 inani
1851 5783 1990 5837 qum-

405 5831 524 5890 dam
543 5841 595 5894 et
620 5833 803 5903 inﬂata
827 5836 1198 5907 modulatione,
1223 5837 1360 5900 velut
1377 5831 1626 5902 ranarum
1642 5841 1781 5898 sonis
1801 5850 1846 5898 et
1863 5831 1989 5898 can-

2089 4717 2166 4773 cis
2198 4717 2411 4772 insidiis
2444 4717 2826 4774 tunderentur.
2861 4718 2963 4784 Qui
2995 4718 3305 4771 autemsint
3333 4716 3543 4786 angeli,
3575 4717 3704 4787 ipse

2091 4811 2352 4867 Dominus
2405 4812 2456 4865 in
2496 4810 2794 4882 Evangelio
2836 4810 3141 4867 declaravit
3187 4828 3198 4864 ;
3242 4810 3338 4874 Ite,
3387 4811 3590 4880 inquit,
3639 4813 3695 4868 in

2088 4907 2290 4977 ignem,
2316 4923 2478 4978 quem
2513 4907 2834 4976 praeparavit
2867 4907 3030 4962 Pater
3061 4920 3214 4963 meus
3238 4904 3461 4960 diabolo
3493 4915 3545 4961 et
3592 4922 3697 4963 an-

2089 5002 2222 5072 gelis
2243 5000 2362 5070 ejus
2391 4999 2575 5070 (Matt.
2610 4999 2770 5070 xxv).

2169 5093 2318 5149 Viam
2349 5095 2468 5165 fecit
2497 5095 2689 5148 semita!
2711 5095 2804 5148 ira:
2832 5107 2961 5160 sum,
2991 5103 3038 5149 et
3065 5109 3170 5148 non
3199 5093 3424 5163 pepercit
3450 5110 3483 5146 a
3518 5105 3695 5150 morte

2090 5185 2360 5242 animabus
2391 5202 2585 5254 eorum,
2619 5196 2667 5241 et
2683 5188 2928 5258 jnmenta
2949 5201 3126 5240 eorum
3149 5186 3202 5239 in
3227 5194 3386 5239 morte
3406 5188 3694 5242 conclusit.

2095 5279 2264 5334 liabet
2292 5279 2432 5334 viam
2463 5279 2645 5333 divina
2683 5278 2789 5347 ira,
2821 5295 2944 5334 cum
2977 5276 3030 5333 lu
3078 5278 3288 5349 peccati
3323 5278 3529 5333 ultione
3560 5283 3695 5350 quis

2091 5373 2319 5429 traditus
2337 5389 2444 5428 non
2473 5375 2667 5430 liberat
2687 5375 2920 5429 animam
2941 5389 3097 5429 suum
3123 5390 3150 5426 a
3181 5373 3451 5444 supplicio
3472 5374 3690 5443 gehen-

2091 5485 2194 5524 nae.
2243 5468 2342 5525 Vel
2379 5485 2500 5524 eum
2535 5469 2880 5540 insipientia,
2913 5485 3030 5539 qua:
3061 5469 3323 5539 jumentis
3351 5479 3430 5523 est
3461 5469 3703 5536 similis,

2092 5561 2144 5618 in
2169 5568 2348 5618 morte
2377 5562 2707 5633 sempiterna
2732 5560 3094 5618 concluditur.

2094 5700 2230 5775 tibus
2261 5700 2453 5755 mundo
2501 5702 2621 5756 huic
2659 5702 2866 5775 fabulas
2903 5702 3221 5768 intulerunt,
3250 5710 3355 5758 etc.
3391 5699 3691 5758 Tractatnr

2097 5774 2151 5828 in
2181 5787 2281 5828 sua
2304 5775 2604 5829 transtulit.
