3954 6340
243 369 379 426 105⁸5

1092 364 1520 423 BREVIARIUM
1561 361 1627 421 IN
1666 364 2002 427 Ρδιιιιυδ.
2043 369 2292 427 PSALM.
2336 369 2623 428 LXXVIII.

3389 369 3528 428 1054

232 518 237 525 ι
308 480 377 536 Et
416 480 675 548 peremit
710 496 861 537 omne
908 481 1302 553 primogenitum
1326 482 1382 536 in
1422 488 1560 537 terra
1600 498 1781 537 eorum
1809 497 1828 536 :

1947 486 2175 559 tudinem
2194 503 2376 544 eorum
2397 488 2452 544 in
2486 504 2674 545 mam
2702 490 2902 545 inimici
2925 506 2945 546 :
2965 499 3015 545 et
3043 488 3304 545 conclusit
3333 493 3387 544 in
3417 487 3535 561 gla-o

236 575 497 651 primitias
539 575 708 630 omnis
751 574 943 629 laboris
968 591 1142 630 eorum
1172 576 1224 630 in
1256 573 1607 631 tabernaculis
1645 573 1831 632 Citam.

237 668 390 726 Sicut
417 671 537 725 lucc
550 677 698 739 gesta
724 668 778 724 iu
803 668 1047 742 Λεωτριο
1073 667 1389 725 referuntur
1413 687 1426 723 :
1462 669 1536 725 ita
1565 677 1623 724 et
1650 668 1835 724 Domi.

235 778 362 832 nus,
397 764 761 836 principatus,
801 771 858 819 et
886 772 1188 834 potestates
1212 803 1229 831 ,
1272 761 1387 818 sive
1414 762 1831 831 daemoniorum,

237 859 355 915 sive
374 857 728 925 vitiorum,in
750 857 854 914 hoc
867 857 1090 925 mundo,
1106 866 1459 913 sacrosancto
1474 858 1712 913 adventu
1734 870 1835 912 suo

233 949 458 1020 delevit,
496 965 561 1006 ac
609 948 963 1021 triumphavit
1004 949 1058 1006 in
1103 949 1250 1021 ligno
1292 950 1470 1006 crucis
1512 964 1647 1016 suae,
1681 948 1833 1007 etab

237 1060 430 1100 eorum
461 1045 631 1101 corde
658 1044 889 1114 dqmlit,
917 1044 1007 1115 qui
1036 1043 1318 1100 calliditati
1348 1042 1633 1098 diabolica:
1664 1041 1833 1098 dediti

247 1137 484 1205 inerant,
511 1138 640 1209 quia
668 1138 837 1193 Cham
863 1147 890 1176 ⁸
916 1136 1182 1194 calliditas
1213 1137 1629 1208 interpretatur.

304 1229 375 1286 Et
396 1230 614 1288 abstulit
640 1232 774 1287 sicut
796 1246 913 1286 oues
937 1230 1188 1303 pupulum
1214 1246 1384 1294 suum,
1408 1238 1452 1284 et
1475 1229 1721 1302 perduxit
1743 1245 1830 1285 eos

233 1335 499 1398 tamquam
526 1340 730 1398 gregem
757 1324 812 1379 in
840 1325 1064 1381 deserto.
1094 1323 1188 1379 llis
1220 1324 1389 1394 plagis
1409 1324 1695 1380 verberata
1721 1323 1825 1378 Do-

233 1419 414 1475 minus
437 1417 694 1490 IEgypto.
726 1416 919 1473 eduxit
949 1417 1209 1487 populum
1238 1432 1394 1472 suum
1427 1417 1494 1471 de
1530 1414 1833 1487 suprascri-

236 1521 320 1584 pta
362 1512 666 1577 servitute,
715 1525 880 1582 quem
931 1509 1197 1580 sanguine
1242 1524 1343 1564 suo
1397 1508 1730 1572 redemerat,
1778 1516 1834 1565 et

229 1603 521 1661 collocavit
546 1618 671 1660 eum
702 1602 759 1659 in
795 1602 1063 1669 Ecclesia,
1090 1618 1209 1672 qua:
1238 1600 1389 1673 prius
1420 1601 1625 1658 sterilis
1656 1600 1835 1658 fuerat

230 1713 294 1754 ac
316 1697 537 1754 deserta
571 1715 583 1751 :
612 1696 681 1754 de
709 1713 814 1769 qua
846 1697 922 1753 ait
953 1715 965 1750 :
1011 1696 1161 1752 Multi
1206 1696 1302 1752 lilii
1347 1696 1614 1766 desertae,
1655 1697 1829 1769 magis

228 1804 392 1862 qttam
414 1790 536 1859 eius
560 1805 684 1860 qua:
710 1788 873 1845 habet
902 1789 1073 1847 virum
1103 1786 1241 1859 (lea.
1266 1788 1400 1860 ιιν).

1937 578 2024 635 dio
2048 579 2303 651 populum
2324 597 2497 648 suum,
2527 591 2579 638 et
2620 582 2974 639 hrereditatem
3002 599 3152 638 suam
3173 581 3384 653 spreuit.
3421 578 3528 634 Ju-

1934 689 2081 729 venes
2101 691 2304 743 eorum,
2332 685 2436 733 etc.
2470 675 2755 734 Manifesta
2784 678 2874 735 hic
2896 676 3177 734 excidium
3204 676 3339 733 illud
3372 675 3520 749 quod

1937 764 1989 820 in
2020 766 2379 841 Jerosolymis
2409 769 2515 825 sub
2552 768 2676 826 'l‘ito
2706 770 3147 840 Vespasianoque
3185 778 3368 825 actum
3415 776 3527 837 est,

1937 861 2288 930 prmeonavit.
2322 862 2390 918 Et
2409 864 2532 935 quia
2565 873 2839 936 tamquam
2871 874 2989 921 acta
3014 863 3222 935 agenda
3245 862 3519 934 praedixit,

1936 952 2149 1008 noverit
2175 954 2267 1025 qui
2296 954 2449 1026 legit,
2477 958 2607 1027 quia
2642 956 2787 1028 apud
2814 955 2985 1013 Deum
3018 954 3202 1012 futura
3236 956 3351 1026 jam
3381 954 3525 1015 facta

1935 1054 2083 1099 sunt.
2116 1046 2221 1101 Sed
2249 1048 2462 1103 utinam
2495 1058 2551 1105 et
2589 1047 2642 1105 in
2683 1047 2845 1105 nobis
2870 1048 3008 1115 haec,
3043 1048 3275 1104 Domino
3318 1061 3528 1118 coope-

1936 1149 2115 1204 rante,
2153 1137 2267 1209 iiut,
2310 1149 2370 1195 ut
2405 1142 2847 1213 concupiscentia
2877 1141 3114 1206 decidat,
3160 1149 3343 1197 erecta
3370 1150 3528 1212 pote.

1935 1240 2075 1286 state
2098 1231 2378 1289 virtutum.
2406 1232 2602 1290 Forma
2637 1235 2804 1306 iniqui
2834 1236 3038 1292 amoris
3062 1242 3300 1302 corruat,
3328 1245 3513 1292 erecta

1940 1318 2200 1381 Ecclesia:
2230 1324 2654 1395 pulchritudine.
2702 1329 3050 1386 lnterimatur
3084 1329 3319 1401 populus
3349 1328 3517 1385 vitio.

1938 1430 2095 1483 rum,
2142 1416 2410 1472 viviﬁcats
2455 1422 2854 1478 numerositate
2900 1421 3181 1477 virtutum.
3217 1420 3529 1492 Respttatur

1937 1517 2150 1563 terrena
2182 1508 2501 1577 haereditas,
2547 1513 2863 1584 acquiratur
2899 1528 3130 1585 regnum
3165 1513 3282 1569 Dei.
3312 1513 3522 1569 luven-

1934 1599 2113 1669 culus,
2146 1600 2200 1657 id
2232 1609 2341 1668 est,
2365 1601 2635 1673 incipiens
2679 1612 2982 1673 peccatum,
3036 1620 3066 1660 a
3104 1603 3310 1660 virtute
3336 1604 3533 1660 Sancti

1934 1692 2171 1764 Spiritus
2216 1704 2513 1765 exuratur,
2546 1705 2603 1752 et
2634 1696 2788 1768 virgo
2834 1698 3011 1753 anima
3054 1698 3382 1753 colitetetur.
3432 1698 3520 1754 ln-

1935 1798 2190 1845 centorcs
2219 1790 2503 1859 vitiorum,
2541 1790 2748 1862 gladio,
2786 1791 2839 1847 id
2872 1802 2982 1859 est,
3007 1792 3178 1849 verbo
3209 1792 3304 1847 Dei
3351 1793 3525 1848 truci-

228 1920 231 1927 -
304 1880 375 1937 Et
406 1882 591 1937 eduxit
619 1898 705 1938 eos
733 1881 786 1937 in
807 1897 920 1955 spe,
962 1892 1008 1938 et
1033 1898 1134 1936 non
1165 1882 1475 1947 tinnterunt,
1507 1892 1554 1936 et
1594 1882 1832 1939 inimicos
1862 1891 1911 1952 B
1936 1883 2157 1952 dentur,
2192 1891 2253 1940 ut
2300 1883 2580 1941 exsultent
2626 1894 2839 1942 mentes
2881 1886 2950 1943 ab
2981 1887 3066 1942 his
3111 1884 3354 1942 viduatae
3400 1898 3528 1943 cum

229 1991 408 2031 eorum
447 1976 650 2049 operuit
689 1991 851 2030 mare.
882 1973 1176 2032 Collocatls
1209 1975 1293 2031 his
1325 1976 1376 2031 iu
1422 1990 1519 2047 spe
1548 1975 1829 2031 aeternita-

236 2068 322 2135 tis.
354 2070 576 2141 operuit
602 2086 752 2126 mare
775 2070 1030 2126 inimicos
1055 2086 1270 2137 eorum,
1295 2070 1507 2125 scilicet
1543 2080 1598 2125 ut
1629 2085 1754 2126 cum
1776 2070 1829 2128 hi

232 2162 592 2218 abluebantur
622 2162 921 2234 baptismo,
954 2158 1212 2218 diabolus
1246 2178 1370 2218 cum
1420 2164 1535 2218 suis
1576 2162 1833 2217 exerciti-

237 2258 337 2314 bus
363 2267 727 2329 mergeretur.
1320 2261 1331 2321 Ξ

307 2352 373 2408 Et
400 2351 606 2409 induxit
634 2367 723 2408 eos
764 2352 817 2407 in
857 2361 1081 2409 montem
1119 2352 1551 2418 sanctiﬁcationis
1592 2368 1699 2408 sua!
1727 2367 1748 2408 :
1776 2353 1831 2409 in

231 2452 454 2501 montem
494 2461 646 2517 quem
670 2445 939 2518 acquisivit
967 2445 1153 2499 dextra
1181 2446 1315 2516 ejus.
1348 2445 1405 2500 In
1441 2447 1610 2514 ipsam
1639 2445 1831 2501 Eccle-

229 2539 368 2592 siam
398 2552 563 2609 quam
592 2537 794 2594 virtute
834 2538 1089 2609 gloriosa:
1128 2537 1549 2593 resurrectionis
1580 2553 1694 2593 sua:
1734 2551 1827 2593 ac-

227 2631 476 2703 quisivit.

302 2722 375 2778 Et
405 2725 557 2794 ejeeit
583 2741 616 2778 a
660 2724 794 2794 {acie
837 2740 1016 2780 eorum
1059 2734 1269 2796 gentes,
1315 2735 1363 2780 et
1391 2726 1727 2781 sortediuisit
1753 2726 1832 2782 eis

228 2829 424 2874 terram
452 2820 506 2873 in
547 2819 789 2888 funiculo
818 2819 1205 2875 distributionis
1226 2861 1240 2885 ,
1272 2830 1317 2874 et
1348 2820 1582 2875 habitare
1607 2824 1732 2892 fecit
1774 2821 1831 2876 in

229 2914 578 2970 tabernaculis
591 2930 770 2969 eorum
794 2914 958 2968 tribus
987 2912 1178 2969 Israel.
1203 2915 1403 2986 Ejectis
1429 2917 1670 2986 peccatis
1695 2931 1829 2987 gen-

230 3005 376 3061 tibus
398 3005 711 3062 acordibus
735 3007 1014 3076 humanis,
1047 3007 1173 3063 data
1199 3016 1284 3063 est
1310 3008 1390 3063 eis
1416 3009 1694 3078 possessio
1723 3018 1833 3065 ter-

229 3111 309 3152 ra:
339 3096 638 3154 viventium
672 3114 683 3150 :
717 3095 1030 3168 laetumque
1051 3106 1163 3163 est,
1196 3106 1254 3152 ut
1284 3098 1374 3155 ubi
1404 3097 1677 3168 attendam
1712 3114 1833 3155 sor-

230 3187 433 3258 titegus
463 3186 817 3258 hariolusque
843 3188 1215 3256 habitaverat,
1252 3206 1396 3249 nunc
1427 3201 1610 3248 mente
1631 3191 1825 3251 videns

232 3280 404 3336 Deum
435 3281 727 3339 inhabitet.

305 3372 377 3429 Et
408 3383 758 3439 ten'auerunt,
788 3385 833 3431 et
859 3378 1291 3435 exacerbareruut
1323 3378 1485 3435 Deum
1524 3381 1781 3436 excelsum
1812 3397 1833 3439 ε

229 3477 278 3521 et
310 3468 609 3523 testimonia
636 3472 749 3542 ejus
787 3486 891 3524 non
932 3473 1307 3528 custodierunt.
1345 3472 1410 3529 Et
1437 3484 1729 3530 averterunt
1755 3492 1829 3543 se,

228 3571 279 3616 et
298 3578 404 3616 non
425 3573 756 3617 seruauerunt
788 3573 994 3633 partum
1024 3581 1041 3619 :
1071 3566 1508 3638 quemadmodum
1538 3577 1712 3638 patres
1739 3586 1831 3625 eo-

229 3669 371 3709 rum.
406 3653 487 3709 Ad
518 3653 736 3710 Juda'os
769 3672 914 3713 nunc
950 3671 1134 3715 sermo
1164 3661 1520 3728 convertitur,
1564 3677 1703 3732 quns
1733 3677 1833 3722 ut-u

230 3750 430 3817 virtus,
480 3764 581 3806 nec
610 3749 871 3807 beneﬁcia
918 3752 1235 3809 mollieruut
1259 3752 1446 3811 divina
1493 3773 1507 3811 :
1551 3755 1646 3810 sed
1692 3756 1833 3813 sicut

229 3851 421 3914 patres
446 3856 636 3899 eorum
668 3843 991 3901 occiderunt
1012 3847 1328 3916 prophetas,
1359 3847 1433 3902 ita
1458 3856 1513 3903 et
1537 3848 1622 3903 isti
1656 3850 1830 3919 ipsum

230 3935 526 3992 Dominum
556 3947 987 4009 persequuntur.
1018 3936 1268 3996 Conversi
1290 3951 1408 3996 sunt
1439 3943 1491 3996 iu
1518 3959 1697 3997 arcum
1718 3960 1835 4016 pra.

228 4043 372 4082 unm.
399 4027 576 4085 Arcus
605 4029 750 4085 enim
778 4045 1072 4101 pervorsus
1103 4042 1214 4098 est,
1238 4032 1325 4104 qui
1356 4034 1482 4088 dum
1509 4045 1701 4091 contra
1731 4035 1836 4092 ini-

228 4120 408 4177 micos
428 4121 681 4193 sagittam
707 4130 925 4194 putatur
943 4124 1145 4195 jacere,
1172 4126 1378 4180 sauciat
1408 4135 1705 4183 tenentem.
1732 4128 1825 4186 Sic

226 4227 283 4271 et
314 4214 524 4283 Judaei,
556 4217 648 4285 qui
692 4219 747 4273 in
795 4218 963 4274 Deum
996 4219 1348 4275 liberatorem
1388 4237 1580 4288 suum,
1612 4222 1824 4294 iniquas

216 4307 544 4378 jacnlantur
570 4311 862 4367 verborum
888 4311 1142 4382 sagittas.

303 4402 374 4460 In
414 4405 548 4460 iram
588 4407 974 4462 concitaverunt
1002 4424 1119 4463 eum
1143 4408 1199 4463 in
1227 4406 1449 4463 collibus
1477 4410 1588 4464 suis
1634 4426 1652 4464 :
1695 4420 1743 4465 et
1774 4411 1830 4466 in

218 4497 559 4569 sculptilibus
579 4499 687 4553 suis
709 4499 778 4553 ad
812 4500 1194 4556 cumulationem
1232 4518 1348 4556 eum
1387 4516 1817 4573 prouocauerunt.

218 4590 448 4647 Relicto
465 4593 611 4648 enim
635 4608 723 4658 eo,
748 4596 1057 4651 servierunt
1073 4594 1229 4653 idolis
1246 4612 1309 4651 ac
1344 4596 1676 4664 simulacris,
1703 4598 1834 4655 adn-

215 4691 418 4741 lantes
443 4685 608 4743 etiam
636 4684 690 4741 in
725 4687 1024 4745 montibus.

296 4775 516 4830 Audiuit
545 4775 796 4833 Dominus
824 4789 872 4834 et
914 4782 1101 4852 spreuit
1131 4800 1149 4837 :
1182 4790 1226 4835 et
1252 4782 1322 4836 ad
1354 4783 1574 4839 nihilum
1608 4785 1810 4856 redegit

213 4871 380 4931 ualde
413 4869 597 4928 Israel.
647 4871 804 4933 Illum
837 4875 928 4945 qui
960 4884 1170 4935 tantum
1213 4877 1451 4955 nomine,
1494 4890 1550 4934 et
1585 4896 1692 4936 non
1742 4882 1825 4937 vi-

215 4965 393 5029 sione
422 4964 590 5025 Israel
620 4978 759 5026 erat.

298 5056 373 5113 Et
402 5059 597 5131 repulit
625 5058 1016 5118 tabernaculum
1047 5061 1186 5132 Silo,
1222 5063 1613 5120 tabernaculum
1644 5082 1824 5135 suum,

214 5152 276 5207 in
321 5168 429 5219 quo
467 5150 717 5207 habitauit
757 5155 894 5209 inter
920 5153 1176 5211 homines.
1220 5155 1312 5211 Vel
1344 5156 1399 5211 in
1450 5158 1818 5216 tabernaculis

213 5245 349 5302 Silo
377 5243 483 5301 sub
527 5244 645 5313 Eli,
678 5246 759 5302 vel
799 5245 851 5302 in
880 5245 1186 5304 Jerusalem
1227 5249 1329 5306 sub
1363 5249 1680 5307 Salomone.
1711 5252 1819 5309 Sed

218 5336 319 5393 his
365 5337 622 5409 repulsis,
671 5337 837 5411 elegit
883 5341 1060 5410 potius
1096 5342 1358 5413 templum
1400 5343 1544 5413 regis
1589 5347 1825 5417 virginis

214 5430 587 5503 incorruptae,
617 5431 737 5490 sive
782 5431 1010 5491 Eclesite
1036 5443 1241 5491 sancta:
1271 5450 1338 5493 ex
1386 5438 1640 5507 gentibus
1683 5454 1820 5495 evo-

219 5539 292 5581 ca
301 5534 399 5581 tae.

301 5616 551 5675 Tradidit
575 5617 633 5675 in
649 5618 999 5693 captivitatem
1031 5621 1269 5677 uirtutem
1292 5638 1494 5686 eorum.
1525 5633 1572 5681 et
1594 5625 1833 5698 pulchri-

293 5756 331 5786 ⁸
360 5754 508 5810 Satis
532 5754 717 5832 inepte
742 5754 998 5832 callidum
1023 5771 1144 5812 cum
1169 5756 1371 5828 duplici
1402 5759 1461 5824 ll,
1493 5761 1711 5832 penitus
1736 5762 1823 5819 di-

211 5842 401 5888 verso
421 5842 606 5906 ganeo.
645 5828 839 5882 Cbami
871 5840 1071 5906 nomen
1101 5836 1364 5906 tractator
1394 5828 1642 5902 exponit,
1673 5837 1820 5906 quod

212 5914 402 5961 verus
425 5898 785 5973 Hieronymus
815 5899 1069 5973 calidum,
1098 5900 1215 5958 sive
1262 5898 1516 5977 calorem,
1552 5898 1817 5981 interpret.

1937 1974 2178 2032 Christo.

2010 2067 2075 2122 Et
2108 2069 2365 2124 excitatus
2393 2081 2468 2125 est
2496 2079 2762 2143 tamquam
2787 2071 3051 2126 dormiens
3082 2069 3366 2138 Dominus,
3397 2079 3534 2125 tamn

1933 2177 2088 2231 quam
2101 2169 2278 2231 potens
2295 2160 2598 2233 crapulatus
2613 2179 2647 2216 a
2663 2164 2798 2229 vino,
2816 2170 2863 2217 et
2879 2162 3133 2231 percussit
3156 2161 3395 2217 inimicos
3415 2176 3537 2216 sitos

1932 2253 1987 2308 in
2024 2254 2334 2323 posteriora,
2376 2254 2707 2326 opprobrium
2745 2257 3114 2326 sempiternum
3152 2254 3293 2310 dedit
3335 2255 3430 2309 eis.
3462 2252 3535 2310 Ut

1933 2345 2209 2405 dormiens
2229 2354 2285 2402 et
2305 2348 2457 2420 quasi
2485 2347 2691 2411 ebrius,
2724 2346 2956 2405 habetur
2982 2347 3244 2402 Dominus
3271 2346 3324 2401 in
3347 2344 3529 2401 cordi-

1933 2438 2035 2497 hus
2049 2437 2375 2511 iniquorum.
2393 2439 2567 2508 Quum
2581 2447 2759 2496 autem
2780 2440 3151 2511 ptenitentiam
3165 2453 3324 2509 agere
3342 2453 3524 2508 cmpe-

1932 2534 2064 2601 rint.
2089 2533 2379 2591 excitatur.
2407 2535 2473 2590 Et
2497 2533 2771 2605 percussis
2792 2532 2941 2589 vitiis
2959 2547 3130 2602 usque
3149 2531 3201 2587 in
3230 2531 3535 2601 posteriora

1934 2635 2263 2696 temporum,
2294 2626 2617 2698 traditisque
2645 2626 2696 2682 in
2721 2624 3075 2697 opprobrium
3110 2624 3533 2695 sempiternum,

1932 2719 2121 2789 vigilat
2149 2720 2202 2779 in
2234 2720 2337 2777 eis.

2009 2812 2072 2866 Et
2092 2815 2281 2886 repulit
2307 2813 2691 2869 tabernaculum
2713 2811 2932 2888 Ioseph,
2971 2821 3017 2869 et
3058 2812 3247 2869 tribum
3273 2812 3530 2884 Ephraint

1933 2923 2035 2964 non
2060 2906 2211 2982 elegit
2242 2924 2261 2967 .°
2289 2909 2379 2963 sed
2403 2909 2554 2982 elegit
2580 2909 2770 2964 tribum
2797 2907 2962 2977 Julia,
2986 2919 3213 2965 montem
3237 2908 3368 2965 Sion
3385 2926 3534 2981 quem

1932 3001 2136 3059 dilexit.
2188 3001 2304 3059 Non
2358 3002 2424 3057 ad
2475 3005 2579 3058 hoc
2624 3003 2822 3075 repulit
2872 3003 3067 3059 tribum
3100 3001 3306 3072 Ioseph
3341 3001 3428 3058 vel
3464 3001 3538 3057 E-

1932 3093 2171 3166 phraim,
2203 3103 2261 3150 ut
2289 3095 2342 3150 in
2383 3105 2649 3152 aeternum
2675 3106 2962 3167 sperneret
2991 3113 3007 3152 :
3045 3093 3141 3150 sed
3174 3094 3350 3150 noluit
3374 3094 3442 3150 de
3470 3108 3535 3150 ea

1931 3187 2215 3257 suscipere
2243 3202 2489 3257 carnem,
2515 3188 2725 3259 eligens
2757 3188 2957 3243 tribum
2987 3186 3147 3256 Iuda,
3181 3186 3251 3242 de
3271 3201 3374 3257 qua
3404 3186 3534 3242 bea-

1862 3282 1908 3345 ς
1943 3288 1991 3331 ta
2025 3277 2186 3335 Maria
2218 3278 2560 3350 procederet,
2593 3295 2658 3335 ex
2686 3294 2789 3349 qua
2820 3293 3139 3335 nasceretur
3180 3280 3317 3348 ipse,
3353 3288 3413 3333 ut
3439 3277 3525 3333 di-

1938 3371 2189 3429 lectionis
2210 3386 2324 3429 sute
2354 3380 2619 3440 montetn,
2652 3372 2705 3428 id
2734 3379 2840 3439 est,
2872 3372 3169 3428 Ecclesium
3198 3371 3457 3426 elevaret.

2009 3462 2077 3519 Et
2098 3463 2372 3536 mdiﬁeauit
2400 3465 2530 3522 sicut
2556 3465 2886 3522 unicoruium
2923 3464 3262 3536 sanctiﬁcium
3288 3479 3442 3517 suum
3469 3463 3524 3518 in

1936 3570 2095 3626 terra,
2131 3576 2286 3626 quam
2336 3561 2569 3630 fundauit
2619 3576 2673 3616 tn
2729 3565 2941 3616 siccata.
2995 3558 3171 3630 Ipsam
3230 3557 3530 3613 Ecclesium

1935 3668 2090 3709 suam
2127 3653 2389 3723 singulari
2416 3652 2616 3710 virtute
2647 3653 2902 3722 ﬁrmavit,
2933 3663 2991 3709 ut
3020 3651 3317 3708 immobilis
3344 3650 3397 3706 in
3426 3666 3530 3706 sa:-

1935 3746 2054 3801 cula
2080 3746 2402 3815 sempiterna
2435 3746 2768 3813 persisterct.

2009 3839 2179 3911 Elegit
2198 3838 2370 3895 Dauid
2389 3855 2590 3897 seruum
2620 3856 2790 3905 suum,
2821 3847 2867 3894 et
2892 3840 3105 3894 sustulit
3134 3855 3253 3894 eum
3274 3839 3339 3893 de
3359 3839 3533 3909 gregi-

1937 3933 2027 3987 bus
2054 3932 2245 4000 ot'ium,
2288 3941 2337 3987 et
2367 3932 2431 3988 de
2476 3942 2589 4002 post
2631 3933 2850 4001 [stantes
2905 3932 3102 4003 accepit
3148 3948 3286 3986 eum.
3340 3928 3538 3986 Pasce-

1935 4044 2011 4097 re,
2045 4034 2153 4089 etc.
2184 4026 2377 4087 Omnia
2411 4026 2529 4083 haec
2550 4025 2616 4081 ad
2648 4026 2926 4082 Christum
2961 4025 3254 4081 Dominum
3286 4024 3533 4081 referen-

1935 4120 1999 4175 da
2031 4129 2181 4188 sunt,
2213 4120 2302 4188 qui
2350 4134 2377 4172 a
2413 4128 2640 4187 paterno
2688 4118 2943 4184 consilio,
2986 4118 3052 4173 ad
3098 4117 3535 4188 redemptionem

1934 4219 2177 4269 nostram
2218 4211 2427 4268 electus
2458 4219 2545 4266 est
2590 4209 2668 4269 tle,
2705 4225 2871 4282 grege
2917 4209 3227 4266 mortalium
3273 4224 3537 4271 :caruem

1934 4318 2242 4371 assumens,
2272 4317 2500 4373 pascens
2527 4302 2893 4361 Christianum
2938 4302 3217 4373 populum,
3248 4301 3365 4357 sive
3398 4315 3534 4373 sup-

1934 4400 2300 4471 plantatorem
2343 4398 2621 4464 vitiorum.
2653 4399 2775 4456 sive
2804 4406 2989 4456 mente
3018 4398 3300 4455 videntem
3344 4397 3536 4454 Deum.

1933 4494 2036 4563 Qui
2067 4510 2212 4553 nunc
2260 4494 2561 4553 Ecclesium
2593 4510 2746 4552 suam
2776 4494 2892 4551 suis
2939 4494 3316 4550 voluntatibus
3363 4491 3538 4549 iniun-

1938 4598 2169 4654 rentem,
2203 4588 2254 4642 in
2279 4587 2525 4643 bonitate
2548 4586 2732 4643 cordis
2762 4587 2846 4643 sui
2876 4599 3124 4658 pascere,
3153 4594 3211 4643 et
3236 4588 3289 4642 in
3320 4586 3534 4643 cmlesti

1858 4675 1912 4738 Ι)
1935 4679 2237 4739 Jerusalem
2267 4680 2545 4743 collocare
2570 4680 2847 4751 dignetur.
2876 4678 2983 4751 Ipsi
3011 4679 3187 4751 gloria
3214 4694 3338 4735 cum
3370 4687 3535 4734 mter-

1938 4788 2009 4832 no
2043 4773 2205 4837 Patre
2244 4782 2301 4833 et
2327 4774 2531 4849 Spiritu
2564 4784 2779 4842 sancto,
2830 4773 2889 4832 iu
2934 4773 3141 4831 saecula
3188 4773 3537 4830 smculorum.

1936 4867 2131 4925 Arnen.

2416 4935 2735 4996 PSALMUS
2771 4936 3058 4996 LXXVIII.

1942 5029 2187 5106 Psalmus
2215 5029 2544 5106 Asaplrrlstc
2580 5031 2818 5103 psalmus
2866 5045 3055 5106 vocem
3106 5029 3368 5106 _conti_net_
3404 5042 3537 5100 pro-

2018 5103 2213 5174 phetae,
2244 5099 2609 5172 captivitatem
2644 5116 2877 5158 terrenae
2906 5101 3209 5174 Jerusalem
3242 5099 3540 5174 deploran-

2013 5171 2082 5230 tis
2120 5190 2283 5245 :qum
2317 5171 2613 5246 captivitas
2631 5189 2751 5247 non
2804 5182 3011 5227 tantum
3041 5174 3110 5227 ad
3156 5171 3300 5247 illam
3345 5171 3539 5247 civita-
3584 5240 3587 5247 _

2013 5256 2144 5313 tem,
2168 5242 2430 5317 quantum
2457 5246 2523 5302 ad
2555 5246 2818 5312 animam,
2847 5259 2971 5315 qua:
2997 5259 3142 5315 saepe
3169 5242 3363 5299 eivitas
3402 5242 3541 5299 scri~

2011 5317 2176 5385 bitur,
2210 5317 2492 5375 referenda
2522 5325 2626 5379 est.

2011 5437 2174 5505 Deus,
2204 5445 2452 5494 uenerunt
2478 5444 2654 5508 gentes
2678 5436 2733 5492 in
2756 5434 3116 5492 Inereditatem
3155 5442 3333 5489 tuam:
3367 5430 3542 5504 pollue

1935 5542 2083 5589 erunt
2123 5530 2372 5604 templum
2412 5537 2650 5586 sanetum
2677 5538 2845 5584 tuum.
2892 5526 3185 5598 Apostolus
3212 5525 3345 5581 dicit
3377 5541 3397 5580 :
3431 5524 3538 5581 Vos

1937 5628 2073 5685 estis
2098 5624 2357 5696 templum
2392 5622 2508 5690 Dei,
2549 5632 2610 5680 et
2635 5621 2871 5694 Spiritus
2905 5620 3004 5678 Dei
3042 5619 3255 5677 habitat
3296 5619 3350 5674 in
3384 5617 3538 5674 vobis

1931 5773 2098 5843 titur.
2147 5763 2533 5843 grigenianum
2584 5777 2800 5837 quoque
2851 5761 3108 5830 Lexicon,
3155 5768 3303 5837 Χᾶμ,
3335 5761 3530 5843 θέρμης

1930 5837 2112 5905 Citam,
2142 5834 2322 5892 Calor.
