3954 6340
423 336 564 396 1055

1219 330 1568 393 APPENDIX
1604 332 1697 391 AD
1734 330 1981 390 TOMUM
2019 328 2372 388 SEPTIMUM
2408 329 2470 388 S.
2513 329 2919 387 lllERONYMI.

3580 328 3715 388 1036

412 447 459 523 (Ι
487 448 609 506 Cor.
636 448 741 522 tu).
781 447 839 505 Si
872 448 995 521 quis
1027 447 1288 518 templum
1320 447 1416 503 Dei
1445 446 1762 514 violaverit,
1793 445 2010 516 disper-
2034 442 2089 505 Α
2115 455 2421 502 vestrorum
2454 447 2640 521 (Apoc.
2671 446 2771 518 vt).
2802 445 3038 504 Introeat
3067 449 3121 504 in
3163 454 3447 523 conspectu
3495 453 3586 501 tuo
3631 462 3721 517 ge-

414 542 506 600 det
534 543 685 600 illum
713 543 880 600 Deus.
926 542 1070 613 Ergo
1118 542 1164 597 si
1213 540 1647 597 increscentibus
1694 538 1839 595 vitiis
1886 554 2013 594 suc-

416 635 624 693 cumbit
652 637 831 691 anima
860 635 1169 691 Christiana
1206 653 1219 690 :
1270 644 1399 691 tunc
1425 634 1721 691 hmreditas
1763 649 1886 705 qua:
1915 633 2015 690 Dei

413 743 540 787 esse
571 728 864 798 debuerat,
913 728 1234 800 adversario
1273 726 1544 795 subditur,
1595 737 1652 782 et
1702 718 1829 783 tunc
1880 734 2017 783 tent-

416 823 565 895 plum
611 822 837 895 Spiritui
882 833 1077 880 sancto
1122 822 1455 890 dedicatum,
1513 820 1926 894 coinquinatum
1983 835 2016 876 a

419 918 662 989 gentium
692 916 1020 973 criminibus
1059 916 1416 989 disperditur.
1466 913 1762 972 Posuerunt
1804 912 2019 970 Jerusa-

414 1010 514 1065 lem
550 1011 604 1065 in
631 1026 899 1083 pomorum
939 1008 1250 1065 custodiam.
1290 1009 1452 1066 Sicut
1498 1009 1643 1065 enim
1692 1022 1853 1078 poma
1891 1022 2016 1064 cum

415 1112 791 1161 maturescere
821 1104 1106 1176 emperint,
1132 1119 1163 1159 a
1201 1103 1315 1160 suis
1343 1102 1748 1171 custodiuntur,
1780 1109 2017 1156 matura-

415 1213 524 1271 que
564 1197 776 1255 facilius
819 1197 1156 1255 devorantur
1180 1212 1200 1253 :
1253 1195 1326 1252 ita
1358 1205 1415 1253 et
1444 1194 1801 1251 adversarius
1833 1202 2017 1250 noster

416 1291 752 1348 irruentibus
782 1291 928 1347 vitiis
969 1290 1208 1347 custodit
1264 1288 1368 1344 sibi
1415 1287 1853 1345 consentientem
1898 1287 2018 1342 ani-

413 1399 559 1441 mam
588 1384 765 1441 donec
792 1399 915 1441 eam
939 1383 1008 1441 ad
1041 1384 1260 1457 plenum
1298 1383 1596 1439 voluntatis
1636 1396 1750 1438 sum
1783 1396 2016 1437 consen-

414 1492 535 1535 sum
556 1478 852 1542 adducens,
879 1478 1061 1534 valeat
1086 1477 1372 1533 devorare.
1408 1475 1676 1545 Quamdiu
1700 1475 1847 1532 enim
1871 1474 1923 1529 in
1950 1489 2015 1532 ea

415 1572 651 1649 scintilla
684 1572 831 1629 lucet
860 1570 1006 1639 fidei,
1042 1570 1248 1628 acerba
1276 1579 1360 1626 est
1388 1568 1645 1625 dentibus
1676 1568 1903 1625 inimici.

486 1665 789 1722 Posuerunt
815 1666 1094 1721 morticina
1122 1681 1384 1721 servorum
1416 1673 1621 1719 tuorum
1661 1680 1807 1718 escas
1831 1663 2020 1718 volati-

415 1760 550 1816 libus
589 1760 704 1815 cwli
736 1775 757 1816 :
798 1775 981 1814 carnes
1030 1769 1331 1813 sanctorum
1376 1767 1581 1813 tuorum
1617 1757 1791 1813 bestiis
1842 1765 2012 1811 terrm.

2117 540 2275 595 mitus
2299 541 2728 612 compeditorum.
2762 541 2865 611 Qui
2886 550 2939 599 te
2978 558 3075 614 per
3100 543 3290 615 longas
3328 541 3605 614 lacrymas
3635 554 3722 595 reo

2117 635 2418 707 quirentes,
2449 634 2658 690 absolvi
2689 643 2747 691 et
2775 644 2953 692 tecum
2984 651 3108 693 esse
3135 636 3474 694 desiderant.

2190 729 2489 786 Secundum
2518 730 2929 801 magnitudinem
2973 730 3174 787 brachii
3209 730 3307 795 tui,
3340 730 3554 803 posside
3578 727 3725 801 ﬁlios

2117 822 2571 893 mortiﬁcatarum.
2605 823 2712 879 Eos
2734 824 2941 881 scilicet
2963 826 3055 896 qui
3077 839 3176 895 per
3203 837 3508 898 martyrum
3536 837 3727 878 excut-

2118 914 2203 986 pla
2237 924 2545 983 currentes,
2591 917 2990 974 cruciﬁxerunt
3028 933 3089 975 se
3136 918 3282 974 vitiis
3331 927 3388 974 et
3425 916 3724 988 concupiso

2116 996 2335 1064 ceutiis.

2189 1100 2369 1156 Redde
2393 1102 2572 1157 vicinis
2613 1103 2802 1159 nostris
2826 1103 3123 1177 septuplum
3156 1104 3211 1159 in
3247 1104 3367 1159 sinu
3408 1118 3617 1158 eorum.
3653 1100 3724 1159 Ut

2117 1210 2225 1251 non
2252 1195 2440 1266 judicii
2471 1212 2630 1267 pinna
2652 1197 3009 1266 damnentur,
3030 1198 3129 1255 sed
3154 1200 3208 1255 in
3238 1197 3343 1255 hoc
3367 1198 3577 1253 sarculo
3599 1211 3727 1267 sep-

2117 1289 2324 1359 tuplam
2356 1292 2809 1362 compositionem
2843 1293 3162 1362 paenitendo
3205 1292 3533 1349 dissolvant.
3560 1291 3727 1347 Sinus

2116 1394 2295 1441 autem
2325 1401 2471 1457 smpe
2502 1398 2691 1456 pectus
2721 1387 2959 1443 hominis
2998 1387 3350 1457 intelligitur,
3386 1386 3439 1441 in
3465 1401 3574 1455 quo
3601 1385 3726 1439 ani-

2117 1494 2207 1535 ma
2241 1479 2560 1552 requiescit.
2588 1478 2983 1552 Improperium
3005 1481 3237 1551 ipsorum
3266 1478 3408 1549 quod
3438 1477 3728 1550 exprobra-

2118 1582 2299 1629 uerunt
2348 1572 2471 1638 tibi,
2524 1573 2764 1630 Domine.
2813 1573 2933 1629 Tibi
2985 1572 3131 1629 cnim
3164 1572 3498 1641 exprobrant
3542 1588 3557 1624 :
3601 1568 3726 1641 quia

2119 1677 2388 1740 martyres
2407 1675 2527 1723 tuos
2545 1668 2597 1722 in
2615 1668 2811 1739 quibus
2832 1664 3429 1730 habitas,coutumeliis
3451 1661 3724 1734 afﬂigunt.

2192 1760 2308 1818 Nos
2340 1770 2512 1817 autem
2538 1760 2760 1832 populus
2788 1769 2927 1827 tuus,
2970 1769 3017 1812 et
3051 1776 3166 1814 ores
3193 1773 3407 1831 pascua:
3435 1765 3560 1811 tum.
3597 1755 3730 1809 Pro—

416 1852 737 1922 E/Tuderunt
756 1852 1062 1925 sanguinem
1084 1853 1320 1927 ipsorum
1344 1860 1605 1924 tamquam
1625 1867 1813 1923 aquam
1831 1851 1885 1906 in
1912 1851 2017 1905 cir-
2048 1836 2094 1897 Β
2124 1862 2244 1926 pter
2273 1853 2640 1909 innocentiam
2673 1862 2879 1923 autem,
2908 1867 3070 1924 quam
3101 1860 3323 1922 gerunt,
3353 1863 3490 1905 oves
3519 1862 3729 1902 vocan-

415 1945 557 2000 cuitu
578 1943 896 2013 Jerusalem,
924 1953 973 2000 et
995 1960 1099 1999 non
1120 1952 1231 1999 erat
1250 1945 1341 2017 qui
1366 1945 1623 2013 sepeliret.
1648 1943 1774 2001 llaec
1797 1944 2016 2015 quidem

416 2036 470 2092 in
500 2036 805 2093 Jerusalem
851 2046 980 2094 ante
1016 2036 1310 2093 adventum
1356 2044 1478 2091 acta
1519 2045 1645 2092 sunt
1674 2035 1971 2093 Salvatoris
2001 2054 2013 2091 :

414 2130 512 2186 sed
559 2131 872 2201 passionem
920 2129 1187 2187 infantum
1236 2130 1633 2202 liguraverunt,
1684 2130 1774 2187 ubi
1824 2146 2019 2188 carnes

415 2236 608 2279 eorum
636 2222 827 2281 bestiis
856 2232 1021 2296 atque
1053 2221 1392 2289 volucribus,
1427 2222 1478 2280 id
1508 2231 1614 2293 est,
1649 2223 2018 2295 persecutori-

416 2314 517 2371 bus
548 2318 813 2388 expositae
838 2326 987 2383 sunt,
1020 2326 1078 2375 et
1103 2327 1254 2374 tanta
1280 2317 1578 2375 multitudo
1610 2318 1893 2391 sanguinis
1932 2328 2019 2375 est

414 2407 605 2471 ellusa.
634 2418 692 2465 ut
722 2408 812 2465 vix
854 2410 1105 2467 omnium
1151 2410 1374 2482 sepeliri
1404 2411 1735 2482 corpuscula
1769 2421 2015 2482 possent.

414 2500 690 2558 Circuitus
718 2511 902 2560 autem
930 2503 985 2560 in
1022 2504 1409 2579 Jerosolymis,
1452 2506 1719 2577 plorantis
1755 2504 2019 2561 Ecclesiae

416 2594 739 2667 intelligitur
761 2596 962 2665 luctus,
1006 2596 1163 2668 juxta
1211 2597 1385 2655 illud:
1432 2596 1639 2654 Rachel
1691 2598 1912 2669 plorans
1958 2597 2020 2653 li-

417 2686 523 2744 lios
551 2702 701 2756 suos,
735 2698 792 2746 et
815 2690 992 2747 noluit
1018 2690 1319 2759 consolari,
1350 2692 1475 2764 quia
1502 2706 1609 2748 non
1638 2700 1768 2749 sunt
1798 2691 2019 2766 (lerem.

422 2795 591 2848 xm;
625 2781 816 2839 Matth.
844 2781 929 2857 ιι).

490 2872 648 2929 Facti
676 2890 855 2930 sumus
900 2876 1237 2949 opprobrium
1280 2878 1463 2936 vicinis
1501 2881 1714 2949 nostris,
1759 2891 1868 2940 etc.
1911 2881 2022 2953 0p-

425 2964 706 3037 probrium
736 2965 873 3022 fiunt
898 2969 1077 3024 sancti
1109 2969 1193 3025 his
1222 2972 1314 3041 qui
1347 2971 1497 3041 prius
1542 2973 1738 3030 fratres
1777 2974 2013 3044 fuerant,

421 3066 478 3112 et
501 3065 630 3113 tunc
654 3059 894 3130 separati
924 3058 993 3115 ab
1025 3059 1293 3129 Ecclesia,
1318 3061 1577 3119 timentes
1621 3064 1788 3121 Deum
1834 3081 2020 3137 perse-

417 3159 663 3221 qnuntur
697 3170 709 3206 :
738 3151 884 3223 quod
909 3152 977 3209 ad
1009 3152 1297 3211 luereticos
1330 3154 1596 3211 refertur:

492 3246 794 3323 Usquequo,
830 3248 1071 3319 Domine,
1113 3252 1351 3307 irasceris
1391 3253 1445 3307 in
1482 3253 1662 3322 ﬁnem,
1708 3255 2015 3311 accendetur
2040 3222 2089 3291 (ἶ

417 3339 553 3395 velut
597 3342 735 3413 ignis
764 3343 904 3397 zelus
931 3343 1087 3399 tuus?
1118 3342 1344 3411 Ell'unde
1390 3345 1523 3400 iram
1553 3356 1695 3403 tuam
1740 3348 1792 3402 in
1841 3357 2019 3419 gentes

414 3448 531 3503 quae
553 3440 602 3488 te
632 3449 735 3488 non
762 3445 1035 3502 noverunt,
1059 3446 1106 3490 et
1137 3438 1190 3492 in
1221 3454 1383 3508 regna
1409 3456 1525 3509 qua:
1552 3456 1761 3509 nomen,
1791 3448 1899 3497 etc.
1932 3440 2010 3497 Ne

419 3524 576 3579 nobis
600 3525 857 3583 irascaris
885 3542 1223 3599 qutesumus,
1254 3531 1504 3599 Domine,
1529 3534 1619 3604 qui
1646 3542 1699 3590 te
1725 3537 2013 3591 novimus:

414 3617 511 3674 sed
538 3618 589 3674 in
614 3618 737 3675 illos
759 3619 936 3693 potius
965 3632 1224 3697 retorque
1252 3625 1498 3684 furorem
1534 3636 1706 3697 tuum,
1740 3629 1830 3701 qui
1863 3627 2017 3686 Chri-

418 3719 564 3767 stum
592 3718 742 3767 tuum
769 3713 1046 3784 ignorant.

491 3801 628 3869 Quia
658 3806 988 3861 comederunt
1034 3806 1224 3877 Iacob,
1275 3818 1322 3866 et
1375 3812 1543 3867 locum
1594 3816 1710 3887 ejus
1756 3814 2019 3873 desolaue-

417 3909 558 3955 runt.
588 3899 742 3956 lllum
772 3902 1073 3969 carnalem,
1101 3904 1191 3975 qui
1215 3904 1473 3962 seductus
1501 3917 1587 3963 est
1609 3919 1730 3965 astu
1758 3910 1984 3967 inimici.

490 3994 573 4050 .Ve
596 3998 889 4052 memineris
928 3998 1261 4069 iniquitatum
1309 4010 1605 4057 nostrarum
1638 4004 2018 4077 antiquarum:

414 4088 517 4141 cito
563 4090 843 4162 anticipent
882 4106 976 4146 nos
1021 4092 1388 4150 misericordia:
1435 4103 1560 4165 tute,
1613 4094 1851 4165 Domine,
1895 4100 2019 4172 quia

419 4196 673 4253 pauperes
714 4183 844 4254 facti
881 4201 1060 4240 sumus
1107 4186 1281 4242 nimis.
1332 4186 1637 4245 Pracveniat
1678 4206 1779 4247 nos
1805 4207 2020 4263 quaesu-

419 4287 567 4340 mus,
619 4273 873 4342 Domine,
926 4278 1343 4349 misericordia,
1393 4296 1514 4354 quae
1565 4292 1650 4340 est
1708 4284 2019 4356 unigenitus

420 4374 568 4433 tuus,
596 4377 654 4424 ut
681 4370 917 4427 veniens
948 4372 1272 4444 propitietur
1297 4372 1671 4447 iniquitatibus
1698 4378 1929 4445 nostris,
1962 4387 2020 4435 ct

417 4467 574 4514 eruat
608 4475 710 4516 nos
732 4476 763 4517 a
792 4464 1055 4534 peccatis.
1078 4465 1352 4538 Pauperes
1390 4467 1538 4523 enim
1576 4466 1705 4525 facti
1747 4484 1937 4526 sumus
1963 4470 2016 4527 in

425 4550 629 4608 mundo
661 4562 885 4625 propter
912 4556 1086 4613 illum.

2122 1956 2228 2013 tur,
2263 1945 2347 2002 vel
2386 1945 2512 2018 quia
2541 1944 2819 2002 Christum
2853 1953 3127 2017 pastorem
3166 1942 3389 1999 habent.
3428 1938 3722 2009 Conﬁtebi-

2120 2057 2235 2096 mur
2259 2040 2349 2097 tibi
2382 2039 2436 2095 in
2463 2038 2679 2103 swcula,
2702 2048 2748 2094 et
2774 2039 2825 2093 in
2851 2037 3186 2110 generatione
3220 2046 3267 2091 et
3307 2033 3720 2106 generationem.

2122 2133 2236 2188 lloc
2262 2140 2368 2199 est,
2397 2146 2429 2187 a
2453 2131 2740 2200 prophetis
2768 2144 2942 2203 usque
2984 2130 3037 2185 in
3078 2126 3398 2200 Evangelia.
3425 2126 3726 2181 Annuntia-

2120 2227 2287 2281 bimus
2309 2225 2517 2281 laudem
2552 2235 2714 2279 tuam.
2742 2223 2878 2293 Quia
2909 2223 3004 2279 tibi
3036 2231 3122 2278 est
3164 2235 3288 2277 cum
3328 2229 3540 2277 teterno
3572 2218 3729 2273 Patre

2118 2326 2176 2374 et
2196 2317 2398 2386 Spiritu
2423 2327 2616 2374 saneto
2648 2316 2825 2374 honor
2845 2324 2899 2373 et
2927 2314 3121 2388 gloria,
3165 2313 3220 2370 iu
3258 2312 3459 2371 sucula
3491 2311 3730 2368 sacculo-

2121 2427 2271 2469 rum.
2305 2413 2500 2468 Amen.

2614 2500 2932 2560 PSALMUS
2969 2500 3215 2557 LXXIX.

2121 2598 2187 2657 In
2236 2600 2392 2672 ﬁnem
2439 2618 2533 2669 pro
2564 2601 2642 2657 his
2682 2599 2771 2670 qui
2818 2597 3311 2672 committebantur,
3369 2591 3725 2672 testimonium

2191 2662 2390 2744 Asaplt.
2423 2662 2530 2729 isne
2556 2662 2793 2744 psalmus
2818 2685 3010 2726 vocem
3046 2669 3294 2744 continet
3318 2665 3615 2744 propltetzn
3636 2662 3729 2718 dc-

2192 2739 2487 2817 preeantis,
2518 2739 2904 2814 narrantisque
2931 2740 3205 2811 magnalia
3234 2739 3355 2795 Dei.

2193 2881 2297 2948 Qui
2318 2883 2451 2956 regis
2477 2880 2670 2945 Israel,
2698 2879 2932 2934 intende.
2958 2879 3001 2932 A
3031 2876 3144 2932 Deo
3166 2873 3395 2946 regitur,
3422 2872 3516 2945 qui
3540 2878 3723 2927 mente

2117 2977 2265 3035 videt
2287 2977 2480 3035 Deum.
2512 2975 2655 3047 Ergo
2682 2974 2828 3031 hunc
2854 2973 3121 3046 propheta
3150 2969 3442 3027 intendere
3481 2967 3592 3024 sibi
3629 2966 3722 3021 de-

2119 3073 2317 3142 poscit.
2352 3070 2457 3138 Qui
2503 3068 2678 3124 educis
2705 3076 2973 3141 tamquam
3003 3082 3118 3121 oves
3146 3064 3365 3137 Ioseph.
3408 3060 3530 3118 Non
3570 3060 3721 3115 illum

2117 3162 2510 3235 Joseph,cujus
2539 3172 2724 3234 typum
2747 3161 2799 3215 in
2831 3161 2938 3214 alio
2961 3158 3169 3229 psalmo
3188 3155 3390 3227 repulit
3411 3173 3424 3207 ε
3443 3152 3541 3210 sed
3571 3152 3723 3208 illum

2119 3256 2463 3329 quiLIriginta
2490 3254 2765 3327 argenteis
2795 3268 2826 3307 a
2855 3251 3123 3323 discipulo
3155 3248 3416 3305 venditus
3438 3289 3453 3314 ,
3498 3255 3723 3318 paterna

2123 3350 2320 3407 virtute
2350 3363 2415 3405 ex
2450 3348 2660 3404 inferno
2690 3346 2955 3403 deductus
2982 3352 3066 3400 est
3091 3358 3213 3399 cum
3240 3356 3407 3414 grege
3429 3340 3725 3410 iustorum.

2195 3444 2297 3514 Qui
2321 3443 2465 3498 sedes
2487 3458 2636 3514 super
2657 3439 2953 3496 Cherubim.
2992 3437 3168 3507 Super
3197 3434 3593 3508 plenitudinem
3620 3446 3729 3486 om.

2120 3536 2203 3593 nis
2228 3535 2493 3593 scientiae.
2521 3533 2748 3604 Appare.
2785 3531 2921 3587 lluic
2944 3529 3150 3586 mundo
3180 3536 3233 3583 te
3256 3525 3552 3582 videndum
3583 3537 3728 3593 pr:e-
3801 3527 3810 3534 '

2119 3630 2209 3688 be.
2240 3628 2428 3684 Coram
2446 3627 2719 3701 Ephraim,
2752 3633 2800 3680 et
2832 3623 3127 3696 Benjamin,
3168 3631 3218 3676 et
3262 3619 3530 3674 Manasse.
3559 3615 3723 3671 Illum

2124 3721 2380 3791 Ephraim
2442 3720 2857 3788 Manassemque
2912 3721 3329 3780 commenurat,
3383 3726 3521 3783 quos
3588 3708 3722 3765 alibi

2122 3814 2487 3872 fortitudinem
2529 3815 2610 3869 sui
2639 3813 2831 3883 capitis
2861 3810 3015 3876 dicit,
3047 3808 3101 3865 id
3135 3816 3244 3875 est,
3293 3805 3593 3862 Ecclesium
3624 3802 3712 3857 vel

2121 3909 2423 3981 apostolos.
2456 3906 2613 3977 Quod
2653 3914 2835 3962 autem
2868 3901 3150 3973 Beniamin
3193 3900 3248 3955 in
3276 3896 3456 3954 medio
3485 3895 3669 3966 posuit
3698 3912 3712 3949 :

2128 4002 2397 4075 significat
2418 4000 2646 4056 Paulum
2674 3996 3007 4069 apostolum,
3033 3995 3129 4065 qui
3159 3992 3230 4049 de
3257 3992 3402 4047 tribu
3433 3990 3723 4061 Beniamin

2121 4093 2425 4159 descendit,
2452 4090 2664 4146 caeteris
2691 4087 2956 4161 apostolis
2988 4084 3306 4141 sociandum
3333 4082 3568 4154 (Philip.
3603 4084 3717 4150 nt).

2198 4186 2381 4243 Excitu
2412 4186 2690 4257 potentiam
2718 4192 2881 4237 tuam.
2936 4180 3109 4250 Quam
3164 4177 3441 4250 Egyptiis
3484 4192 3548 4232 ac
3586 4177 3719 4231 filiis

2125 4279 2288 4337 Israel
2319 4277 2626 4336 ostendisti.
2652 4274 2720 4331 Et
2748 4274 2882 4344 veni,
2911 4284 2966 4328 ut
2993 4274 3159 4328 salvos
3187 4274 3354 4341 [acies
3382 4287 3495 4326 nos.
3522 4269 3590 4327 Ut
3620 4271 3729 4325 sic-

2123 4383 2182 4431 ut
2222 4374 2343 4430 illos
2377 4372 2567 4429 eruisti
2597 4370 2664 4428 de
2693 4368 2949 4443 Egypto,
3008 4369 3079 4423 ita
3119 4381 3220 4423 nos
3271 4365 3456 4422 salves
3484 4381 3514 4421 a
3560 4376 3722 4437 pote-

2122 4465 2264 4525 state
2300 4467 2631 4523 daemonum.

2194 4563 2360 4631 Deus,
2383 4572 2613 4618 converte
2633 4576 2747 4616 nos.
2773 4558 2854 4615 Ad
2884 4567 2937 4615 te
2955 4553 3418 4629 cognoscendum.
3449 4552 3516 4608 Et
3543 4566 3723 4610 osten-

492 4645 696 4719 Adjuva
722 4665 836 4714 nos,
869 4650 1033 4722 Deus,
1064 4652 1311 4709 salutaris
1336 4662 1537 4721 noster;
1563 4665 1775 4731 propter
1797 4656 2021 4729 gloriam
2045 4629 2103 4693 D
2126 4658 2190 4714 de
2239 4629 2424 4727 facient
2471 4666 2633 4724 tuam,
2678 4664 2726 4709 et
2780 4653 2912 4711 salvi
2961 4654 3175 4708 erimus.
3233 4647 3474 4705 Ostende
3525 4648 3729 4706 Filium

420 4740 644 4797 nominis
669 4744 770 4808 tui,
802 4743 1043 4813 Domine,
1073 4746 1239 4803 libera
1266 4765 1380 4820 nos,
1407 4759 1455 4805 et
1481 4752 1738 4823 propitius
1769 4761 1877 4809 esto
1901 4771 2021 4825 pec-

421 4834 551 4889 catis
581 4837 793 4906 nostris,
827 4847 934 4894 etc.
964 4838 1119 4897 Tunc
1149 4842 1324 4909 nobis,
1361 4843 1448 4900 vel
1489 4844 1738 4917 adjuvas,
1772 4846 1858 4903 vel
1896 4864 2021 4917 pro-

423 4927 634 4998 pitiaris
662 4949 673 4983 :
699 4930 743 4987 si
775 4931 997 4988 claritas
1026 4934 1265 4991 nominis
1286 4936 1387 5000 tui,
1418 4953 1540 5010 qua:
1564 4939 1617 4995 in
1640 4940 1898 5011 gentibus
1922 4940 2018 4998 be-

424 5023 714 5091 uetlicitur,
748 5042 848 5082 nos
880 5017 1060 5085 morte
1081 5044 1178 5084 sua
1206 5045 1235 5085 a
1270 5041 1446 5089 morte
1470 5034 1688 5106 eripiat.

495 5117 789 5190 Nequando
813 5125 987 5180 dicant
1007 5135 1202 5197 gentes,
1233 5127 1322 5183 ubi
1352 5137 1427 5184 est
1454 5127 1597 5185 Deus
1628 5133 1905 5187 eorum?et
1929 5133 2015 5187 in-

368 5208 377 5223 ‘
420 5221 646 5269 notescat
685 5215 740 5270 in
780 5219 1075 5274 nationibus
1105 5236 1281 5276 coram
1330 5223 1495 5278 oculis
1528 5226 1738 5279 nostris.
1793 5223 2017 5291 Gentes,

417 5306 540 5362 sive
562 5309 836 5380 nationes,
868 5322 1167 5383 potestates
1192 5314 1435 5372 adversae
1462 5326 1612 5388 sunt,
1637 5332 1756 5389 quae
1781 5316 2020 5374 invales-

420 5409 554 5456 cunt
580 5401 881 5460 adversum
925 5421 1044 5475 nos,
1070 5407 1317 5465 dicentes
1352 5428 1365 5463 :
1403 5408 1509 5466 Ubi
1541 5419 1627 5465 est
1669 5410 1811 5467 Deus
1850 5426 2018 5467 veras

420 5495 641 5550 vester‘t
663 5495 817 5553 Sicut
844 5501 1036 5571 pagani
1060 5502 1396 5575 martyribus
1422 5518 1570 5575 saepe
1595 5503 1875 5560 dicebant.

497 5585 642 5643 Ultio
677 5590 949 5663 sanguinis
985 5608 1248 5650 servorum
1294 5606 1504 5651 tuorum
1550 5597 1638 5667 qui
1676 5595 1873 5664 effusus
1924 5605 2019 5653 est.

420 5679 695 5741 Judicium
746 5684 836 5742 hic
866 5686 1087 5744 invocat
1119 5708 1129 5742 :
1164 5705 1274 5762 quo
1318 5693 1541 5763 sanguis
1587 5701 1890 5765 martyrum
1930 5707 2027 5748 ex-

318 5839 326 5845 .
422 5775 673 5846 quiratur
700 5791 730 5833 a
763 5778 1019 5847 Domino,
1042 5782 1136 5853 qui
1167 5783 1219 5838 in
1250 5782 1583 5857 Apocalypsi
1609 5784 1714 5840 ait:
1747 5783 2023 5854 Quiescite

322 5883 329 5890 ·
424 5866 723 5941 modicum,
757 5871 926 5929 donec
977 5872 1266 5947 impleatur
1319 5891 1583 5936 numerus
1631 5891 2023 5937 conservorum

2127 4762 2302 4817 tuum,
2334 4759 2392 4805 ut
2418 4750 2717 4806 salvemur.

2197 4843 2417 4899 Domine
2433 4841 2569 4897 Deus
2590 4843 2853 4908 virtutum,
2875 4857 3144 4915 quousque
3162 4845 3402 4900 irasceris
3415 4859 3571 4913 super
3593 4857 3721 4897 ora-

2124 4939 2316 4993 tionem
2338 4935 2471 4990 ser.i
2497 4933 2613 4988 tui?
2641 4933 2758 4989 Nutt
2781 4935 2923 4990 enim
2956 4936 3232 5005 irascitur,
3257 4936 3303 4992 si
3320 4936 3588 5008 justitiam
3619 4950 3717 5006 pc-

2124 5044 2301 5090 tamus
2324 5049 2341 5099 ;
2366 5029 2462 5086 sed
2490 5029 2829 5087 conscientia
2863 5029 3070 5099 delicti,
3117 5039 3267 5103 putat
3299 5031 3463 5088 etiam
3488 5028 3552 5084 ab
3596 5043 3727 5084 ora-

2123 5126 2273 5183 tione
2303 5126 2485 5181 irasci.

2194 5218 2398 5275 Cibabis
2424 5235 2515 5274 nos
2544 5234 2679 5292 pane
2709 5217 3087 5289 lacrymarum,
3117 5226 3163 5273 et
3187 5226 3365 5288 potum
3387 5217 3532 5272 dabis
3565 5217 3728 5273 nobis

2120 5311 2175 5368 in
2220 5311 2470 5383 lacrymis
2508 5311 2562 5365 in
2592 5325 2856 5365 mensura.
2887 5308 3046 5379 Saepe
3094 5309 3164 5365 ob
3212 5309 3542 5366 desiderium
3596 5310 3726 5377 Dei,

2122 5406 2237 5461 sive
2286 5403 2724 5461 recordationem
2763 5404 2995 5475 peccati,
3028 5405 3283 5477 lacryma:
3321 5404 3475 5459 nobis
3517 5417 3727 5473 panes,

2125 5508 2398 5571 potusque
2429 5497 2583 5552 fiunt.
2614 5496 2767 5564 Quod
2799 5505 2984 5552 autem
3032 5498 3128 5563 ait,
3176 5498 3227 5551 in
3281 5514 3535 5559 ttmtsura,
3586 5497 3728 5553 illud

2125 5592 2350 5660 iudicat,
2394 5600 2455 5647 ut
2489 5592 2540 5647 in
2567 5591 2669 5647 hac
2696 5591 2970 5659 oratione,
3001 5592 3054 5647 in
3098 5607 3203 5664 qua
3247 5593 3480 5664 peccatis
3504 5590 3727 5649 absolvi

2126 5689 2397 5761 cupimus,
2420 5688 2506 5744 vel
2540 5687 2707 5744 Deum
2737 5687 2926 5744 videre
2970 5686 3346 5744 desideramus
3378 5706 3391 5743 :
3423 5687 3597 5742 victus
3642 5696 3728 5743 te-

2128 5783 2253 5841 nuis
2275 5782 2593 5855 accipiatur,
2620 5782 2741 5841 siin
2772 5782 3108 5855 precatione,
3138 5798 3248 5839 non
3283 5783 3337 5840 in
3377 5779 3725 5854 multiloquio

2129 5876 2457 5950 proferatur.
