  <div class='ocr_page' id='page_1' title='image "/cluster/home/n/w/nwhite01/storage/ocr_20150623/26/hvd.32044015471402/536.png"; bbox 0 0 3954 6340; ppageno 0'>
   <div class='ocr_carea' id='block_1_1' title="bbox 267 312 397 381">
    <p class='ocr_par' dir='ltr' id='par_1_1' title="bbox 267 312 397 381">
     <span class='ocr_line' id='line_1_1' title="bbox 267 312 397 381; baseline -0.031 0"><span class='ocrx_word' id='word_1_1' title='bbox 267 312 397 381; x_wconf 78' lang='lat' dir='ltr'><strong>test</strong></span> 
     </span>
    </p>
   </div>
   <div class='ocr_carea' id='block_1_2' title="bbox 1150 297 2639 371">
    <p class='ocr_par' dir='ltr' id='par_1_2' title="bbox 1150 297 2639 371">
     <span class='ocr_line' id='line_1_2' title="bbox 1150 297 2639 371; baseline -0.005 -1"><span class='ocrx_word' id='word_1_2' title='bbox 1150 302 1582 371; x_wconf 67' lang='lat' dir='ltr'><strong>BREVMNUM</strong></span> <span class='ocrx_word' id='word_1_3' title='bbox 1621 305 1688 363; x_wconf 78' lang='lat' dir='ltr'><strong>IN</strong></span> <span class='ocrx_word' id='word_1_4' title='bbox 1727 297 2063 363; x_wconf 69' lang='lat' dir='ltr'><strong>psam.</strong></span> <span class='ocrx_word' id='word_1_5' title='bbox 2106 300 2358 361; x_wconf 66' lang='lat' dir='ltr'><strong>PSALII.</strong></span> <span class='ocrx_word' id='word_1_6' title='bbox 2400 298 2639 363; x_wconf 68' lang='grc' dir='ltr'>ωιιιι.</span> 
     </span>
    </p>
   </div>
   <div class='ocr_carea' id='block_1_3' title="bbox 3386 295 3565 359">
    <p class='ocr_par' dir='ltr' id='par_1_3' title="bbox 3386 295 3565 359">
     <span class='ocr_line' id='line_1_3' title="bbox 3386 295 3565 359; baseline -0.011 -2"><span class='ocrx_word' id='word_1_7' title='bbox 3386 312 3398 357; x_wconf 88' lang='lat'><strong><em>:</em></strong></span> <span class='ocrx_word' id='word_1_8' title='bbox 3426 295 3565 359; x_wconf 67' lang='lat' dir='ltr'><strong>I063</strong></span> 
     </span>
    </p>
   </div>
   <div class='ocr_carea' id='block_1_4' title="bbox 260 418 3567 498">
    <p class='ocr_par' dir='ltr' id='par_1_4' title="bbox 260 418 3567 498">
     <span class='ocr_line' id='line_1_4' title="bbox 260 418 3567 498; baseline -0.005 -9"><span class='ocrx_word' id='word_1_9' title='bbox 260 447 478 498; x_wconf 79' lang='lat' dir='ltr'><strong>carnes,</strong></span> <span class='ocrx_word' id='word_1_10' title='bbox 538 445 644 486; x_wconf 88' lang='lat' dir='ltr'><strong>non</strong></span> <span class='ocrx_word' id='word_1_11' title='bbox 684 427 930 486; x_wconf 78' lang='lat' dir='ltr'><strong>dicamus</strong></span> <span class='ocrx_word' id='word_1_12' title='bbox 964 426 1180 495; x_wconf 81' lang='lat' dir='ltr'><strong>:Quam</strong></span> <span class='ocrx_word' id='word_1_13' title='bbox 1229 427 1370 483; x_wconf 75' lang='lat' dir='ltr'><strong>bene</strong></span> <span class='ocrx_word' id='word_1_14' title='bbox 1422 424 1579 481; x_wconf 78' lang='lat' dir='ltr'><strong>nobis</strong></span> <span class='ocrx_word' id='word_1_15' title='bbox 1624 432 1741 478; x_wconf 78' lang='lat' dir='ltr'><strong>erat</strong></span> <span class='ocrx_word' id='word_1_16' title='bbox 1798 422 1850 478; x_wconf 87' lang='lat' dir='ltr'><strong>iu</strong></span> <span class='ocrx_word' id='word_1_17' title='bbox 1876 418 1935 483; x_wconf 75' lang='grc' dir='ltr'><strong>Δ</strong></span> <span class='ocrx_word' id='word_1_18' title='bbox 1958 426 2128 490; x_wconf 85' lang='lat' dir='ltr'><strong>serto,</strong></span> <span class='ocrx_word' id='word_1_19' title='bbox 2160 424 2252 481; x_wconf 75' lang='lat' dir='ltr'><strong>sed</strong></span> <span class='ocrx_word' id='word_1_20' title='bbox 2285 424 2559 481; x_wconf 81' lang='lat' dir='ltr'><strong>frumento</strong></span> <span class='ocrx_word' id='word_1_21' title='bbox 2587 422 2731 492; x_wconf 79' lang='lat' dir='ltr'><strong>quod</strong></span> <span class='ocrx_word' id='word_1_22' title='bbox 2756 420 2979 488; x_wconf 71' lang='lat' dir='ltr'><strong>cecidit,</strong></span> <span class='ocrx_word' id='word_1_23' title='bbox 3024 418 3169 491; x_wconf 86' lang='lat' dir='ltr'><strong>quod</strong></span> <span class='ocrx_word' id='word_1_24' title='bbox 3204 419 3461 476; x_wconf 75' lang='lat' dir='ltr'><strong>surrexit.</strong></span> <span class='ocrx_word' id='word_1_25' title='bbox 3494 420 3567 475; x_wconf 76' lang='lat' dir='ltr'><strong>Et</strong></span> 
     </span>
    </p>
   </div>
   <div class='ocr_carea' id='block_1_5' title="bbox 262 515 1863 597">
    <p class='ocr_par' dir='ltr' id='par_1_5' title="bbox 262 515 1863 597">
     <span class='ocr_line' id='line_1_5' title="bbox 262 515 1863 597; baseline -0.007 -15"><span class='ocrx_word' id='word_1_26' title='bbox 262 524 524 597; x_wconf 68' lang='lat' dir='ltr'><strong>IEgypto,</strong></span> <span class='ocrx_word' id='word_1_27' title='bbox 556 538 681 580; x_wconf 87' lang='lat' dir='ltr'><strong>cum</strong></span> <span class='ocrx_word' id='word_1_28' title='bbox 734 519 1197 578; x_wconf 82' lang='lat' dir='ltr'><strong>ntanducabamus</strong></span> <span class='ocrx_word' id='word_1_29' title='bbox 1250 532 1448 574; x_wconf 78' lang='lat' dir='ltr'><strong>carnes</strong></span> <span class='ocrx_word' id='word_1_30' title='bbox 1502 517 1555 572; x_wconf 90' lang='lat' dir='ltr'><strong>in</strong></span> <span class='ocrx_word' id='word_1_31' title='bbox 1609 515 1759 580; x_wconf 84' lang='lat' dir='ltr'><strong>ollis,</strong></span> <span class='ocrx_word' id='word_1_32' title='bbox 1804 523 1863 571; x_wconf 86' lang='lat' dir='ltr'><strong>et</strong></span> 
     </span>
    </p>
   </div>
   <div class='ocr_carea' id='block_1_6' title="bbox 258 605 1855 690">
    <p class='ocr_par' dir='ltr' id='par_1_6' title="bbox 258 605 1855 690">
     <span class='ocr_line' id='line_1_6' title="bbox 258 605 1855 690; baseline -0.008 -15"><span class='ocrx_word' id='word_1_33' title='bbox 258 619 405 687; x_wconf 78' lang='lat' dir='ltr'><strong>allia,</strong></span> <span class='ocrx_word' id='word_1_34' title='bbox 430 627 485 675; x_wconf 90' lang='lat' dir='ltr'><strong>et</strong></span> <span class='ocrx_word' id='word_1_35' title='bbox 516 615 887 690; x_wconf 82' lang='lat' dir='ltr'><strong>eucumerea.(</strong></span> <span class='ocrx_word' id='word_1_36' title='bbox 919 613 1082 670; x_wconf 78' lang='lat' dir='ltr'><strong>Nam.</strong></span> <span class='ocrx_word' id='word_1_37' title='bbox 1110 628 1167 669; x_wconf 73' lang='lat' dir='ltr'><strong>at</strong></span> <span class='ocrx_word' id='word_1_38' title='bbox 1200 611 1242 683; x_wconf 74' lang='lat'><strong>)1</strong></span> <span class='ocrx_word' id='word_1_39' title='bbox 1265 610 1361 668; x_wconf 81' lang='lat' dir='ltr'><strong>Vis</strong></span> <span class='ocrx_word' id='word_1_40' title='bbox 1390 608 1639 679; x_wconf 82' lang='lat' dir='ltr'><strong>accipere</strong></span> <span class='ocrx_word' id='word_1_41' title='bbox 1672 605 1855 663; x_wconf 83' lang='lat' dir='ltr'><strong>Domi-</strong></span> 
     </span>
    </p>
   </div>
   <div class='ocr_carea' id='block_1_7' title="bbox 255 700 1856 776">
    <p class='ocr_par' dir='ltr' id='par_1_7' title="bbox 255 700 1856 776">
     <span class='ocr_line' id='line_1_7' title="bbox 255 700 1856 776; baseline -0.009 -8"><span class='ocrx_word' id='word_1_42' title='bbox 255 712 307 768; x_wconf 92' lang='lat' dir='ltr'><strong>ni</strong></span> <span class='ocrx_word' id='word_1_43' title='bbox 356 711 559 769; x_wconf 78' lang='lat' dir='ltr'><strong>cibos?</strong></span> <span class='ocrx_word' id='word_1_44' title='bbox 604 709 699 765; x_wconf 77' lang='lat' dir='ltr'><strong>Vis</strong></span> <span class='ocrx_word' id='word_1_45' title='bbox 747 707 1043 765; x_wconf 78' lang='lat' dir='ltr'><strong>comedere</strong></span> <span class='ocrx_word' id='word_1_46' title='bbox 1098 707 1277 776; x_wconf 81' lang='lat' dir='ltr'><strong>ipsum</strong></span> <span class='ocrx_word' id='word_1_47' title='bbox 1337 702 1623 759; x_wconf 83' lang='lat' dir='ltr'><strong>Dominum</strong></span> <span class='ocrx_word' id='word_1_48' title='bbox 1683 700 1856 757; x_wconf 88' lang='lat' dir='ltr'><strong>Deum</strong></span> 
     </span>
    </p>
   </div>
   <div class='ocr_carea' id='block_1_8' title="bbox 253 793 1857 871">
    <p class='ocr_par' dir='ltr' id='par_1_8' title="bbox 253 793 1857 871">
     <span class='ocr_line' id='line_1_8' title="bbox 253 793 1857 871; baseline -0.007 -11"><span class='ocrx_word' id='word_1_49' title='bbox 253 812 405 861; x_wconf 86' lang='lat' dir='ltr'><strong>tuum</strong></span> <span class='ocrx_word' id='word_1_50' title='bbox 438 812 492 859; x_wconf 87' lang='lat' dir='ltr'><strong>et</strong></span> <span class='ocrx_word' id='word_1_51' title='bbox 546 801 910 859; x_wconf 69' lang='lat' dir='ltr'><strong>salvatorem?</strong></span> <span class='ocrx_word' id='word_1_52' title='bbox 964 799 1100 856; x_wconf 79' lang='lat' dir='ltr'><strong>Audi</strong></span> <span class='ocrx_word' id='word_1_53' title='bbox 1149 797 1281 871; x_wconf 91' lang='lat' dir='ltr'><strong>quid</strong></span> <span class='ocrx_word' id='word_1_54' title='bbox 1339 793 1739 853; x_wconf 80' lang='lat' dir='ltr'><strong>dieal:Dilata</strong></span> <span class='ocrx_word' id='word_1_55' title='bbox 1798 810 1857 849; x_wconf 85' lang='lat' dir='ltr'><strong>os</strong></span> 
     </span>
    </p>
   </div>
   <div class='ocr_carea' id='block_1_9' title="bbox 251 888 1858 969">
    <p class='ocr_par' dir='ltr' id='par_1_9' title="bbox 251 888 1858 969">
     <span class='ocr_line' id='line_1_9' title="bbox 251 888 1858 969; baseline -0.004 -18"><span class='ocrx_word' id='word_1_56' title='bbox 251 905 422 964; x_wconf 78' lang='lat' dir='ltr'><strong>tuum,</strong></span> <span class='ocrx_word' id='word_1_57' title='bbox 446 905 495 951; x_wconf 86' lang='lat' dir='ltr'><strong>et</strong></span> <span class='ocrx_word' id='word_1_58' title='bbox 526 894 749 969; x_wconf 74' lang='lat' dir='ltr'><strong>implebo</strong></span> <span class='ocrx_word' id='word_1_59' title='bbox 778 893 934 950; x_wconf 65' lang='lat' dir='ltr'><strong>illud.</strong></span> <span class='ocrx_word' id='word_1_60' title='bbox 966 892 1209 948; x_wconf 80' lang='lat' dir='ltr'><strong>Dilatate</strong></span> <span class='ocrx_word' id='word_1_61' title='bbox 1228 905 1324 945; x_wconf 83' lang='lat' dir='ltr'><strong>ora</strong></span> <span class='ocrx_word' id='word_1_62' title='bbox 1355 900 1561 956; x_wconf 84' lang='lat' dir='ltr'><strong>vestra,</strong></span> <span class='ocrx_word' id='word_1_63' title='bbox 1607 888 1724 958; x_wconf 78' lang='lat' dir='ltr'><strong>ipse</strong></span> <span class='ocrx_word' id='word_1_64' title='bbox 1772 894 1858 945; x_wconf 67' lang='lat' dir='ltr'><strong>cst</strong></span> 
     </span>
    </p>
   </div>
   <div class='ocr_carea' id='block_1_10' title="bbox 252 979 1853 1060">
    <p class='ocr_par' dir='ltr' id='par_1_10' title="bbox 252 979 1853 1060">
     <span class='ocr_line' id='line_1_10' title="bbox 252 979 1853 1060; baseline -0.008 -13"><span class='ocrx_word' id='word_1_65' title='bbox 252 990 537 1056; x_wconf 85' lang='lat' dir='ltr'><strong>Dominus,</strong></span> <span class='ocrx_word' id='word_1_66' title='bbox 566 1001 620 1046; x_wconf 91' lang='lat' dir='ltr'><strong>et</strong></span> <span class='ocrx_word' id='word_1_67' title='bbox 652 987 826 1060; x_wconf 82' lang='lat' dir='ltr'><strong>panis.</strong></span> <span class='ocrx_word' id='word_1_68' title='bbox 850 987 971 1059; x_wconf 83' lang='lat' dir='ltr'><strong>Ipse</strong></span> <span class='ocrx_word' id='word_1_69' title='bbox 995 986 1241 1042; x_wconf 91' lang='lat' dir='ltr'><strong>hortatur</strong></span> <span class='ocrx_word' id='word_1_70' title='bbox 1270 1000 1369 1040; x_wconf 79' lang='lat' dir='ltr'><strong>tios</strong></span> <span class='ocrx_word' id='word_1_71' title='bbox 1394 991 1455 1040; x_wconf 80' lang='lat' dir='ltr'><strong>ut</strong></span> <span class='ocrx_word' id='word_1_72' title='bbox 1477 979 1853 1049; x_wconf 82' lang='lat' dir='ltr'><strong>comedamus,</strong></span> 
     </span>
    </p>
   </div>
   <div class='ocr_carea' id='block_1_11' title="bbox 250 1076 1853 1156">
    <p class='ocr_par' dir='ltr' id='par_1_11' title="bbox 250 1076 1853 1156">
     <span class='ocr_line' id='line_1_11' title="bbox 250 1076 1853 1156; baseline -0.007 -14"><span class='ocrx_word' id='word_1_73' title='bbox 250 1095 308 1143; x_wconf 87' lang='lat' dir='ltr'><strong>et</strong></span> <span class='ocrx_word' id='word_1_74' title='bbox 335 1085 453 1156; x_wconf 87' lang='lat' dir='ltr'><strong>ipsc</strong></span> <span class='ocrx_word' id='word_1_75' title='bbox 484 1093 673 1140; x_wconf 86' lang='lat' dir='ltr'><strong>noster</strong></span> <span class='ocrx_word' id='word_1_76' title='bbox 700 1083 862 1140; x_wconf 83' lang='lat' dir='ltr'><strong>cibus</strong></span> <span class='ocrx_word' id='word_1_77' title='bbox 917 1092 1022 1139; x_wconf 70' lang='lat' dir='ltr'><strong>est.</strong></span> <span class='ocrx_word' id='word_1_78' title='bbox 1048 1081 1561 1151; x_wconf 82' lang='lat' dir='ltr'><strong>Quantumcumque</strong></span> <span class='ocrx_word' id='word_1_79' title='bbox 1587 1076 1853 1133; x_wconf 74' lang='lat' dir='ltr'><strong>dilatave-</strong></span> 
     </span>
    </p>
   </div>
   <div class='ocr_carea' id='block_1_12' title="bbox 250 1172 1850 1247">
    <p class='ocr_par' dir='ltr' id='par_1_12' title="bbox 250 1172 1850 1247">
     <span class='ocr_line' id='line_1_12' title="bbox 250 1172 1850 1247; baseline -0.006 -13"><span class='ocrx_word' id='word_1_80' title='bbox 250 1181 350 1246; x_wconf 71' lang='grc' dir='ltr'><strong>τῖε,</strong></span> <span class='ocrx_word' id='word_1_81' title='bbox 370 1184 586 1234; x_wconf 86' lang='lat' dir='ltr'><strong>tantum</strong></span> <span class='ocrx_word' id='word_1_82' title='bbox 616 1175 875 1247; x_wconf 75' lang='lat' dir='ltr'><strong>accipies.</strong></span> <span class='ocrx_word' id='word_1_83' title='bbox 908 1175 1027 1231; x_wconf 86' lang='lat' dir='ltr'><strong>Non</strong></span> <span class='ocrx_word' id='word_1_84' title='bbox 1044 1187 1123 1232; x_wconf 86' lang='lat' dir='ltr'><strong>est</strong></span> <span class='ocrx_word' id='word_1_85' title='bbox 1149 1174 1312 1245; x_wconf 79' lang='lat' dir='ltr'><strong>igitur</strong></span> <span class='ocrx_word' id='word_1_86' title='bbox 1329 1172 1384 1229; x_wconf 78' lang='lat' dir='ltr'><strong>in</strong></span> <span class='ocrx_word' id='word_1_87' title='bbox 1412 1186 1530 1227; x_wconf 81' lang='lat' dir='ltr'><strong>mea</strong></span> <span class='ocrx_word' id='word_1_88' title='bbox 1562 1178 1850 1241; x_wconf 74' lang='lat' dir='ltr'><strong>potestate,</strong></span> 
     </span>
    </p>
   </div>
   <div class='ocr_carea' id='block_1_13' title="bbox 248 1260 1854 1335">
    <p class='ocr_par' dir='ltr' id='par_1_13' title="bbox 248 1260 1854 1335">
     <span class='ocr_line' id='line_1_13' title="bbox 248 1260 1854 1335; baseline -0.007 -7"><span class='ocrx_word' id='word_1_89' title='bbox 248 1270 344 1328; x_wconf 82' lang='lat' dir='ltr'><strong>sed</strong></span> <span class='ocrx_word' id='word_1_90' title='bbox 376 1271 433 1326; x_wconf 87' lang='lat' dir='ltr'><strong>in</strong></span> <span class='ocrx_word' id='word_1_91' title='bbox 465 1279 554 1326; x_wconf 85' lang='lat' dir='ltr'><strong>tua</strong></span> <span class='ocrx_word' id='word_1_92' title='bbox 582 1280 685 1326; x_wconf 86' lang='lat' dir='ltr'><strong>est.</strong></span> <span class='ocrx_word' id='word_1_93' title='bbox 742 1268 797 1324; x_wconf 80' lang='lat' dir='ltr'><strong>Si</strong></span> <span class='ocrx_word' id='word_1_94' title='bbox 858 1268 1120 1331; x_wconf 80' lang='lat' dir='ltr'><strong>volueris,</strong></span> <span class='ocrx_word' id='word_1_95' title='bbox 1179 1276 1350 1322; x_wconf 87' lang='lat' dir='ltr'><strong>totum</strong></span> <span class='ocrx_word' id='word_1_96' title='bbox 1380 1280 1469 1321; x_wconf 88' lang='lat' dir='ltr'><strong>me</strong></span> <span class='ocrx_word' id='word_1_97' title='bbox 1497 1262 1733 1335; x_wconf 73' lang='lat' dir='ltr'><strong>accipies</strong></span> <span class='ocrx_word' id='word_1_98' title='bbox 1761 1277 1777 1316; x_wconf 88' lang='lat'><strong>:</strong></span> <span class='ocrx_word' id='word_1_99' title='bbox 1807 1260 1854 1318; x_wconf 84' lang='lat' dir='ltr'><strong>si</strong></span> 
     </span>
    </p>
   </div>
   <div class='ocr_carea' id='block_1_14' title="bbox 249 1361 1211 1433">
    <p class='ocr_par' dir='ltr' id='par_1_14' title="bbox 249 1361 1211 1433">
     <span class='ocr_line' id='line_1_14' title="bbox 249 1361 1211 1433; baseline -0.005 -13"><span class='ocrx_word' id='word_1_100' title='bbox 249 1363 519 1432; x_wconf 85' lang='lat' dir='ltr'><strong>nolueris,</strong></span> <span class='ocrx_word' id='word_1_101' title='bbox 553 1363 739 1432; x_wconf 85' lang='lat' dir='ltr'><strong>accipe</strong></span> <span class='ocrx_word' id='word_1_102' title='bbox 761 1361 956 1417; x_wconf 78' lang='lat' dir='ltr'><strong>saltem</strong></span> <span class='ocrx_word' id='word_1_103' title='bbox 979 1371 1211 1433; x_wconf 81' lang='lat' dir='ltr'><strong>partem.</strong></span> 
     </span>
    </p>
   </div>
   <div class='ocr_carea' id='block_1_15' title="bbox 323 1448 1857 1531">
    <p class='ocr_par' dir='ltr' id='par_1_15' title="bbox 323 1448 1857 1531">
     <span class='ocr_line' id='line_1_15' title="bbox 323 1448 1857 1531; baseline -0.008 -17"><span class='ocrx_word' id='word_1_104' title='bbox 323 1459 392 1514; x_wconf 82' lang='lat' dir='ltr'><strong>Et</strong></span> <span class='ocrx_word' id='word_1_105' title='bbox 431 1474 535 1514; x_wconf 76' lang='lat' dir='ltr'><strong>non</strong></span> <span class='ocrx_word' id='word_1_106' title='bbox 586 1457 785 1513; x_wconf 83' lang='lat' dir='ltr'><strong>audivit</strong></span> <span class='ocrx_word' id='word_1_107' title='bbox 831 1456 1051 1531; x_wconf 73' lang='lat' dir='ltr'><strong>populus</strong></span> <span class='ocrx_word' id='word_1_108' title='bbox 1080 1470 1226 1510; x_wconf 77' lang='lat' dir='ltr'><strong>metu</strong></span> <span class='ocrx_word' id='word_1_109' title='bbox 1278 1468 1451 1509; x_wconf 73' lang='lat' dir='ltr'><strong>vocem</strong></span> <span class='ocrx_word' id='word_1_110' title='bbox 1505 1466 1691 1506; x_wconf 63' lang='lat' dir='ltr'><strong>meum.</strong></span> <span class='ocrx_word' id='word_1_111' title='bbox 1742 1448 1857 1520; x_wconf 79' lang='lat' dir='ltr'><strong>Ego</strong></span> 
     </span>
    </p>
   </div>
   <div class='ocr_carea' id='block_1_16' title="bbox 249 1543 1854 1622">
    <p class='ocr_par' dir='ltr' id='par_1_16' title="bbox 249 1543 1854 1622">
     <span class='ocr_line' id='line_1_16' title="bbox 249 1543 1854 1622; baseline -0.006 -14"><span class='ocrx_word' id='word_1_112' title='bbox 249 1560 333 1608; x_wconf 85' lang='lat' dir='ltr'><strong>sto</strong></span> <span class='ocrx_word' id='word_1_113' title='bbox 364 1561 491 1607; x_wconf 88' lang='lat' dir='ltr'><strong>ante</strong></span> <span class='ocrx_word' id='word_1_114' title='bbox 515 1552 742 1615; x_wconf 83' lang='lat' dir='ltr'><strong>ostium,</strong></span> <span class='ocrx_word' id='word_1_115' title='bbox 773 1561 828 1609; x_wconf 88' lang='lat' dir='ltr'><strong>et</strong></span> <span class='ocrx_word' id='word_1_116' title='bbox 860 1550 1038 1622; x_wconf 90' lang='lat' dir='ltr'><strong>pulso.</strong></span> <span class='ocrx_word' id='word_1_117' title='bbox 1076 1548 1208 1605; x_wconf 84' lang='lat' dir='ltr'><strong>Volo</strong></span> <span class='ocrx_word' id='word_1_118' title='bbox 1240 1554 1299 1603; x_wconf 82' lang='lat' dir='ltr'><strong>ut</strong></span> <span class='ocrx_word' id='word_1_119' title='bbox 1322 1545 1534 1616; x_wconf 74' lang='lat' dir='ltr'><strong>aperias</strong></span> <span class='ocrx_word' id='word_1_120' title='bbox 1571 1555 1629 1601; x_wconf 85' lang='lat' dir='ltr'><strong>et</strong></span> <span class='ocrx_word' id='word_1_121' title='bbox 1676 1543 1854 1615; x_wconf 79' lang='lat' dir='ltr'><strong>ingre-</strong></span> 
     </span>
    </p>
   </div>
   <div class='ocr_carea' id='block_1_17' title="bbox 246 1638 1403 1716">
    <p class='ocr_par' dir='ltr' id='par_1_17' title="bbox 246 1638 1403 1716">
     <span class='ocr_line' id='line_1_17' title="bbox 246 1638 1403 1716; baseline -0.01 -12"><span class='ocrx_word' id='word_1_122' title='bbox 246 1643 389 1712; x_wconf 86' lang='lat' dir='ltr'><strong>diar,</strong></span> <span class='ocrx_word' id='word_1_123' title='bbox 430 1654 487 1702; x_wconf 81' lang='lat' dir='ltr'><strong>et</strong></span> <span class='ocrx_word' id='word_1_124' title='bbox 515 1660 623 1701; x_wconf 90' lang='lat' dir='ltr'><strong>non</strong></span> <span class='ocrx_word' id='word_1_125' title='bbox 645 1645 729 1700; x_wconf 84' lang='lat' dir='ltr'><strong>vis</strong></span> <span class='ocrx_word' id='word_1_126' title='bbox 756 1643 1021 1716; x_wconf 85' lang='lat' dir='ltr'><strong>apetire(</strong></span> <span class='ocrx_word' id='word_1_127' title='bbox 1053 1644 1217 1714; x_wconf 80' lang='lat' dir='ltr'><strong>Apoc.</strong></span> <span class='ocrx_word' id='word_1_128' title='bbox 1251 1638 1403 1712; x_wconf 76' lang='lat' dir='ltr'><strong>Vill).</strong></span> 
     </span>
    </p>
   </div>
   <div class='ocr_carea' id='block_1_18' title="bbox 318 1728 1855 1794">
    <p class='ocr_par' dir='ltr' id='par_1_18' title="bbox 318 1728 1855 1794">
     <span class='ocr_line' id='line_1_18' title="bbox 318 1728 1855 1794; baseline -0.006 -3"><span class='ocrx_word' id='word_1_129' title='bbox 318 1734 389 1793; x_wconf 82' lang='lat' dir='ltr'><strong>Et</strong></span> <span class='ocrx_word' id='word_1_130' title='bbox 419 1735 595 1794; x_wconf 80' lang='lat' dir='ltr'><strong>Israet</strong></span> <span class='ocrx_word' id='word_1_131' title='bbox 622 1753 725 1792; x_wconf 84' lang='lat' dir='ltr'><strong>non</strong></span> <span class='ocrx_word' id='word_1_132' title='bbox 754 1736 976 1791; x_wconf 72' lang='lat' dir='ltr'><strong>intendit</strong></span> <span class='ocrx_word' id='word_1_133' title='bbox 998 1734 1124 1789; x_wconf 74' lang='lat' dir='ltr'><strong>mitti</strong></span> <span class='ocrx_word' id='word_1_134' title='bbox 1143 1742 1225 1789; x_wconf 69' lang='grc' dir='ltr'><strong>εει</strong></span> <span class='ocrx_word' id='word_1_135' title='bbox 1254 1732 1427 1788; x_wconf 74' lang='lat' dir='ltr'><strong>dimisi</strong></span> <span class='ocrx_word' id='word_1_136' title='bbox 1455 1747 1542 1786; x_wconf 72' lang='lat' dir='ltr'><strong>eos</strong></span> <span class='ocrx_word' id='word_1_137' title='bbox 1569 1728 1855 1785; x_wconf 69' lang='lat' dir='ltr'><strong>secundum</strong></span> 
     </span>
    </p>
   </div>
   <div class='ocr_carea' id='block_1_19' title="bbox 1965 512 3562 588">
    <p class='ocr_par' dir='ltr' id='par_1_19' title="bbox 1965 512 3562 588">
     <span class='ocr_line' id='line_1_19' title="bbox 1965 512 3562 588; baseline -0.004 -16"><span class='ocrx_word' id='word_1_138' title='bbox 1965 518 2153 573; x_wconf 72' lang='lat' dir='ltr'><strong>cibari:</strong></span> <span class='ocrx_word' id='word_1_139' title='bbox 2200 517 2319 574; x_wconf 81' lang='lat' dir='ltr'><strong>illos</strong></span> <span class='ocrx_word' id='word_1_140' title='bbox 2365 533 2430 573; x_wconf 69' lang='lat' dir='ltr'><strong>ex</strong></span> <span class='ocrx_word' id='word_1_141' title='bbox 2483 516 2640 588; x_wconf 77' lang='lat' dir='ltr'><strong>adipe</strong></span> <span class='ocrx_word' id='word_1_142' title='bbox 2691 515 2957 586; x_wconf 75' lang='lat' dir='ltr'><strong>frumenti.</strong></span> <span class='ocrx_word' id='word_1_143' title='bbox 2996 512 3189 568; x_wconf 84' lang='lat' dir='ltr'><strong>Videte</strong></span> <span class='ocrx_word' id='word_1_144' title='bbox 3244 513 3562 584; x_wconf 73' lang='lat' dir='ltr'><strong>mysterium</strong></span> 
     </span>
    </p>
   </div>
   <div class='ocr_carea' id='block_1_20' title="bbox 1961 606 3567 683">
    <p class='ocr_par' dir='ltr' id='par_1_20' title="bbox 1961 606 3567 683">
     <span class='ocr_line' id='line_1_20' title="bbox 1961 606 3567 683; baseline -0.005 -15"><span class='ocrx_word' id='word_1_145' title='bbox 1961 612 2365 683; x_wconf 75' lang='lat' dir='ltr'><strong>Scripturarttm</strong></span> <span class='ocrx_word' id='word_1_146' title='bbox 2398 629 2409 665; x_wconf 90' lang='lat'>:</span> <span class='ocrx_word' id='word_1_147' title='bbox 2440 610 2519 665; x_wconf 62' lang='lat' dir='ltr'><strong>lia:</strong></span> <span class='ocrx_word' id='word_1_148' title='bbox 2560 608 2715 683; x_wconf 82' lang='lat' dir='ltr'><strong>adipe</strong></span> <span class='ocrx_word' id='word_1_149' title='bbox 2744 609 3009 681; x_wconf 80' lang='lat' dir='ltr'><strong>frumenti.</strong></span> <span class='ocrx_word' id='word_1_150' title='bbox 3040 608 3394 663; x_wconf 76' lang='lat' dir='ltr'><strong>Frumentum</strong></span> <span class='ocrx_word' id='word_1_151' title='bbox 3449 606 3567 660; x_wconf 80' lang='lat' dir='ltr'><strong>adi-</strong></span> 
     </span>
    </p>
   </div>
   <div class='ocr_carea' id='block_1_21' title="bbox 1962 699 3566 777">
    <p class='ocr_par' dir='ltr' id='par_1_21' title="bbox 1962 699 3566 777">
     <span class='ocr_line' id='line_1_21' title="bbox 1962 699 3566 777; baseline -0.005 -15"><span class='ocrx_word' id='word_1_152' title='bbox 1962 722 2058 777; x_wconf 90' lang='lat' dir='ltr'><strong>pes</strong></span> <span class='ocrx_word' id='word_1_153' title='bbox 2076 706 2243 763; x_wconf 85' lang='lat' dir='ltr'><strong>habet</strong></span> <span class='ocrx_word' id='word_1_154' title='bbox 2275 722 2288 762; x_wconf 89' lang='lat'>:</span> <span class='ocrx_word' id='word_1_155' title='bbox 2321 703 2586 776; x_wconf 88' lang='lat' dir='ltr'><strong>numquid</strong></span> <span class='ocrx_word' id='word_1_156' title='bbox 2617 712 2672 760; x_wconf 85' lang='lat' dir='ltr'><strong>et</strong></span> <span class='ocrx_word' id='word_1_157' title='bbox 2699 702 2954 760; x_wconf 84' lang='lat' dir='ltr'><strong>intestina</strong></span> <span class='ocrx_word' id='word_1_158' title='bbox 2995 700 3230 757; x_wconf 80' lang='lat' dir='ltr'><strong>habuit?</strong></span> <span class='ocrx_word' id='word_1_159' title='bbox 3256 699 3366 757; x_wconf 90' lang='lat' dir='ltr'><strong>Sed</strong></span> <span class='ocrx_word' id='word_1_160' title='bbox 3396 700 3566 754; x_wconf 67' lang='lat' dir='ltr'><strong>voluit</strong></span> 
     </span>
    </p>
   </div>
   <div class='ocr_carea' id='block_1_22' title="bbox 1961 794 3565 871">
    <p class='ocr_par' dir='ltr' id='par_1_22' title="bbox 1961 794 3565 871">
     <span class='ocr_line' id='line_1_22' title="bbox 1961 794 3565 871; baseline -0.002 -18"><span class='ocrx_word' id='word_1_161' title='bbox 1961 799 2269 871; x_wconf 77' lang='lat' dir='ltr'><strong>largitatem</strong></span> <span class='ocrx_word' id='word_1_162' title='bbox 2312 806 2369 855; x_wconf 88' lang='lat' dir='ltr'><strong>et</strong></span> <span class='ocrx_word' id='word_1_163' title='bbox 2398 797 2777 871; x_wconf 85' lang='lat' dir='ltr'><strong>pinguedinem</strong></span> <span class='ocrx_word' id='word_1_164' title='bbox 2807 799 2998 870; x_wconf 74' lang='lat' dir='ltr'><strong>gratia:</strong></span> <span class='ocrx_word' id='word_1_165' title='bbox 3027 794 3326 867; x_wconf 85' lang='lat' dir='ltr'><strong>spiritualis</strong></span> <span class='ocrx_word' id='word_1_166' title='bbox 3377 803 3565 851; x_wconf 85' lang='lat' dir='ltr'><strong>osten-</strong></span> 
     </span>
    </p>
   </div>
   <div class='ocr_carea' id='block_1_23' title="bbox 1958 886 3564 963">
    <p class='ocr_par' dir='ltr' id='par_1_23' title="bbox 1958 886 3564 963">
     <span class='ocr_line' id='line_1_23' title="bbox 1958 886 3564 963; baseline -0.003 -15"><span class='ocrx_word' id='word_1_167' title='bbox 1958 892 2112 960; x_wconf 82' lang='lat' dir='ltr'><strong>dere,</strong></span> <span class='ocrx_word' id='word_1_168' title='bbox 2153 900 2209 950; x_wconf 85' lang='lat' dir='ltr'><strong>ct</strong></span> <span class='ocrx_word' id='word_1_169' title='bbox 2250 891 2372 948; x_wconf 90' lang='lat' dir='ltr'><strong>ideo</strong></span> <span class='ocrx_word' id='word_1_170' title='bbox 2415 891 2602 963; x_wconf 88' lang='lat' dir='ltr'><strong>adipes</strong></span> <span class='ocrx_word' id='word_1_171' title='bbox 2658 891 2979 947; x_wconf 82' lang='lat' dir='ltr'><strong>nominavit.</strong></span> <span class='ocrx_word' id='word_1_172' title='bbox 3013 889 3077 945; x_wconf 86' lang='lat' dir='ltr'><strong>Et</strong></span> <span class='ocrx_word' id='word_1_173' title='bbox 3125 890 3190 945; x_wconf 88' lang='lat' dir='ltr'><strong>de</strong></span> <span class='ocrx_word' id='word_1_174' title='bbox 3219 898 3365 963; x_wconf 81' lang='lat' dir='ltr'><strong>petra</strong></span> <span class='ocrx_word' id='word_1_175' title='bbox 3414 886 3564 943; x_wconf 80' lang='lat' dir='ltr'><strong>melle</strong></span> 
     </span>
    </p>
   </div>
   <div class='ocr_carea' id='block_1_24' title="bbox 1957 985 3560 1057">
    <p class='ocr_par' dir='ltr' id='par_1_24' title="bbox 1957 985 3560 1057">
     <span class='ocr_line' id='line_1_24' title="bbox 1957 985 3560 1057; baseline -0.002 -16"><span class='ocrx_word' id='word_1_176' title='bbox 1957 987 2209 1043; x_wconf 83' lang='lat' dir='ltr'><strong>saturavit</strong></span> <span class='ocrx_word' id='word_1_177' title='bbox 2248 1002 2353 1042; x_wconf 87' lang='lat' dir='ltr'><strong>eos.</strong></span> <span class='ocrx_word' id='word_1_178' title='bbox 2386 986 2505 1057; x_wconf 88' lang='lat' dir='ltr'><strong>lpse</strong></span> <span class='ocrx_word' id='word_1_179' title='bbox 2562 985 2888 1043; x_wconf 80' lang='lat' dir='ltr'><strong>frumentum</strong></span> <span class='ocrx_word' id='word_1_180' title='bbox 2940 985 3205 1057; x_wconf 76' lang='lat' dir='ltr'><strong>estzipse</strong></span> <span class='ocrx_word' id='word_1_181' title='bbox 3264 993 3414 1056; x_wconf 83' lang='lat' dir='ltr'><strong>petra</strong></span> <span class='ocrx_word' id='word_1_182' title='bbox 3452 993 3560 1053; x_wconf 88' lang='lat' dir='ltr'><strong>est,</strong></span> 
     </span>
    </p>
   </div>
   <div class='ocr_carea' id='block_1_25' title="bbox 1957 1077 3565 1153">
    <p class='ocr_par' dir='ltr' id='par_1_25' title="bbox 1957 1077 3565 1153">
     <span class='ocr_line' id='line_1_25' title="bbox 1957 1077 3565 1153; baseline -0.002 -18"><span class='ocrx_word' id='word_1_183' title='bbox 1957 1079 2049 1152; x_wconf 89' lang='lat' dir='ltr'><strong>qui</strong></span> <span class='ocrx_word' id='word_1_184' title='bbox 2077 1079 2332 1152; x_wconf 75' lang='lat' dir='ltr'><strong>pupulum</strong></span> <span class='ocrx_word' id='word_1_185' title='bbox 2363 1079 2528 1136; x_wconf 85' lang='lat' dir='ltr'><strong>lsrael</strong></span> <span class='ocrx_word' id='word_1_186' title='bbox 2563 1080 2784 1137; x_wconf 82' lang='lat' dir='ltr'><strong>satiavit.</strong></span> <span class='ocrx_word' id='word_1_187' title='bbox 2838 1096 2974 1153; x_wconf 90' lang='lat' dir='ltr'><strong>aqua</strong></span> <span class='ocrx_word' id='word_1_188' title='bbox 3025 1079 3077 1134; x_wconf 91' lang='lat' dir='ltr'><strong>in</strong></span> <span class='ocrx_word' id='word_1_189' title='bbox 3118 1079 3356 1135; x_wconf 88' lang='lat' dir='ltr'><strong>deserto.</strong></span> <span class='ocrx_word' id='word_1_190' title='bbox 3390 1077 3565 1148; x_wconf 80' lang='lat' dir='ltr'><strong>Spiri-</strong></span> 
     </span>
    </p>
   </div>
   <div class='ocr_carea' id='block_1_26' title="bbox 1960 1164 3553 1246">
    <p class='ocr_par' dir='ltr' id='par_1_26' title="bbox 1960 1164 3553 1246">
     <span class='ocr_line' id='line_1_26' title="bbox 1960 1164 3553 1246; baseline -0.002 -19"><span class='ocrx_word' id='word_1_191' title='bbox 1960 1164 2185 1229; x_wconf 86' lang='lat' dir='ltr'><strong>tualiter</strong></span> <span class='ocrx_word' id='word_1_192' title='bbox 2205 1172 2387 1239; x_wconf 82' lang='lat' dir='ltr'><strong>melle,</strong></span> <span class='ocrx_word' id='word_1_193' title='bbox 2419 1182 2474 1230; x_wconf 93' lang='lat' dir='ltr'><strong>et</strong></span> <span class='ocrx_word' id='word_1_194' title='bbox 2504 1188 2610 1230; x_wconf 91' lang='lat' dir='ltr'><strong>non</strong></span> <span class='ocrx_word' id='word_1_195' title='bbox 2630 1190 2767 1246; x_wconf 88' lang='lat' dir='ltr'><strong>aqua</strong></span> <span class='ocrx_word' id='word_1_196' title='bbox 2799 1173 3069 1229; x_wconf 81' lang='lat' dir='ltr'><strong>saturavit</strong></span> <span class='ocrx_word' id='word_1_197' title='bbox 3100 1188 3221 1231; x_wconf 88' lang='lat' dir='ltr'><strong>eum</strong></span> <span class='ocrx_word' id='word_1_198' title='bbox 3245 1214 3262 1241; x_wconf 95' lang='lat'><strong>,</strong></span> <span class='ocrx_word' id='word_1_199' title='bbox 3320 1179 3380 1228; x_wconf 92' lang='lat' dir='ltr'><strong>ut</strong></span> <span class='ocrx_word' id='word_1_200' title='bbox 3434 1172 3553 1242; x_wconf 86' lang='lat' dir='ltr'><strong>qui-</strong></span> 
     </span>
    </p>
   </div>
   <div class='ocr_carea' id='block_1_27' title="bbox 1958 1265 3560 1338">
    <p class='ocr_par' dir='ltr' id='par_1_27' title="bbox 1958 1265 3560 1338">
     <span class='ocr_line' id='line_1_27' title="bbox 1958 1265 3560 1338; baseline -0.001 -16"><span class='ocrx_word' id='word_1_201' title='bbox 1958 1281 2189 1338; x_wconf 84' lang='lat' dir='ltr'><strong>cumque</strong></span> <span class='ocrx_word' id='word_1_202' title='bbox 2220 1265 2574 1323; x_wconf 84' lang='lat' dir='ltr'><strong>cretlideruut</strong></span> <span class='ocrx_word' id='word_1_203' title='bbox 2603 1278 2653 1323; x_wconf 90' lang='lat' dir='ltr'><strong>et</strong></span> <span class='ocrx_word' id='word_1_204' title='bbox 2681 1276 3010 1337; x_wconf 82' lang='lat' dir='ltr'><strong>acceperunt</strong></span> <span class='ocrx_word' id='word_1_205' title='bbox 3056 1266 3263 1333; x_wconf 83' lang='lat' dir='ltr'><strong>cibum,</strong></span> <span class='ocrx_word' id='word_1_206' title='bbox 3296 1266 3400 1323; x_wconf 88' lang='lat' dir='ltr'><strong>mel</strong></span> <span class='ocrx_word' id='word_1_207' title='bbox 3434 1282 3560 1322; x_wconf 86' lang='lat' dir='ltr'><strong>scu-</strong></span> 
     </span>
    </p>
   </div>
   <div class='ocr_carea' id='block_1_28' title="bbox 1960 1359 3560 1432">
    <p class='ocr_par' dir='ltr' id='par_1_28' title="bbox 1960 1359 3560 1432">
     <span class='ocr_line' id='line_1_28' title="bbox 1960 1359 3560 1432; baseline 0.003 -19"><span class='ocrx_word' id='word_1_208' title='bbox 1960 1359 2161 1416; x_wconf 87' lang='lat' dir='ltr'><strong>tiantin</strong></span> <span class='ocrx_word' id='word_1_209' title='bbox 2176 1374 2275 1417; x_wconf 88' lang='lat' dir='ltr'><strong>ore</strong></span> <span class='ocrx_word' id='word_1_210' title='bbox 2296 1373 2416 1415; x_wconf 85' lang='lat' dir='ltr'><strong>suo.</strong></span> <span class='ocrx_word' id='word_1_211' title='bbox 2432 1359 2601 1430; x_wconf 90' lang='lat' dir='ltr'><strong>Quam</strong></span> <span class='ocrx_word' id='word_1_212' title='bbox 2620 1360 2800 1416; x_wconf 86' lang='lat' dir='ltr'><strong>dulcia</strong></span> <span class='ocrx_word' id='word_1_213' title='bbox 2816 1360 3067 1416; x_wconf 88' lang='lat' dir='ltr'><strong>faucibus</strong></span> <span class='ocrx_word' id='word_1_214' title='bbox 3086 1361 3222 1417; x_wconf 86' lang='lat' dir='ltr'><strong>meis</strong></span> <span class='ocrx_word' id='word_1_215' title='bbox 3247 1360 3560 1432; x_wconf 83' lang='lat' dir='ltr'><strong>eloquentia</strong></span> 
     </span>
    </p>
   </div>
   <div class='ocr_carea' id='block_1_29' title="bbox 1960 1453 3556 1529">
    <p class='ocr_par' dir='ltr' id='par_1_29' title="bbox 1960 1453 3556 1529">
     <span class='ocr_line' id='line_1_29' title="bbox 1960 1453 3556 1529; baseline 0.003 -21"><span class='ocrx_word' id='word_1_216' title='bbox 1960 1461 2072 1519; x_wconf 81' lang='lat' dir='ltr'><strong>tua,</strong></span> <span class='ocrx_word' id='word_1_217' title='bbox 2129 1468 2296 1527; x_wconf 87' lang='lat' dir='ltr'><strong>super</strong></span> <span class='ocrx_word' id='word_1_218' title='bbox 2349 1454 2456 1511; x_wconf 86' lang='lat' dir='ltr'><strong>mel</strong></span> <span class='ocrx_word' id='word_1_219' title='bbox 2507 1463 2562 1509; x_wconf 86' lang='lat' dir='ltr'><strong>et</strong></span> <span class='ocrx_word' id='word_1_220' title='bbox 2593 1454 2769 1511; x_wconf 80' lang='lat' dir='ltr'><strong>favum</strong></span> <span class='ocrx_word' id='word_1_221' title='bbox 2800 1456 2880 1511; x_wconf 88' lang='lat' dir='ltr'><strong>ori</strong></span> <span class='ocrx_word' id='word_1_222' title='bbox 2926 1455 3091 1529; x_wconf 88' lang='lat' dir='ltr'><strong>meo(</strong></span> <span class='ocrx_word' id='word_1_223' title='bbox 3121 1453 3271 1511; x_wconf 84' lang='lat' dir='ltr'><strong>Psal.</strong></span> <span class='ocrx_word' id='word_1_224' title='bbox 3302 1454 3510 1523; x_wconf 76' lang='lat' dir='ltr'><strong>cxrtu)</strong></span> <span class='ocrx_word' id='word_1_225' title='bbox 3542 1456 3556 1512; x_wconf 75' lang='grc' dir='ltr'>Ξ</span> 
     </span>
    </p>
   </div>
   <div class='ocr_carea' id='block_1_30' title="bbox 1958 1546 3556 1620">
    <p class='ocr_par' dir='ltr' id='par_1_30' title="bbox 1958 1546 3556 1620">
     <span class='ocr_line' id='line_1_30' title="bbox 1958 1546 3556 1620; baseline 0.001 -17"><span class='ocrx_word' id='word_1_226' title='bbox 1958 1546 2209 1620; x_wconf 80' lang='lat' dir='ltr'><strong>Denique</strong></span> <span class='ocrx_word' id='word_1_227' title='bbox 2257 1556 2314 1607; x_wconf 87' lang='lat' dir='ltr'><strong>et</strong></span> <span class='ocrx_word' id='word_1_228' title='bbox 2359 1546 2619 1603; x_wconf 80' lang='lat' dir='ltr'><strong>Dominus</strong></span> <span class='ocrx_word' id='word_1_229' title='bbox 2677 1557 2868 1605; x_wconf 87' lang='lat' dir='ltr'><strong>no-tcr</strong></span> <span class='ocrx_word' id='word_1_230' title='bbox 2921 1558 3044 1620; x_wconf 77' lang='lat' dir='ltr'><strong>post</strong></span> <span class='ocrx_word' id='word_1_231' title='bbox 3096 1548 3556 1605; x_wconf 71' lang='lat' dir='ltr'><strong>resurrectionem</strong></span> 
     </span>
    </p>
   </div>
   <div class='ocr_carea' id='block_1_31' title="bbox 1959 1639 3562 1712">
    <p class='ocr_par' dir='ltr' id='par_1_31' title="bbox 1959 1639 3562 1712">
     <span class='ocr_line' id='line_1_31' title="bbox 1959 1639 3562 1712; baseline 0.002 -18"><span class='ocrx_word' id='word_1_232' title='bbox 1959 1650 2248 1712; x_wconf 85' lang='lat' dir='ltr'><strong>propterea</strong></span> <span class='ocrx_word' id='word_1_233' title='bbox 2297 1639 2472 1696; x_wconf 71' lang='lat' dir='ltr'><strong>tarum</strong></span> <span class='ocrx_word' id='word_1_234' title='bbox 2517 1640 2776 1708; x_wconf 78' lang='lat' dir='ltr'><strong>comedit,</strong></span> <span class='ocrx_word' id='word_1_235' title='bbox 2808 1651 2863 1698; x_wconf 88' lang='lat' dir='ltr'><strong>et</strong></span> <span class='ocrx_word' id='word_1_236' title='bbox 2894 1643 2962 1700; x_wconf 84' lang='lat' dir='ltr'><strong>de</strong></span> <span class='ocrx_word' id='word_1_237' title='bbox 3001 1654 3153 1712; x_wconf 87' lang='lat' dir='ltr'><strong>petra</strong></span> <span class='ocrx_word' id='word_1_238' title='bbox 3202 1642 3364 1700; x_wconf 89' lang='lat' dir='ltr'><strong>melle</strong></span> <span class='ocrx_word' id='word_1_239' title='bbox 3411 1655 3562 1697; x_wconf 77' lang='lat' dir='ltr'><strong>Sulli-</strong></span> 
     </span>
    </p>
   </div>
   <div class='ocr_carea' id='block_1_32' title="bbox 1958 1732 3569 1808">
    <p class='ocr_par' dir='ltr' id='par_1_32' title="bbox 1958 1732 3569 1808">
     <span class='ocr_line' id='line_1_32' title="bbox 1958 1732 3569 1808; baseline -0.001 -16"><span class='ocrx_word' id='word_1_240' title='bbox 1958 1744 2110 1805; x_wconf 86' lang='lat' dir='ltr'><strong>rattts</strong></span> <span class='ocrx_word' id='word_1_241' title='bbox 2138 1732 2396 1807; x_wconf 83' lang='lat' dir='ltr'><strong>est(Luc.</strong></span> <span class='ocrx_word' id='word_1_242' title='bbox 2429 1737 2606 1800; x_wconf 56' lang='lat' dir='ltr'><strong>sxw).</strong></span> <span class='ocrx_word' id='word_1_243' title='bbox 2643 1736 2785 1808; x_wconf 80' lang='lat' dir='ltr'><strong>Ergo</strong></span> <span class='ocrx_word' id='word_1_244' title='bbox 2837 1753 2949 1792; x_wconf 87' lang='lat' dir='ltr'><strong>rem</strong></span> <span class='ocrx_word' id='word_1_245' title='bbox 3000 1737 3124 1794; x_wconf 91' lang='lat' dir='ltr'><strong>dico</strong></span> <span class='ocrx_word' id='word_1_246' title='bbox 3176 1753 3369 1795; x_wconf 87' lang='lat' dir='ltr'><strong>novam</strong></span> <span class='ocrx_word' id='word_1_247' title='bbox 3398 1756 3409 1790; x_wconf 90' lang='lat'><strong>:</strong></span> <span class='ocrx_word' id='word_1_248' title='bbox 3439 1736 3569 1807; x_wconf 86' lang='lat' dir='ltr'><strong>Ipsa.</strong></span> 
     </span>
    </p>
   </div>
   <div class='ocr_carea' id='block_1_33' title="bbox 246 1800 3558 1901">
    <p class='ocr_par' dir='ltr' id='par_1_33' title="bbox 246 1800 3558 1901">
     <span class='ocr_line' id='line_1_33' title="bbox 246 1800 3558 1901; baseline 0 -17"><span class='ocrx_word' id='word_1_249' title='bbox 246 1830 507 1886; x_wconf 78' lang='lat' dir='ltr'><strong>desideria</strong></span> <span class='ocrx_word' id='word_1_250' title='bbox 533 1829 710 1885; x_wconf 75' lang='lat' dir='ltr'><strong>cordis</strong></span> <span class='ocrx_word' id='word_1_251' title='bbox 737 1845 937 1896; x_wconf 81' lang='lat' dir='ltr'><strong>eorum,</strong></span> <span class='ocrx_word' id='word_1_252' title='bbox 960 1836 1067 1884; x_wconf 84' lang='lat' dir='ltr'><strong>etc.</strong></span> <span class='ocrx_word' id='word_1_253' title='bbox 1104 1825 1290 1882; x_wconf 72' lang='lat' dir='ltr'><strong>Infelix</strong></span> <span class='ocrx_word' id='word_1_254' title='bbox 1320 1835 1405 1881; x_wconf 81' lang='lat' dir='ltr'><strong>est</strong></span> <span class='ocrx_word' id='word_1_255' title='bbox 1432 1824 1523 1895; x_wconf 69' lang='lat' dir='ltr'><strong>qni</strong></span> <span class='ocrx_word' id='word_1_256' title='bbox 1545 1839 1575 1878; x_wconf 64' lang='grc' dir='ltr'><strong>θ</strong></span> <span class='ocrx_word' id='word_1_257' title='bbox 1607 1822 1721 1879; x_wconf 78' lang='lat' dir='ltr'><strong>Deo</strong></span> <span class='ocrx_word' id='word_1_258' title='bbox 1743 1836 1850 1879; x_wconf 75' lang='lat' dir='ltr'><strong>non</strong></span> <span class='ocrx_word' id='word_1_259' title='bbox 1878 1806 1931 1875; x_wconf 65' lang='grc' dir='ltr'><strong><em>Β</em></strong></span> <span class='ocrx_word' id='word_1_260' title='bbox 1961 1800 2108 1900; x_wconf 69' lang='lat' dir='ltr'><strong>petra</strong></span> <span class='ocrx_word' id='word_1_261' title='bbox 2140 1800 2771 1901; x_wconf 76' lang='lat' dir='ltr'><strong>melcomedit,utuohis</strong></span> <span class='ocrx_word' id='word_1_262' title='bbox 2800 1831 2907 1886; x_wconf 88' lang='lat' dir='ltr'><strong>mel</strong></span> <span class='ocrx_word' id='word_1_263' title='bbox 2932 1830 3217 1895; x_wconf 82' lang='lat' dir='ltr'><strong>tribueret.</strong></span> <span class='ocrx_word' id='word_1_264' title='bbox 3246 1841 3302 1887; x_wconf 87' lang='lat' dir='ltr'><strong>et</strong></span> <span class='ocrx_word' id='word_1_265' title='bbox 3319 1800 3558 1886; x_wconf 71' lang='lat' dir='ltr'><strong>dulcedi-</strong></span> 
     </span>
    </p>
   </div>
   <div class='ocr_carea' id='block_1_34' title="bbox 245 1916 1851 1994">
    <p class='ocr_par' dir='ltr' id='par_1_34' title="bbox 245 1916 1851 1994">
     <span class='ocr_line' id='line_1_34' title="bbox 245 1916 1851 1994; baseline -0.004 -15"><span class='ocrx_word' id='word_1_266' title='bbox 245 1922 559 1994; x_wconf 78' lang='lat' dir='ltr'><strong>corripitur.</strong></span> <span class='ocrx_word' id='word_1_267' title='bbox 586 1922 642 1981; x_wconf 88' lang='lat' dir='ltr'><strong>Si</strong></span> <span class='ocrx_word' id='word_1_268' title='bbox 673 1923 796 1994; x_wconf 86' lang='lat' dir='ltr'><strong>quis</strong></span> <span class='ocrx_word' id='word_1_269' title='bbox 827 1935 1060 1993; x_wconf 81' lang='lat' dir='ltr'><strong>peccans</strong></span> <span class='ocrx_word' id='word_1_270' title='bbox 1092 1936 1198 1977; x_wconf 85' lang='lat' dir='ltr'><strong>nou</strong></span> <span class='ocrx_word' id='word_1_271' title='bbox 1229 1919 1547 1991; x_wconf 82' lang='lat' dir='ltr'><strong>percutitur,</strong></span> <span class='ocrx_word' id='word_1_272' title='bbox 1594 1917 1701 1974; x_wconf 85' lang='lat' dir='ltr'><strong>iste</strong></span> <span class='ocrx_word' id='word_1_273' title='bbox 1750 1916 1851 1972; x_wconf 86' lang='lat' dir='ltr'><strong>mi-</strong></span> 
     </span>
    </p>
   </div>
   <div class='ocr_carea' id='block_1_35' title="bbox 243 2009 1853 2074">
    <p class='ocr_par' dir='ltr' id='par_1_35' title="bbox 243 2009 1853 2074">
     <span class='ocr_line' id='line_1_35' title="bbox 243 2009 1853 2074; baseline -0.006 0"><span class='ocrx_word' id='word_1_274' title='bbox 243 2030 335 2074; x_wconf 85' lang='lat' dir='ltr'><strong>ser</strong></span> <span class='ocrx_word' id='word_1_275' title='bbox 382 2025 490 2072; x_wconf 74' lang='lat' dir='ltr'><strong>est.</strong></span> <span class='ocrx_word' id='word_1_276' title='bbox 539 2015 668 2071; x_wconf 83' lang='lat' dir='ltr'><strong>Ideo</strong></span> <span class='ocrx_word' id='word_1_277' title='bbox 724 2016 891 2071; x_wconf 83' lang='lat' dir='ltr'><strong>dicit:</strong></span> <span class='ocrx_word' id='word_1_278' title='bbox 924 2012 1111 2068; x_wconf 85' lang='lat' dir='ltr'><strong>Dimisi</strong></span> <span class='ocrx_word' id='word_1_279' title='bbox 1165 2029 1250 2068; x_wconf 80' lang='lat' dir='ltr'><strong>eos</strong></span> <span class='ocrx_word' id='word_1_280' title='bbox 1272 2011 1554 2067; x_wconf 67' lang='lat' dir='ltr'><strong>arcendum</strong></span> <span class='ocrx_word' id='word_1_281' title='bbox 1595 2009 1853 2067; x_wconf 69' lang='lat' dir='ltr'><strong>desideria</strong></span> 
     </span>
    </p>
   </div>
   <div class='ocr_carea' id='block_1_36' title="bbox 243 2106 1851 2178">
    <p class='ocr_par' dir='ltr' id='par_1_36' title="bbox 243 2106 1851 2178">
     <span class='ocr_line' id='line_1_36' title="bbox 243 2106 1851 2178; baseline -0.002 -13"><span class='ocrx_word' id='word_1_282' title='bbox 243 2110 421 2165; x_wconf 75' lang='lat' dir='ltr'><strong>cordis</strong></span> <span class='ocrx_word' id='word_1_283' title='bbox 442 2125 644 2165; x_wconf 82' lang='lat' dir='ltr'><strong>eorum.</strong></span> <span class='ocrx_word' id='word_1_284' title='bbox 676 2108 802 2166; x_wconf 86' lang='lat' dir='ltr'><strong>ldeo</strong></span> <span class='ocrx_word' id='word_1_285' title='bbox 859 2124 956 2165; x_wconf 85' lang='lat' dir='ltr'><strong>eos</strong></span> <span class='ocrx_word' id='word_1_286' title='bbox 985 2106 1165 2164; x_wconf 85' lang='lat' dir='ltr'><strong>dimisi</strong></span> <span class='ocrx_word' id='word_1_287' title='bbox 1199 2106 1491 2178; x_wconf 81' lang='lat' dir='ltr'><strong>:qnoniant</strong></span> <span class='ocrx_word' id='word_1_288' title='bbox 1543 2120 1689 2177; x_wconf 65' lang='lat' dir='ltr'><strong>saepe</strong></span> <span class='ocrx_word' id='word_1_289' title='bbox 1730 2120 1851 2177; x_wconf 85' lang='lat' dir='ltr'><strong>per-</strong></span> 
     </span>
    </p>
   </div>
   <div class='ocr_carea' id='block_1_37' title="bbox 241 2197 1849 2271">
    <p class='ocr_par' dir='ltr' id='par_1_37' title="bbox 241 2197 1849 2271">
     <span class='ocr_line' id='line_1_37' title="bbox 241 2197 1849 2271; baseline -0.002 -14"><span class='ocrx_word' id='word_1_290' title='bbox 241 2201 412 2268; x_wconf 87' lang='lat' dir='ltr'><strong>cussi,</strong></span> <span class='ocrx_word' id='word_1_291' title='bbox 437 2213 493 2257; x_wconf 88' lang='lat' dir='ltr'><strong>et</strong></span> <span class='ocrx_word' id='word_1_292' title='bbox 539 2200 885 2271; x_wconf 44' lang='lat' dir='ltr'><strong>disciplinam</strong></span> <span class='ocrx_word' id='word_1_293' title='bbox 916 2214 1024 2256; x_wconf 88' lang='lat' dir='ltr'><strong>non</strong></span> <span class='ocrx_word' id='word_1_294' title='bbox 1065 2207 1415 2269; x_wconf 83' lang='lat' dir='ltr'><strong>receperunt.</strong></span> <span class='ocrx_word' id='word_1_295' title='bbox 1466 2197 1708 2271; x_wconf 83' lang='lat' dir='ltr'><strong>Rogavi,</strong></span> <span class='ocrx_word' id='word_1_296' title='bbox 1740 2213 1849 2254; x_wconf 81' lang='lat' dir='ltr'><strong>non</strong></span> 
     </span>
    </p>
   </div>
   <div class='ocr_carea' id='block_1_38' title="bbox 240 2292 1853 2366">
    <p class='ocr_par' dir='ltr' id='par_1_38' title="bbox 240 2292 1853 2366">
     <span class='ocr_line' id='line_1_38' title="bbox 240 2292 1853 2366; baseline -0.002 -16"><span class='ocrx_word' id='word_1_297' title='bbox 240 2296 537 2352; x_wconf 84' lang='lat' dir='ltr'><strong>audierunt</strong></span> <span class='ocrx_word' id='word_1_298' title='bbox 557 2295 852 2366; x_wconf 70' lang='lat' dir='ltr'><strong>:percussi,</strong></span> <span class='ocrx_word' id='word_1_299' title='bbox 876 2309 986 2349; x_wconf 89' lang='lat' dir='ltr'><strong>non</strong></span> <span class='ocrx_word' id='word_1_300' title='bbox 1018 2299 1305 2350; x_wconf 72' lang='lat' dir='ltr'><strong>seuscnmt</strong></span> <span class='ocrx_word' id='word_1_301' title='bbox 1336 2292 1602 2350; x_wconf 81' lang='lat' dir='ltr'><strong>dolorem.</strong></span> <span class='ocrx_word' id='word_1_302' title='bbox 1632 2292 1853 2348; x_wconf 79' lang='lat' dir='ltr'><strong>Dimitto</strong></span> 
     </span>
    </p>
   </div>
   <div class='ocr_carea' id='block_1_39' title="bbox 239 2383 1848 2453">
    <p class='ocr_par' dir='ltr' id='par_1_39' title="bbox 239 2383 1848 2453">
     <span class='ocr_line' id='line_1_39' title="bbox 239 2383 1848 2453; baseline -0.001 -10"><span class='ocrx_word' id='word_1_303' title='bbox 239 2401 341 2443; x_wconf 85' lang='lat' dir='ltr'><strong>eos</strong></span> <span class='ocrx_word' id='word_1_304' title='bbox 372 2387 428 2442; x_wconf 90' lang='lat' dir='ltr'><strong>in</strong></span> <span class='ocrx_word' id='word_1_305' title='bbox 474 2387 848 2442; x_wconf 75' lang='lat' dir='ltr'><strong>voluntatibus</strong></span> <span class='ocrx_word' id='word_1_306' title='bbox 891 2385 1025 2450; x_wconf 79' lang='lat' dir='ltr'><strong>suis.</strong></span> <span class='ocrx_word' id='word_1_307' title='bbox 1059 2393 1120 2441; x_wconf 91' lang='lat' dir='ltr'><strong>ut</strong></span> <span class='ocrx_word' id='word_1_308' title='bbox 1163 2385 1389 2441; x_wconf 81' lang='lat' dir='ltr'><strong>saturati</strong></span> <span class='ocrx_word' id='word_1_309' title='bbox 1418 2383 1564 2441; x_wconf 78' lang='lat' dir='ltr'><strong>vitiis</strong></span> <span class='ocrx_word' id='word_1_310' title='bbox 1598 2384 1735 2453; x_wconf 77' lang='lat' dir='ltr'><strong>stris,</strong></span> <span class='ocrx_word' id='word_1_311' title='bbox 1764 2385 1848 2442; x_wconf 82' lang='lat' dir='ltr'><strong>vel</strong></span> 
     </span>
    </p>
   </div>
   <div class='ocr_carea' id='block_1_40' title="bbox 240 2480 941 2553">
    <p class='ocr_par' dir='ltr' id='par_1_40' title="bbox 240 2480 941 2553">
     <span class='ocr_line' id='line_1_40' title="bbox 240 2480 941 2553; baseline -0.001 -15"><span class='ocrx_word' id='word_1_312' title='bbox 240 2480 331 2539; x_wconf 84' lang='lat' dir='ltr'><strong>sic</strong></span> <span class='ocrx_word' id='word_1_313' title='bbox 350 2492 515 2553; x_wconf 83' lang='lat' dir='ltr'><strong>agant</strong></span> <span class='ocrx_word' id='word_1_314' title='bbox 543 2480 941 2552; x_wconf 72' lang='lat' dir='ltr'><strong>pmuitentiam.</strong></span> 
     </span>
    </p>
   </div>
   <div class='ocr_carea' id='block_1_41' title="bbox 313 2572 1853 2644">
    <p class='ocr_par' dir='ltr' id='par_1_41' title="bbox 313 2572 1853 2644">
     <span class='ocr_line' id='line_1_41' title="bbox 313 2572 1853 2644; baseline 0.001 -16"><span class='ocrx_word' id='word_1_315' title='bbox 313 2572 381 2629; x_wconf 88' lang='lat' dir='ltr'><strong>Si</strong></span> <span class='ocrx_word' id='word_1_316' title='bbox 403 2575 634 2644; x_wconf 76' lang='lat' dir='ltr'><strong>popqus</strong></span> <span class='ocrx_word' id='word_1_317' title='bbox 662 2589 806 2628; x_wconf 82' lang='lat' dir='ltr'><strong>meus</strong></span> <span class='ocrx_word' id='word_1_318' title='bbox 834 2572 1062 2628; x_wconf 83' lang='lat' dir='ltr'><strong>audisset</strong></span> <span class='ocrx_word' id='word_1_319' title='bbox 1092 2589 1192 2629; x_wconf 87' lang='lat' dir='ltr'><strong>me.</strong></span> <span class='ocrx_word' id='word_1_320' title='bbox 1226 2574 1271 2629; x_wconf 88' lang='lat'>0</span> <span class='ocrx_word' id='word_1_321' title='bbox 1295 2573 1721 2629; x_wconf 79' lang='lat' dir='ltr'><strong>clementissime</strong></span> <span class='ocrx_word' id='word_1_322' title='bbox 1752 2572 1853 2629; x_wconf 81' lang='lat' dir='ltr'><strong>Pa-</strong></span> 
     </span>
    </p>
   </div>
   <div class='ocr_carea' id='block_1_42' title="bbox 242 2664 1846 2738">
    <p class='ocr_par' dir='ltr' id='par_1_42' title="bbox 242 2664 1846 2738">
     <span class='ocr_line' id='line_1_42' title="bbox 242 2664 1846 2738; baseline 0.001 -18"><span class='ocrx_word' id='word_1_323' title='bbox 242 2671 350 2735; x_wconf 88' lang='lat' dir='ltr'><strong>ter,</strong></span> <span class='ocrx_word' id='word_1_324' title='bbox 380 2679 417 2720; x_wconf 88' lang='lat' dir='ltr'><strong>o</strong></span> <span class='ocrx_word' id='word_1_325' title='bbox 448 2664 762 2722; x_wconf 75' lang='lat' dir='ltr'><strong>misericors</strong></span> <span class='ocrx_word' id='word_1_326' title='bbox 788 2665 960 2721; x_wconf 85' lang='lat' dir='ltr'><strong>Dens!</strong></span> <span class='ocrx_word' id='word_1_327' title='bbox 992 2665 1247 2738; x_wconf 75' lang='lat' dir='ltr'><strong>Rogavit,</strong></span> <span class='ocrx_word' id='word_1_328' title='bbox 1274 2676 1329 2723; x_wconf 85' lang='lat' dir='ltr'><strong>et</strong></span> <span class='ocrx_word' id='word_1_329' title='bbox 1350 2680 1457 2722; x_wconf 77' lang='lat' dir='ltr'><strong>non</strong></span> <span class='ocrx_word' id='word_1_330' title='bbox 1489 2674 1574 2723; x_wconf 89' lang='lat' dir='ltr'><strong>est</strong></span> <span class='ocrx_word' id='word_1_331' title='bbox 1593 2665 1846 2723; x_wconf 81' lang='lat' dir='ltr'><strong>auditus:</strong></span> 
     </span>
    </p>
   </div>
   <div class='ocr_carea' id='block_1_43' title="bbox 241 2756 1849 2828">
    <p class='ocr_par' dir='ltr' id='par_1_43' title="bbox 241 2756 1849 2828">
     <span class='ocr_line' id='line_1_43' title="bbox 241 2756 1849 2828; baseline 0.002 -17"><span class='ocrx_word' id='word_1_332' title='bbox 241 2756 401 2828; x_wconf 87' lang='lat' dir='ltr'><strong>quasi</strong></span> <span class='ocrx_word' id='word_1_333' title='bbox 460 2757 629 2813; x_wconf 84' lang='lat' dir='ltr'><strong>iratus</strong></span> <span class='ocrx_word' id='word_1_334' title='bbox 684 2757 911 2814; x_wconf 76' lang='lat' dir='ltr'><strong>dimitzit</strong></span> <span class='ocrx_word' id='word_1_335' title='bbox 959 2759 1131 2815; x_wconf 82' lang='lat' dir='ltr'><strong>tilium</strong></span> <span class='ocrx_word' id='word_1_336' title='bbox 1185 2758 1592 2815; x_wconf 71' lang='lat' dir='ltr'><strong>lascivientem.</strong></span> <span class='ocrx_word' id='word_1_337' title='bbox 1650 2756 1849 2815; x_wconf 72' lang='lat' dir='ltr'><strong>lterum</strong></span> 
     </span>
    </p>
   </div>
   <div class='ocr_carea' id='block_1_44' title="bbox 238 2850 1851 2926">
    <p class='ocr_par' dir='ltr' id='par_1_44' title="bbox 238 2850 1851 2926">
     <span class='ocr_line' id='line_1_44' title="bbox 238 2850 1851 2926; baseline 0.001 -19"><span class='ocrx_word' id='word_1_338' title='bbox 238 2850 388 2908; x_wconf 74' lang='lat' dir='ltr'><strong>videt</strong></span> <span class='ocrx_word' id='word_1_339' title='bbox 412 2852 616 2923; x_wconf 76' lang='lat' dir='ltr'><strong>perire,</strong></span> <span class='ocrx_word' id='word_1_340' title='bbox 640 2864 695 2909; x_wconf 81' lang='lat' dir='ltr'><strong>et</strong></span> <span class='ocrx_word' id='word_1_341' title='bbox 717 2853 889 2916; x_wconf 81' lang='lat' dir='ltr'><strong>dolet.</strong></span> <span class='ocrx_word' id='word_1_342' title='bbox 915 2854 1041 2926; x_wconf 75' lang='lat' dir='ltr'><strong>quin</strong></span> <span class='ocrx_word' id='word_1_343' title='bbox 1080 2852 1236 2925; x_wconf 85' lang='lat' dir='ltr'><strong>perit.</strong></span> <span class='ocrx_word' id='word_1_344' title='bbox 1258 2854 1329 2910; x_wconf 79' lang='lat' dir='ltr'><strong>Et</strong></span> <span class='ocrx_word' id='word_1_345' title='bbox 1353 2854 1483 2925; x_wconf 87' lang='lat' dir='ltr'><strong>quid</strong></span> <span class='ocrx_word' id='word_1_346' title='bbox 1506 2852 1851 2911; x_wconf 73' lang='lat' dir='ltr'><strong>dieiltlsrael</strong></span> 
     </span>
    </p>
   </div>
   <div class='ocr_carea' id='block_1_45' title="bbox 238 2944 1850 3019">
    <p class='ocr_par' dir='ltr' id='par_1_45' title="bbox 238 2944 1850 3019">
     <span class='ocr_line' id='line_1_45' title="bbox 238 2944 1850 3019; baseline 0.002 -19"><span class='ocrx_word' id='word_1_347' title='bbox 238 2944 286 3000; x_wconf 84' lang='lat' dir='ltr'><strong>si</strong></span> <span class='ocrx_word' id='word_1_348' title='bbox 304 2945 363 2999; x_wconf 80' lang='lat' dir='ltr'><strong>in</strong></span> <span class='ocrx_word' id='word_1_349' title='bbox 392 2945 492 2999; x_wconf 75' lang='lat' dir='ltr'><strong>aiis</strong></span> <span class='ocrx_word' id='word_1_350' title='bbox 540 2947 666 3000; x_wconf 80' lang='lat' dir='ltr'><strong>meis</strong></span> <span class='ocrx_word' id='word_1_351' title='bbox 714 2946 1050 3014; x_wconf 74' lang='lat' dir='ltr'><strong>entbtttasset,</strong></span> <span class='ocrx_word' id='word_1_352' title='bbox 1082 2963 1177 3019; x_wconf 79' lang='lat' dir='ltr'><strong>prs</strong></span> <span class='ocrx_word' id='word_1_353' title='bbox 1204 2946 1392 3015; x_wconf 74' lang='lat' dir='ltr'><strong>nihilo,</strong></span> <span class='ocrx_word' id='word_1_354' title='bbox 1440 2956 1550 3004; x_wconf 80' lang='lat' dir='ltr'><strong>etc.</strong></span> <span class='ocrx_word' id='word_1_355' title='bbox 1578 2946 1850 3019; x_wconf 83' lang='lat' dir='ltr'><strong>Numquid</strong></span> 
     </span>
    </p>
   </div>
   <div class='ocr_carea' id='block_1_46' title="bbox 239 3037 1851 3109">
    <p class='ocr_par' dir='ltr' id='par_1_46' title="bbox 239 3037 1851 3109">
     <span class='ocr_line' id='line_1_46' title="bbox 239 3037 1851 3109; baseline 0.001 -16"><span class='ocrx_word' id='word_1_356' title='bbox 239 3037 450 3109; x_wconf 80' lang='lat' dir='ltr'><strong>grande</strong></span> <span class='ocrx_word' id='word_1_357' title='bbox 476 3039 608 3094; x_wconf 86' lang='lat' dir='ltr'><strong>mihi</strong></span> <span class='ocrx_word' id='word_1_358' title='bbox 640 3049 764 3095; x_wconf 84' lang='lat' dir='ltr'><strong>erat</strong></span> <span class='ocrx_word' id='word_1_359' title='bbox 804 3039 1042 3097; x_wconf 88' lang='lat' dir='ltr'><strong>liberare</strong></span> <span class='ocrx_word' id='word_1_360' title='bbox 1071 3048 1126 3097; x_wconf 90' lang='lat' dir='ltr'><strong>te</strong></span> <span class='ocrx_word' id='word_1_361' title='bbox 1151 3040 1221 3097; x_wconf 87' lang='lat' dir='ltr'><strong>de</strong></span> <span class='ocrx_word' id='word_1_362' title='bbox 1264 3041 1651 3099; x_wconf 78' lang='lat' dir='ltr'><strong>tribulatione?</strong></span> <span class='ocrx_word' id='word_1_363' title='bbox 1679 3039 1851 3097; x_wconf 85' lang='lat' dir='ltr'><strong>Num—</strong></span> 
     </span>
    </p>
   </div>
   <div class='ocr_carea' id='block_1_47' title="bbox 240 3131 1847 3206">
    <p class='ocr_par' dir='ltr' id='par_1_47' title="bbox 240 3131 1847 3206">
     <span class='ocr_line' id='line_1_47' title="bbox 240 3131 1847 3206; baseline 0.002 -19"><span class='ocrx_word' id='word_1_364' title='bbox 240 3131 372 3203; x_wconf 87' lang='lat' dir='ltr'><strong>quid</strong></span> <span class='ocrx_word' id='word_1_365' title='bbox 432 3148 541 3189; x_wconf 90' lang='lat' dir='ltr'><strong>non</strong></span> <span class='ocrx_word' id='word_1_366' title='bbox 595 3141 838 3205; x_wconf 84' lang='lat' dir='ltr'><strong>poteram</strong></span> <span class='ocrx_word' id='word_1_367' title='bbox 883 3134 1222 3206; x_wconf 70' lang='lat' dir='ltr'><strong>maiestatem</strong></span> <span class='ocrx_word' id='word_1_368' title='bbox 1281 3151 1457 3194; x_wconf 84' lang='lat' dir='ltr'><strong>meam</strong></span> <span class='ocrx_word' id='word_1_369' title='bbox 1509 3135 1744 3203; x_wconf 82' lang='lat' dir='ltr'><strong>mittere,</strong></span> <span class='ocrx_word' id='word_1_370' title='bbox 1792 3144 1847 3193; x_wconf 90' lang='lat' dir='ltr'><strong>et</strong></span> 
     </span>
    </p>
   </div>
   <div class='ocr_carea' id='block_1_48' title="bbox 239 3228 1851 3300">
    <p class='ocr_par' dir='ltr' id='par_1_48' title="bbox 239 3228 1851 3300">
     <span class='ocr_line' id='line_1_48' title="bbox 239 3228 1851 3300; baseline 0.002 -16"><span class='ocrx_word' id='word_1_371' title='bbox 239 3242 442 3285; x_wconf 85' lang='lat' dir='ltr'><strong>eruere</strong></span> <span class='ocrx_word' id='word_1_372' title='bbox 471 3237 525 3285; x_wconf 84' lang='lat' dir='ltr'><strong>te</strong></span> <span class='ocrx_word' id='word_1_373' title='bbox 553 3228 624 3285; x_wconf 89' lang='lat' dir='ltr'><strong>de</strong></span> <span class='ocrx_word' id='word_1_374' title='bbox 652 3229 936 3300; x_wconf 78' lang='lat' dir='ltr'><strong>perit-alo?</strong></span> <span class='ocrx_word' id='word_1_375' title='bbox 964 3229 1074 3287; x_wconf 85' lang='lat' dir='ltr'><strong>Sed</strong></span> <span class='ocrx_word' id='word_1_376' title='bbox 1100 3230 1225 3300; x_wconf 79' lang='lat' dir='ltr'><strong>quia</strong></span> <span class='ocrx_word' id='word_1_377' title='bbox 1252 3230 1430 3286; x_wconf 87' lang='lat' dir='ltr'><strong>dimisi</strong></span> <span class='ocrx_word' id='word_1_378' title='bbox 1460 3240 1514 3287; x_wconf 91' lang='lat' dir='ltr'><strong>te</strong></span> <span class='ocrx_word' id='word_1_379' title='bbox 1560 3230 1735 3286; x_wconf 83' lang='lat' dir='ltr'><strong>libero</strong></span> <span class='ocrx_word' id='word_1_380' title='bbox 1761 3245 1851 3286; x_wconf 87' lang='lat' dir='ltr'><strong>ar-</strong></span> 
     </span>
    </p>
   </div>
   <div class='ocr_carea' id='block_1_49' title="bbox 238 3320 1845 3395">
    <p class='ocr_par' dir='ltr' id='par_1_49' title="bbox 238 3320 1845 3395">
     <span class='ocr_line' id='line_1_49' title="bbox 238 3320 1845 3395; baseline 0.001 -18"><span class='ocrx_word' id='word_1_381' title='bbox 238 3320 430 3390; x_wconf 88' lang='lat' dir='ltr'><strong>bitrio,</strong></span> <span class='ocrx_word' id='word_1_382' title='bbox 462 3331 518 3377; x_wconf 91' lang='lat' dir='ltr'><strong>et</strong></span> <span class='ocrx_word' id='word_1_383' title='bbox 556 3324 793 3379; x_wconf 76' lang='lat' dir='ltr'><strong>stadium</strong></span> <span class='ocrx_word' id='word_1_384' title='bbox 838 3323 934 3379; x_wconf 85' lang='lat' dir='ltr'><strong>tibi</strong></span> <span class='ocrx_word' id='word_1_385' title='bbox 965 3323 1245 3395; x_wconf 87' lang='lat' dir='ltr'><strong>proposui,</strong></span> <span class='ocrx_word' id='word_1_386' title='bbox 1275 3332 1332 3379; x_wconf 88' lang='lat' dir='ltr'><strong>et</strong></span> <span class='ocrx_word' id='word_1_387' title='bbox 1379 3338 1486 3381; x_wconf 87' lang='lat' dir='ltr'><strong>non</strong></span> <span class='ocrx_word' id='word_1_388' title='bbox 1528 3334 1845 3390; x_wconf 77' lang='lat' dir='ltr'><strong>coronatur,</strong></span> 
     </span>
    </p>
   </div>
   <div class='ocr_carea' id='block_1_50' title="bbox 238 3413 1849 3487">
    <p class='ocr_par' dir='ltr' id='par_1_50' title="bbox 238 3413 1849 3487">
     <span class='ocr_line' id='line_1_50' title="bbox 238 3413 1849 3487; baseline 0.004 -20"><span class='ocrx_word' id='word_1_389' title='bbox 238 3413 346 3468; x_wconf 80' lang='lat' dir='ltr'><strong>nisi</strong></span> <span class='ocrx_word' id='word_1_390' title='bbox 378 3414 470 3483; x_wconf 90' lang='lat' dir='ltr'><strong>qui</strong></span> <span class='ocrx_word' id='word_1_391' title='bbox 501 3416 846 3486; x_wconf 72' lang='lat' dir='ltr'><strong>pugnaverit,</strong></span> <span class='ocrx_word' id='word_1_392' title='bbox 870 3424 1162 3487; x_wconf 83' lang='lat' dir='ltr'><strong>propterea</strong></span> <span class='ocrx_word' id='word_1_393' title='bbox 1185 3415 1470 3472; x_wconf 86' lang='lat' dir='ltr'><strong>victoriam</strong></span> <span class='ocrx_word' id='word_1_394' title='bbox 1503 3424 1597 3472; x_wconf 89' lang='lat' dir='ltr'><strong>tuo</strong></span> <span class='ocrx_word' id='word_1_395' title='bbox 1616 3415 1849 3473; x_wconf 84' lang='lat' dir='ltr'><strong>arbitrio</strong></span> 
     </span>
    </p>
   </div>
   <div class='ocr_carea' id='block_1_51' title="bbox 238 3505 980 3581">
    <p class='ocr_par' dir='ltr' id='par_1_51' title="bbox 238 3505 980 3581">
     <span class='ocr_line' id='line_1_51' title="bbox 238 3505 980 3581; baseline 0 -17"><span class='ocrx_word' id='word_1_396' title='bbox 238 3505 564 3577; x_wconf 81' lang='lat' dir='ltr'><strong>derelinquo</strong></span> <span class='ocrx_word' id='word_1_397' title='bbox 590 3508 610 3581; x_wconf 93' lang='lat'>(</span> <span class='ocrx_word' id='word_1_398' title='bbox 644 3507 687 3562; x_wconf 89' lang='lat' dir='ltr'><strong>ll</strong></span> <span class='ocrx_word' id='word_1_399' title='bbox 717 3506 854 3564; x_wconf 83' lang='lat' dir='ltr'><strong>Tim.</strong></span> <span class='ocrx_word' id='word_1_400' title='bbox 886 3511 980 3580; x_wconf 84' lang='grc' dir='ltr'>ιι).</span> 
     </span>
    </p>
   </div>
   <div class='ocr_carea' id='block_1_52' title="bbox 262 3596 1845 3658">
    <p class='ocr_par' dir='ltr' id='par_1_52' title="bbox 262 3596 1845 3658">
     <span class='ocr_line' id='line_1_52' title="bbox 262 3596 1845 3658; baseline 0.005 -8"><span class='ocrx_word' id='word_1_401' title='bbox 262 3618 266 3625; x_wconf 59' lang='grc' dir='ltr'><strong><em>η</em></strong></span> <span class='ocrx_word' id='word_1_402' title='bbox 312 3596 527 3652; x_wconf 81' lang='lat' dir='ltr'><strong>Inimici</strong></span> <span class='ocrx_word' id='word_1_403' title='bbox 548 3598 759 3653; x_wconf 77' lang='lat' dir='ltr'><strong>Domini</strong></span> <span class='ocrx_word' id='word_1_404' title='bbox 781 3601 979 3655; x_wconf 79' lang='lat' dir='ltr'><strong>mentiti</strong></span> <span class='ocrx_word' id='word_1_405' title='bbox 1007 3610 1127 3655; x_wconf 81' lang='lat' dir='ltr'><strong>sunt</strong></span> <span class='ocrx_word' id='word_1_406' title='bbox 1164 3600 1229 3657; x_wconf 83' lang='lat' dir='ltr'><strong>ei.</strong></span> <span class='ocrx_word' id='word_1_407' title='bbox 1263 3601 1320 3658; x_wconf 82' lang='lat' dir='ltr'><strong>lu</strong></span> <span class='ocrx_word' id='word_1_408' title='bbox 1352 3600 1624 3658; x_wconf 82' lang='lat' dir='ltr'><strong>Hebrnieo</strong></span> <span class='ocrx_word' id='word_1_409' title='bbox 1654 3602 1845 3658; x_wconf 83' lang='lat' dir='ltr'><strong>melius</strong></span> 
     </span>
    </p>
   </div>
   <div class='ocr_carea' id='block_1_53' title="bbox 236 3689 1841 3768">
    <p class='ocr_par' dir='ltr' id='par_1_53' title="bbox 236 3689 1841 3768">
     <span class='ocr_line' id='line_1_53' title="bbox 236 3689 1841 3768; baseline 0.003 -24"><span class='ocrx_word' id='word_1_410' title='bbox 236 3689 410 3746; x_wconf 83' lang='lat' dir='ltr'><strong>habet</strong></span> <span class='ocrx_word' id='word_1_411' title='bbox 428 3709 442 3745; x_wconf 88' lang='lat'><strong>:</strong></span> <span class='ocrx_word' id='word_1_412' title='bbox 459 3690 666 3746; x_wconf 72' lang='lat' dir='ltr'><strong>Inimici</strong></span> <span class='ocrx_word' id='word_1_413' title='bbox 695 3689 907 3749; x_wconf 71' lang='lat' dir='ltr'><strong>Domini</strong></span> <span class='ocrx_word' id='word_1_414' title='bbox 928 3696 1185 3768; x_wconf 70' lang='lat' dir='ltr'><strong>negabunt</strong></span> <span class='ocrx_word' id='word_1_415' title='bbox 1213 3712 1351 3763; x_wconf 83' lang='lat' dir='ltr'><strong>eum,</strong></span> <span class='ocrx_word' id='word_1_416' title='bbox 1385 3694 1489 3753; x_wconf 88' lang='lat' dir='ltr'><strong>hoc</strong></span> <span class='ocrx_word' id='word_1_417' title='bbox 1503 3704 1609 3761; x_wconf 82' lang='lat' dir='ltr'><strong>est,</strong></span> <span class='ocrx_word' id='word_1_418' title='bbox 1631 3694 1841 3752; x_wconf 63' lang='lat' dir='ltr'><strong>Judaei:</strong></span> 
     </span>
    </p>
   </div>
   <div class='ocr_carea' id='block_1_54' title="bbox 236 3775 1841 3858">
    <p class='ocr_par' dir='ltr' id='par_1_54' title="bbox 236 3775 1841 3858">
     <span class='ocr_line' id='line_1_54' title="bbox 236 3775 1841 3858; baseline 0.002 -19"><span class='ocrx_word' id='word_1_419' title='bbox 236 3781 450 3840; x_wconf 84' lang='lat' dir='ltr'><strong>inimici</strong></span> <span class='ocrx_word' id='word_1_420' title='bbox 475 3784 620 3840; x_wconf 89' lang='lat' dir='ltr'><strong>enim</strong></span> <span class='ocrx_word' id='word_1_421' title='bbox 652 3785 821 3855; x_wconf 86' lang='lat' dir='ltr'><strong>ipsius</strong></span> <span class='ocrx_word' id='word_1_422' title='bbox 845 3795 1181 3858; x_wconf 84' lang='lat' dir='ltr'><strong>negaverunt</strong></span> <span class='ocrx_word' id='word_1_423' title='bbox 1203 3803 1349 3844; x_wconf 89' lang='lat' dir='ltr'><strong>eum.</strong></span> <span class='ocrx_word' id='word_1_424' title='bbox 1383 3787 1489 3845; x_wconf 87' lang='lat' dir='ltr'><strong>Sed</strong></span> <span class='ocrx_word' id='word_1_425' title='bbox 1520 3775 1615 3843; x_wconf 83' lang='lat' dir='ltr'><strong>isti</strong></span> <span class='ocrx_word' id='word_1_426' title='bbox 1637 3787 1841 3844; x_wconf 82' lang='lat' dir='ltr'><strong>inimici</strong></span> 
     </span>
    </p>
   </div>
   <div class='ocr_carea' id='block_1_55' title="bbox 237 3878 1842 3954">
    <p class='ocr_par' dir='ltr' id='par_1_55' title="bbox 237 3878 1842 3954">
     <span class='ocr_line' id='line_1_55' title="bbox 237 3878 1842 3954; baseline 0.004 -24"><span class='ocrx_word' id='word_1_427' title='bbox 237 3878 330 3948; x_wconf 89' lang='lat' dir='ltr'><strong>qui</strong></span> <span class='ocrx_word' id='word_1_428' title='bbox 360 3878 608 3950; x_wconf 75' lang='lat' dir='ltr'><strong>negaturi</strong></span> <span class='ocrx_word' id='word_1_429' title='bbox 631 3887 760 3934; x_wconf 82' lang='lat' dir='ltr'><strong>sunt</strong></span> <span class='ocrx_word' id='word_1_430' title='bbox 788 3895 935 3946; x_wconf 82' lang='lat' dir='ltr'><strong>eum,</strong></span> <span class='ocrx_word' id='word_1_431' title='bbox 974 3894 1108 3953; x_wconf 85' lang='lat' dir='ltr'><strong>ergo</strong></span> <span class='ocrx_word' id='word_1_432' title='bbox 1136 3882 1383 3954; x_wconf 80' lang='lat' dir='ltr'><strong>perierit?</strong></span> <span class='ocrx_word' id='word_1_433' title='bbox 1412 3896 1544 3952; x_wconf 75' lang='lat' dir='ltr'><strong>ergo</strong></span> <span class='ocrx_word' id='word_1_434' title='bbox 1596 3881 1842 3952; x_wconf 68' lang='lat' dir='ltr'><strong>reliquiae</strong></span> 
     </span>
    </p>
   </div>
   <div class='ocr_carea' id='block_1_56' title="bbox 236 3972 1844 4045">
    <p class='ocr_par' dir='ltr' id='par_1_56' title="bbox 236 3972 1844 4045">
     <span class='ocr_line' id='line_1_56' title="bbox 236 3972 1844 4045; baseline 0.002 -18"><span class='ocrx_word' id='word_1_435' title='bbox 236 3986 347 4027; x_wconf 89' lang='lat' dir='ltr'><strong>non</strong></span> <span class='ocrx_word' id='word_1_436' title='bbox 378 3974 579 4028; x_wconf 80' lang='lat' dir='ltr'><strong>erunt?</strong></span> <span class='ocrx_word' id='word_1_437' title='bbox 606 3972 673 4029; x_wconf 83' lang='lat' dir='ltr'><strong>Et</strong></span> <span class='ocrx_word' id='word_1_438' title='bbox 701 3973 977 4044; x_wconf 89' lang='lat' dir='ltr'><strong>quomodo</strong></span> <span class='ocrx_word' id='word_1_439' title='bbox 997 3975 1191 4045; x_wconf 61' lang='lat' dir='ltr'><strong>iurasti</strong></span> <span class='ocrx_word' id='word_1_440' title='bbox 1250 3973 1504 4041; x_wconf 65' lang='lat' dir='ltr'><strong>Abrabm,</strong></span> <span class='ocrx_word' id='word_1_441' title='bbox 1560 3972 1731 4039; x_wconf 79' lang='lat' dir='ltr'><strong>Isaac,</strong></span> <span class='ocrx_word' id='word_1_442' title='bbox 1785 3981 1844 4030; x_wconf 90' lang='lat' dir='ltr'><strong>et</strong></span> 
     </span>
    </p>
   </div>
   <div class='ocr_carea' id='block_1_57' title="bbox 236 4063 1841 4138">
    <p class='ocr_par' dir='ltr' id='par_1_57' title="bbox 236 4063 1841 4138">
     <span class='ocr_line' id='line_1_57' title="bbox 236 4063 1841 4138; baseline 0.001 -17"><span class='ocrx_word' id='word_1_443' title='bbox 236 4063 409 4121; x_wconf 70' lang='lat' dir='ltr'><strong>Iacob</strong></span> <span class='ocrx_word' id='word_1_444' title='bbox 442 4082 455 4119; x_wconf 90' lang='lat'><strong>:</strong></span> <span class='ocrx_word' id='word_1_445' title='bbox 487 4064 747 4136; x_wconf 89' lang='lat' dir='ltr'><strong>quoniam</strong></span> <span class='ocrx_word' id='word_1_446' title='bbox 799 4080 987 4123; x_wconf 79' lang='lat' dir='ltr'><strong>semen</strong></span> <span class='ocrx_word' id='word_1_447' title='bbox 1045 4067 1286 4137; x_wconf 77' lang='lat' dir='ltr'><strong>ipsorum</strong></span> <span class='ocrx_word' id='word_1_448' title='bbox 1336 4068 1408 4123; x_wconf 89' lang='lat' dir='ltr'><strong>sit</strong></span> <span class='ocrx_word' id='word_1_449' title='bbox 1458 4069 1611 4138; x_wconf 84' lang='lat' dir='ltr'><strong>quasi</strong></span> <span class='ocrx_word' id='word_1_450' title='bbox 1666 4066 1841 4124; x_wconf 75' lang='lat' dir='ltr'><strong>stella:</strong></span> 
     </span>
    </p>
   </div>
   <div class='ocr_carea' id='block_1_58' title="bbox 234 4157 1835 4231">
    <p class='ocr_par' dir='ltr' id='par_1_58' title="bbox 234 4157 1835 4231">
     <span class='ocr_line' id='line_1_58' title="bbox 234 4157 1835 4231; baseline 0.001 -17"><span class='ocrx_word' id='word_1_451' title='bbox 234 4158 359 4215; x_wconf 78' lang='lat' dir='ltr'><strong>cteli</strong></span> <span class='ocrx_word' id='word_1_452' title='bbox 389 4165 447 4215; x_wconf 79' lang='lat' dir='ltr'><strong>et</strong></span> <span class='ocrx_word' id='word_1_453' title='bbox 474 4158 798 4216; x_wconf 86' lang='lat' dir='ltr'><strong>sicutarena</strong></span> <span class='ocrx_word' id='word_1_454' title='bbox 820 4157 1021 4216; x_wconf 84' lang='lat' dir='ltr'><strong>utaris?</strong></span> <span class='ocrx_word' id='word_1_455' title='bbox 1045 4159 1225 4230; x_wconf 84' lang='lat' dir='ltr'><strong>Quare</strong></span> <span class='ocrx_word' id='word_1_456' title='bbox 1250 4160 1547 4230; x_wconf 74' lang='lat' dir='ltr'><strong>promisisti</strong></span> <span class='ocrx_word' id='word_1_457' title='bbox 1571 4160 1835 4231; x_wconf 86' lang='lat' dir='ltr'><strong>patribus,</strong></span> 
     </span>
    </p>
   </div>
   <div class='ocr_carea' id='block_1_59' title="bbox 232 4253 1831 4330">
    <p class='ocr_par' dir='ltr' id='par_1_59' title="bbox 232 4253 1831 4330">
     <span class='ocr_line' id='line_1_59' title="bbox 232 4253 1831 4330; baseline 0.003 -22"><span class='ocrx_word' id='word_1_458' title='bbox 232 4262 291 4308; x_wconf 85' lang='lat' dir='ltr'><strong>et</strong></span> <span class='ocrx_word' id='word_1_459' title='bbox 321 4269 430 4310; x_wconf 87' lang='lat' dir='ltr'><strong>non</strong></span> <span class='ocrx_word' id='word_1_460' title='bbox 483 4253 668 4311; x_wconf 76' lang='lat' dir='ltr'><strong>reddis</strong></span> <span class='ocrx_word' id='word_1_461' title='bbox 705 4253 865 4310; x_wconf 71' lang='lat' dir='ltr'><strong>(iliis?</strong></span> <span class='ocrx_word' id='word_1_462' title='bbox 895 4254 1108 4310; x_wconf 77' lang='lat' dir='ltr'><strong>Inimici</strong></span> <span class='ocrx_word' id='word_1_463' title='bbox 1137 4254 1349 4311; x_wconf 70' lang='lat' dir='ltr'><strong>Domini</strong></span> <span class='ocrx_word' id='word_1_464' title='bbox 1397 4256 1655 4330; x_wconf 74' lang='lat' dir='ltr'><strong>negabunt</strong></span> <span class='ocrx_word' id='word_1_465' title='bbox 1692 4273 1831 4313; x_wconf 80' lang='lat' dir='ltr'><strong>eum.</strong></span> 
     </span>
    </p>
   </div>
   <div class='ocr_carea' id='block_1_60' title="bbox 233 4344 1832 4421">
    <p class='ocr_par' dir='ltr' id='par_1_60' title="bbox 233 4344 1832 4421">
     <span class='ocr_line' id='line_1_60' title="bbox 233 4344 1832 4421; baseline 0.003 -18"><span class='ocrx_word' id='word_1_466' title='bbox 233 4344 345 4403; x_wconf 84' lang='lat' dir='ltr'><strong>Sed</strong></span> <span class='ocrx_word' id='word_1_467' title='bbox 387 4346 517 4418; x_wconf 88' lang='lat' dir='ltr'><strong>quid</strong></span> <span class='ocrx_word' id='word_1_468' title='bbox 550 4346 731 4410; x_wconf 87' lang='lat' dir='ltr'><strong>dicit?_</strong></span> <span class='ocrx_word' id='word_1_469' title='bbox 776 4346 843 4401; x_wconf 76' lang='lat' dir='ltr'><strong>Et</strong></span> <span class='ocrx_word' id='word_1_470' title='bbox 878 4349 975 4403; x_wconf 85' lang='lat' dir='ltr'><strong>erit</strong></span> <span class='ocrx_word' id='word_1_471' title='bbox 1013 4357 1208 4421; x_wconf 83' lang='lat' dir='ltr'><strong>tempus</strong></span> <span class='ocrx_word' id='word_1_472' title='bbox 1246 4364 1426 4404; x_wconf 75' lang='lat' dir='ltr'><strong>eorum</strong></span> <span class='ocrx_word' id='word_1_473' title='bbox 1469 4348 1527 4405; x_wconf 66' lang='lat' dir='ltr'><strong>in</strong></span> <span class='ocrx_word' id='word_1_474' title='bbox 1565 4349 1832 4407; x_wconf 65' lang='lat' dir='ltr'><strong>mentum.</strong></span> 
     </span>
    </p>
   </div>
   <div class='ocr_carea' id='block_1_61' title="bbox 233 4440 1837 4515">
    <p class='ocr_par' dir='ltr' id='par_1_61' title="bbox 233 4440 1837 4515">
     <span class='ocr_line' id='line_1_61' title="bbox 233 4440 1837 4515; baseline 0.001 -18"><span class='ocrx_word' id='word_1_475' title='bbox 233 4440 667 4515; x_wconf 75' lang='lat' dir='ltr'><strong>Cumintroicrlt</strong></span> <span class='ocrx_word' id='word_1_476' title='bbox 697 4442 980 4513; x_wconf 82' lang='lat' dir='ltr'><strong>plenitudo</strong></span> <span class='ocrx_word' id='word_1_477' title='bbox 1007 4444 1271 4514; x_wconf 83' lang='lat' dir='ltr'><strong>gentium,</strong></span> <span class='ocrx_word' id='word_1_478' title='bbox 1314 4450 1441 4501; x_wconf 84' lang='lat' dir='ltr'><strong>tunc</strong></span> <span class='ocrx_word' id='word_1_479' title='bbox 1464 4443 1643 4501; x_wconf 88' lang='lat' dir='ltr'><strong>omnis</strong></span> <span class='ocrx_word' id='word_1_480' title='bbox 1669 4442 1837 4500; x_wconf 84' lang='lat' dir='ltr'><strong>Israel</strong></span> 
     </span>
    </p>
   </div>
   <div class='ocr_carea' id='block_1_62' title="bbox 231 4535 1833 4611">
    <p class='ocr_par' dir='ltr' id='par_1_62' title="bbox 231 4535 1833 4611">
     <span class='ocr_line' id='line_1_62' title="bbox 231 4535 1833 4611; baseline 0.001 -18"><span class='ocrx_word' id='word_1_481' title='bbox 231 4538 423 4594; x_wconf 85' lang='lat' dir='ltr'><strong>salvus</strong></span> <span class='ocrx_word' id='word_1_482' title='bbox 450 4535 586 4610; x_wconf 84' lang='lat' dir='ltr'><strong>liet(</strong></span> <span class='ocrx_word' id='word_1_483' title='bbox 619 4536 771 4593; x_wconf 79' lang='lat' dir='ltr'><strong>80m.</strong></span> <span class='ocrx_word' id='word_1_484' title='bbox 795 4535 901 4611; x_wconf 75' lang='lat' dir='ltr'><strong>st).</strong></span> <span class='ocrx_word' id='word_1_485' title='bbox 942 4537 996 4592; x_wconf 92' lang='lat' dir='ltr'><strong>In</strong></span> <span class='ocrx_word' id='word_1_486' title='bbox 1035 4537 1217 4594; x_wconf 85' lang='lat' dir='ltr'><strong>futuro</strong></span> <span class='ocrx_word' id='word_1_487' title='bbox 1244 4537 1493 4606; x_wconf 89' lang='lat' dir='ltr'><strong>credent,</strong></span> <span class='ocrx_word' id='word_1_488' title='bbox 1537 4537 1698 4595; x_wconf 82' lang='lat' dir='ltr'><strong>modo</strong></span> <span class='ocrx_word' id='word_1_489' title='bbox 1726 4553 1833 4594; x_wconf 89' lang='lat' dir='ltr'><strong>non</strong></span> 
     </span>
    </p>
   </div>
   <div class='ocr_carea' id='block_1_63' title="bbox 234 4587 1923 4688">
    <p class='ocr_par' dir='ltr' id='par_1_63' title="bbox 234 4587 1923 4688">
     <span class='ocr_line' id='line_1_63' title="bbox 234 4587 1923 4688; baseline 0 -1"><span class='ocrx_word' id='word_1_490' title='bbox 234 4587 1169 4687; x_wconf 56' lang='lat' dir='ltr'><strong>;.ia.;;.z.&quot;u..;&quot;a.;.;:a&#39;</strong></span> <span class='ocrx_word' id='word_1_491' title='bbox 1188 4587 1693 4688; x_wconf 56' lang='grc' dir='ltr'><strong>Ξυῦεὲῖλὲῗεξίἑιῖἱ</strong></span> <span class='ocrx_word' id='word_1_492' title='bbox 1726 4587 1836 4687; x_wconf 61' lang='lat' dir='ltr'><strong>gi;</strong></span> <span class='ocrx_word' id='word_1_493' title='bbox 1860 4587 1923 4657; x_wconf 69' lang='grc' dir='ltr'><strong>υ</strong></span> 
     </span>
    </p>
   </div>
   <div class='ocr_carea' id='block_1_64' title="bbox 230 4722 1841 4797">
    <p class='ocr_par' dir='ltr' id='par_1_64' title="bbox 230 4722 1841 4797">
     <span class='ocr_line' id='line_1_64' title="bbox 230 4722 1841 4797; baseline 0.001 -17"><span class='ocrx_word' id='word_1_494' title='bbox 230 4723 593 4797; x_wconf 82' lang='lat' dir='ltr'><strong>applaudcre,</strong></span> <span class='ocrx_word' id='word_1_495' title='bbox 624 4736 678 4781; x_wconf 79' lang='lat' dir='ltr'><strong>et</strong></span> <span class='ocrx_word' id='word_1_496' title='bbox 704 4722 887 4781; x_wconf 81' lang='lat' dir='ltr'><strong>dicere</strong></span> <span class='ocrx_word' id='word_1_497' title='bbox 916 4742 926 4778; x_wconf 94' lang='lat'>:</span> <span class='ocrx_word' id='word_1_498' title='bbox 958 4722 1025 4778; x_wconf 77' lang='lat' dir='ltr'><strong>Et</strong></span> <span class='ocrx_word' id='word_1_499' title='bbox 1045 4725 1143 4780; x_wconf 86' lang='lat' dir='ltr'><strong>erit</strong></span> <span class='ocrx_word' id='word_1_500' title='bbox 1162 4733 1362 4795; x_wconf 77' lang='lat' dir='ltr'><strong>tempus</strong></span> <span class='ocrx_word' id='word_1_501' title='bbox 1411 4741 1585 4780; x_wconf 82' lang='lat' dir='ltr'><strong>eorum</strong></span> <span class='ocrx_word' id='word_1_502' title='bbox 1609 4726 1663 4781; x_wconf 79' lang='lat' dir='ltr'><strong>in</strong></span> <span class='ocrx_word' id='word_1_503' title='bbox 1692 4735 1841 4781; x_wconf 69' lang='lat' dir='ltr'><strong>teta-</strong></span> 
     </span>
    </p>
   </div>
   <div class='ocr_carea' id='block_1_65' title="bbox 231 4816 1838 4886">
    <p class='ocr_par' dir='ltr' id='par_1_65' title="bbox 231 4816 1838 4886">
     <span class='ocr_line' id='line_1_65' title="bbox 231 4816 1838 4886; baseline 0.001 -14"><span class='ocrx_word' id='word_1_504' title='bbox 231 4833 381 4874; x_wconf 65' lang='grc' dir='ltr'><strong>παθη.</strong></span> <span class='ocrx_word' id='word_1_505' title='bbox 425 4816 540 4874; x_wconf 84' lang='lat' dir='ltr'><strong>Nos</strong></span> <span class='ocrx_word' id='word_1_506' title='bbox 566 4817 838 4886; x_wconf 81' lang='lat' dir='ltr'><strong>dicamus,</strong></span> <span class='ocrx_word' id='word_1_507' title='bbox 870 4832 1058 4874; x_wconf 86' lang='lat' dir='ltr'><strong>verum</strong></span> <span class='ocrx_word' id='word_1_508' title='bbox 1079 4825 1166 4874; x_wconf 86' lang='lat' dir='ltr'><strong>est</strong></span> <span class='ocrx_word' id='word_1_509' title='bbox 1196 4836 1207 4872; x_wconf 87' lang='lat'><strong>:</strong></span> <span class='ocrx_word' id='word_1_510' title='bbox 1238 4818 1495 4874; x_wconf 78' lang='lat' dir='ltr'><strong>credituri</strong></span> <span class='ocrx_word' id='word_1_511' title='bbox 1526 4819 1671 4874; x_wconf 83' lang='lat' dir='ltr'><strong>enim</strong></span> <span class='ocrx_word' id='word_1_512' title='bbox 1709 4825 1838 4875; x_wconf 88' lang='lat' dir='ltr'><strong>sunt</strong></span> 
     </span>
    </p>
   </div>
   <div class='ocr_carea' id='block_1_66' title="bbox 226 4910 1832 4986">
    <p class='ocr_par' dir='ltr' id='par_1_66' title="bbox 226 4910 1832 4986">
     <span class='ocr_line' id='line_1_66' title="bbox 226 4910 1832 4986; baseline -0.002 -16"><span class='ocrx_word' id='word_1_513' title='bbox 226 4912 302 4970; x_wconf 88' lang='lat' dir='ltr'><strong>de</strong></span> <span class='ocrx_word' id='word_1_514' title='bbox 332 4911 562 4970; x_wconf 65' lang='lat' dir='ltr'><strong>Iudaeis.</strong></span> <span class='ocrx_word' id='word_1_515' title='bbox 584 4912 830 4985; x_wconf 86' lang='lat' dir='ltr'><strong>Denique</strong></span> <span class='ocrx_word' id='word_1_516' title='bbox 852 4911 1081 4986; x_wconf 85' lang='lat' dir='ltr'><strong>legimus</strong></span> <span class='ocrx_word' id='word_1_517' title='bbox 1110 4912 1163 4968; x_wconf 92' lang='lat' dir='ltr'><strong>in</strong></span> <span class='ocrx_word' id='word_1_518' title='bbox 1207 4910 1531 4985; x_wconf 78' lang='lat' dir='ltr'><strong>Apocalypsi</strong></span> <span class='ocrx_word' id='word_1_519' title='bbox 1584 4912 1832 4979; x_wconf 84' lang='lat' dir='ltr'><strong>Joannis,</strong></span> 
     </span>
    </p>
   </div>
   <div class='ocr_carea' id='block_1_67' title="bbox 226 5004 1832 5079">
    <p class='ocr_par' dir='ltr' id='par_1_67' title="bbox 226 5004 1832 5079">
     <span class='ocr_line' id='line_1_67' title="bbox 226 5004 1832 5079; baseline -0.001 -15"><span class='ocrx_word' id='word_1_520' title='bbox 226 5006 522 5064; x_wconf 84' lang='lat' dir='ltr'><strong>duodecim</strong></span> <span class='ocrx_word' id='word_1_521' title='bbox 546 5006 711 5062; x_wconf 81' lang='lat' dir='ltr'><strong>millia</strong></span> <span class='ocrx_word' id='word_1_522' title='bbox 737 5006 808 5063; x_wconf 87' lang='lat' dir='ltr'><strong>de</strong></span> <span class='ocrx_word' id='word_1_523' title='bbox 829 5006 1057 5079; x_wconf 75' lang='lat' dir='ltr'><strong>singulis</strong></span> <span class='ocrx_word' id='word_1_524' title='bbox 1076 5004 1348 5074; x_wconf 77' lang='lat' dir='ltr'><strong>tribubus,</strong></span> <span class='ocrx_word' id='word_1_525' title='bbox 1372 5004 1477 5062; x_wconf 82' lang='lat' dir='ltr'><strong>ltoc</strong></span> <span class='ocrx_word' id='word_1_526' title='bbox 1494 5014 1599 5072; x_wconf 85' lang='lat' dir='ltr'><strong>est,</strong></span> <span class='ocrx_word' id='word_1_527' title='bbox 1613 5013 1832 5063; x_wconf 84' lang='lat' dir='ltr'><strong>centum</strong></span> 
     </span>
    </p>
   </div>
   <div class='ocr_carea' id='block_1_68' title="bbox 224 5099 1834 5175">
    <p class='ocr_par' dir='ltr' id='par_1_68' title="bbox 224 5099 1834 5175">
     <span class='ocr_line' id='line_1_68' title="bbox 224 5099 1834 5175; baseline -0.002 -17"><span class='ocrx_word' id='word_1_528' title='bbox 224 5102 593 5175; x_wconf 79' lang='lat' dir='ltr'><strong>quadraginta</strong></span> <span class='ocrx_word' id='word_1_529' title='bbox 624 5109 855 5172; x_wconf 87' lang='lat' dir='ltr'><strong>quatuor</strong></span> <span class='ocrx_word' id='word_1_530' title='bbox 884 5101 1052 5157; x_wconf 85' lang='lat' dir='ltr'><strong>millia</strong></span> <span class='ocrx_word' id='word_1_531' title='bbox 1082 5100 1381 5167; x_wconf 76' lang='lat' dir='ltr'><strong>creditura,</strong></span> <span class='ocrx_word' id='word_1_532' title='bbox 1412 5107 1471 5156; x_wconf 85' lang='lat' dir='ltr'><strong>et</strong></span> <span class='ocrx_word' id='word_1_533' title='bbox 1499 5099 1605 5157; x_wconf 88' lang='lat' dir='ltr'><strong>hoc</strong></span> <span class='ocrx_word' id='word_1_534' title='bbox 1632 5099 1834 5157; x_wconf 83' lang='lat' dir='ltr'><strong>dicitur</strong></span> 
     </span>
    </p>
   </div>
   <div class='ocr_carea' id='block_1_69' title="bbox 222 5193 1833 5268">
    <p class='ocr_par' dir='ltr' id='par_1_69' title="bbox 222 5193 1833 5268">
     <span class='ocr_line' id='line_1_69' title="bbox 222 5193 1833 5268; baseline -0.002 -15"><span class='ocrx_word' id='word_1_535' title='bbox 222 5196 507 5268; x_wconf 68' lang='lat' dir='ltr'><strong>virginum</strong></span> <span class='ocrx_word' id='word_1_536' title='bbox 536 5210 678 5252; x_wconf 78' lang='lat' dir='ltr'><strong>esse.</strong></span> <span class='ocrx_word' id='word_1_537' title='bbox 724 5194 826 5253; x_wconf 72' lang='lat' dir='ltr'><strong>[lbi</strong></span> <span class='ocrx_word' id='word_1_538' title='bbox 856 5203 1037 5251; x_wconf 77' lang='lat' dir='ltr'><strong>autem</strong></span> <span class='ocrx_word' id='word_1_539' title='bbox 1067 5193 1330 5263; x_wconf 81' lang='lat' dir='ltr'><strong>virginum</strong></span> <span class='ocrx_word' id='word_1_540' title='bbox 1362 5200 1543 5249; x_wconf 80' lang='lat' dir='ltr'><strong>tantus</strong></span> <span class='ocrx_word' id='word_1_541' title='bbox 1572 5207 1833 5249; x_wconf 88' lang='lat' dir='ltr'><strong>numerus</strong></span> 
     </span>
    </p>
   </div>
   <div class='ocr_carea' id='block_1_70' title="bbox 139 5281 1832 5362">
    <p class='ocr_par' dir='ltr' id='par_1_70' title="bbox 139 5281 1832 5362">
     <span class='ocr_line' id='line_1_70' title="bbox 139 5281 1832 5362; baseline -0.004 -11"><span class='ocrx_word' id='word_1_542' title='bbox 139 5281 153 5292; x_wconf 77' lang='grc'><em>’</em></span> <span class='ocrx_word' id='word_1_543' title='bbox 224 5290 363 5356; x_wconf 67' lang='lat' dir='ltr'><strong>erit,</strong></span> <span class='ocrx_word' id='word_1_544' title='bbox 386 5303 501 5347; x_wconf 79' lang='lat' dir='ltr'><strong>non</strong></span> <span class='ocrx_word' id='word_1_545' title='bbox 523 5290 791 5362; x_wconf 78' lang='lat' dir='ltr'><strong>virginum</strong></span> <span class='ocrx_word' id='word_1_546' title='bbox 815 5299 1051 5361; x_wconf 69' lang='lat' dir='ltr'><strong>(loeutus</strong></span> <span class='ocrx_word' id='word_1_547' title='bbox 1076 5290 1219 5346; x_wconf 71' lang='lat' dir='ltr'><strong>erit?</strong></span> <span class='ocrx_word' id='word_1_548' title='bbox 1240 5288 1383 5360; x_wconf 77' lang='lat' dir='ltr'><strong>Ergo</strong></span> <span class='ocrx_word' id='word_1_549' title='bbox 1394 5296 1449 5345; x_wconf 87' lang='lat' dir='ltr'><strong>et</strong></span> <span class='ocrx_word' id='word_1_550' title='bbox 1470 5303 1570 5343; x_wconf 86' lang='lat' dir='ltr'><strong>nos</strong></span> <span class='ocrx_word' id='word_1_551' title='bbox 1587 5288 1832 5344; x_wconf 78' lang='lat' dir='ltr'><strong>dicamus</strong></span> 
     </span>
    </p>
   </div>
   <div class='ocr_carea' id='block_1_71' title="bbox 223 5381 1823 5453">
    <p class='ocr_par' dir='ltr' id='par_1_71' title="bbox 223 5381 1823 5453">
     <span class='ocr_line' id='line_1_71' title="bbox 223 5381 1823 5453; baseline -0.005 -11"><span class='ocrx_word' id='word_1_552' title='bbox 223 5383 463 5450; x_wconf 64' lang='lat' dir='ltr'><strong>Jttdmis,</strong></span> <span class='ocrx_word' id='word_1_553' title='bbox 510 5389 566 5438; x_wconf 88' lang='lat' dir='ltr'><strong>et</strong></span> <span class='ocrx_word' id='word_1_554' title='bbox 604 5397 713 5438; x_wconf 82' lang='lat' dir='ltr'><strong>non</strong></span> <span class='ocrx_word' id='word_1_555' title='bbox 762 5381 865 5438; x_wconf 88' lang='lat' dir='ltr'><strong>crit</strong></span> <span class='ocrx_word' id='word_1_556' title='bbox 919 5391 1129 5453; x_wconf 86' lang='lat' dir='ltr'><strong>tempus</strong></span> <span class='ocrx_word' id='word_1_557' title='bbox 1186 5388 1423 5437; x_wconf 68' lang='lat' dir='ltr'><strong>vesnum</strong></span> <span class='ocrx_word' id='word_1_558' title='bbox 1453 5382 1507 5437; x_wconf 88' lang='lat' dir='ltr'><strong>in</strong></span> <span class='ocrx_word' id='word_1_559' title='bbox 1539 5391 1823 5450; x_wconf 68' lang='lat' dir='ltr'><strong>attentum,</strong></span> 
     </span>
    </p>
   </div>
   <div class='ocr_carea' id='block_1_72' title="bbox 217 5474 1832 5548">
    <p class='ocr_par' dir='ltr' id='par_1_72' title="bbox 217 5474 1832 5548">
     <span class='ocr_line' id='line_1_72' title="bbox 217 5474 1832 5548; baseline -0.001 -13"><span class='ocrx_word' id='word_1_560' title='bbox 217 5477 342 5535; x_wconf 77' lang='lat' dir='ltr'><strong>hoc</strong></span> <span class='ocrx_word' id='word_1_561' title='bbox 375 5485 484 5544; x_wconf 82' lang='lat' dir='ltr'><strong>est,</strong></span> <span class='ocrx_word' id='word_1_562' title='bbox 539 5477 594 5533; x_wconf 80' lang='lat' dir='ltr'><strong>iu</strong></span> <span class='ocrx_word' id='word_1_563' title='bbox 655 5476 835 5533; x_wconf 87' lang='lat' dir='ltr'><strong>futuro</strong></span> <span class='ocrx_word' id='word_1_564' title='bbox 884 5477 1103 5534; x_wconf 64' lang='lat' dir='ltr'><strong>sarculo.</strong></span> <span class='ocrx_word' id='word_1_565' title='bbox 1156 5474 1262 5532; x_wconf 82' lang='lat' dir='ltr'><strong>Sed</strong></span> <span class='ocrx_word' id='word_1_566' title='bbox 1303 5474 1370 5531; x_wconf 86' lang='lat' dir='ltr'><strong>ad</strong></span> <span class='ocrx_word' id='word_1_567' title='bbox 1431 5484 1482 5531; x_wconf 90' lang='grc' dir='ltr'><strong>ιε</strong></span> <span class='ocrx_word' id='word_1_568' title='bbox 1525 5476 1614 5548; x_wconf 80' lang='lat' dir='ltr'><strong>qui</strong></span> <span class='ocrx_word' id='word_1_569' title='bbox 1668 5475 1832 5535; x_wconf 85' lang='lat' dir='ltr'><strong>hodie</strong></span> 
     </span>
    </p>
   </div>
   <div class='ocr_carea' id='block_1_73' title="bbox 216 5569 1830 5644">
    <p class='ocr_par' dir='ltr' id='par_1_73' title="bbox 216 5569 1830 5644">
     <span class='ocr_line' id='line_1_73' title="bbox 216 5569 1830 5644; baseline -0.003 -14"><span class='ocrx_word' id='word_1_570' title='bbox 216 5588 339 5631; x_wconf 87' lang='lat' dir='ltr'><strong>non</strong></span> <span class='ocrx_word' id='word_1_571' title='bbox 387 5571 591 5640; x_wconf 77' lang='lat' dir='ltr'><strong>credis,</strong></span> <span class='ocrx_word' id='word_1_572' title='bbox 621 5572 745 5643; x_wconf 88' lang='lat' dir='ltr'><strong>quid</strong></span> <span class='ocrx_word' id='word_1_573' title='bbox 803 5570 1067 5642; x_wconf 78' lang='lat' dir='ltr'><strong>pertinet?</strong></span> <span class='ocrx_word' id='word_1_574' title='bbox 1097 5569 1164 5625; x_wconf 84' lang='lat' dir='ltr'><strong>Et</strong></span> <span class='ocrx_word' id='word_1_575' title='bbox 1188 5569 1285 5626; x_wconf 76' lang='lat' dir='ltr'><strong>erit</strong></span> <span class='ocrx_word' id='word_1_576' title='bbox 1335 5579 1530 5644; x_wconf 79' lang='lat' dir='ltr'><strong>tempus</strong></span> <span class='ocrx_word' id='word_1_577' title='bbox 1576 5572 1830 5629; x_wconf 80' lang='lat' dir='ltr'><strong>eorumin</strong></span> 
     </span>
    </p>
   </div>
   <div class='ocr_carea' id='block_1_74' title="bbox 213 5663 1646 5735">
    <p class='ocr_par' dir='ltr' id='par_1_74' title="bbox 213 5663 1646 5735">
     <span class='ocr_line' id='line_1_74' title="bbox 213 5663 1646 5735; baseline -0.003 -11"><span class='ocrx_word' id='word_1_578' title='bbox 213 5666 505 5724; x_wconf 62' lang='lat' dir='ltr'><strong>saccutum.</strong></span> <span class='ocrx_word' id='word_1_579' title='bbox 560 5664 904 5720; x_wconf 82' lang='lat' dir='ltr'><strong>inimicorum</strong></span> <span class='ocrx_word' id='word_1_580' title='bbox 952 5663 1047 5720; x_wconf 85' lang='lat' dir='ltr'><strong>Dei</strong></span> <span class='ocrx_word' id='word_1_581' title='bbox 1076 5663 1233 5735; x_wconf 67' lang='lat' dir='ltr'><strong>quale</strong></span> <span class='ocrx_word' id='word_1_582' title='bbox 1266 5674 1481 5735; x_wconf 82' lang='lat' dir='ltr'><strong>tempus</strong></span> <span class='ocrx_word' id='word_1_583' title='bbox 1520 5664 1646 5719; x_wconf 79' lang='lat' dir='ltr'><strong>erit.</strong></span> 
     </span>
    </p>
   </div>
   <div class='ocr_carea' id='block_1_75' title="bbox 300 5755 1827 5828">
    <p class='ocr_par' dir='ltr' id='par_1_75' title="bbox 300 5755 1827 5828">
     <span class='ocr_line' id='line_1_75' title="bbox 300 5755 1827 5828; baseline 0.001 -16"><span class='ocrx_word' id='word_1_584' title='bbox 300 5756 371 5813; x_wconf 79' lang='lat' dir='ltr'><strong>Et</strong></span> <span class='ocrx_word' id='word_1_585' title='bbox 399 5757 586 5812; x_wconf 66' lang='lat' dir='ltr'><strong>cibattit</strong></span> <span class='ocrx_word' id='word_1_586' title='bbox 640 5772 725 5812; x_wconf 82' lang='lat' dir='ltr'><strong>eos</strong></span> <span class='ocrx_word' id='word_1_587' title='bbox 766 5773 831 5812; x_wconf 64' lang='lat' dir='ltr'><strong>eui</strong></span> <span class='ocrx_word' id='word_1_588' title='bbox 874 5756 1030 5828; x_wconf 80' lang='lat' dir='ltr'><strong>adipe</strong></span> <span class='ocrx_word' id='word_1_589' title='bbox 1058 5755 1325 5827; x_wconf 73' lang='lat' dir='ltr'><strong>frumenti.</strong></span> <span class='ocrx_word' id='word_1_590' title='bbox 1385 5755 1596 5814; x_wconf 77' lang='lat' dir='ltr'><strong>lttdusit</strong></span> <span class='ocrx_word' id='word_1_591' title='bbox 1631 5774 1724 5813; x_wconf 80' lang='lat' dir='ltr'><strong>eus</strong></span> <span class='ocrx_word' id='word_1_592' title='bbox 1775 5758 1827 5814; x_wconf 88' lang='lat' dir='ltr'><strong>in</strong></span> 
     </span>
    </p>
   </div>
   <div class='ocr_carea' id='block_1_76' title="bbox 212 5848 1825 5923">
    <p class='ocr_par' dir='ltr' id='par_1_76' title="bbox 212 5848 1825 5923">
     <span class='ocr_line' id='line_1_76' title="bbox 212 5848 1825 5923; baseline -0.001 -12"><span class='ocrx_word' id='word_1_593' title='bbox 212 5856 438 5911; x_wconf 61' lang='lat' dir='ltr'><strong>terram</strong></span> <span class='ocrx_word' id='word_1_594' title='bbox 469 5850 910 5923; x_wconf 73' lang='lat' dir='ltr'><strong>repromissionis</strong></span> <span class='ocrx_word' id='word_1_595' title='bbox 945 5848 1183 5906; x_wconf 85' lang='lat' dir='ltr'><strong>:cibavit</strong></span> <span class='ocrx_word' id='word_1_596' title='bbox 1206 5864 1316 5908; x_wconf 85' lang='lat' dir='ltr'><strong>non</strong></span> <span class='ocrx_word' id='word_1_597' title='bbox 1339 5864 1538 5908; x_wconf 85' lang='lat' dir='ltr'><strong>manna</strong></span> <span class='ocrx_word' id='word_1_598' title='bbox 1568 5857 1626 5907; x_wconf 88' lang='lat' dir='ltr'><strong>ut</strong></span> <span class='ocrx_word' id='word_1_599' title='bbox 1656 5849 1709 5907; x_wconf 90' lang='lat' dir='ltr'><strong>in</strong></span> <span class='ocrx_word' id='word_1_600' title='bbox 1736 5850 1825 5909; x_wconf 34' lang='lat' dir='ltr'><strong>de.</strong></span> 
     </span>
    </p>
   </div>
   <div class='ocr_carea' id='block_1_77' title="bbox 1954 1922 3560 1998">
    <p class='ocr_par' dir='ltr' id='par_1_77' title="bbox 1954 1922 3560 1998">
     <span class='ocr_line' id='line_1_77' title="bbox 1954 1922 3560 1998; baseline 0.001 -19"><span class='ocrx_word' id='word_1_601' title='bbox 1954 1938 2104 1991; x_wconf 91' lang='lat' dir='ltr'><strong>nem,</strong></span> <span class='ocrx_word' id='word_1_602' title='bbox 2128 1923 2291 1995; x_wconf 88' lang='lat' dir='ltr'><strong>utqui</strong></span> <span class='ocrx_word' id='word_1_603' title='bbox 2318 1925 2372 1978; x_wconf 86' lang='lat' dir='ltr'><strong>in</strong></span> <span class='ocrx_word' id='word_1_604' title='bbox 2398 1922 2541 1996; x_wconf 83' lang='lat' dir='ltr'><strong>Lege</strong></span> <span class='ocrx_word' id='word_1_605' title='bbox 2568 1924 2815 1981; x_wconf 81' lang='lat' dir='ltr'><strong>biberant</strong></span> <span class='ocrx_word' id='word_1_606' title='bbox 2844 1927 3146 1998; x_wconf 79' lang='lat' dir='ltr'><strong>myrrham,</strong></span> <span class='ocrx_word' id='word_1_607' title='bbox 3166 1926 3269 1982; x_wconf 86' lang='lat' dir='ltr'><strong>hoc</strong></span> <span class='ocrx_word' id='word_1_608' title='bbox 3285 1935 3389 1995; x_wconf 88' lang='lat' dir='ltr'><strong>est,</strong></span> <span class='ocrx_word' id='word_1_609' title='bbox 3412 1942 3560 1981; x_wconf 82' lang='lat' dir='ltr'><strong>anta-</strong></span> 
     </span>
    </p>
   </div>
   <div class='ocr_carea' id='block_1_78' title="bbox 1953 2015 3559 2091">
    <p class='ocr_par' dir='ltr' id='par_1_78' title="bbox 1953 2015 3559 2091">
     <span class='ocr_line' id='line_1_78' title="bbox 1953 2015 3559 2091; baseline -0.001 -18"><span class='ocrx_word' id='word_1_610' title='bbox 1953 2015 2246 2075; x_wconf 81' lang='lat' dir='ltr'><strong>ritudinem</strong></span> <span class='ocrx_word' id='word_1_611' title='bbox 2271 2036 2283 2073; x_wconf 95' lang='lat'>:</span> <span class='ocrx_word' id='word_1_612' title='bbox 2307 2027 2496 2091; x_wconf 89' lang='lat' dir='ltr'><strong>postca</strong></span> <span class='ocrx_word' id='word_1_613' title='bbox 2528 2018 2581 2075; x_wconf 89' lang='lat' dir='ltr'><strong>itt</strong></span> <span class='ocrx_word' id='word_1_614' title='bbox 2607 2019 2902 2091; x_wconf 77' lang='lat' dir='ltr'><strong>Evangelia</strong></span> <span class='ocrx_word' id='word_1_615' title='bbox 2931 2019 3222 2087; x_wconf 82' lang='lat' dir='ltr'><strong>cnmcdant</strong></span> <span class='ocrx_word' id='word_1_616' title='bbox 3244 2020 3349 2075; x_wconf 89' lang='lat' dir='ltr'><strong>mel</strong></span> <span class='ocrx_word' id='word_1_617' title='bbox 3385 2021 3559 2076; x_wconf 79' lang='lat' dir='ltr'><strong>Evan-</strong></span> 
     </span>
    </p>
   </div>
   <div class='ocr_carea' id='block_1_79' title="bbox 1950 2108 3449 2183">
    <p class='ocr_par' dir='ltr' id='par_1_79' title="bbox 1950 2108 3449 2183">
     <span class='ocr_line' id='line_1_79' title="bbox 1950 2108 3449 2183; baseline 0 -17"><span class='ocrx_word' id='word_1_618' title='bbox 1950 2108 2077 2181; x_wconf 78' lang='lat' dir='ltr'><strong>gelii</strong></span> <span class='ocrx_word' id='word_1_619' title='bbox 2108 2128 2120 2163; x_wconf 91' lang='lat'>:</span> <span class='ocrx_word' id='word_1_620' title='bbox 2150 2110 2234 2167; x_wconf 85' lang='lat' dir='ltr'><strong>cui</strong></span> <span class='ocrx_word' id='word_1_621' title='bbox 2264 2118 2350 2167; x_wconf 84' lang='lat' dir='ltr'><strong>est</strong></span> <span class='ocrx_word' id='word_1_622' title='bbox 2375 2110 2546 2183; x_wconf 77' lang='lat' dir='ltr'><strong>gloria</strong></span> <span class='ocrx_word' id='word_1_623' title='bbox 2578 2111 2630 2167; x_wconf 90' lang='lat' dir='ltr'><strong>in</strong></span> <span class='ocrx_word' id='word_1_624' title='bbox 2659 2110 2857 2167; x_wconf 70' lang='lat' dir='ltr'><strong>smcula</strong></span> <span class='ocrx_word' id='word_1_625' title='bbox 2884 2112 3229 2169; x_wconf 68' lang='lat' dir='ltr'><strong>szccttlornm.</strong></span> <span class='ocrx_word' id='word_1_626' title='bbox 3255 2110 3449 2169; x_wconf 86' lang='lat' dir='ltr'><strong>Amen.</strong></span> 
     </span>
    </p>
   </div>
   <div class='ocr_carea' id='block_1_80' title="bbox 2443 2224 3061 2283">
    <p class='ocr_par' dir='ltr' id='par_1_80' title="bbox 2443 2224 3061 2283">
     <span class='ocr_line' id='line_1_80' title="bbox 2443 2224 3061 2283; baseline 0 -2"><span class='ocrx_word' id='word_1_627' title='bbox 2443 2224 2765 2283; x_wconf 67' lang='lat' dir='ltr'><strong>PSALMUS</strong></span> <span class='ocrx_word' id='word_1_628' title='bbox 2817 2224 3061 2283; x_wconf 76' lang='lat' dir='ltr'><strong>LXXXI.</strong></span> 
     </span>
    </p>
   </div>
   <div class='ocr_carea' id='block_1_81' title="bbox 1957 2315 3558 2391">
    <p class='ocr_par' dir='ltr' id='par_1_81' title="bbox 1957 2315 3558 2391">
     <span class='ocr_line' id='line_1_81' title="bbox 1957 2315 3558 2391; baseline 0.001 -19"><span class='ocrx_word' id='word_1_629' title='bbox 1957 2315 2211 2391; x_wconf 60' lang='lat' dir='ltr'><strong>Paetums</strong></span> <span class='ocrx_word' id='word_1_630' title='bbox 2231 2318 2430 2391; x_wconf 73' lang='lat' dir='ltr'><strong>Asoplt.</strong></span> <span class='ocrx_word' id='word_1_631' title='bbox 2464 2317 2573 2391; x_wconf 78' lang='lat' dir='ltr'><strong>Iste</strong></span> <span class='ocrx_word' id='word_1_632' title='bbox 2604 2318 2849 2391; x_wconf 79' lang='lat' dir='ltr'><strong>psalmus</strong></span> <span class='ocrx_word' id='word_1_633' title='bbox 2895 2321 3165 2388; x_wconf 76' lang='lat' dir='ltr'><strong>hortatur,</strong></span> <span class='ocrx_word' id='word_1_634' title='bbox 3202 2328 3263 2377; x_wconf 89' lang='lat' dir='ltr'><strong>ut</strong></span> <span class='ocrx_word' id='word_1_635' title='bbox 3299 2319 3346 2375; x_wconf 90' lang='lat' dir='ltr'><strong>si</strong></span> <span class='ocrx_word' id='word_1_636' title='bbox 3403 2318 3558 2375; x_wconf 85' lang='lat' dir='ltr'><strong>volu-</strong></span> 
     </span>
    </p>
   </div>
   <div class='ocr_carea' id='block_1_82' title="bbox 2022 2388 3555 2463">
    <p class='ocr_par' dir='ltr' id='par_1_82' title="bbox 2022 2388 3555 2463">
     <span class='ocr_line' id='line_1_82' title="bbox 2022 2388 3555 2463; baseline 0.003 -20"><span class='ocrx_word' id='word_1_637' title='bbox 2022 2404 2146 2443; x_wconf 89' lang='lat' dir='ltr'><strong>mus</strong></span> <span class='ocrx_word' id='word_1_638' title='bbox 2175 2388 2475 2463; x_wconf 79' lang='lat' dir='ltr'><strong>_Dotitintini_</strong></span> <span class='ocrx_word' id='word_1_639' title='bbox 2531 2388 2782 2463; x_wconf 81' lang='lat' dir='ltr'><strong>habitare</strong></span> <span class='ocrx_word' id='word_1_640' title='bbox 2844 2391 3159 2463; x_wconf 86' lang='lat' dir='ltr'><strong>nobiscum,</strong></span> <span class='ocrx_word' id='word_1_641' title='bbox 3210 2407 3277 2448; x_wconf 90' lang='lat' dir='ltr'><strong>ea</strong></span> <span class='ocrx_word' id='word_1_642' title='bbox 3336 2406 3555 2463; x_wconf 87' lang='lat' dir='ltr'><strong>semper</strong></span> 
     </span>
    </p>
   </div>
   <div class='ocr_carea' id='block_1_83' title="bbox 2021 2457 2968 2534">
    <p class='ocr_par' dir='ltr' id='par_1_83' title="bbox 2021 2457 2968 2534">
     <span class='ocr_line' id='line_1_83' title="bbox 2021 2457 2968 2534; baseline 0.004 -19"><span class='ocrx_word' id='word_1_643' title='bbox 2021 2476 2144 2533; x_wconf 63' lang='lat' dir='ltr'><strong>quae</strong></span> <span class='ocrx_word' id='word_1_644' title='bbox 2173 2457 2247 2515; x_wconf 90' lang='lat' dir='ltr'><strong>illi</strong></span> <span class='ocrx_word' id='word_1_645' title='bbox 2271 2470 2399 2517; x_wconf 89' lang='lat' dir='ltr'><strong>sunt</strong></span> <span class='ocrx_word' id='word_1_646' title='bbox 2427 2460 2650 2534; x_wconf 85' lang='lat' dir='ltr'><strong>placita,</strong></span> <span class='ocrx_word' id='word_1_647' title='bbox 2682 2460 2968 2519; x_wconf 76' lang='lat' dir='ltr'><strong>faciamus.</strong></span> 
     </span>
    </p>
   </div>
   <div class='ocr_carea' id='block_1_84' title="bbox 2021 2570 3556 2648">
    <p class='ocr_par' dir='ltr' id='par_1_84' title="bbox 2021 2570 3556 2648">
     <span class='ocr_line' id='line_1_84' title="bbox 2021 2570 3556 2648; baseline 0.002 -21"><span class='ocrx_word' id='word_1_648' title='bbox 2021 2570 2165 2628; x_wconf 79' lang='lat' dir='ltr'><strong>Deus</strong></span> <span class='ocrx_word' id='word_1_649' title='bbox 2185 2574 2323 2628; x_wconf 83' lang='lat' dir='ltr'><strong>stetit</strong></span> <span class='ocrx_word' id='word_1_650' title='bbox 2351 2574 2405 2628; x_wconf 89' lang='lat' dir='ltr'><strong>in</strong></span> <span class='ocrx_word' id='word_1_651' title='bbox 2434 2591 2699 2648; x_wconf 74' lang='lat' dir='ltr'><strong>synagoga</strong></span> <span class='ocrx_word' id='word_1_652' title='bbox 2744 2575 2978 2631; x_wconf 84' lang='lat' dir='ltr'><strong>deorum.</strong></span> <span class='ocrx_word' id='word_1_653' title='bbox 3011 2576 3173 2631; x_wconf 80' lang='lat' dir='ltr'><strong>Multa</strong></span> <span class='ocrx_word' id='word_1_654' title='bbox 3220 2585 3350 2632; x_wconf 87' lang='lat' dir='ltr'><strong>sunt</strong></span> <span class='ocrx_word' id='word_1_655' title='bbox 3396 2581 3556 2631; x_wconf 83' lang='lat' dir='ltr'><strong>sche-</strong></span> 
     </span>
    </p>
   </div>
   <div class='ocr_carea' id='block_1_85' title="bbox 1952 2664 3551 2738">
    <p class='ocr_par' dir='ltr' id='par_1_85' title="bbox 1952 2664 3551 2738">
     <span class='ocr_line' id='line_1_85' title="bbox 1952 2664 3551 2738; baseline 0.003 -19"><span class='ocrx_word' id='word_1_656' title='bbox 1952 2676 2118 2722; x_wconf 86' lang='lat' dir='ltr'><strong>mata.</strong></span> <span class='ocrx_word' id='word_1_657' title='bbox 2153 2664 2493 2738; x_wconf 82' lang='lat' dir='ltr'><strong>Frequenter</strong></span> <span class='ocrx_word' id='word_1_658' title='bbox 2517 2668 2662 2724; x_wconf 87' lang='lat' dir='ltr'><strong>euitn</strong></span> <span class='ocrx_word' id='word_1_659' title='bbox 2690 2668 2942 2727; x_wconf 86' lang='lat' dir='ltr'><strong>sedemus</strong></span> <span class='ocrx_word' id='word_1_660' title='bbox 2964 2711 2978 2734; x_wconf 82' lang='lat'>.</span> <span class='ocrx_word' id='word_1_661' title='bbox 3014 2669 3293 2725; x_wconf 83' lang='lat' dir='ltr'><strong>interdum</strong></span> <span class='ocrx_word' id='word_1_662' title='bbox 3322 2676 3551 2738; x_wconf 70' lang='grc' dir='ltr'>ειςιιιιυδ,</span> 
     </span>
    </p>
   </div>
   <div class='ocr_carea' id='block_1_86' title="bbox 1951 2758 3550 2833">
    <p class='ocr_par' dir='ltr' id='par_1_86' title="bbox 1951 2758 3550 2833">
     <span class='ocr_line' id='line_1_86' title="bbox 1951 2758 3550 2833; baseline 0.002 -18"><span class='ocrx_word' id='word_1_663' title='bbox 1951 2758 2223 2816; x_wconf 87' lang='lat' dir='ltr'><strong>interdum</strong></span> <span class='ocrx_word' id='word_1_664' title='bbox 2263 2761 2553 2832; x_wconf 72' lang='lat' dir='ltr'><strong>iacemus,</strong></span> <span class='ocrx_word' id='word_1_665' title='bbox 2595 2763 2868 2819; x_wconf 83' lang='lat' dir='ltr'><strong>interdum</strong></span> <span class='ocrx_word' id='word_1_666' title='bbox 2922 2763 3222 2833; x_wconf 87' lang='lat' dir='ltr'><strong>currimus,</strong></span> <span class='ocrx_word' id='word_1_667' title='bbox 3277 2763 3550 2820; x_wconf 79' lang='lat' dir='ltr'><strong>interdum</strong></span> 
     </span>
    </p>
   </div>
   <div class='ocr_carea' id='block_1_87' title="bbox 1951 2854 3553 2931">
    <p class='ocr_par' dir='ltr' id='par_1_87' title="bbox 1951 2854 3553 2931">
     <span class='ocr_line' id='line_1_87' title="bbox 1951 2854 3553 2931; baseline 0.001 -19"><span class='ocrx_word' id='word_1_668' title='bbox 1951 2854 2318 2920; x_wconf 84' lang='lat' dir='ltr'><strong>ambulamus,</strong></span> <span class='ocrx_word' id='word_1_669' title='bbox 2363 2855 2434 2911; x_wconf 88' lang='lat' dir='ltr'><strong>ita</strong></span> <span class='ocrx_word' id='word_1_670' title='bbox 2484 2862 2542 2911; x_wconf 86' lang='lat' dir='ltr'><strong>et</strong></span> <span class='ocrx_word' id='word_1_671' title='bbox 2584 2856 2729 2912; x_wconf 87' lang='lat' dir='ltr'><strong>Deus</strong></span> <span class='ocrx_word' id='word_1_672' title='bbox 2785 2857 3116 2931; x_wconf 78' lang='lat' dir='ltr'><strong>describitur</strong></span> <span class='ocrx_word' id='word_1_673' title='bbox 3148 2873 3246 2928; x_wconf 85' lang='lat' dir='ltr'><strong>pro</strong></span> <span class='ocrx_word' id='word_1_674' title='bbox 3287 2859 3553 2914; x_wconf 83' lang='lat' dir='ltr'><strong>varietate</strong></span> 
     </span>
    </p>
   </div>
   <div class='ocr_carea' id='block_1_88' title="bbox 1951 2950 3550 3022">
    <p class='ocr_par' dir='ltr' id='par_1_88' title="bbox 1951 2950 3550 3022">
     <span class='ocr_line' id='line_1_88' title="bbox 1951 2950 3550 3022; baseline -0.001 -15"><span class='ocrx_word' id='word_1_675' title='bbox 1951 2950 2255 3018; x_wconf 81' lang='lat' dir='ltr'><strong>hominum,</strong></span> <span class='ocrx_word' id='word_1_676' title='bbox 2294 2957 2352 3006; x_wconf 89' lang='lat' dir='ltr'><strong>et</strong></span> <span class='ocrx_word' id='word_1_677' title='bbox 2395 2959 2572 3006; x_wconf 87' lang='lat' dir='ltr'><strong>status</strong></span> <span class='ocrx_word' id='word_1_678' title='bbox 2629 2950 2800 3022; x_wconf 88' lang='lat' dir='ltr'><strong>ipsius</strong></span> <span class='ocrx_word' id='word_1_679' title='bbox 2850 2951 3099 3008; x_wconf 85' lang='lat' dir='ltr'><strong>diversus</strong></span> <span class='ocrx_word' id='word_1_680' title='bbox 3145 2951 3438 3007; x_wconf 86' lang='lat' dir='ltr'><strong>inducitur.</strong></span> <span class='ocrx_word' id='word_1_681' title='bbox 3493 2953 3550 3008; x_wconf 88' lang='lat' dir='ltr'><strong>Si</strong></span> 
     </span>
    </p>
   </div>
   <div class='ocr_carea' id='block_1_89' title="bbox 1950 3042 3547 3116">
    <p class='ocr_par' dir='ltr' id='par_1_89' title="bbox 1950 3042 3547 3116">
     <span class='ocr_line' id='line_1_89' title="bbox 1950 3042 3547 3116; baseline -0.001 -15"><span class='ocrx_word' id='word_1_682' title='bbox 1950 3042 2128 3101; x_wconf 80' lang='lat' dir='ltr'><strong>sancti</strong></span> <span class='ocrx_word' id='word_1_683' title='bbox 2147 3057 2360 3108; x_wconf 84' lang='lat' dir='ltr'><strong>sumus,</strong></span> <span class='ocrx_word' id='word_1_684' title='bbox 2385 3050 2445 3100; x_wconf 86' lang='grc' dir='ltr'><strong>ει</strong></span> <span class='ocrx_word' id='word_1_685' title='bbox 2464 3057 2654 3099; x_wconf 84' lang='lat' dir='ltr'><strong>sumus</strong></span> <span class='ocrx_word' id='word_1_686' title='bbox 2672 3043 2881 3099; x_wconf 78' lang='lat' dir='ltr'><strong>similes</strong></span> <span class='ocrx_word' id='word_1_687' title='bbox 2904 3044 3097 3116; x_wconf 80' lang='lat' dir='ltr'><strong>Moysi,</strong></span> <span class='ocrx_word' id='word_1_688' title='bbox 3115 3044 3314 3101; x_wconf 86' lang='lat' dir='ltr'><strong>dicitur</strong></span> <span class='ocrx_word' id='word_1_689' title='bbox 3329 3044 3397 3099; x_wconf 88' lang='lat' dir='ltr'><strong>ad</strong></span> <span class='ocrx_word' id='word_1_690' title='bbox 3419 3061 3515 3100; x_wconf 80' lang='lat' dir='ltr'><strong>nos</strong></span> <span class='ocrx_word' id='word_1_691' title='bbox 3536 3063 3547 3099; x_wconf 86' lang='lat'><strong>:</strong></span> 
     </span>
    </p>
   </div>
   <div class='ocr_carea' id='block_1_90' title="bbox 1951 3134 3552 3209">
    <p class='ocr_par' dir='ltr' id='par_1_90' title="bbox 1951 3134 3552 3209">
     <span class='ocr_line' id='line_1_90' title="bbox 1951 3134 3552 3209; baseline 0.001 -18"><span class='ocrx_word' id='word_1_692' title='bbox 1951 3135 2033 3191; x_wconf 82' lang='lat' dir='ltr'><strong>Tu</strong></span> <span class='ocrx_word' id='word_1_693' title='bbox 2064 3150 2195 3192; x_wconf 83' lang='lat' dir='ltr'><strong>vero</strong></span> <span class='ocrx_word' id='word_1_694' title='bbox 2217 3135 2306 3191; x_wconf 91' lang='lat' dir='ltr'><strong>hic</strong></span> <span class='ocrx_word' id='word_1_695' title='bbox 2328 3144 2412 3192; x_wconf 86' lang='lat' dir='ltr'><strong>sta</strong></span> <span class='ocrx_word' id='word_1_696' title='bbox 2444 3151 2654 3193; x_wconf 88' lang='lat' dir='ltr'><strong>mecum</strong></span> <span class='ocrx_word' id='word_1_697' title='bbox 2681 3134 2888 3209; x_wconf 70' lang='lat' dir='ltr'><strong>(Exod.</strong></span> <span class='ocrx_word' id='word_1_698' title='bbox 2909 3152 3017 3193; x_wconf 79' lang='lat' dir='ltr'><strong>xvn</strong></span> <span class='ocrx_word' id='word_1_699' title='bbox 3037 3136 3077 3205; x_wconf 93' lang='lat'><strong>).</strong></span> <span class='ocrx_word' id='word_1_700' title='bbox 3104 3136 3223 3192; x_wconf 84' lang='lat' dir='ltr'><strong>lloc</strong></span> <span class='ocrx_word' id='word_1_701' title='bbox 3242 3136 3388 3194; x_wconf 87' lang='lat' dir='ltr'><strong>enim</strong></span> <span class='ocrx_word' id='word_1_702' title='bbox 3416 3137 3552 3193; x_wconf 79' lang='lat' dir='ltr'><strong>dixit</strong></span> 
     </span>
    </p>
   </div>
   <div class='ocr_carea' id='block_1_91' title="bbox 1874 3195 3547 3304">
    <p class='ocr_par' dir='ltr' id='par_1_91' title="bbox 1874 3195 3547 3304">
     <span class='ocr_line' id='line_1_91' title="bbox 1874 3195 3547 3304; baseline -0.001 -18"><span class='ocrx_word' id='word_1_703' title='bbox 1874 3195 1933 3263; x_wconf 62' lang='grc' dir='ltr'>δ</span> <span class='ocrx_word' id='word_1_704' title='bbox 1955 3230 2096 3286; x_wconf 86' lang='lat' dir='ltr'><strong>Deus</strong></span> <span class='ocrx_word' id='word_1_705' title='bbox 2124 3230 2193 3285; x_wconf 83' lang='lat' dir='ltr'><strong>ad</strong></span> <span class='ocrx_word' id='word_1_706' title='bbox 2220 3229 2462 3302; x_wconf 75' lang='lat' dir='ltr'><strong>Moysen.</strong></span> <span class='ocrx_word' id='word_1_707' title='bbox 2490 3195 2852 3289; x_wconf 45' lang='lat' dir='ltr'><strong>Stabat‘enim</strong></span> <span class='ocrx_word' id='word_1_708' title='bbox 2882 3195 3101 3304; x_wconf 76' lang='lat' dir='ltr'><strong>Moyses</strong></span> <span class='ocrx_word' id='word_1_709' title='bbox 3124 3246 3290 3301; x_wconf 83' lang='lat' dir='ltr'><strong>super</strong></span> <span class='ocrx_word' id='word_1_710' title='bbox 3317 3243 3547 3303; x_wconf 86' lang='lat' dir='ltr'><strong>petram,</strong></span> 
     </span>
    </p>
   </div>
   <div class='ocr_carea' id='block_1_92' title="bbox 1949 3322 3575 3397">
    <p class='ocr_par' dir='ltr' id='par_1_92' title="bbox 1949 3322 3575 3397">
     <span class='ocr_line' id='line_1_92' title="bbox 1949 3322 3575 3397; baseline 0.001 -18"><span class='ocrx_word' id='word_1_711' title='bbox 1949 3331 2239 3394; x_wconf 82' lang='lat' dir='ltr'><strong>propterea</strong></span> <span class='ocrx_word' id='word_1_712' title='bbox 2292 3335 2347 3381; x_wconf 88' lang='lat' dir='ltr'><strong>et</strong></span> <span class='ocrx_word' id='word_1_713' title='bbox 2391 3322 2657 3381; x_wconf 88' lang='lat' dir='ltr'><strong>Dominus</strong></span> <span class='ocrx_word' id='word_1_714' title='bbox 2711 3324 2895 3381; x_wconf 86' lang='lat' dir='ltr'><strong>stabat</strong></span> <span class='ocrx_word' id='word_1_715' title='bbox 2947 3324 3047 3380; x_wconf 90' lang='lat' dir='ltr'><strong>illi.</strong></span> <span class='ocrx_word' id='word_1_716' title='bbox 3105 3325 3161 3381; x_wconf 91' lang='lat' dir='ltr'><strong>Si</strong></span> <span class='ocrx_word' id='word_1_717' title='bbox 3211 3340 3342 3380; x_wconf 88' lang='lat' dir='ltr'><strong>vero</strong></span> <span class='ocrx_word' id='word_1_718' title='bbox 3399 3326 3575 3397; x_wconf 74' lang='lat' dir='ltr'><strong>prius.</strong></span> 
     </span>
    </p>
   </div>
   <div class='ocr_carea' id='block_1_93' title="bbox 1945 3415 3552 3488">
    <p class='ocr_par' dir='ltr' id='par_1_93' title="bbox 1945 3415 3552 3488">
     <span class='ocr_line' id='line_1_93' title="bbox 1945 3415 3552 3488; baseline 0 -14"><span class='ocrx_word' id='word_1_719' title='bbox 1945 3416 2118 3474; x_wconf 87' lang='lat' dir='ltr'><strong>sancti</strong></span> <span class='ocrx_word' id='word_1_720' title='bbox 2150 3415 2441 3486; x_wconf 76' lang='lat' dir='ltr'><strong>fuerimus,</strong></span> <span class='ocrx_word' id='word_1_721' title='bbox 2465 3424 2523 3472; x_wconf 90' lang='lat' dir='ltr'><strong>et</strong></span> <span class='ocrx_word' id='word_1_722' title='bbox 2549 3425 2741 3487; x_wconf 89' lang='lat' dir='ltr'><strong>postea</strong></span> <span class='ocrx_word' id='word_1_723' title='bbox 2764 3425 3083 3488; x_wconf 86' lang='lat' dir='ltr'><strong>peccatores</strong></span> <span class='ocrx_word' id='word_1_724' title='bbox 3100 3417 3234 3488; x_wconf 86' lang='lat' dir='ltr'><strong>:jam</strong></span> <span class='ocrx_word' id='word_1_725' title='bbox 3262 3432 3372 3474; x_wconf 89' lang='lat' dir='ltr'><strong>non</strong></span> <span class='ocrx_word' id='word_1_726' title='bbox 3396 3418 3552 3475; x_wconf 89' lang='lat' dir='ltr'><strong>nobis</strong></span> 
     </span>
    </p>
   </div>
   <div class='ocr_carea' id='block_1_94' title="bbox 1944 3510 3550 3580">
    <p class='ocr_par' dir='ltr' id='par_1_94' title="bbox 1944 3510 3550 3580">
     <span class='ocr_line' id='line_1_94' title="bbox 1944 3510 3550 3580; baseline -0.001 -11"><span class='ocrx_word' id='word_1_727' title='bbox 1944 3522 2053 3569; x_wconf 87' lang='lat' dir='ltr'><strong>stat</strong></span> <span class='ocrx_word' id='word_1_728' title='bbox 2101 3512 2270 3580; x_wconf 81' lang='lat' dir='ltr'><strong>Deus,</strong></span> <span class='ocrx_word' id='word_1_729' title='bbox 2320 3510 2419 3569; x_wconf 77' lang='lat' dir='ltr'><strong>sed</strong></span> <span class='ocrx_word' id='word_1_730' title='bbox 2463 3510 2743 3568; x_wconf 87' lang='lat' dir='ltr'><strong>ambulat:</strong></span> <span class='ocrx_word' id='word_1_731' title='bbox 2776 3510 2882 3568; x_wconf 88' lang='lat' dir='ltr'><strong>hoc</strong></span> <span class='ocrx_word' id='word_1_732' title='bbox 2919 3520 3028 3579; x_wconf 81' lang='lat' dir='ltr'><strong>est,</strong></span> <span class='ocrx_word' id='word_1_733' title='bbox 3057 3520 3306 3567; x_wconf 74' lang='lat' dir='ltr'><strong>movetur</strong></span> <span class='ocrx_word' id='word_1_734' title='bbox 3331 3510 3401 3567; x_wconf 92' lang='lat' dir='ltr'><strong>de</strong></span> <span class='ocrx_word' id='word_1_735' title='bbox 3432 3512 3550 3567; x_wconf 89' lang='lat' dir='ltr'><strong>loco</strong></span> 
     </span>
    </p>
   </div>
   <div class='ocr_carea' id='block_1_95' title="bbox 1944 3606 3548 3678">
    <p class='ocr_par' dir='ltr' id='par_1_95' title="bbox 1944 3606 3548 3678">
     <span class='ocr_line' id='line_1_95' title="bbox 1944 3606 3548 3678; baseline -0.001 -14"><span class='ocrx_word' id='word_1_736' title='bbox 1944 3623 2068 3673; x_wconf 78' lang='lat' dir='ltr'><strong>sua,</strong></span> <span class='ocrx_word' id='word_1_737' title='bbox 2101 3607 2193 3678; x_wconf 83' lang='lat' dir='ltr'><strong>qui</strong></span> <span class='ocrx_word' id='word_1_738' title='bbox 2236 3606 2395 3661; x_wconf 84' lang='lat' dir='ltr'><strong>nobis</strong></span> <span class='ocrx_word' id='word_1_739' title='bbox 2436 3616 2568 3662; x_wconf 87' lang='lat' dir='ltr'><strong>ante</strong></span> <span class='ocrx_word' id='word_1_740' title='bbox 2611 3615 2859 3663; x_wconf 84' lang='lat' dir='ltr'><strong>steterat.</strong></span> <span class='ocrx_word' id='word_1_741' title='bbox 2919 3606 3212 3677; x_wconf 84' lang='lat' dir='ltr'><strong>Postquam</strong></span> <span class='ocrx_word' id='word_1_742' title='bbox 3266 3623 3367 3662; x_wconf 87' lang='lat' dir='ltr'><strong>nos</strong></span> <span class='ocrx_word' id='word_1_743' title='bbox 3417 3606 3548 3663; x_wconf 86' lang='lat' dir='ltr'><strong>moti</strong></span> 
     </span>
    </p>
   </div>
   <div class='ocr_carea' id='block_1_96' title="bbox 1944 3698 3553 3771">
    <p class='ocr_par' dir='ltr' id='par_1_96' title="bbox 1944 3698 3553 3771">
     <span class='ocr_line' id='line_1_96' title="bbox 1944 3698 3553 3771; baseline 0.001 -15"><span class='ocrx_word' id='word_1_744' title='bbox 1944 3699 2234 3765; x_wconf 79' lang='lat' dir='ltr'><strong>fuerimus,</strong></span> <span class='ocrx_word' id='word_1_745' title='bbox 2258 3707 2317 3756; x_wconf 89' lang='lat' dir='ltr'><strong>et</strong></span> <span class='ocrx_word' id='word_1_746' title='bbox 2333 3699 2453 3770; x_wconf 79' lang='lat' dir='ltr'><strong>ipse</strong></span> <span class='ocrx_word' id='word_1_747' title='bbox 2480 3698 2771 3755; x_wconf 89' lang='lat' dir='ltr'><strong>nobiscum</strong></span> <span class='ocrx_word' id='word_1_748' title='bbox 2791 3700 3281 3770; x_wconf 83' lang='lat' dir='ltr'><strong>paritertnovctur.</strong></span> <span class='ocrx_word' id='word_1_749' title='bbox 3308 3699 3553 3771; x_wconf 89' lang='lat' dir='ltr'><strong>Denique</strong></span> 
     </span>
    </p>
   </div>
   <div class='ocr_carea' id='block_1_97' title="bbox 1943 3790 3544 3863">
    <p class='ocr_par' dir='ltr' id='par_1_97' title="bbox 1943 3790 3544 3863">
     <span class='ocr_line' id='line_1_97' title="bbox 1943 3790 3544 3863; baseline 0.001 -15"><span class='ocrx_word' id='word_1_750' title='bbox 1943 3802 1999 3848; x_wconf 89' lang='lat' dir='ltr'><strong>ct</strong></span> <span class='ocrx_word' id='word_1_751' title='bbox 2046 3790 2220 3848; x_wconf 82' lang='lat' dir='ltr'><strong>Adam</strong></span> <span class='ocrx_word' id='word_1_752' title='bbox 2279 3791 2538 3863; x_wconf 86' lang='lat' dir='ltr'><strong>quamdiu</strong></span> <span class='ocrx_word' id='word_1_753' title='bbox 2592 3792 2645 3847; x_wconf 89' lang='lat' dir='ltr'><strong>in</strong></span> <span class='ocrx_word' id='word_1_754' title='bbox 2676 3792 2929 3862; x_wconf 81' lang='lat' dir='ltr'><strong>paradiso</strong></span> <span class='ocrx_word' id='word_1_755' title='bbox 2972 3792 3093 3858; x_wconf 86' lang='lat' dir='ltr'><strong>fuit,</strong></span> <span class='ocrx_word' id='word_1_756' title='bbox 3131 3803 3186 3849; x_wconf 88' lang='lat' dir='ltr'><strong>et</strong></span> <span class='ocrx_word' id='word_1_757' title='bbox 3232 3794 3544 3849; x_wconf 84' lang='lat' dir='ltr'><strong>mandatum</strong></span> 
     </span>
    </p>
   </div>
   <div class='ocr_carea' id='block_1_98' title="bbox 1942 3882 3547 3957">
    <p class='ocr_par' dir='ltr' id='par_1_98' title="bbox 1942 3882 3547 3957">
     <span class='ocr_line' id='line_1_98' title="bbox 1942 3882 3547 3957; baseline 0.001 -17"><span class='ocrx_word' id='word_1_758' title='bbox 1942 3884 2206 3951; x_wconf 80' lang='lat' dir='ltr'><strong>servavit,</strong></span> <span class='ocrx_word' id='word_1_759' title='bbox 2231 3885 2405 3939; x_wconf 87' lang='lat' dir='ltr'><strong>stabat</strong></span> <span class='ocrx_word' id='word_1_760' title='bbox 2434 3883 2481 3940; x_wconf 89' lang='lat' dir='ltr'><strong>ei</strong></span> <span class='ocrx_word' id='word_1_761' title='bbox 2508 3883 2672 3939; x_wconf 86' lang='lat' dir='ltr'><strong>Deus.</strong></span> <span class='ocrx_word' id='word_1_762' title='bbox 2693 3882 2984 3955; x_wconf 83' lang='lat' dir='ltr'><strong>Postquam</strong></span> <span class='ocrx_word' id='word_1_763' title='bbox 3015 3898 3150 3941; x_wconf 84' lang='lat' dir='ltr'><strong>vero</strong></span> <span class='ocrx_word' id='word_1_764' title='bbox 3172 3893 3547 3957; x_wconf 78' lang='lat' dir='ltr'><strong>transgressus</strong></span> 
     </span>
    </p>
   </div>
   <div class='ocr_carea' id='block_1_99' title="bbox 1941 3962 3546 4047">
    <p class='ocr_par' dir='ltr' id='par_1_99' title="bbox 1941 3962 3546 4047">
     <span class='ocr_line' id='line_1_99' title="bbox 1941 3962 3546 4047; baseline 0.001 -13"><span class='ocrx_word' id='word_1_765' title='bbox 1941 3987 2028 4035; x_wconf 90' lang='lat' dir='ltr'><strong>est</strong></span> <span class='ocrx_word' id='word_1_766' title='bbox 2059 3994 2074 4033; x_wconf 89' lang='lat'>:</span> <span class='ocrx_word' id='word_1_767' title='bbox 2101 3976 2309 4034; x_wconf 84' lang='lat' dir='ltr'><strong>audivit</strong></span> <span class='ocrx_word' id='word_1_768' title='bbox 2348 3992 2539 4034; x_wconf 86' lang='lat' dir='ltr'><strong>vocem</strong></span> <span class='ocrx_word' id='word_1_769' title='bbox 2573 3976 2667 4033; x_wconf 91' lang='lat' dir='ltr'><strong>Dei</strong></span> <span class='ocrx_word' id='word_1_770' title='bbox 2701 3962 3028 4033; x_wconf 81' lang='lat' dir='ltr'><strong>ambulantis</strong></span> <span class='ocrx_word' id='word_1_771' title='bbox 3058 3976 3110 4033; x_wconf 90' lang='lat' dir='ltr'><strong>in</strong></span> <span class='ocrx_word' id='word_1_772' title='bbox 3144 3977 3418 4047; x_wconf 87' lang='lat' dir='ltr'><strong>paradiso.</strong></span> <span class='ocrx_word' id='word_1_773' title='bbox 3453 3977 3546 4035; x_wconf 83' lang='lat' dir='ltr'><strong>Vis</strong></span> 
     </span>
    </p>
   </div>
   <div class='ocr_carea' id='block_1_100' title="bbox 1941 4069 3540 4144">
    <p class='ocr_par' dir='ltr' id='par_1_100' title="bbox 1941 4069 3540 4144">
     <span class='ocr_line' id='line_1_100' title="bbox 1941 4069 3540 4144; baseline -0.002 -14"><span class='ocrx_word' id='word_1_774' title='bbox 1941 4074 2084 4130; x_wconf 87' lang='lat' dir='ltr'><strong>scire</strong></span> <span class='ocrx_word' id='word_1_775' title='bbox 2103 4074 2226 4144; x_wconf 89' lang='lat' dir='ltr'><strong>quia</strong></span> <span class='ocrx_word' id='word_1_776' title='bbox 2254 4071 2569 4128; x_wconf 85' lang='lat' dir='ltr'><strong>ambulabat</strong></span> <span class='ocrx_word' id='word_1_777' title='bbox 2598 4069 2653 4128; x_wconf 91' lang='lat' dir='ltr'><strong>ei</strong></span> <span class='ocrx_word' id='word_1_778' title='bbox 2680 4071 2857 4128; x_wconf 81' lang='lat' dir='ltr'><strong>Deus?</strong></span> <span class='ocrx_word' id='word_1_779' title='bbox 2890 4070 3028 4141; x_wconf 83' lang='lat' dir='ltr'><strong>Quid</strong></span> <span class='ocrx_word' id='word_1_780' title='bbox 3060 4070 3109 4128; x_wconf 90' lang='lat' dir='ltr'><strong>ei</strong></span> <span class='ocrx_word' id='word_1_781' title='bbox 3131 4071 3307 4128; x_wconf 76' lang='lat' dir='ltr'><strong>dixit?</strong></span> <span class='ocrx_word' id='word_1_782' title='bbox 3347 4071 3540 4139; x_wconf 80' lang='lat' dir='ltr'><strong>Adam,</strong></span> 
     </span>
    </p>
   </div>
   <div class='ocr_carea' id='block_1_101' title="bbox 1942 4165 3544 4238">
    <p class='ocr_par' dir='ltr' id='par_1_101' title="bbox 1942 4165 3544 4238">
     <span class='ocr_line' id='line_1_101' title="bbox 1942 4165 3544 4238; baseline 0.001 -15"><span class='ocrx_word' id='word_1_783' title='bbox 1942 4168 2030 4223; x_wconf 90' lang='lat' dir='ltr'><strong>ubi</strong></span> <span class='ocrx_word' id='word_1_784' title='bbox 2056 4167 2159 4223; x_wconf 78' lang='lat' dir='ltr'><strong>es?</strong></span> <span class='ocrx_word' id='word_1_785' title='bbox 2205 4166 2307 4235; x_wconf 85' lang='lat' dir='ltr'><strong>Qui</strong></span> <span class='ocrx_word' id='word_1_786' title='bbox 2331 4175 2463 4222; x_wconf 89' lang='lat' dir='ltr'><strong>ante</strong></span> <span class='ocrx_word' id='word_1_787' title='bbox 2492 4174 2725 4223; x_wconf 83' lang='lat' dir='ltr'><strong>stantem</strong></span> <span class='ocrx_word' id='word_1_788' title='bbox 2750 4166 2921 4222; x_wconf 91' lang='lat' dir='ltr'><strong>Deum</strong></span> <span class='ocrx_word' id='word_1_789' title='bbox 2958 4181 3064 4222; x_wconf 89' lang='lat' dir='ltr'><strong>non</strong></span> <span class='ocrx_word' id='word_1_790' title='bbox 3091 4165 3325 4238; x_wconf 80' lang='lat' dir='ltr'><strong>fugerat,</strong></span> <span class='ocrx_word' id='word_1_791' title='bbox 3354 4174 3544 4238; x_wconf 80' lang='lat' dir='ltr'><strong>postea</strong></span> 
     </span>
    </p>
   </div>
   <div class='ocr_carea' id='block_1_102' title="bbox 1939 4256 3541 4332">
    <p class='ocr_par' dir='ltr' id='par_1_102' title="bbox 1939 4256 3541 4332">
     <span class='ocr_line' id='line_1_102' title="bbox 1939 4256 3541 4332; baseline -0.001 -15"><span class='ocrx_word' id='word_1_792' title='bbox 1939 4260 2310 4317; x_wconf 85' lang='lat' dir='ltr'><strong>ambulantem</strong></span> <span class='ocrx_word' id='word_1_793' title='bbox 2368 4257 2502 4331; x_wconf 81' lang='lat' dir='ltr'><strong>fugit</strong></span> <span class='ocrx_word' id='word_1_794' title='bbox 2553 4256 2731 4331; x_wconf 85' lang='lat' dir='ltr'><strong>(Gen.</strong></span> <span class='ocrx_word' id='word_1_795' title='bbox 2782 4265 2887 4332; x_wconf 66' lang='grc' dir='ltr'><strong>γ).</strong></span> <span class='ocrx_word' id='word_1_796' title='bbox 2909 4259 3155 4315; x_wconf 79' lang='lat' dir='ltr'><strong>Diximus</strong></span> <span class='ocrx_word' id='word_1_797' title='bbox 3209 4259 3279 4315; x_wconf 87' lang='lat' dir='ltr'><strong>de</strong></span> <span class='ocrx_word' id='word_1_798' title='bbox 3330 4268 3541 4330; x_wconf 87' lang='lat' dir='ltr'><strong>stante,</strong></span> 
     </span>
    </p>
   </div>
   <div class='ocr_carea' id='block_1_103' title="bbox 1939 4351 3545 4424">
    <p class='ocr_par' dir='ltr' id='par_1_103' title="bbox 1939 4351 3545 4424">
     <span class='ocr_line' id='line_1_103' title="bbox 1939 4351 3545 4424; baseline -0.001 -12"><span class='ocrx_word' id='word_1_799' title='bbox 1939 4354 2182 4412; x_wconf 80' lang='lat' dir='ltr'><strong>diximus</strong></span> <span class='ocrx_word' id='word_1_800' title='bbox 2207 4353 2275 4411; x_wconf 90' lang='lat' dir='ltr'><strong>de</strong></span> <span class='ocrx_word' id='word_1_801' title='bbox 2290 4354 2629 4421; x_wconf 84' lang='lat' dir='ltr'><strong>ambulante,</strong></span> <span class='ocrx_word' id='word_1_802' title='bbox 2662 4351 2908 4411; x_wconf 85' lang='lat' dir='ltr'><strong>dicamus</strong></span> <span class='ocrx_word' id='word_1_803' title='bbox 2929 4352 2997 4409; x_wconf 91' lang='lat' dir='ltr'><strong>de</strong></span> <span class='ocrx_word' id='word_1_804' title='bbox 3017 4352 3263 4410; x_wconf 86' lang='lat' dir='ltr'><strong>sedente.</strong></span> <span class='ocrx_word' id='word_1_805' title='bbox 3286 4353 3545 4424; x_wconf 87' lang='lat' dir='ltr'><strong>Quando-</strong></span> 
     </span>
    </p>
   </div>
   <div class='ocr_carea' id='block_1_104' title="bbox 1938 4444 3536 4519">
    <p class='ocr_par' dir='ltr' id='par_1_104' title="bbox 1938 4444 3536 4519">
     <span class='ocr_line' id='line_1_104' title="bbox 1938 4444 3536 4519; baseline 0 -14"><span class='ocrx_word' id='word_1_806' title='bbox 1938 4460 2171 4519; x_wconf 78' lang='lat' dir='ltr'><strong>Cumque</strong></span> <span class='ocrx_word' id='word_1_807' title='bbox 2198 4447 2395 4505; x_wconf 83' lang='lat' dir='ltr'><strong>sedens</strong></span> <span class='ocrx_word' id='word_1_808' title='bbox 2422 4446 2699 4504; x_wconf 89' lang='lat' dir='ltr'><strong>inducitur</strong></span> <span class='ocrx_word' id='word_1_809' title='bbox 2726 4444 2892 4519; x_wconf 87' lang='lat' dir='ltr'><strong>Deus,</strong></span> <span class='ocrx_word' id='word_1_810' title='bbox 2917 4446 3212 4519; x_wconf 89' lang='lat' dir='ltr'><strong>dupliciter</strong></span> <span class='ocrx_word' id='word_1_811' title='bbox 3242 4447 3536 4505; x_wconf 86' lang='lat' dir='ltr'><strong>inducitur.</strong></span> 
     </span>
    </p>
   </div>
   <div class='ocr_carea' id='block_1_105' title="bbox 1944 4540 3541 4615">
    <p class='ocr_par' dir='ltr' id='par_1_105' title="bbox 1944 4540 3541 4615">
     <span class='ocr_line' id='line_1_105' title="bbox 1944 4540 3541 4615; baseline 0.001 -17"><span class='ocrx_word' id='word_1_812' title='bbox 1944 4543 2049 4599; x_wconf 87' lang='lat' dir='ltr'><strong>Aut</strong></span> <span class='ocrx_word' id='word_1_813' title='bbox 2084 4542 2238 4615; x_wconf 82' lang='lat' dir='ltr'><strong>quasi</strong></span> <span class='ocrx_word' id='word_1_814' title='bbox 2271 4557 2387 4610; x_wconf 79' lang='lat' dir='ltr'><strong>rex,</strong></span> <span class='ocrx_word' id='word_1_815' title='bbox 2436 4542 2703 4614; x_wconf 86' lang='lat' dir='ltr'><strong>autquasi</strong></span> <span class='ocrx_word' id='word_1_816' title='bbox 2728 4541 2920 4613; x_wconf 70' lang='lat' dir='ltr'><strong>iudex.</strong></span> <span class='ocrx_word' id='word_1_817' title='bbox 2960 4540 3020 4599; x_wconf 88' lang='lat' dir='ltr'><strong>Si</strong></span> <span class='ocrx_word' id='word_1_818' title='bbox 3050 4544 3203 4613; x_wconf 86' lang='lat' dir='ltr'><strong>quasi</strong></span> <span class='ocrx_word' id='word_1_819' title='bbox 3235 4559 3351 4613; x_wconf 77' lang='lat' dir='ltr'><strong>rex,</strong></span> <span class='ocrx_word' id='word_1_820' title='bbox 3386 4542 3541 4600; x_wconf 80' lang='lat' dir='ltr'><strong>vide-</strong></span> 
     </span>
    </p>
   </div>
   <div class='ocr_carea' id='block_1_106' title="bbox 1944 4634 3543 4713">
    <p class='ocr_par' dir='ltr' id='par_1_106' title="bbox 1944 4634 3543 4713">
     <span class='ocr_line' id='line_1_106' title="bbox 1944 4634 3543 4713; baseline -0.003 -19"><span class='ocrx_word' id='word_1_821' title='bbox 1944 4647 2032 4694; x_wconf 85' lang='lat' dir='ltr'><strong>tur</strong></span> <span class='ocrx_word' id='word_1_822' title='bbox 2084 4638 2225 4694; x_wconf 86' lang='lat' dir='ltr'><strong>sicut</strong></span> <span class='ocrx_word' id='word_1_823' title='bbox 2275 4634 2442 4693; x_wconf 84' lang='lat' dir='ltr'><strong>Isaias</strong></span> <span class='ocrx_word' id='word_1_824' title='bbox 2470 4634 2633 4713; x_wconf 43' lang='grc' dir='ltr'><strong>ἢνίάὶ</strong></span> <span class='ocrx_word' id='word_1_825' title='bbox 2694 4634 2982 4691; x_wconf 87' lang='lat' dir='ltr'><strong>Dominum</strong></span> <span class='ocrx_word' id='word_1_826' title='bbox 3033 4634 3317 4692; x_wconf 88' lang='lat' dir='ltr'><strong>sedentem</strong></span> <span class='ocrx_word' id='word_1_827' title='bbox 3378 4650 3543 4707; x_wconf 89' lang='lat' dir='ltr'><strong>super</strong></span> 
     </span>
    </p>
   </div>
   <div class='ocr_carea' id='block_1_107' title="bbox 1942 4726 3541 4800">
    <p class='ocr_par' dir='ltr' id='par_1_107' title="bbox 1942 4726 3541 4800">
     <span class='ocr_line' id='line_1_107' title="bbox 1942 4726 3541 4800; baseline -0.004 -11"><span class='ocrx_word' id='word_1_828' title='bbox 1942 4732 2198 4789; x_wconf 85' lang='lat' dir='ltr'><strong>thronum</strong></span> <span class='ocrx_word' id='word_1_829' title='bbox 2230 4729 2504 4786; x_wconf 82' lang='lat' dir='ltr'><strong>excelsum</strong></span> <span class='ocrx_word' id='word_1_830' title='bbox 2537 4737 2589 4785; x_wconf 92' lang='lat' dir='ltr'><strong>et</strong></span> <span class='ocrx_word' id='word_1_831' title='bbox 2641 4728 2913 4785; x_wconf 86' lang='lat' dir='ltr'><strong>elevatum</strong></span> <span class='ocrx_word' id='word_1_832' title='bbox 2945 4726 3112 4800; x_wconf 77' lang='lat' dir='ltr'><strong>(Iani.</strong></span> <span class='ocrx_word' id='word_1_833' title='bbox 3142 4727 3248 4799; x_wconf 77' lang='grc' dir='ltr'><strong>νι).</strong></span> <span class='ocrx_word' id='word_1_834' title='bbox 3283 4728 3358 4784; x_wconf 88' lang='lat' dir='ltr'><strong>lbi</strong></span> <span class='ocrx_word' id='word_1_835' title='bbox 3386 4727 3541 4800; x_wconf 89' lang='lat' dir='ltr'><strong>quasi</strong></span> 
     </span>
    </p>
   </div>
   <div class='ocr_carea' id='block_1_108' title="bbox 1940 4820 3541 4896">
    <p class='ocr_par' dir='ltr' id='par_1_108' title="bbox 1940 4820 3541 4896">
     <span class='ocr_line' id='line_1_108' title="bbox 1940 4820 3541 4896; baseline -0.005 -13"><span class='ocrx_word' id='word_1_836' title='bbox 1940 4840 2034 4882; x_wconf 80' lang='lat' dir='ltr'><strong>rex</strong></span> <span class='ocrx_word' id='word_1_837' title='bbox 2064 4838 2301 4896; x_wconf 85' lang='lat' dir='ltr'><strong>regnans</strong></span> <span class='ocrx_word' id='word_1_838' title='bbox 2328 4822 2620 4879; x_wconf 87' lang='lat' dir='ltr'><strong>inducitur.</strong></span> <span class='ocrx_word' id='word_1_839' title='bbox 2648 4821 2878 4892; x_wconf 88' lang='lat' dir='ltr'><strong>Quando</strong></span> <span class='ocrx_word' id='word_1_840' title='bbox 2904 4837 3033 4880; x_wconf 87' lang='lat' dir='ltr'><strong>vero</strong></span> <span class='ocrx_word' id='word_1_841' title='bbox 3062 4822 3221 4893; x_wconf 87' lang='lat' dir='ltr'><strong>quasi</strong></span> <span class='ocrx_word' id='word_1_842' title='bbox 3258 4821 3430 4891; x_wconf 78' lang='lat' dir='ltr'><strong>judex</strong></span> <span class='ocrx_word' id='word_1_843' title='bbox 3459 4820 3541 4876; x_wconf 84' lang='lat' dir='ltr'><strong>in-</strong></span> 
     </span>
    </p>
   </div>
   <div class='ocr_carea' id='block_1_109' title="bbox 1938 4915 3540 4989">
    <p class='ocr_par' dir='ltr' id='par_1_109' title="bbox 1938 4915 3540 4989">
     <span class='ocr_line' id='line_1_109' title="bbox 1938 4915 3540 4989; baseline -0.005 -12"><span class='ocrx_word' id='word_1_844' title='bbox 1938 4919 2159 4977; x_wconf 85' lang='lat' dir='ltr'><strong>ducitur</strong></span> <span class='ocrx_word' id='word_1_845' title='bbox 2190 4936 2204 4975; x_wconf 88' lang='lat'><strong>:</strong></span> <span class='ocrx_word' id='word_1_846' title='bbox 2238 4916 2416 4975; x_wconf 89' lang='lat' dir='ltr'><strong>throni</strong></span> <span class='ocrx_word' id='word_1_847' title='bbox 2448 4916 2609 4989; x_wconf 87' lang='lat' dir='ltr'><strong>positi</strong></span> <span class='ocrx_word' id='word_1_848' title='bbox 2640 4924 2800 4983; x_wconf 87' lang='lat' dir='ltr'><strong>sunt,</strong></span> <span class='ocrx_word' id='word_1_849' title='bbox 2824 4926 2878 4973; x_wconf 89' lang='lat' dir='ltr'><strong>et</strong></span> <span class='ocrx_word' id='word_1_850' title='bbox 2909 4915 3029 4972; x_wconf 88' lang='lat' dir='ltr'><strong>libri</strong></span> <span class='ocrx_word' id='word_1_851' title='bbox 3087 4915 3261 4986; x_wconf 83' lang='lat' dir='ltr'><strong>aperti</strong></span> <span class='ocrx_word' id='word_1_852' title='bbox 3293 4922 3445 4982; x_wconf 87' lang='lat' dir='ltr'><strong>sunt,</strong></span> <span class='ocrx_word' id='word_1_853' title='bbox 3482 4924 3540 4969; x_wconf 87' lang='lat' dir='ltr'><strong>ut</strong></span> 
     </span>
    </p>
   </div>
   <div class='ocr_carea' id='block_1_110' title="bbox 1936 5007 3532 5081">
    <p class='ocr_par' dir='ltr' id='par_1_110' title="bbox 1936 5007 3532 5081">
     <span class='ocr_line' id='line_1_110' title="bbox 1936 5007 3532 5081; baseline -0.004 -11"><span class='ocrx_word' id='word_1_854' title='bbox 1936 5011 1993 5070; x_wconf 85' lang='lat' dir='ltr'><strong>ia</strong></span> <span class='ocrx_word' id='word_1_855' title='bbox 2024 5010 2251 5069; x_wconf 87' lang='lat' dir='ltr'><strong>Daoiele</strong></span> <span class='ocrx_word' id='word_1_856' title='bbox 2277 5010 2536 5081; x_wconf 88' lang='lat' dir='ltr'><strong>scriptum</strong></span> <span class='ocrx_word' id='word_1_857' title='bbox 2567 5008 2840 5080; x_wconf 78' lang='lat' dir='ltr'><strong>estzQuid</strong></span> <span class='ocrx_word' id='word_1_858' title='bbox 2869 5008 3104 5065; x_wconf 82' lang='lat' dir='ltr'><strong>dicitur?</strong></span> <span class='ocrx_word' id='word_1_859' title='bbox 3136 5007 3343 5064; x_wconf 79' lang='lat' dir='ltr'><strong>Throui</strong></span> <span class='ocrx_word' id='word_1_860' title='bbox 3370 5007 3532 5078; x_wconf 86' lang='lat' dir='ltr'><strong>positi</strong></span> 
     </span>
    </p>
   </div>
   <div class='ocr_carea' id='block_1_111' title="bbox 1938 5098 3540 5173">
    <p class='ocr_par' dir='ltr' id='par_1_111' title="bbox 1938 5098 3540 5173">
     <span class='ocr_line' id='line_1_111' title="bbox 1938 5098 3540 5173; baseline -0.004 -12"><span class='ocrx_word' id='word_1_861' title='bbox 1938 5112 2088 5169; x_wconf 85' lang='lat' dir='ltr'><strong>sunt.</strong></span> <span class='ocrx_word' id='word_1_862' title='bbox 2116 5110 2175 5160; x_wconf 86' lang='lat' dir='ltr'><strong>et</strong></span> <span class='ocrx_word' id='word_1_863' title='bbox 2200 5100 2326 5159; x_wconf 90' lang='lat' dir='ltr'><strong>libri</strong></span> <span class='ocrx_word' id='word_1_864' title='bbox 2356 5101 2527 5173; x_wconf 86' lang='lat' dir='ltr'><strong>aperti</strong></span> <span class='ocrx_word' id='word_1_865' title='bbox 2581 5100 2903 5173; x_wconf 84' lang='lat' dir='ltr'><strong>sunt(Dan.</strong></span> <span class='ocrx_word' id='word_1_866' title='bbox 2951 5115 3025 5156; x_wconf 84' lang='lat' dir='ltr'><strong>vn</strong></span> <span class='ocrx_word' id='word_1_867' title='bbox 3057 5099 3078 5170; x_wconf 96' lang='lat'>)</span> <span class='ocrx_word' id='word_1_868' title='bbox 3106 5117 3121 5155; x_wconf 90' lang='lat'><strong>:</strong></span> <span class='ocrx_word' id='word_1_869' title='bbox 3154 5100 3256 5154; x_wconf 86' lang='lat' dir='ltr'><strong>hoc</strong></span> <span class='ocrx_word' id='word_1_870' title='bbox 3280 5108 3386 5167; x_wconf 88' lang='lat' dir='ltr'><strong>est,</strong></span> <span class='ocrx_word' id='word_1_871' title='bbox 3432 5098 3540 5155; x_wconf 52' lang='lat' dir='ltr'><strong>Do.</strong></span> 
     </span>
    </p>
   </div>
   <div class='ocr_carea' id='block_1_112' title="bbox 1938 5192 3536 5267">
    <p class='ocr_par' dir='ltr' id='par_1_112' title="bbox 1938 5192 3536 5267">
     <span class='ocr_line' id='line_1_112' title="bbox 1938 5192 3536 5267; baseline -0.004 -11"><span class='ocrx_word' id='word_1_872' title='bbox 1938 5199 2118 5256; x_wconf 86' lang='lat' dir='ltr'><strong>minus</strong></span> <span class='ocrx_word' id='word_1_873' title='bbox 2146 5195 2301 5267; x_wconf 87' lang='lat' dir='ltr'><strong>quasi</strong></span> <span class='ocrx_word' id='word_1_874' title='bbox 2345 5194 2518 5266; x_wconf 75' lang='lat' dir='ltr'><strong>iudex</strong></span> <span class='ocrx_word' id='word_1_875' title='bbox 2575 5210 2848 5261; x_wconf 86' lang='lat' dir='ltr'><strong>sessurus,</strong></span> <span class='ocrx_word' id='word_1_876' title='bbox 2893 5202 2951 5250; x_wconf 90' lang='lat' dir='ltr'><strong>et</strong></span> <span class='ocrx_word' id='word_1_877' title='bbox 2978 5192 3217 5249; x_wconf 89' lang='lat' dir='ltr'><strong>omnium</strong></span> <span class='ocrx_word' id='word_1_878' title='bbox 3246 5209 3408 5264; x_wconf 87' lang='lat' dir='ltr'><strong>opera</strong></span> <span class='ocrx_word' id='word_1_879' title='bbox 3451 5210 3536 5250; x_wconf 91' lang='lat' dir='ltr'><strong>rc-</strong></span> 
     </span>
    </p>
   </div>
   <div class='ocr_carea' id='block_1_113' title="bbox 1936 5286 3538 5360">
    <p class='ocr_par' dir='ltr' id='par_1_113' title="bbox 1936 5286 3538 5360">
     <span class='ocr_line' id='line_1_113' title="bbox 1936 5286 3538 5360; baseline -0.002 -13"><span class='ocrx_word' id='word_1_880' title='bbox 1936 5290 2196 5351; x_wconf 80' lang='lat' dir='ltr'><strong>lecturus.</strong></span> <span class='ocrx_word' id='word_1_881' title='bbox 2251 5287 2398 5346; x_wconf 82' lang='lat' dir='ltr'><strong>Libri</strong></span> <span class='ocrx_word' id='word_1_882' title='bbox 2449 5287 2540 5360; x_wconf 89' lang='lat' dir='ltr'><strong>qui</strong></span> <span class='ocrx_word' id='word_1_883' title='bbox 2593 5286 2755 5343; x_wconf 90' lang='lat' dir='ltr'><strong>modo</strong></span> <span class='ocrx_word' id='word_1_884' title='bbox 2818 5286 3132 5356; x_wconf 87' lang='lat' dir='ltr'><strong>complicati</strong></span> <span class='ocrx_word' id='word_1_885' title='bbox 3190 5294 3352 5354; x_wconf 88' lang='lat' dir='ltr'><strong>sunt,</strong></span> <span class='ocrx_word' id='word_1_886' title='bbox 3410 5295 3538 5344; x_wconf 90' lang='lat' dir='ltr'><strong>tunc</strong></span> 
     </span>
    </p>
   </div>
   <div class='ocr_carea' id='block_1_114' title="bbox 1935 5380 3536 5458">
    <p class='ocr_par' dir='ltr' id='par_1_114' title="bbox 1935 5380 3536 5458">
     <span class='ocr_line' id='line_1_114' title="bbox 1935 5380 3536 5458; baseline -0.003 -17"><span class='ocrx_word' id='word_1_887' title='bbox 1935 5385 2270 5458; x_wconf 88' lang='lat' dir='ltr'><strong>aperientur.</strong></span> <span class='ocrx_word' id='word_1_888' title='bbox 2321 5383 2499 5440; x_wconf 86' lang='lat' dir='ltr'><strong>Omne</strong></span> <span class='ocrx_word' id='word_1_889' title='bbox 2543 5380 2689 5456; x_wconf 89' lang='lat' dir='ltr'><strong>quod</strong></span> <span class='ocrx_word' id='word_1_890' title='bbox 2742 5381 2989 5449; x_wconf 78' lang='lat' dir='ltr'><strong>facimus,</strong></span> <span class='ocrx_word' id='word_1_891' title='bbox 3048 5381 3193 5453; x_wconf 88' lang='lat' dir='ltr'><strong>quod</strong></span> <span class='ocrx_word' id='word_1_892' title='bbox 3239 5380 3536 5452; x_wconf 88' lang='lat' dir='ltr'><strong>loquimur,</strong></span> 
     </span>
    </p>
   </div>
   <div class='ocr_carea' id='block_1_115' title="bbox 1936 5472 3536 5555">
    <p class='ocr_par' dir='ltr' id='par_1_115' title="bbox 1936 5472 3536 5555">
     <span class='ocr_line' id='line_1_115' title="bbox 1936 5472 3536 5555; baseline -0.006 -16"><span class='ocrx_word' id='word_1_893' title='bbox 1936 5480 2085 5555; x_wconf 90' lang='lat' dir='ltr'><strong>quod</strong></span> <span class='ocrx_word' id='word_1_894' title='bbox 2139 5480 2466 5553; x_wconf 82' lang='lat' dir='ltr'><strong>cogitamus,</strong></span> <span class='ocrx_word' id='word_1_895' title='bbox 2516 5478 2679 5532; x_wconf 89' lang='lat' dir='ltr'><strong>etiam</strong></span> <span class='ocrx_word' id='word_1_896' title='bbox 2728 5477 2795 5532; x_wconf 89' lang='lat' dir='ltr'><strong>de</strong></span> <span class='ocrx_word' id='word_1_897' title='bbox 2849 5475 3027 5532; x_wconf 85' lang='lat' dir='ltr'><strong>otioso</strong></span> <span class='ocrx_word' id='word_1_898' title='bbox 3076 5474 3242 5531; x_wconf 70' lang='lat' dir='ltr'><strong>verbo</strong></span> <span class='ocrx_word' id='word_1_899' title='bbox 3271 5472 3536 5532; x_wconf 79' lang='lat' dir='ltr'><strong>reddituri</strong></span> 
     </span>
    </p>
   </div>
   <div class='ocr_carea' id='block_1_116' title="bbox 1934 5569 3536 5643">
    <p class='ocr_par' dir='ltr' id='par_1_116' title="bbox 1934 5569 3536 5643">
     <span class='ocr_line' id='line_1_116' title="bbox 1934 5569 3536 5643; baseline -0.006 -10"><span class='ocrx_word' id='word_1_900' title='bbox 1934 5591 2122 5633; x_wconf 83' lang='lat' dir='ltr'><strong>sumus</strong></span> <span class='ocrx_word' id='word_1_901' title='bbox 2159 5575 2448 5632; x_wconf 86' lang='lat' dir='ltr'><strong>rationem.</strong></span> <span class='ocrx_word' id='word_1_902' title='bbox 2480 5571 2756 5643; x_wconf 87' lang='lat' dir='ltr'><strong>Scriptum</strong></span> <span class='ocrx_word' id='word_1_903' title='bbox 2786 5578 2870 5628; x_wconf 87' lang='lat' dir='ltr'><strong>est</strong></span> <span class='ocrx_word' id='word_1_904' title='bbox 2898 5570 2950 5625; x_wconf 92' lang='lat' dir='ltr'><strong>iu</strong></span> <span class='ocrx_word' id='word_1_905' title='bbox 3007 5569 3164 5625; x_wconf 85' lang='lat' dir='ltr'><strong>libris</strong></span> <span class='ocrx_word' id='word_1_906' title='bbox 3210 5569 3331 5626; x_wconf 89' lang='lat' dir='ltr'><strong>Dei.</strong></span> <span class='ocrx_word' id='word_1_907' title='bbox 3378 5569 3536 5624; x_wconf 81' lang='lat' dir='ltr'><strong>Putat</strong></span> 
     </span>
    </p>
   </div>
   <div class='ocr_carea' id='block_1_117' title="bbox 1933 5661 3532 5740">
    <p class='ocr_par' dir='ltr' id='par_1_117' title="bbox 1933 5661 3532 5740">
     <span class='ocr_line' id='line_1_117' title="bbox 1933 5661 3532 5740; baseline -0.004 -18"><span class='ocrx_word' id='word_1_908' title='bbox 1933 5668 2135 5740; x_wconf 82' lang='lat' dir='ltr'><strong>aliquis</strong></span> <span class='ocrx_word' id='word_1_909' title='bbox 2164 5666 2336 5724; x_wconf 82' lang='lat' dir='ltr'><strong>libros</strong></span> <span class='ocrx_word' id='word_1_910' title='bbox 2358 5679 2483 5723; x_wconf 80' lang='lat' dir='ltr'><strong>esse</strong></span> <span class='ocrx_word' id='word_1_911' title='bbox 2532 5664 2586 5720; x_wconf 90' lang='lat' dir='ltr'><strong>in</strong></span> <span class='ocrx_word' id='word_1_912' title='bbox 2631 5664 2794 5732; x_wconf 73' lang='lat' dir='ltr'><strong>cmlo,</strong></span> <span class='ocrx_word' id='word_1_913' title='bbox 2827 5662 2914 5718; x_wconf 88' lang='lat' dir='ltr'><strong>ubi</strong></span> <span class='ocrx_word' id='word_1_914' title='bbox 2944 5661 3261 5719; x_wconf 86' lang='lat' dir='ltr'><strong>scribuntur</strong></span> <span class='ocrx_word' id='word_1_915' title='bbox 3314 5673 3532 5732; x_wconf 76' lang='lat' dir='ltr'><strong>peccata</strong></span> 
     </span>
    </p>
   </div>
   <div class='ocr_carea' id='block_1_118' title="bbox 1934 5753 3533 5832">
    <p class='ocr_par' dir='ltr' id='par_1_118' title="bbox 1934 5753 3533 5832">
     <span class='ocr_line' id='line_1_118' title="bbox 1934 5753 3533 5832; baseline -0.006 -14"><span class='ocrx_word' id='word_1_916' title='bbox 1934 5768 2123 5818; x_wconf 85' lang='lat' dir='ltr'><strong>nostra</strong></span> <span class='ocrx_word' id='word_1_917' title='bbox 2156 5778 2168 5814; x_wconf 89' lang='lat'><strong>:</strong></span> <span class='ocrx_word' id='word_1_918' title='bbox 2196 5759 2313 5832; x_wconf 84' lang='lat' dir='ltr'><strong>Ego</strong></span> <span class='ocrx_word' id='word_1_919' title='bbox 2338 5757 2509 5815; x_wconf 89' lang='lat' dir='ltr'><strong>libros</strong></span> <span class='ocrx_word' id='word_1_920' title='bbox 2536 5764 2667 5829; x_wconf 88' lang='lat' dir='ltr'><strong>puto</strong></span> <span class='ocrx_word' id='word_1_921' title='bbox 2691 5753 3058 5813; x_wconf 88' lang='lat' dir='ltr'><strong>conscientias</strong></span> <span class='ocrx_word' id='word_1_922' title='bbox 3112 5764 3357 5824; x_wconf 74' lang='lat' dir='ltr'><strong>nostras,</strong></span> <span class='ocrx_word' id='word_1_923' title='bbox 3413 5768 3533 5822; x_wconf 67' lang='lat' dir='ltr'><strong>quae</strong></span> 
     </span>
    </p>
   </div>
   <div class='ocr_carea' id='block_1_119' title="bbox 1932 5845 3528 5925">
    <p class='ocr_par' dir='ltr' id='par_1_119' title="bbox 1932 5845 3528 5925">
     <span class='ocr_line' id='line_1_119' title="bbox 1932 5845 3528 5925; baseline -0.008 -15"><span class='ocrx_word' id='word_1_924' title='bbox 1932 5857 2061 5910; x_wconf 86' lang='lat' dir='ltr'><strong>tunc</strong></span> <span class='ocrx_word' id='word_1_925' title='bbox 2087 5848 2423 5925; x_wconf 77' lang='lat' dir='ltr'><strong>aperientur,</strong></span> <span class='ocrx_word' id='word_1_926' title='bbox 2456 5856 2513 5907; x_wconf 89' lang='lat' dir='ltr'><strong>et</strong></span> <span class='ocrx_word' id='word_1_927' title='bbox 2533 5845 2734 5907; x_wconf 86' lang='lat' dir='ltr'><strong>videbit</strong></span> <span class='ocrx_word' id='word_1_928' title='bbox 2787 5847 3153 5919; x_wconf 70' lang='lat' dir='ltr'><strong>unusquisque</strong></span> <span class='ocrx_word' id='word_1_929' title='bbox 3195 5845 3337 5917; x_wconf 89' lang='lat' dir='ltr'><strong>quod</strong></span> <span class='ocrx_word' id='word_1_930' title='bbox 3385 5846 3528 5903; x_wconf 79' lang='lat' dir='ltr'><strong>fecit.</strong></span> 
     </span>
    </p>
   </div>
  </div>
