3954 6340
451 281 587 338 1065

1245 284 1592 345 APPENDIX
1629 287 1722 345 AD
1759 289 1998 347 TOMUM
2039 288 2393 352 SEPTIMUM
2435 292 2491 352 S.
2534 291 2938 352 HIERONYMI.

3611 298 3743 360 1061

435 427 520 483 Nil
551 427 822 483 occultum
851 428 993 499 quod
1014 444 1117 485 non
1143 431 1494 490 revelabitur.
1530 434 1826 506 Propterea
1852 436 2014 492 thron

2145 418 2304 477 modo
2333 419 2422 490 qui
2451 429 2933 492 suntpeccatores,
2955 419 3005 475 in
3027 421 3265 490 peccatis
3284 419 3484 479 habent
3500 423 3744 482 diversas

434 522 596 592 positi
623 532 766 589 sunt,
796 532 848 577 et
873 523 997 578 libri
1021 525 1190 595 aperti
1215 533 1358 580 sunt.
1383 526 1593 594 Quanta
1616 530 1815 601 scripta
1833 544 1958 584 sunt
1986 528 2038 584 in

430 612 727 681 lihromeu,
757 626 901 672 etne
926 617 1076 672 fratri
1099 619 1314 690 quidem
1346 635 1493 687 meo,
1527 639 1700 694 neque
1729 609 1906 680 amico
1921 639 2040 680 mco

433 709 611 766 audeo
656 709 922 766 confiteri.
981 711 1170 769 Sciunt
1208 715 1385 786 angeli
1411 716 1539 786 qttid
1589 715 1832 781 fecerim,
1862 717 2042 774 sciunt

431 799 661 869 Throni,
693 803 871 858 sciunt
893 803 1210 876 Seraphim;
1255 807 1357 863 scit
1404 807 1586 875 Pater,
1633 819 1689 864 et
1738 809 1934 878 Filius,
1985 820 2042 866 et

433 897 675 967 Spiritus
709 908 950 956 sanctus.
1009 900 1256 957 Diximus
1287 903 1355 959 de
1385 904 1515 970 Deo,
1569 905 1712 975 quod
1741 907 1865 962 aliis
1910 916 2038 974 stet,

431 989 551 1044 aliis
582 991 849 1056 ambulet,
885 993 1008 1048 aliis
1032 1009 1161 1050 vero
1191 995 1379 1052 sedeat
1407 1015 1420 1051 :
1456 1007 1550 1053 aut
1579 1000 1732 1068 quasi
1766 999 1902 1067 Rex,
1947 1010 2040 1056 aut

429 1082 773 1154 quasijudex
811 1102 824 1140 :
853 1085 982 1141 aliis
1007 1103 1140 1144 vero
1169 1087 1391 1145 dormit.
1426 1090 1482 1148 Si
1509 1091 1727 1162 quando
1756 1108 1858 1148 nos
1882 1092 2040 1149 dere-

431 1175 628 1246 linquit
653 1179 1064 1248 tentationibus,
1093 1181 1219 1237 licet
1242 1183 1412 1238 simus
1434 1185 1605 1240 sancti
1638 1203 1649 1238 :
1672 1194 1850 1242 tamen
1870 1187 2039 1242 relin-

439 1270 654 1341 quitnur
715 1273 1107 1329 tentationibus
1177 1285 1234 1330 ut
1285 1277 1582 1348 probemur
1621 1295 1732 1334 :eo
1791 1289 2038 1351 tempore

431 1362 593 1418 nobis
618 1363 1120 1422 dormitDominus.
1150 1367 1392 1438 Denique
1419 1370 1546 1440 quid
1567 1369 1695 1426 dicit
1714 1371 2032 1427 Psalmista:

429 1453 694 1528 Exsurge,
724 1465 782 1512 ut
808 1457 938 1528 quid
969 1458 1260 1526 dormitas,
1293 1459 1715 1533 Domine(Psal.
1740 1477 1870 1518 xun
1892 1462 1948 1534 )?
1972 1463 2040 1518 Et

427 1548 687 1617 apostoli,
739 1551 958 1619 quando
1007 1561 1166 1608 erant
1220 1553 1273 1608 in
1307 1553 1454 1621 navi,
1505 1563 1560 1610 et
1583 1555 1733 1610 navis
1780 1553 2038 1612 ﬂuctibus

429 1638 780 1710 lundebatur,
806 1639 1122 1700 dormiebat
1143 1645 1225 1700 eis
1259 1645 1520 1700 Dominus
1541 1663 1552 1699 :
1570 1645 1864 1717 Propterea
1890 1648 2034 1703 enim

425 1733 579 1788 navis
625 1730 882 1790 ﬂuctibus
933 1735 1286 1792 tundebatur.
1317 1738 1561 1808 Denique
1605 1737 1844 1795 CXCiL‘lIIl
1867 1756 1993 1796 eum
2016 1781 2033 1808 ,

2147 528 2438 584 personas,
2475 512 2553 568 sic
2587 513 2896 569 econtrario
2924 513 3015 584 qui
3048 515 3223 569 sancti
3253 523 3410 583 sunt,
3460 515 3661 573 habent
3695 529 3746 574 ct

2145 606 2247 676 ipsi
2289 606 2538 663 diversas
2567 621 2846 675 personas,
2867 606 2962 662 sed
2981 607 3036 661 in
3057 606 3220 663 bono.
3249 607 3480 677 Quando
3509 609 3746 668 elcemo-

2143 715 2333 772 synam
2355 700 2516 766 facio,
2531 698 2705 756 habeo
2729 715 3014 770 personam
3026 701 3178 770 quasi
3203 700 3747 771 elcmentis.Quandu

2143 808 2273 848 vero
2287 791 2425 848 bene
2433 792 2453 861 j
2462 791 2638 856 udico,
2657 791 2829 848 habeo
2846 807 3132 862 personam
3149 793 3272 850 honi
3285 793 3504 865 judicis.
3522 795 3747 864 Quando

2142 900 2275 940 vero
2291 884 2419 956 iujnt
2434 885 2538 940 iam
2559 884 2757 956 patior,
2779 895 2836 941 ct
2851 885 3074 941 humilis
3095 901 3237 957 sum,
3253 886 3427 944 habeo
3459 903 3743 960 personam

2143 977 2386 1034 humilis.
2428 977 2622 1034 Infelix
2667 991 2780 1047 est,
2816 979 2907 1050 qui
2937 979 3121 1050 plures
3152 979 3206 1035 in
3255 983 3396 1037 malo
3430 982 3596 1038 habet
3627 1000 3746 1054 per-

2141 1085 2326 1126 sonas.
2364 1070 2515 1126 Felix
2537 1072 2745 1143 est,qui
2766 1071 3006 1128 divetsas
3030 1088 3290 1144 personas
3313 1073 3473 1130 habet
3493 1076 3547 1131 in
3580 1076 3745 1133 bono.

2215 1160 2531 1218 Nescierunt
2563 1179 2726 1234 neque
2761 1163 3161 1232 intellexerunt,
3203 1166 3256 1220 in
3299 1166 3522 1222 tenebris
3563 1168 3749 1223 ambu-

2143 1254 2276 1308 lant.
2311 1254 2452 1321 Qui?
2498 1255 2624 1310 Mali
2666 1254 2906 1326 judices.
2935 1257 3084 1324 Quos
3127 1271 3232 1328 ego
3272 1257 3407 1314 deos
3445 1261 3746 1330 vocabam,

2147 1347 2284 1403 vitio
2315 1362 2416 1403 suo
2446 1346 2574 1403 mali
2603 1348 2862 1420 appellati
2893 1359 3041 1404 sunt.
3073 1349 3396 1405 Neseierunt
3424 1367 3535 1418 me,
3569 1368 3750 1424 neque

2141 1439 2534 1496 intellexerunt
2554 1441 2825 1510 judicium
2853 1457 3032 1497 meum
3058 1461 3069 1495 :
3093 1443 3144 1498 in
3171 1443 3418 1500 tenebris
3439 1444 3742 1502 ambulant.

2139 1533 2276 1601 Quia
2330 1533 2741 1604 dercliquerunt
2790 1533 2966 1591 lucem
3005 1553 3019 1590 :
3055 1545 3346 1607 propterea
3395 1537 3449 1592 in
3501 1539 3747 1596 tenebris

2139 1627 2442 1682 ambulant.
2477 1627 2594 1698 Ego
2617 1627 2732 1684 dixi
2758 1647 2770 1681 :
2806 1643 2901 1684 vos
2929 1629 3063 1686 estis
3087 1629 3178 1686 lux
3202 1631 3412 1701 mundi,
3441 1645 3499 1688 et
3530 1648 3631 1688 vos
3652 1632 3746 1690 dc-

2140 1721 2382 1776 clinastis
2409 1736 2438 1774 a
2469 1720 2610 1787 luce,
2631 1732 2684 1777 et
2707 1721 2833 1778 facti
2860 1723 2994 1778 estis
3018 1723 3280 1780 tenebrte.
3307 1723 3444 1793 Quia
3476 1739 3613 1797 ergo
3639 1725 3746 1784 hoc

423 1832 481 1880 et
513 1825 756 1896 evigilat,
785 1834 842 1882 et
871 1827 1057 1883 statim
1093 1837 1388 1901 tempestas
1413 1807 1642 1901 quiescit
1674 1831 1880 1904 (Marc.
1911 1849 1963 1888 tv
1987 1834 2028 1906 ),
2066 1807 2113 1870 Β
2140 1816 2408 1882 fecerunt,
2435 1815 2716 1872 videamus
2737 1817 2866 1888 quid
2897 1817 3164 1888 sequitur.
3191 1818 3541 1874 Morabantur
3564 1823 3741 1876 omnia

426 1917 673 1973 Diximus
703 1918 771 1975 de
795 1929 1029 1991 quatuor
1058 1921 1429 1979 schematibus
1460 1924 1590 1982 Dei:
1616 1929 1742 1996 quia
1761 1926 1881 1982 aliis
1897 1936 2026 1994 stet,

425 2011 547 2068 aliis
585 2012 849 2082 ambulet,
881 2015 1003 2070 aliis
1033 2015 1243 2083 sedeat,
1286 2026 1339 2072 et
1379 2016 1504 2072 aliis
1547 2020 1699 2089 quasi
1751 2020 2026 2076 dormiat:

423 2103 548 2161 aliis
566 2121 702 2163 vero
724 2105 944 2180 evigilat
960 2116 1014 2164 et
1033 2110 1333 2179 consurgit.
1367 2108 1510 2166 Deus
1530 2112 1667 2166 stetit
1693 2114 1744 2166 in
1765 2129 2028 2186 synagoga

423 2199 657 2254 deorum.
689 2201 826 2268 Quia
855 2199 929 2256 dii
956 2209 1138 2268 erant,
1170 2212 1465 2274 prepterea
1489 2205 1666 2260 stahat
1688 2205 1738 2260 ei
1772 2205 1936 2262 Deus.
1969 2205 2027 2262 In

421 2310 526 2364 qua
555 2308 830 2366 synagoga
861 2306 1069 2365 nostra,
1100 2295 1314 2352 diversa
1340 2297 1484 2354 Deus
1519 2296 1683 2354 habet
1707 2298 1982 2355 Sehetnata
2009 2314 2024 2356 :

420 2387 544 2443 aliis
573 2397 703 2459 stat,
735 2389 858 2444 aliis
879 2389 1053 2456 sedet,
1079 2389 1198 2446 aliis
1220 2391 1481 2457 ambulat,
1505 2391 1857 2448 aliisdormit.
1890 2394 2025 2449 Cum

420 2477 539 2549 ipse
575 2480 644 2536 sit
675 2480 1052 2549 immutabilis,
1086 2497 1188 2553 pro
1243 2493 1429 2539 nostra
1454 2485 1718 2542 varietate
1762 2497 2021 2542 mutatur.

416 2570 557 2627 Vide
590 2571 828 2629 hominis
855 2572 1198 2646 dignitatem.
1233 2573 1371 2630 Deus
1395 2575 1531 2631 stetit
1562 2576 1615 2631 in
1641 2593 1906 2649 synagoga
1932 2578 2024 2633 de-

418 2681 586 2720 orum.
609 2664 862 2737 Largitur
882 2666 1040 2724 nobis
1063 2683 1284 2737 nomen,
1305 2679 1364 2724 ut
1385 2669 1644 2740 largiatur
1672 2679 1725 2726 et
1747 2675 2020 2726 meritum.

416 2755 483 2813 In
529 2759 697 2815 medio
723 2772 898 2816 autem
934 2761 1056 2817 deos
1097 2761 1379 2833 dijudicat.
1427 2763 1593 2830 Quasi
1648 2764 1943 2836 itnpcrator
1970 2766 2023 2820 in

419 2851 603 2909 medio
631 2853 907 2911 exercitus
929 2854 1211 2927 dijudicat.
1262 2856 1407 2913 Deus
1437 2856 1570 2914 deos
1595 2857 1876 2929 dijudicat.
1917 2858 2025 2916 Res

413 2945 800 3015 formidabilis,
835 2962 926 3003 res
962 2949 1192 3004 terroris
1238 2948 1422 3019 plena.
1475 2949 1530 3006 Si
1580 2950 1713 3006 deos
1742 2951 2022 3022 dijudicat,

415 3037 484 3094 de
519 3049 809 3108 peccatore
838 3040 966 3112 quid
996 3040 1166 3097 facit?
1196 3041 1340 3097 Duos
1363 3042 1497 3098 istos
1538 3043 1842 3100 versiculos
1871 3046 2022 3117 quasi

411 3132 674 3202 propheta
706 3131 846 3187 dixit
870 3149 888 3198 ;
915 3133 1020 3190 hoc
1045 3148 1173 3190 vero
1196 3133 1339 3206 quod
1369 3133 1648 3206 sequitur:

2135 1910 2472 1980 [initiamenta
2503 1920 2672 1966 terrae.
2690 1909 2902 1980 Videte,
2931 1912 3210 1983 principes
3237 1913 3368 1969 mali
3400 1914 3620 1986 qualem
3650 1915 3745 1971 ha-

2135 2002 2262 2057 bent
2281 2002 2714 2060 retributionem.
2735 2004 2961 2076 Propter
2984 2007 3156 2062 malos
3174 2005 3405 2076 judices,
3437 2016 3601 2064 terra:
3625 2009 3744 2065 fun-

2131 2093 2383 2152 damenta
2426 2098 2764 2168 quatiuntur.
2815 2097 2927 2153 lloc
2963 2099 3176 2156 interitn
3223 2099 3462 2156 diximus
3504 2102 3742 2174 primum

2131 2187 2430 2243 secundum
2461 2190 2694 2245 litteram
2727 2207 2739 2244 :
2776 2191 3031 2261 quoniam
3066 2193 3230 2248 totius
3270 2193 3420 2250 orbis
3449 2197 3742 2252 cimcussio

2133 2293 2354 2354 propter
2383 2283 2559 2340 malos
2581 2285 2853 2356 principes
2870 2285 3037 2341 venit.
3062 2285 3316 2342 Dicamus
3345 2297 3532 2344 autem
3556 2298 3616 2346 et
3640 2289 3741 2344 ali-

2134 2389 2214 2433 ter
2246 2397 2258 2431 :
2291 2377 2634 2433 Morabantur
2655 2379 2830 2434 omnia
2857 2381 3195 2451 fundamenta
3218 2392 3392 2438 terra.
3419 2383 3537 2456 Ego
3566 2383 3739 2441 malos

2125 2470 2363 2541 judices,
2387 2472 2476 2544 qui
2505 2471 2855 2528 fundamenta
2889 2482 3189 2544 posuerunt
3213 2476 3264 2530 in
3288 2485 3512 2542 terram,
3545 2486 3603 2532 et
3632 2495 3734 2534 non

2130 2563 2183 2620 in
2214 2565 2413 2622 coelum
2433 2607 2446 2629 ,
2476 2565 2786 2623 subvertam
2816 2583 2830 2621 :
2859 2567 2952 2638 qui
2983 2567 3289 2624 debuerunt
3316 2569 3733 2626 fundamentum

2130 2658 2334 2716 habere
2355 2658 2657 2727 Christum,
2676 2677 2838 2732 quem
2858 2660 3033 2732 posuit
3060 2661 3389 2718 architectus
3411 2662 3618 2719 Paulus
3643 2681 3656 2717 :
3684 2673 3734 2720 et

2130 2755 2443 2821 noluerunt,
2469 2753 2563 2810 sed
2588 2755 2640 2809 in
2666 2763 2870 2810 terram
2894 2766 3193 2825 posuerunt
3227 2756 3583 2812 fundamenta
3615 2774 3728 2813 sua.

2201 2845 2314 2920 Ego
2346 2848 2486 2916 dixi,
2529 2847 2606 2901 dii
2643 2847 2798 2914 estis,
2840 2857 2888 2902 ct
2927 2846 3026 2917 ﬁlii
3063 2847 3254 2904 excelsi
3291 2866 3486 2906 omnes.
3531 2851 3733 2907 Audiat

2129 2941 2449 3007 Eunomius,
2473 2941 2655 2997 audiat
2679 2942 2862 3011 Arius,
2891 2943 2982 3014 qui
3009 2942 3197 3000 dicunt
3217 2944 3414 3000 Filium
3445 2945 3542 3002 Dei
3564 2946 3722 3002 simi-

2126 3035 2254 3091 liter
2278 3051 2402 3092 esse
2428 3036 2616 3104 lilium,
2647 3044 2705 3091 ut
2735 3052 2836 3092 nos
2863 3051 3071 3092 sumus.
3096 3037 3251 3106 Quod
3281 3037 3354 3094 dii
3382 3053 3598 3107 sumus,
3624 3055 3725 3096 non

2126 3139 2210 3186 est
2237 3141 2467 3197 naturae,
2501 3129 2595 3185 sed
2627 3131 2836 3199 gratim.
2871 3130 3149 3202 Quotquot
3177 3131 3323 3187 enim
3353 3148 3478 3187 cum
3505 3148 3729 3204 recepe-

483 3223 757 3296 Usquequo
777 3215 1034 3298 judiealis
1060 3227 1426 3299 iniquitatem?
1455 3229 1574 3299 [pse
1609 3229 1751 3286 Deus
1778 3230 2022 3302 ιοειυίιυιι
2049 3207 2096 3273 C
2129 3230 2287 3290 runt,
2326 3223 2480 3279 dedit
2513 3223 2595 3279 eis
2623 3232 2953 3294 potestatem
2985 3225 3126 3279 lilios
3155 3223 3253 3280 Dei
3283 3224 3398 3279 fieri
3431 3223 3618 3297 (Joan.
3654 3227 3721 3296 I).

407 3316 474 3372 ad
493 3316 727 3388 judices,
744 3320 845 3374 hoc
862 3330 968 3391 est,
989 3319 1056 3376 ad
1071 3319 1343 3392 principes
1365 3323 1570 3393 populi.
1599 3323 1917 3394 Specialiter
1931 3323 2020 3380 isti

410 3409 676 3466 versiculi
703 3411 796 3483 qui
826 3423 1152 3484 sequuntur,
1183 3413 1250 3468 ad
1275 3413 1487 3485 judiccs
1519 3415 1798 3472 dicuntur.
1832 3417 1886 3474 Si
1918 3432 2020 3472 sa:-

412 3505 521 3561 culi
557 3504 793 3575 judices,
822 3507 1170 3563 manifestum
1199 3518 1303 3564 est.
1337 3509 1394 3567 Si
1417 3526 1545 3567 vero
1576 3510 1835 3568 Ecclesia:
1873 3513 2018 3583 judi-

420 3613 536 3668 ces,
587 3598 657 3655 de
717 3600 988 3672 episcopis
1027 3601 1390 3674 intelligamus
1444 3612 1607 3677 atque
1659 3607 2012 3680 presbyteris.

421 3689 694 3764 Usqtthuo
725 3693 982 3767 judicatis
1025 3695 1514 3767 iniquitatem?Qui
1557 3699 1765 3769 judicat
1815 3701 2016 3772 iniqui-

415 3793 603 3856 tatem,
622 3785 791 3858 judex
807 3786 1111 3860 iniquitatis
1129 3799 1230 3846 est.
1253 3790 1349 3846 Ille
1369 3802 1484 3847 erat
1507 3791 1670 3862 judex
1695 3793 2014 3864 iniquitatis,

402 3877 471 3934 de
498 3893 605 3949 quo
631 3877 828 3936 dicitur
857 3879 908 3935 in
933 3879 1232 3954 Evangelio
1268 3899 1281 3937 :
1313 3882 1407 3955 qui
1457 3884 1743 3940 Dominum
1793 3903 1898 3942 non
1952 3888 2016 3941 ti-

407 3971 616 4042 mebat,
647 3984 702 4030 et
757 3973 1032 4032 hominem
1068 3991 1174 4032 non
1216 3977 1592 4034 reverebatur.
1631 3978 1906 4050 Usquequo
1922 3981 2015 4052 ju-

401 4069 588 4124 dicatis
619 4069 984 4141 iniquitatem?
1012 4071 1146 4128 Dedi
1175 4071 1332 4128 vobis
1359 4083 1685 4143 potestatem
1712 4075 1764 4129 in
1793 4092 2010 4148 gregem

400 4179 613 4232 meum,
646 4157 781 4220 etin
807 4166 1062 4237 p0pulum
1091 4166 1184 4223 Dei
1210 4181 1224 4220 :
1249 4165 1462 4223 debetis
1487 4167 1700 4238 judices
1759 4185 1906 4237 esse,
1958 4179 2014 4226 et

401 4275 508 4314 non
539 4259 670 4330 lupi.
701 4258 769 4314 Et
790 4260 950 4331 {acies
971 4272 1298 4334 peccatorum
1324 4261 1549 4318 sumitis.
1568 4261 1827 4317 Jtttlieatc
1854 4281 2010 4336 egeno

402 4360 447 4407 et
477 4353 680 4425 pupillo
708 4395 722 4420 ,
744 4354 992 4409 humilem
1035 4363 1084 4410 et
1114 4371 1393 4428 pauperem
1435 4355 1750 4427 justi/irate.
1807 4355 2012 4430 Eripite

404 4462 714 4519 pauperem,
770 4457 816 4500 et
860 4464 1091 4518 egenum,
1136 4455 1242 4504 etc.
1283 4447 1512 4517 Quando
1570 4450 1779 4504 venerit
1803 4449 1870 4503 ad
1916 4466 2010 4507 vos

398 4536 686 4608 judicium,
713 4555 821 4594 non
851 4539 1208 4596 consideratis
1235 4555 1473 4607 causam,
1510 4557 1617 4596 non
1647 4541 2008 4599 consideratis

2127 3318 2423 3389 Propterea
2456 3319 2555 3373 feci
2588 3317 2889 3386 hominem,
2925 3327 2980 3372 ut
3009 3317 3080 3374 de
3110 3317 3426 3374 hominibus
3453 3319 3530 3374 dii
3573 3319 3721 3374 ﬁant.

2125 3409 2238 3481 Ego
2266 3411 2398 3478 dixi,
2425 3411 2500 3464 dii
2527 3411 2671 3481 estis,
2707 3419 2754 3465 et
2775 3412 2875 3481 ﬁlii
2904 3411 3092 3466 excelsi
3122 3428 3315 3466 omnes.
3335 3412 3529 3469 Videte
3551 3429 3723 3485 quau-

2125 3512 2177 3558 ta
2209 3502 2280 3558 sit
2313 3503 2585 3573 dignitas,
2614 3513 2668 3560 et
2696 3503 2770 3560 dii
2798 3519 3059 3560 vocamur
3093 3513 3150 3559 et
3186 3505 3304 3560 ﬁlii.
3338 3503 3452 3575 Ego
3493 3505 3596 3561 feci
3630 3519 3722 3561 vos

2121 3597 2278 3663 deos,
2306 3596 2445 3652 sicut
2471 3596 2574 3653 feci
2599 3598 2820 3669 Moysen
2848 3597 3150 3652 Pharaonis
3173 3598 3345 3654 Deum
3371 3596 3568 3669 (Exod.
3593 3598 3721 3671 vn):

2121 3700 2181 3747 ut
2210 3700 2497 3762 postquam
2523 3691 2598 3746 dii
2630 3690 2867 3756 fueritis,
2897 3691 3053 3762 digni
3084 3691 3405 3747 efficiamini
3449 3691 3543 3746 lilii
3588 3692 3717 3748 mei.

2118 3782 2482 3840 Considerate
2512 3783 2852 3855 Scripturam
2882 3783 3119 3839 divinam
3147 3800 3166 3838 :
3190 3783 3308 3840 Non
3337 3793 3421 3840 est
3453 3800 3723 3856 persona-

2119 3893 2236 3932 rttm
2267 3878 2514 3948 acceptio
2544 3876 2688 3948 apud
2721 3878 2914 3933 Deum.
2947 3875 3067 3934 Non
3097 3877 3236 3933 dixit
3269 3895 3282 3932 :
3319 3877 3432 3951 Ego
3463 3879 3575 3934 dixi
3597 3922 3612 3948 ,
3646 3880 3719 3933 dii

2119 3973 2258 4038 estis,
2285 3987 2442 4044 reges
2463 3981 2516 4028 et
2539 3971 2835 4043 principes,
2861 3972 2954 4027 sed
2986 3988 3180 4028 omnes
3210 3971 3409 4042 quibus
3435 3974 3719 4044 aequaliter

2119 4081 2318 4137 Corpus
2355 4065 2505 4133 dedi,
2530 4075 2585 4122 et
2609 4065 2874 4133 animam,
2905 4075 2959 4122 et
2984 4065 3237 4137 spiritum
3273 4085 3284 4120 :
3316 4067 3601 4138 aequaliter
3620 4067 3718 4123 do-

2119 4161 2262 4230 navi,
2297 4173 2351 4218 et
2379 4161 2662 4230 deitatem,
2694 4172 2748 4218 et
2776 4161 3150 4232 adoptionem.
3182 4161 3493 4234 Equaliter
3520 4178 3714 4218 omnes

2120 4257 2418 4324 nascimur,
2443 4266 2498 4314 et
2522 4257 2903 4330 imperatores,
2930 4266 2985 4314 et
3013 4272 3281 4328 pauperes
3307 4276 3320 4311 :
3354 4257 3642 4330 aequaliter
3660 4266 3714 4313 et
3755 4250 3760 4254 ’

2118 4351 2404 4407 morimur.
2430 4351 2682 4424 Equalis
2702 4352 2847 4408 enim
2874 4349 3120 4407 conditio
3151 4360 3256 4407 est.

2193 4446 2297 4501 Vos
2327 4458 2499 4502 autem
2541 4447 2673 4501 sicut
2715 4445 2950 4501 homines
2987 4445 3306 4500 moriemini.
3338 4443 3546 4500 Videtis
3582 4460 3715 4516 ergo

2117 4543 2374 4613 quoniam
2407 4542 2498 4614 qui
2531 4544 2692 4598 homo
2714 4551 2820 4613 est,
2848 4542 3100 4598 moritur.
3129 4540 3268 4596 Deus
3290 4540 3437 4596 enim
3462 4554 3568 4595 non
3599 4555 3716 4593 mo-

394 4629 681 4701 judicium,
715 4631 811 4688 sed
836 4647 1138 4702 personnas
1163 4647 1349 4689 eorum
1367 4633 1460 4705 qui
1483 4631 1908 4691 habentcausas.
1933 4612 2090 4692 AcD
2119 4612 2277 4691 ritur.
2321 4637 2388 4691 Et
2423 4612 2604 4691 _Adam
2646 4612 2905 4706 quamdiu
2953 4633 3204 4690 servabat
3254 4643 3616 4704 praceptum,
3662 4640 3717 4686 ct

396 4724 442 4778 si
465 4722 642 4779 dicat:
663 4723 721 4782 Si
757 4725 971 4781 venerit
1002 4741 1226 4798 pauper,
1255 4726 1462 4784 habens
1479 4727 1685 4799 justum
1711 4731 2008 4802 negotium,

403 4826 456 4876 et
481 4819 692 4876 venerit
712 4817 888 4888 dives,
916 4818 1124 4876 habens
1155 4821 1352 4877 malum
1399 4823 1673 4894 negotium
1704 4839 1717 4878 :
1747 4839 1842 4880 vos
1890 4840 2012 4896 per-

398 4926 589 4969 sonam
633 4913 909 4986 aspicitis,
960 4930 1070 4970 non
1129 4917 1423 4987 negotium.
1488 4917 1602 4974 lloc
1659 4919 1873 4976 interim
1924 4937 2013 4977 se-

400 5006 641 5063 cundum
668 5024 830 5064 unam
855 5009 1382 5079 interpretationem.
1413 5009 1682 5069 Caeterum
1714 5023 1797 5070 est
1828 5015 2008 5071 etalia

400 5099 782 5172 interpretatio
823 5102 1107 5158 sacratior.
1147 5102 1296 5160 Solet
1325 5105 1377 5160 in
1416 5105 1639 5163 theatris
1673 5124 1809 5162 unus
1841 5107 2006 5165 homo

395 5191 709 5268 frequenter
731 5194 977 5253 diversas
1001 5195 1206 5254 habere
1228 5214 1487 5270 personas
1509 5217 1682 5258 :nunc
1710 5202 2007 5275 ingreditur

399 5285 453 5342 in
483 5287 790 5356 mulierem,
816 5305 961 5346 nunc
989 5289 1043 5347 in
1074 5291 1274 5360 virum,
1309 5308 1456 5350 nunc
1485 5294 1538 5349 in
1579 5311 1790 5367 regem,
1819 5308 1874 5353 et
1912 5297 2003 5369 qui

394 5380 448 5436 in
484 5396 663 5452 regem
693 5393 1056 5454 processerat,
1076 5402 1289 5443 rursum
1311 5389 1362 5442 in
1393 5403 1551 5444 servo
1580 5391 1843 5460 procedit.
1885 5391 2000 5448 Dixi

391 5474 700 5546 exemplum
720 5521 734 5547 ,
757 5476 894 5533 utde
914 5478 1120 5534 carnali
1140 5480 1326 5536 venire
1340 5481 1609 5551 possimus
1621 5482 1684 5537 ad
1698 5483 1998 5554 spirituale.

387 5565 463 5624 Et
500 5582 600 5624 nos
626 5567 874 5626 diversas
915 5585 1178 5642 personas
1216 5571 1534 5643 accipimus.
1581 5573 1810 5643 Quando
1853 5577 2000 5634 enim

392 5666 624 5737 irascor,
653 5683 945 5740 personam
965 5668 1140 5725 leonis
1167 5684 1407 5725 assumo.
1440 5669 1668 5736 Quando
1683 5685 1770 5726 res
1792 5670 2000 5727 alienas

391 5761 508 5831 rapi
531 5782 567 5831 ι,
601 5762 712 5834 lupi
739 5776 1026 5832 perSonam
1045 5775 1283 5817 assumo.
1339 5762 1566 5830 Quando
1591 5777 1722 5819 vero
1760 5761 1998 5819 crudelis

391 5867 510 5914 sum
534 5861 587 5912 ct
611 5854 899 5927 interlieio,
920 5870 1138 5937 assumo
1161 5871 1448 5927 personam
1471 5857 1840 5917 crudelis.Sed
1865 5874 1996 5930 quo-

2117 4729 2261 4787 Deus
2292 4728 2414 4796 fuit,
2441 4745 2550 4785 non
2581 4738 2826 4785 mortuus
2852 4736 2956 4784 est.
2981 4726 3275 4799 Postquam
3307 4741 3440 4784 vero
3468 4727 3717 4796 gustavit

2115 4823 2183 4880 de
2205 4824 2404 4880 arbore
2430 4823 2644 4893 illicita,
2675 4823 2861 4880 statim
2885 4833 3133 4878 mortuus
3159 4831 3264 4878 est.
3303 4822 3546 4893 Denique
3574 4821 3713 4876 dicit

2111 4919 2160 4972 ei
2193 4917 2374 4973 Deus:
2407 4916 2461 4972 ln
2493 4933 2836 4989 quarumque
2875 4916 2962 4973 die
3005 4916 3344 4989 gustaveris,
3379 4924 3555 4972 morte
3596 4931 3714 4970 mo-

2113 5008 2268 5065 ricris
2300 5008 2455 5082 (Gen.
2478 5009 2561 5081 tt).
2589 5008 2779 5065 Melius
2811 5009 2977 5066 habet
3001 5009 3054 5064 in
3086 5009 3316 5065 llehrteo
3345 5025 3361 5062 :
3403 5007 3497 5063 Vos
3530 5019 3715 5062 mitem

2110 5106 2243 5160 sicut
2272 5105 2438 5159 Adam
2469 5105 2781 5160 moriemini.
2815 5105 2970 5160 Sicut
3015 5104 3108 5160 ille
3144 5104 3354 5175 ejectus
3385 5113 3467 5159 est
3500 5101 3579 5158 de
3620 5118 3717 5174 pa-

2111 5201 2327 5268 radiso,
2370 5200 2450 5256 sic
2497 5210 2552 5257 et
2607 5215 2705 5255 nos
2749 5200 2908 5271 ejecti
2953 5214 3164 5255 sumus.
3204 5197 3270 5252 Et
3303 5199 3435 5252 sicut
3466 5212 3614 5250 uitus
3649 5197 3719 5250 de

2109 5295 2431 5367 principibus
2447 5295 2662 5350 cadetis.
2678 5295 2944 5365 Quoniam
2958 5294 3168 5351 dixerat
3189 5312 3202 5349 :
3228 5291 3358 5349 Filii
3385 5291 3580 5348 excelsi
3601 5310 3717 5347 om-

2107 5407 2197 5445 nes
2225 5433 2240 5458 ,
2271 5406 2377 5445 non
2413 5398 2590 5460 potest
2618 5390 2760 5444 filius
2789 5404 2910 5447 esse
2937 5389 3176 5456 excelsi,
3208 5389 3310 5445 nisi
3361 5396 3414 5445 et
3458 5384 3588 5456 ipse
3617 5401 3715 5444 cx-

2106 5486 2284 5542 celsus
2316 5485 2502 5540 fuerit.
2542 5484 2660 5557 Ego
2685 5485 2799 5540 dixi
2821 5525 2835 5550 ,
2871 5493 2930 5540 ut
2958 5498 3152 5540 omnes
3179 5498 3278 5539 vos
3315 5478 3514 5538 excelsi
3547 5481 3711 5546 sitis,

2105 5589 2160 5634 ut
2190 5594 2292 5650 ego
2320 5578 2569 5634 excelsus
2591 5591 2730 5634 sum.
2767 5576 2865 5633 Vos
2894 5594 3011 5634 vero
3041 5579 3173 5633 sicut
3202 5594 3338 5632 unus
3364 5575 3422 5630 de
3440 5573 3713 5645 principio

2106 5676 2199 5728 bus
2221 5671 2439 5728 cadetis.
2466 5671 2736 5742 Quoniam
2769 5670 2972 5727 excelsi
3002 5686 3252 5739 eramus,
3297 5675 3591 5742 propterea
3620 5683 3715 5723 ce-

2105 5767 2307 5823 cidisse
2336 5766 2590 5822 dicimur.
2622 5765 2727 5824 Ubi
2756 5775 2880 5822 sunt
2910 5767 3000 5838 qui
3033 5765 3218 5822 dicunt
3249 5761 3554 5829 diabolum,
3589 5760 3714 5817 dia-

2104 5859 2290 5917 bolum
2320 5875 2442 5918 cssc
2473 5860 2715 5916 factum?
2741 5859 2842 5918 Ubi
2865 5859 3100 5933 suntqui
3133 5859 3320 5916 dicunt
3358 5853 3560 5912 malum
3605 5873 3710 5914 nu-
