3954 6340
227 250 364 308 10εὸ

1138 251 1570 311 ΒΒΕἪΑΒΙΗΜ
1609 252 1674 310 IN
1716 250 2053 310 PSALMOS‘.
2096 250 2342 310 PSALM.
2386 252 2624 309 LXXXI.

3384 257 3521 317 1066

226 350 399 419 turam
425 380 454 419 a
487 365 602 421 Deo
622 369 909 424 creatam?
937 367 1247 427 Secundum
1279 370 1567 427 Hebraeum
1597 370 1683 427 hic
1712 370 1819 427 duo
1846 373 1898 432 A
1925 368 1970 424 si
1996 370 2396 440 iudicaverint,
2431 388 2537 427 non
2569 378 2796 443 possunt
2827 373 3101 441 misereri,
3132 375 3255 446 quia
3292 390 3520 435 exsecu-

224 456 519 514 dicuutur:
557 459 660 517 Vos
704 471 879 517 autem
923 466 1055 518 sicut
1100 464 1269 517 Adam
1310 465 1617 519 moriemini.
1666 464 1814 521 Sicut

222 548 385 606 Pater
409 562 595 609 vester
614 556 791 610 noluit
811 555 1001 612 audire
1029 571 1364 628 praeceptum
1390 557 1628 627 Domini,
1655 565 1708 614 et
1729 573 1817 614 ce-

222 643 354 699 cidit
386 663 398 698 :
435 645 511 702 ita
537 656 592 703 et
613 663 710 704 vos
735 650 1068 706 moriemini.
1099 651 1245 722 Ergo
1276 651 1406 706 illud
1435 652 1504 708 de
1531 652 1702 708 Adam
1735 653 1817 708 di-

221 746 366 796 ctum
392 748 499 795 est.
532 741 647 798 Hoc
676 758 812 798 vero
841 743 988 815 quod
1017 745 1266 817 sequitur
1294 765 1306 800 :
1339 746 1408 801 Et
1433 749 1564 801 sicut
1594 763 1730 802 unus
1755 746 1819 802 de

222 832 548 905 principibus
572 835 788 906 cadetis,
819 836 941 907 quis
968 847 1055 893 est
1080 838 1184 895 iste
1209 853 1354 894 unus
1383 837 1454 895 de
1480 838 1817 911 principibus

221 927 311 998 qui
347 929 587 985 cecidit?
616 929 673 988 Si
704 930 943 989 volueris
973 932 1156 990 dicere
1185 932 1382 1001 Adam,
1410 933 1523 1005 iam
1566 932 1621 988 iu
1654 949 1817 1005 supe-

220 1023 463 1080 rioribus
520 1025 812 1083 versiculis
864 1026 1069 1083 dictum
1125 1036 1211 1084 est
1252 1046 1266 1085 :
1312 1027 1419 1083 Vos
1468 1012 1640 1083 autem
1686 1029 1819 1083 sicut

220 1119 397 1174 Adam
450 1121 760 1176 moriemini.
822 1120 1106 1193 Simulque
1162 1123 1341 1181 videte
1397 1124 1815 1195 significantiam

219 1212 374 1269 verbi
412 1233 425 1267 :
466 1213 573 1269 Vos
612 1212 786 1271 autem
828 1218 960 1271 sicut
998 1216 1167 1271 Adam
1205 1218 1515 1273 moriemini.
1549 1216 1816 1286 Quoniam

221 1304 396 1361 Adam
442 1317 692 1363 mortuus
719 1317 803 1363 est
824 1350 839 1377 ,
870 1316 929 1365 et
958 1323 1058 1365 nos
1088 1308 1371 1365 morimur.
1407 1309 1661 1364 Diabolus
1684 1324 1817 1367 vero

219 1400 308 1471 qui
346 1401 606 1472 princeps
636 1401 739 1457 fuit
764 1408 819 1457 et
844 1401 1064 1470 cecidit,
1094 1419 1202 1458 non
1231 1411 1479 1458 mortuus
1501 1412 1601 1458 est.
1631 1401 1818 1472 Neque

217 1493 365 1546 enim
402 1499 589 1563 p0test
613 1492 858 1564 angelica
888 1493 1124 1565 dignitas
1157 1504 1390 1551 mortem
1421 1495 1690 1565 recipere,
1723 1494 1818 1551 sed

217 1593 434 1641 tantum
471 1586 709 1641 ruinam.
738 1585 953 1642 Idcirco
977 1586 1113 1642 dixit
1145 1607 1156 1640 :
1189 1588 1335 1644 Sicut
1366 1605 1501 1644 unus
1530 1588 1593 1643 de
1626 1588 1819 1659 princi-

218 1678 372 1753 pibus
431 1680 647 1734 cadetis.
692 1679 988 1749 Quomodo
1034 1680 1235 1738 cecidit
1284 1680 1477 1738 lucifer
1518 1680 1611 1752 qui
1658 1696 1819 1737 mane

1922 470 2065 518 tores
2092 474 2220 520 sunt
2243 467 2527 521 sententia:
2555 476 2679 522 ture.
2705 465 2786 523 'I'u
2814 483 2946 523 vero
2974 468 3018 523 si
3044 468 3402 539 iudicaveris,
3429 489 3522 542 pn-

1918 558 2053 615 teris
2084 558 2203 630 ipse
2234 560 2501 616 misereri.
2540 560 2731 634 Surge,
2766 560 2929 631 Deus,
2954 563 3142 633 judica
3171 574 3382 621 terram.
3417 565 3523 622 Int-

1920 659 2141 721 perator
2170 662 2351 723 potest
2390 666 2543 708 suam
2578 663 2792 709 mutare
2818 654 3145 710 sententiam
3183 674 3194 707 ε
3231 655 3525 724 praefectus

1920 757 2026 797 non
2057 752 2256 814 potest.
2287 744 2583 815 Propterea
2623 753 2678 801 te
2702 745 2944 815 iudicem
2994 746 3380 817 deprecamur,
3414 763 3522 805 non

1920 846 2370 907 contemnentes,
2426 838 2523 895 sed
2570 848 2878 911 precantes.
2915 840 3176 897 Ilomines
3217 842 3423 898 etenim
3471 850 3529 898 et

1920 930 2099 1000 angeli
2130 930 2199 986 ad
2225 932 2689 1003 comparationem
2721 934 2799 990 tui
2828 933 3081 991 crudeles
3103 935 3351 992 sunt.Tu
3377 937 3525 994 solus

1920 1023 2241 1081 mitissimus
2265 1024 2439 1095 iudex
2468 1041 2551 1083 es.
2575 1026 2755 1084 Vultis
2780 1026 2929 1084 scire
2960 1028 3218 1099 quoniam
3246 1028 3389 1085 Deus
3418 1029 3529 1086 cle-

1921 1129 2074 1173 mens
2106 1128 2192 1174 est
2236 1118 2399 1189 iudex
2425 1160 2440 1186 ,
2474 1128 2531 1176 et
2558 1123 2737 1178 omnis
2771 1122 2933 1179 homo
2963 1123 3199 1178 crudelis
3246 1123 3363 1180 est?
3392 1124 3528 1181 Dor-

1921 1210 2126 1266 mieute
2151 1211 2540 1279 patrefamilias
2565 1213 2821 1271 inimicus
2849 1213 3010 1271 homo
3032 1215 3240 1270 zizania
3271 1231 3525 1286 superse-

1923 1303 2167 1359 minavit.
2202 1304 2361 1360 Servi
2406 1305 2598 1362 volunt
2637 1307 2907 1375 evellere,
2940 1318 2995 1364 et
3037 1308 3168 1365 dicit
3216 1308 3529 1380 paterfami~

1919 1394 2020 1452 lius
2066 1414 2076 1450 :
2119 1397 2386 1454 Dimittite
2426 1409 2485 1454 ut
2524 1400 2689 1455 simul
2727 1409 3016 1459 crescant:
3048 1418 3116 1459 ne
3154 1419 3278 1459 cum
3321 1404 3527 1459 zizania

1920 1487 1988 1545 de
2021 1491 2293 1547 frumento
2335 1491 2595 1559 evellitis,
2634 1494 2927 1551 eradicetis
2981 1496 3141 1551 simul
3184 1504 3241 1552 et
3280 1495 3523 1552 triticum

1923 1584 2105 1654 (Matt.
2130 1586 2273 1657 xui).
2301 1574 2566 1655 Quoniam
2596 1600 2652 1644 tu
2673 1589 2999 1648 Itwreditabis
3022 1593 3076 1647 in
3100 1592 3339 1648 omnibus
3360 1596 3529 1665 genti-

1921 1679 2034 1735 bus.
2054 1680 2350 1753 Propterea
2381 1693 2432 1739 te
2448 1682 2686 1754 iudicem
2711 1685 3093 1755 deprecamur,
3112 1688 3237 1758 quia
3264 1688 3525 1745 omnibus

218 1774 508 1831 oriebatur
537 1790 551 1829 :
585 1775 653 1832 Et
680 1789 842 1844 ecce,
874 1783 928 1830 et
970 1775 1059 1830 hic
1104 1774 1334 1841 cecidit,
1383 1781 1443 1829 et
1471 1773 1545 1829 ibi
1593 1774 1816 1831 cecidit.
1849 1761 1895 1822 Β
1922 1776 2177 1846 gentibus
2206 1778 2465 1834 misertus
2490 1793 2571 1835 es.
2596 1779 2777 1848 Quare
2807 1796 2912 1836 non
2943 1780 3099 1843 dixit.
3133 1789 3187 1835 tu
3213 1782 3526 1852 possiilebis

218 1863 523 1936 Propterea
552 1865 772 1933 cecidit,
806 1866 931 1938 quia
962 1881 1181 1936 semper
1210 1866 1264 1922 in
1292 1866 1606 1923 caelestibus
1632 1881 1819 1923 versa-

217 1959 403 2017 batur.
435 1960 545 2018 Iste
571 1971 653 2017 est
683 1961 770 2017 cui
800 1962 1001 2019 dicitur
1038 1962 1097 2017 in
1144 1962 1399 2019 Ezechiel
1433 1982 1447 2019 :
1482 1963 1563 2018 'I‘u
1590 1977 1650 2018 es
1680 1962 1820 2018 resi-

218 2053 513 2126 gnaculum
550 2053 924 2110 similitudinis
956 2051 1172 2125 (Ezech.
1204 2058 1417 2126 xwur).
1450 2053 1649 2110 Videte
1692 2053 1820 2125 quid

218 2146 409 2204 dicat:
439 2147 864 2219 Resignaculum
893 2148 1292 2204 similitudinis.
1322 2148 1440 2204 Non
1470 2148 1606 2203 dixit
1636 2166 1647 2201 ε
1676 2156 1731 2203 ιιι
1762 2162 1821 2204 es

217 2240 566 2312 signaculum
611 2240 992 2297 similitudinis
1024 2260 1035 2294 :
1068 2242 1164 2297 sed
1195 2241 1598 2313 resignaculum
1627 2240 1822 2296 simili-

216 2334 447 2390 tudinis.
473 2334 798 2406 Signarerat
823 2343 898 2402 te,
925 2335 1095 2404 Deus,
1123 2346 1176 2390 et
1202 2334 1438 2392 similem
1462 2334 1565 2391 sibi
1594 2335 1818 2392 fecerat.

217 2427 301 2485 Tu
342 2444 478 2485 vero
520 2437 707 2499 postea
749 2429 1039 2500 resignasti
1086 2436 1140 2486 te
1184 2429 1251 2485 ad
1304 2428 1721 2485 similitudinem
1766 2437 1823 2485 ct

218 2519 514 2593 imaginem
541 2519 661 2591 Dei,
693 2529 750 2576 et
778 2528 833 2576 tu
859 2521 1116 2577 conditus
1147 2535 1227 2577 es.
1254 2520 1503 2594 Denique
1532 2521 1737 2577 dicitur
1764 2521 1820 2577 in

215 2613 340 2687 ipsa
385 2615 671 2688 prophetia
706 2635 718 2670 :
763 2615 825 2674 In
869 2617 1052 2674 medio
1088 2618 1388 2674 Cherubim
1433 2618 1673 2673 nutritus
1710 2632 1770 2674 es
1805 2636 1816 2671 :

216 2708 366 2767 inter
395 2710 604 2782 lapides
628 2710 860 2782 iaSpidis
885 2722 942 2768 et
965 2712 1280 2769 carbunculi
1303 2711 1455 2769 fuisti
1478 2711 1532 2767 iu
1565 2712 1821 2784 paradiso

215 2800 352 2870 Dei,
376 2812 433 2859 et
462 2802 744 2871 cecidisti,
776 2804 984 2876 inquit,
1014 2814 1070 2862 et
1098 2822 1129 2862 a
1161 2813 1347 2863 monte
1378 2805 1474 2862 Dei
1505 2806 1820 2863 vulneratus

216 2910 302 2954 es.
332 2897 440 2954 lste
458 2906 546 2954 est
567 2899 820 2971 princeps
838 2899 972 2973 Tyri
993 2916 1058 2958 ex
1082 2916 1150 2958 eo
1173 2910 1424 2972 tempore
1450 2917 1558 2973 quo
1583 2901 1817 2968 cecidit;

215 2989 492 3061 siquidem
537 2992 718 3062 Tyrus
762 2992 946 3066 lingua
982 2994 1214 3050 Hebrma
1254 2993 1461 3051 dicitur
1490 2994 1597 3050 Sor
1624 2992 1767 3067 (ait)
1805 3012 1816 3046 :

216 3091 327 3149 hoc
356 3103 473 3161 est,
511 3090 802 3147 tribulatio.
834 3070 983 3161 Ergo
1013 3100 1063 3147 et
1098 3085 1203 3147 iste
1230 3089 1493 3162 princeps
1523 3087 1615 3159 qui
1640 3089 1820 3161 primo

1924 1886 2114 1927 omnes
2140 1883 2327 1943 gentes
2358 1888 2375 1932 :
2401 1872 2518 1942 sed,
2555 1886 2608 1927 tu
2639 1874 3012 1931 hrcreditabis?
3040 1874 3380 1947 Ubicumque
3411 1875 3528 1932 hae-

1923 1963 2130 2020 reditas
2160 1964 2402 2035 ponitur,
2435 1965 2507 2021 ibi
2540 1981 2689 2023 mors
2732 1977 2860 2025 ante
2890 1968 3192 2039 prmcessit.
3226 1967 3527 2040 Propterea

1924 2055 2173 2112 haeredes
2202 2067 2256 2113 et
2285 2056 2607 2116 coharrcdes
2634 2059 2890 2115 dicimur.
2920 2059 3179 2116 [heredes
3206 2060 3345 2116 dixit
3375 2060 3530 2117 Chri-

1923 2150 2015 2214 sti,
2041 2151 2165 2221 quia
2198 2165 2298 2221 pro
2318 2150 2475 2206 nobis
2495 2160 2746 2209 mortuus
2772 2160 2876 2208 est.
2901 2150 3256 2223 Cohaeredes,
3279 2154 3406 2223 quia
3434 2169 3531 2211 uo-

1923 2242 2134 2298 biscum
2159 2254 2486 2316 regnaturus
2514 2254 2618 2302 est.
2655 2242 2731 2300 Tu
2762 2244 3094 2303 liwreditabis
3119 2264 3137 2302 :
3164 2238 3530 2304 Misisti'enim

1924 2351 2124 2394 servos
2149 2348 2295 2409 tuos,
2333 2348 2679 2396 revertamur
2709 2340 2778 2396 ad
2811 2341 3118 2413 apOstolos,
3153 2342 3320 2398 alium
3351 2344 3403 2399 in
3431 2345 3541 2400 cir-

1923 2429 2344 2497 cumcisioncm,
2369 2430 2535 2487 alium
2570 2432 2623 2487 in
2648 2440 2862 2504 gentes.
2889 2433 3158 2502 Quamdiu
3185 2432 3408 2507 Moysen
3439 2436 3535 2491 mi-

1923 2532 2099 2587 seras,
2119 2522 2383 2593 quamdiu
2407 2521 2626 2590 Isaiam,
2651 2522 2908 2593 quamdiu
2933 2508 3251 2592 Jeremiant,
3274 2526 3536 2597 quamdiu

1923 2612 2061 2669 alios
2085 2616 2384 2687 prophetas
2415 2634 2426 2671 :
2454 2626 2617 2674 notus
2645 2624 2767 2674 erat
2796 2617 2849 2672 in
2880 2618 3065 2674 Judaea
3087 2619 3254 2687 Deus,
3278 2620 3329 2674 iu
3361 2619 3533 2680 Israel

1924 2724 2182 2781 magnum
2223 2726 2423 2767 nomen
2465 2710 2606 2783 ejus.
2649 2709 2707 2767 In
2742 2712 2955 2768 modica
2992 2722 3136 2769 terra
3165 2714 3403 2770 nominis
3434 2713 3530 2770 Dei

1924 2805 2118 2860 notitia
2147 2804 2449 2863 ferebatur.
2472 2805 2662 2861 Misisti
2694 2806 2914 2862 Petrum
2946 2806 3300 2878 piscatorem,
3335 2808 3424 2879 qui
3453 2808 3534 2865 di-

1922 2897 2146 2954 miserat
2176 2908 2318 2967 rete,
2338 2897 2520 2970 qui’ab
2549 2914 2716 2969 Opere
2736 2898 2993 2955 callosum
3019 2898 3257 2957 habebat
3281 2916 3524 2957 manum.

1923 2988 2038 3044 Non
2080 2989 2282 3045 misisti
2320 2998 2592 3046 oratorem
2620 3032 2637 3059 ,
2687 3006 2797 3047 non
2839 2991 3037 3048 misisti
3083 2991 3471 3063 philosophum
3514 3014 3530 3052 :

1922 3081 2115 3138 Misisti
2178 3081 2455 3140 hominem
2522 3083 2892 3151 rusticanum,
2958 3084 3233 3141 hominem
3292 3087 3531 3157 piscato-

218 3185 426 3243 eratin
469 3186 611 3242 caelo
642 3204 653 3238 :
687 3200 830 3241 nunc
873 3184 1047 3241 factus
1094 3193 1179 3241 est
1222 3183 1480 3255 princeps
1505 3181 1673 3254 Tyri,
1716 3181 1820 3237 hoc
1846 3153 1894 3219 Ο
1925 3193 2061 3234 rem.
2112 3177 2225 3235 Iste
2276 3178 2539 3249 piscator,
2594 3178 2696 3234 iste
2738 3179 3045 3236 rusticanus
3081 3179 3151 3237 de
3188 3181 3526 3251 Jerosolyma

218 3277 700 3333 esttribulationis
725 3277 884 3333 istius
914 3276 1121 3334 surculi.
1156 3275 1309 3334 Sicut
1348 3292 1481 3332 unus
1526 3275 1591 3331 de
1626 3275 1820 3347 princi-

216 3371 374 3442 pibus
405 3370 624 3426 cadetis.
655 3370 885 3439 Quando
910 3370 1061 3438 dicit,
1086 3372 1219 3426 sicut
1244 3387 1396 3439 unus,
1429 3369 1669 3426 ostendit
1698 3383 1820 3425 esse

217 3473 276 3521 et
304 3464 464 3521 alios.
492 3463 683 3537 Legite
711 3464 1109 3537 Apocalypsim
1146 3464 1373 3521 Joannis
1404 3482 1416 3517 :
1450 3464 1623 3520 Draco
1648 3478 1820 3535 quan—

217 3556 293 3613 do
316 3557 388 3614 de
414 3558 557 3615 ctelo
588 3557 812 3624 cecidit,
847 3558 1063 3615 tertiam
1088 3568 1298 3629 partem
1331 3557 1611 3613 stellarum
1633 3572 1818 3613 secum

220 3651 382 3708 duxit
408 3652 596 3724 (Apoc.
632 3650 753 3721 xu).
786 3650 1080 3723 ﬂuensque
1111 3652 1253 3707 Deus
1278 3650 1494 3707 locutus
1515 3658 1600 3707 est
1625 3650 1690 3705 ad
1724 3649 1823 3706 ho-

218 3744 425 3811 mines,
450 3754 505 3801 et
531 3760 747 3800 rursum
775 3759 875 3815 per
898 3745 1223 3818 prophetam
1248 3745 1512 3815 loquitur.

295 3835 503 3911 Surge,
535 3835 711 3903 Deus,
753 3836 945 3911 iudica
988 3847 1199 3892 terram.
1247 3837 1452 3908 Surge,
1493 3837 1620 3909 quia
1667 3836 1821 3893 navis

216 3940 418 3989 nostra
441 3931 702 3989 ﬂuctibus
731 3931 997 3988 tunditur.
1043 3932 1214 4004 Surge
1238 3946 1256 3985 :
1285 3930 1425 3987 Deus
1447 3972 1462 3999 ,
1495 3931 1686 4003 judica
1712 3939 1819 3985 ter-

218 4042 340 4082 ram
370 4042 388 4082 :
419 4025 677 4098 quoniam
704 4025 832 4082 mali
856 4024 1072 4098 iudices
1101 4036 1210 4081 nun
1233 4024 1500 4097 iudicant,
1532 4024 1627 4081 sed
1657 4040 1817 4081 ever-

219 4128 348 4177 tunt
377 4119 554 4192 legem
583 4128 728 4175 tuam
748 4160 763 4187 ,
794 4127 849 4176 et
878 4134 1078 4190 pecora
1108 4125 1199 4175 tua
1229 4118 1491 4175 lacerant.
1521 4116 1601 4173 Tu
1632 4132 1818 4189 surge,

214 4217 314 4288 qui
347 4228 517 4271 verus
552 4213 721 4284 iudex
762 4228 843 4271 es.
867 4211 1003 4282 Quia
1049 4228 1179 4284 ergo
1211 4211 1336 4269 mali
1380 4211 1592 4283 iudices
1621 4211 1819 4267 mortui

215 4318 355 4366 sunt
380 4308 524 4365 sicut
557 4308 729 4364 Adam
757 4316 815 4363 et
838 4306 1156 4363 ceciderunt
1180 4306 1326 4363 sicut
1352 4320 1496 4362 unus
1523 4304 1593 4362 de
1621 4304 1823 4375 princi-

215 4401 389 4473 pibus
418 4419 430 4454 :
464 4409 754 4473 propterea
785 4410 840 4457 tu
867 4415 1051 4472 surge,
1084 4411 1138 4455 tu
1168 4398 1372 4469 iudica,
1404 4408 1458 4455 tu
1487 4398 1633 4453 salva
1667 4412 1823 4453 erea-

215 4503 402 4552 turam
434 4504 602 4552 tuam.
627 4494 1002 4551 Mercenarius
1030 4494 1177 4550 enim
1213 4508 1336 4550 cum
1375 4493 1565 4564 lupum
1595 4491 1817 4562 viderit,

1926 3274 2170 3345 perrexit
2205 3273 2459 3341 Romam,
2490 3283 2546 3332 et
2589 3275 2904 3331 rusticanus
2938 3275 3085 3345 cepit
3113 3275 3339 3332 Romam
3368 3294 3528 3349 quam

1922 3369 2247 3440 eloquentes
2313 3384 2509 3440 capere
2572 3384 2679 3424 non
2743 3376 3059 3440 potuerunt.
3128 3368 3361 3426 Rursum
3434 3372 3534 3428 irit

1920 3461 2123 3518 Paulus
2184 3463 2497 3534 apostolus,
2564 3472 2620 3519 et
2679 3462 2749 3520 de
2808 3462 3151 3537 Jerosolyma
3210 3466 3533 3537 praedicavit

1922 3571 2097 3627 usque
2143 3555 2195 3611 in
2248 3555 2522 3628 Illyricum
2557 3597 2573 3622 ,
2623 3564 2678 3610 et
2717 3556 3068 3626 praedicavit,
3127 3558 3217 3613 ubi
3264 3575 3375 3615 non
3414 3568 3535 3617 erat

1923 3647 2276 3719 praedicatum
2320 3646 2681 3718 Erangelium
2707 3688 2723 3714 ,
2757 3663 2829 3704 ue
2869 3662 3038 3719 super
3066 3646 3303 3704 alienum
3336 3652 3530 3708 funda-

1922 3753 2165 3798 mentum
2193 3749 2427 3812 poneret
2457 3740 2747 3797 aedilicium
2781 3740 2961 3813 (Rom.
2992 3743 3107 3812 xv).
3143 3743 3349 3799 Deinde
3371 3745 3524 3814 dicit,

1922 3835 2066 3908 quod
2096 3834 2163 3891 de
2197 3835 2331 3891 urbe
2354 3835 2529 3891 Roma
2558 3834 2671 3890 iret
2692 3833 2761 3889 ad
2788 3834 3127 3906 Ilispauiam.
3162 3834 3355 3893 Videte
3385 3837 3528 3894 Pau-

1924 3929 2037 3985 lum
2066 3939 2505 3997 persecutorem,
2538 3930 2629 4000 qui
2657 3928 2712 3985 in
2740 3927 2925 3985 Iudaea
2971 3930 3147 3986 fuerat
3184 3943 3530 4002 persecutor,

1923 4020 2193 4094 prazdicat
2230 4022 2509 4093 gentibus.
2537 4021 2642 4078 Ubi
2686 4031 2816 4078 sunt
2842 4022 2932 4092 qui
2963 4022 3263 4093 prtedicaut
3289 4024 3534 4082 Alexan-

1923 4113 2084 4170 drum
2122 4113 2372 4185 Maguum
2410 4113 2765 4171 Macedonum
2812 4112 3237 4185 imperatorem,
3274 4117 3418 4187 quod
3470 4117 3526 4175 in

1923 4206 2078 4265 brevi
2109 4206 2287 4277 spatio
2313 4206 2507 4262 vicerit
2529 4214 2708 4262 tantas
2730 4214 2920 4278 gentes
2937 4206 2961 4260 ?
2976 4205 3178 4262 Ilabuit
3197 4208 3525 4277 exercitum,

1923 4299 2117 4357 habuit
2144 4310 2198 4356 et
2222 4300 2475 4371 ingentes
2508 4298 2718 4369 turbas,
2745 4308 2799 4354 et
2828 4314 2936 4355 non
2968 4298 3076 4356 tale
3096 4299 3299 4371 aliquid
3326 4304 3527 4372 potuit,

1925 4394 2021 4450 sed
2063 4392 2339 4450 modicum
2372 4393 2648 4464 quiddam.
2690 4390 2800 4449 Iste
2843 4406 2980 4449 vero
3019 4392 3220 4450 Paulus
3249 4394 3524 4465 quondam

1928 4495 2249 4556 perseeutor
2273 4485 2398 4555 fuit,
2417 4486 2509 4557 qui
2529 4484 2751 4542 dicebat
2776 4503 2789 4539 :
2812 4484 2881 4542 Et
2901 4485 2947 4542 si
2970 4485 3254 4557 imperitus
3274 4504 3393 4544 sum
3418 4505 3533 4546 ser-

214 4588 365 4659 fugit
393 4585 584 4660 (Joan.
631 4603 667 4642 ι
686 4589 727 4656 ).
761 4587 1023 4659 relinquit
1051 4602 1184 4644 oves
1223 4606 1235 4640 :
1277 4602 1385 4643 non
1414 4555 1591 4658 potest
1620 4587 1695 4641 ita
1723 4555 1821 4641 do;
1845 4555 1901 4617 Ῑ)
1927 4594 2108 4651 mone,
2134 4595 2242 4634 non
2265 4555 2448 4634 tamen
2466 4578 2697 4635 scientia
2722 4577 2766 4651 (I
2789 4577 2911 4634 Cor.
2936 4555 3165 4651 x1).»Qui
3187 4581 3531 4639 solrecismos

214 4683 346 4741 lere
373 4681 580 4749 alieno,
606 4680 887 4752 quomodo
916 4680 1061 4737 dolet
1094 4681 1234 4754 patri
1265 4689 1321 4737 et
1351 4679 1534 4736 matri.
1572 4679 1823 4736 Dicamus
1925 4672 2055 4729 facit
2084 4673 2137 4729 in
2160 4671 2459 4745 loquendo,
2480 4687 2695 4728 crucem
2717 4668 2922 4727 Christi
2949 4681 3150 4757 portat,
3174 4681 3231 4729 et
3249 4676 3401 4745 quasi
3433 4677 3533 4732 lri-
3578 4706 3585 4711 ν

214 4787 283 4835 et
306 4778 471 4833 aliter
507 4795 519 4830 :
554 4777 751 4849 Surge,
782 4779 870 4847 qui
904 4791 1003 4847 pro
1034 4776 1193 4832 nobis
1213 4790 1406 4846 passus
1432 4790 1515 4843 es,
1538 4790 1638 4847 pro
1664 4774 1822 4831 uobis
1924 4767 2194 4839 umphans
2215 4781 2406 4824 omnes
2424 4766 2591 4837 capit.
2610 4765 2806 4823 Totum
2828 4766 3016 4823 orbem
3039 4767 3251 4838 subegit
3271 4769 3338 4825 ab
3358 4768 3529 4826 Ocea-

213 4878 479 4928 mortuus
515 4882 576 4925 es
607 4887 619 4923 :
654 4883 839 4940 surge,
884 4877 941 4925 et
985 4867 1134 4923 salva
1169 4882 1290 4923 nos.
1324 4868 1578 4923 Dicamus
1606 4866 1769 4925 aliter
1805 4886 1817 4922 :
1923 4860 2250 4934 nousquein
2270 4859 3530 4931 mareRubrum.Dicataliquis:hoctotumlu-

213 4962 332 5032 Qui
351 4959 797 5027 venistihumilis
811 4958 1384 5031 etcoutemptus,veni
1408 4960 1563 5030 quasi
1574 4961 1743 5029 iudex
1766 4971 1822 5018 et
1922 4954 2005 5013 cri
2028 4971 2190 5012 causa
2220 4954 2488 5011 fecerunt.
2510 4954 2624 5010 Hoc
2641 4953 2786 5010 enim
2807 4953 2939 5010 dicit
2958 4952 3296 5024 Porphyrius
3313 4971 3326 5008 :
3343 4954 3527 5011 Ilomi-

212 5054 445 5112 vindica
475 5068 596 5111 nos.
627 5053 829 5125 Surge,
865 5050 1005 5108 Deus
1025 5095 1041 5121 ,
1059 5055 1247 5127 judico
1273 5062 1494 5111 terram.
1525 5054 1719 5111 Videte
1744 5056 1823 5111 si-

211 5149 600 5226 gniﬁcandam
631 5138 1099 5221 proprietatesque
1127 5163 1468 5204 sermonum.
1493 5148 1611 5204 Non
1642 5148 1779 5204 dixit
1809 5167 1822 5203 :

205 5242 409 5321 iudica
432 5245 656 5314 caelum,
684 5243 780 5301 sed
805 5253 1026 5300 terram.
1061 5243 1205 5316 Ergo
1236 5251 1376 5299 terra
1401 5242 1696 5314 iudicatur,
1717 5258 1824 5300 non

209 5344 455 5401 calum.
484 5340 543 5399 Si
573 5356 703 5413 ergo
732 5349 874 5396 terra
897 5338 1192 5409 iudicatur,
1219 5347 1273 5395 et
1301 5354 1408 5393 non
1435 5337 1658 5403 caelum,
1696 5354 1828 5411 ergo

210 5439 280 5498 in
317 5437 461 5496 caelo
487 5443 703 5509 peccata
734 5449 839 5491 non
872 5434 1037 5500 fiunt;
1076 5433 1333 5490 siautem
1367 5433 1563 5490 fierent
1591 5432 1647 5489 in
1682 5432 1825 5492 ctelo

208 5543 454 5609 peccata
476 5574 492 5599 ,
533 5531 747 5587 diceret
775 5549 787 5584 :
821 5529 1027 5601 Surge,
1062 5526 1236 5596 Deus,
1278 5528 1468 5603 judico
1517 5538 1736 5597 terram,
1770 5536 1829 5586 et

207 5627 458 5687 caelum.
492 5624 563 5680 Et
590 5623 775 5680 videte
804 5621 1149 5679 clementiam
1174 5620 1499 5693 prophetiae.
1522 5618 1643 5677 Non
1667 5620 1827 5686 dixit.

208 5722 482 5783 interﬁce
506 5730 705 5776 terram
733 5736 745 5772 :
769 5716 863 5773 sed
891 5716 1095 5787 indica,
1124 5724 1179 5772 et
1204 5715 1372 5772 salva.
1404 5714 1523 5771 Non
1554 5713 1713 5783 dixit,
1742 5714 1832 5786 iu-

210 5817 354 5881 dica
381 5828 481 5887 per
507 5811 751 5882 angelos,
778 5809 956 5881 iudica
981 5824 1079 5881 per
1107 5806 1385 5867 ministros
1408 5817 1550 5867 tuos.
1574 5804 1660 5867 Illi
1686 5807 1832 5866 enim

524 5905 805 5977 Psrnon.
852 5901 1089 5967 XXVI.

1927 5065 2026 5107 nes
2041 5047 2373 5105 rusticaniet
2393 5048 2937 5120 paupercs,quoniam
2961 5045 3096 5101 nihil
3116 5045 3406 5118 habebant,
3421 5065 3532 5104 nta-

1896 5152 1901 5155 '
1926 5140 2061 5214 gicis
2085 5140 2296 5197 artibus
2323 5140 2532 5210 operati
2555 5148 2684 5196 sunt
2701 5139 2951 5209 quaedam
2979 5137 3153 5210 signa.
3178 5136 3295 5195 Non
3319 5151 3401 5194 est
3429 5156 3529 5196 au-

1931 5249 2041 5294 tem
2063 5235 2267 5308 grande
2290 5234 2473 5293 facere
2492 5233 2664 5307 signa.
2679 5233 2816 5290 Nam
2844 5233 3026 5290 fecere
3047 5235 3198 5304 signa
3216 5232 3269 5289 in
3292 5232 3531 5308 Egypto

1932 5332 2072 5402 magi
2093 5337 2282 5385 contra
2308 5327 2531 5399 Moysen
2560 5324 2758 5397 (Exod.
2785 5324 2902 5398 m).
2927 5324 3086 5382 Fecit
3102 5334 3159 5381 et
3174 5325 3496 5395 Apollonius
3514 5372 3529 5399 ,

1932 5423 2063 5482 fecit
2080 5432 2136 5480 et
2152 5422 2431 5494 Apuleius.
2452 5421 2653 5478 Inﬁniti
2676 5422 2831 5494 signa
2856 5420 3119 5477 fecerunt.
3135 5418 3387 5477 Concedo
3410 5421 3531 5490 tibi,

1930 5516 2202 5592 Porphyri
2219 5560 2234 5587 ,
2259 5516 2484 5589 magicis
2504 5516 2711 5573 artibus
2736 5515 2888 5588 signa
2919 5513 3197 5583 fecerunt,
3227 5522 3287 5569 ut
3308 5512 3533 5571 divitias

1929 5613 2245 5685 acciperent
2270 5628 2301 5668 a
2327 5611 2590 5668 divitibus
2614 5609 2976 5680 mulierculis,
3000 5625 3135 5682 quas
3165 5609 3497 5666 induxerant
3522 5630 3534 5665 :

1935 5709 2039 5764 hoc
2066 5705 2214 5763 enim
2239 5714 2295 5761 tu
2318 5705 2473 5761 dicis.
2506 5705 2689 5772 Quare
2718 5703 2919 5761 mortui
2945 5702 3109 5760 sunt?
3140 5702 3320 5773 Quare
3348 5703 3528 5760 cruci-

1937 5800 2067 5860 ﬁxi?
2089 5798 2364 5857 Fecerunt
2392 5804 2450 5857 et
2472 5796 2568 5854 alii
2598 5798 2749 5871 signa
2785 5797 3015 5870 magicis
3042 5795 3275 5867 artibus,
3307 5794 3406 5851 sed
3439 5812 3537 5867 pro

2971 5886 3049 5954 3’s
