  <div class='ocr_page' id='page_1' title='image "/cluster/home/n/w/nwhite01/storage/ocr_20150623/26/hvd.32044015471402/539.png"; bbox 0 0 3954 6340; ppageno 0'>
   <div class='ocr_carea' id='block_1_1' title="bbox 412 231 556 300">
    <p class='ocr_par' dir='ltr' id='par_1_1' title="bbox 412 231 556 300">
     <span class='ocr_line' id='line_1_1' title="bbox 412 231 556 300; baseline 0.014 -4"><span class='ocrx_word' id='word_1_1' title='bbox 412 231 556 300; x_wconf 66' lang='grc'><strong>1067</strong></span> 
     </span>
    </p>
   </div>
   <div class='ocr_carea' id='block_1_2' title="bbox 1214 222 2915 303">
    <p class='ocr_par' dir='ltr' id='par_1_2' title="bbox 1214 222 2915 303">
     <span class='ocr_line' id='line_1_2' title="bbox 1214 222 2915 303; baseline 0.006 -11"><span class='ocrx_word' id='word_1_2' title='bbox 1214 222 1560 294; x_wconf 75' lang='lat' dir='ltr'><strong>APPENDIX</strong></span> <span class='ocrx_word' id='word_1_3' title='bbox 1601 224 1695 293; x_wconf 80' lang='lat' dir='ltr'><strong>AD</strong></span> <span class='ocrx_word' id='word_1_4' title='bbox 1730 226 1978 296; x_wconf 77' lang='lat' dir='ltr'><strong>&#39;I&#39;OMUM</strong></span> <span class='ocrx_word' id='word_1_5' title='bbox 2016 234 2364 298; x_wconf 76' lang='lat' dir='ltr'><strong>SEPTIMUM</strong></span> <span class='ocrx_word' id='word_1_6' title='bbox 2405 240 2462 303; x_wconf 91' lang='lat' dir='ltr'><strong>S.</strong></span> <span class='ocrx_word' id='word_1_7' title='bbox 2506 236 2915 303; x_wconf 80' lang='lat' dir='ltr'><strong>HIERONYMI.</strong></span> 
     </span>
    </p>
   </div>
   <div class='ocr_carea' id='block_1_3' title="bbox 3576 252 3713 311">
    <p class='ocr_par' dir='ltr' id='par_1_3' title="bbox 3576 252 3713 311">
     <span class='ocr_line' id='line_1_3' title="bbox 3576 252 3713 311; baseline 0.022 -3"><span class='ocrx_word' id='word_1_8' title='bbox 3576 252 3713 311; x_wconf 77' lang='lat' dir='ltr'><strong>I068</strong></span> 
     </span>
    </p>
   </div>
   <div class='ocr_carea' id='block_1_4' title="bbox 413 351 3718 428">
    <p class='ocr_par' dir='ltr' id='par_1_4' title="bbox 413 351 3718 428">
     <span class='ocr_line' id='line_1_4' title="bbox 413 351 3718 428; baseline 0.005 -16"><span class='ocrx_word' id='word_1_9' title='bbox 413 354 641 412; x_wconf 81' lang='lat' dir='ltr'><strong>homine</strong></span> <span class='ocrx_word' id='word_1_10' title='bbox 665 358 884 408; x_wconf 91' lang='lat' dir='ltr'><strong>mortuo</strong></span> <span class='ocrx_word' id='word_1_11' title='bbox 911 364 1020 407; x_wconf 92' lang='lat' dir='ltr'><strong>non</strong></span> <span class='ocrx_word' id='word_1_12' title='bbox 1043 356 1173 407; x_wconf 89' lang='lat' dir='ltr'><strong>sunt</strong></span> <span class='ocrx_word' id='word_1_13' title='bbox 1199 351 1424 419; x_wconf 93' lang='lat' dir='ltr'><strong>mortui,</strong></span> <span class='ocrx_word' id='word_1_14' title='bbox 1456 367 1553 422; x_wconf 89' lang='lat' dir='ltr'><strong>pro</strong></span> <span class='ocrx_word' id='word_1_15' title='bbox 1584 352 1807 408; x_wconf 88' lang='lat' dir='ltr'><strong>homine</strong></span> <span class='ocrx_word' id='word_1_16' title='bbox 1835 354 2016 409; x_wconf 87' lang='lat' dir='ltr'><strong>cruci-</strong></span> <span class='ocrx_word' id='word_1_17' title='bbox 2041 364 2093 426; x_wconf 73' lang='grc' dir='ltr'><strong>Α</strong></span> <span class='ocrx_word' id='word_1_18' title='bbox 2121 365 2359 414; x_wconf 81' lang='lat' dir='ltr'><strong>luerunt.</strong></span> <span class='ocrx_word' id='word_1_19' title='bbox 2388 359 2747 419; x_wconf 84' lang='lat' dir='ltr'><strong>Tabernacula</strong></span> <span class='ocrx_word' id='word_1_20' title='bbox 2776 363 3283 424; x_wconf 71' lang='lat' dir='ltr'><strong>[damentme</strong></span> <span class='ocrx_word' id='word_1_21' title='bbox 3301 366 3718 428; x_wconf 88' lang='lat' dir='ltr'><strong>hsbentdomus</strong></span> 
     </span>
    </p>
   </div>
   <div class='ocr_carea' id='block_1_5' title="bbox 419 440 2019 503">
    <p class='ocr_par' dir='ltr' id='par_1_5' title="bbox 419 440 2019 503">
     <span class='ocr_line' id='line_1_5' title="bbox 419 440 2019 503; baseline -0.001 0"><span class='ocrx_word' id='word_1_22' title='bbox 419 447 529 503; x_wconf 80' lang='lat' dir='ltr'><strong>ﬁxo</strong></span> <span class='ocrx_word' id='word_1_23' title='bbox 568 460 677 501; x_wconf 91' lang='lat' dir='ltr'><strong>non</strong></span> <span class='ocrx_word' id='word_1_24' title='bbox 716 453 843 499; x_wconf 83' lang='lat' dir='ltr'><strong>sunt</strong></span> <span class='ocrx_word' id='word_1_25' title='bbox 882 441 1148 498; x_wconf 75' lang='lat' dir='ltr'><strong>crucifixi.</strong></span> <span class='ocrx_word' id='word_1_26' title='bbox 1189 440 1382 498; x_wconf 86' lang='lat' dir='ltr'><strong>Sciunt</strong></span> <span class='ocrx_word' id='word_1_27' title='bbox 1428 442 1516 499; x_wconf 90' lang='lat' dir='ltr'><strong>isti</strong></span> <span class='ocrx_word' id='word_1_28' title='bbox 1570 444 1848 501; x_wconf 87' lang='lat' dir='ltr'><strong>hominem</strong></span> <span class='ocrx_word' id='word_1_29' title='bbox 1896 461 2019 502; x_wconf 88' lang='lat' dir='ltr'><strong>esse</strong></span> 
     </span>
    </p>
   </div>
   <div class='ocr_carea' id='block_1_6' title="bbox 418 534 2019 609">
    <p class='ocr_par' dir='ltr' id='par_1_6' title="bbox 418 534 2019 609">
     <span class='ocr_line' id='line_1_6' title="bbox 418 534 2019 609; baseline -0.001 -14"><span class='ocrx_word' id='word_1_30' title='bbox 418 550 718 605; x_wconf 90' lang='lat' dir='ltr'><strong>mortuum,</strong></span> <span class='ocrx_word' id='word_1_31' title='bbox 738 547 793 592; x_wconf 90' lang='lat' dir='ltr'><strong>et</strong></span> <span class='ocrx_word' id='word_1_32' title='bbox 812 536 1126 593; x_wconf 89' lang='lat' dir='ltr'><strong>moriuntur</strong></span> <span class='ocrx_word' id='word_1_33' title='bbox 1149 534 1269 589; x_wconf 84' lang='lat' dir='ltr'><strong>sine</strong></span> <span class='ocrx_word' id='word_1_34' title='bbox 1288 535 1653 592; x_wconf 79' lang='lat' dir='ltr'><strong>causa?Fclix</strong></span> <span class='ocrx_word' id='word_1_35' title='bbox 1675 551 1808 609; x_wconf 84' lang='lat' dir='ltr'><strong>ergo</strong></span> <span class='ocrx_word' id='word_1_36' title='bbox 1829 546 2019 594; x_wconf 88' lang='lat' dir='ltr'><strong>nostra</strong></span> 
     </span>
    </p>
   </div>
   <div class='ocr_carea' id='block_1_7' title="bbox 415 628 2016 701">
    <p class='ocr_par' dir='ltr' id='par_1_7' title="bbox 415 628 2016 701">
     <span class='ocr_line' id='line_1_7' title="bbox 415 628 2016 701; baseline -0.002 -12"><span class='ocrx_word' id='word_1_37' title='bbox 415 632 673 697; x_wconf 77' lang='lat' dir='ltr'><strong>victoria,</strong></span> <span class='ocrx_word' id='word_1_38' title='bbox 707 645 829 701; x_wconf 69' lang='lat' dir='ltr'><strong>qua:</strong></span> <span class='ocrx_word' id='word_1_39' title='bbox 860 630 914 683; x_wconf 92' lang='lat' dir='ltr'><strong>in</strong></span> <span class='ocrx_word' id='word_1_40' title='bbox 946 628 1212 700; x_wconf 89' lang='lat' dir='ltr'><strong>sanguine</strong></span> <span class='ocrx_word' id='word_1_41' title='bbox 1242 629 1615 698; x_wconf 78' lang='lat' dir='ltr'><strong>apostolorum</strong></span> <span class='ocrx_word' id='word_1_42' title='bbox 1637 630 1885 687; x_wconf 86' lang='lat' dir='ltr'><strong>dedicata</strong></span> <span class='ocrx_word' id='word_1_43' title='bbox 1912 639 2016 687; x_wconf 90' lang='lat' dir='ltr'><strong>est.</strong></span> 
     </span>
    </p>
   </div>
   <div class='ocr_carea' id='block_1_8' title="bbox 418 721 2020 797">
    <p class='ocr_par' dir='ltr' id='par_1_8' title="bbox 418 721 2020 797">
     <span class='ocr_line' id='line_1_8' title="bbox 418 721 2020 797; baseline -0.002 -13"><span class='ocrx_word' id='word_1_44' title='bbox 418 726 582 784; x_wconf 87' lang='lat' dir='ltr'><strong>Fides</strong></span> <span class='ocrx_word' id='word_1_45' title='bbox 621 731 804 780; x_wconf 89' lang='lat' dir='ltr'><strong>nostra</strong></span> <span class='ocrx_word' id='word_1_46' title='bbox 835 738 947 777; x_wconf 91' lang='lat' dir='ltr'><strong>non</strong></span> <span class='ocrx_word' id='word_1_47' title='bbox 979 721 1262 793; x_wconf 89' lang='lat' dir='ltr'><strong>probatur,</strong></span> <span class='ocrx_word' id='word_1_48' title='bbox 1289 721 1395 778; x_wconf 90' lang='lat' dir='ltr'><strong>nisi</strong></span> <span class='ocrx_word' id='word_1_49' title='bbox 1425 737 1522 793; x_wconf 90' lang='lat' dir='ltr'><strong>per</strong></span> <span class='ocrx_word' id='word_1_50' title='bbox 1548 723 1767 781; x_wconf 91' lang='lat' dir='ltr'><strong>illorum</strong></span> <span class='ocrx_word' id='word_1_51' title='bbox 1795 725 2020 797; x_wconf 84' lang='lat' dir='ltr'><strong>sangui-</strong></span> 
     </span>
    </p>
   </div>
   <div class='ocr_carea' id='block_1_9' title="bbox 418 815 2019 892">
    <p class='ocr_par' dir='ltr' id='par_1_9' title="bbox 418 815 2019 892">
     <span class='ocr_line' id='line_1_9' title="bbox 418 815 2019 892; baseline -0.002 -15"><span class='ocrx_word' id='word_1_52' title='bbox 418 836 565 877; x_wconf 79' lang='lat' dir='ltr'><strong>nein.</strong></span> <span class='ocrx_word' id='word_1_53' title='bbox 591 816 998 875; x_wconf 85' lang='lat' dir='ltr'><strong>Benedicamus</strong></span> <span class='ocrx_word' id='word_1_54' title='bbox 1026 830 1160 887; x_wconf 89' lang='lat' dir='ltr'><strong>ergo</strong></span> <span class='ocrx_word' id='word_1_55' title='bbox 1191 815 1390 883; x_wconf 89' lang='lat' dir='ltr'><strong>Deum,</strong></span> <span class='ocrx_word' id='word_1_56' title='bbox 1414 819 1502 873; x_wconf 89' lang='lat' dir='ltr'><strong>cui</strong></span> <span class='ocrx_word' id='word_1_57' title='bbox 1525 826 1610 874; x_wconf 90' lang='lat' dir='ltr'><strong>cst</strong></span> <span class='ocrx_word' id='word_1_58' title='bbox 1636 818 1806 892; x_wconf 79' lang='lat' dir='ltr'><strong>gloria</strong></span> <span class='ocrx_word' id='word_1_59' title='bbox 1838 818 1893 874; x_wconf 90' lang='lat' dir='ltr'><strong>in</strong></span> <span class='ocrx_word' id='word_1_60' title='bbox 1922 833 2019 876; x_wconf 69' lang='lat' dir='ltr'><strong>sa:-</strong></span> 
     </span>
    </p>
   </div>
   <div class='ocr_carea' id='block_1_10' title="bbox 415 910 1137 972">
    <p class='ocr_par' dir='ltr' id='par_1_10' title="bbox 415 910 1137 972">
     <span class='ocr_line' id='line_1_10' title="bbox 415 910 1137 972; baseline -0.01 0"><span class='ocrx_word' id='word_1_61' title='bbox 415 915 537 972; x_wconf 88' lang='lat' dir='ltr'><strong>cula</strong></span> <span class='ocrx_word' id='word_1_62' title='bbox 559 910 908 968; x_wconf 58' lang='lat' dir='ltr'><strong>saeculorum.</strong></span> <span class='ocrx_word' id='word_1_63' title='bbox 944 914 1137 965; x_wconf 84' lang='lat' dir='ltr'><strong>Amen.</strong></span> 
     </span>
    </p>
   </div>
   <div class='ocr_carea' id='block_1_11' title="bbox 900 1001 1523 1061">
    <p class='ocr_par' dir='ltr' id='par_1_11' title="bbox 900 1001 1523 1061">
     <span class='ocr_line' id='line_1_11' title="bbox 900 1001 1523 1061; baseline -0.002 -3"><span class='ocrx_word' id='word_1_64' title='bbox 900 1001 1219 1061; x_wconf 83' lang='lat' dir='ltr'><strong>PSALMUS</strong></span> <span class='ocrx_word' id='word_1_65' title='bbox 1256 1001 1523 1059; x_wconf 83' lang='lat' dir='ltr'><strong>LXXXII.</strong></span> 
     </span>
    </p>
   </div>
   <div class='ocr_carea' id='block_1_12' title="bbox 420 1093 2018 1166">
    <p class='ocr_par' dir='ltr' id='par_1_12' title="bbox 420 1093 2018 1166">
     <span class='ocr_line' id='line_1_12' title="bbox 420 1093 2018 1166; baseline -0.003 -12"><span class='ocrx_word' id='word_1_66' title='bbox 420 1097 697 1154; x_wconf 78' lang='lat' dir='ltr'><strong>Canticum</strong></span> <span class='ocrx_word' id='word_1_67' title='bbox 746 1094 934 1163; x_wconf 81' lang='lat' dir='ltr'><strong>psalmi</strong></span> <span class='ocrx_word' id='word_1_68' title='bbox 988 1093 1185 1164; x_wconf 83' lang='lat' dir='ltr'><strong>Asaph.</strong></span> <span class='ocrx_word' id='word_1_69' title='bbox 1214 1096 1321 1151; x_wconf 89' lang='lat' dir='ltr'><strong>Iste</strong></span> <span class='ocrx_word' id='word_1_70' title='bbox 1365 1094 1611 1163; x_wconf 82' lang='lat' dir='ltr'><strong>psalmus</strong></span> <span class='ocrx_word' id='word_1_71' title='bbox 1649 1109 1838 1152; x_wconf 78' lang='lat' dir='ltr'><strong>vocem</strong></span> <span class='ocrx_word' id='word_1_72' title='bbox 1889 1108 2018 1166; x_wconf 86' lang='lat' dir='ltr'><strong>pro-</strong></span> 
     </span>
    </p>
   </div>
   <div class='ocr_carea' id='block_1_13' title="bbox 516 1166 1916 1241">
    <p class='ocr_par' dir='ltr' id='par_1_13' title="bbox 516 1166 1916 1241">
     <span class='ocr_line' id='line_1_13' title="bbox 516 1166 1916 1241; baseline -0.001 -20"><span class='ocrx_word' id='word_1_73' title='bbox 516 1169 695 1241; x_wconf 76' lang='lat' dir='ltr'><strong>phetae</strong></span> <span class='ocrx_word' id='word_1_74' title='bbox 726 1168 979 1224; x_wconf 86' lang='lat' dir='ltr'><strong>continet</strong></span> <span class='ocrx_word' id='word_1_75' title='bbox 1008 1166 1374 1222; x_wconf 88' lang='lat' dir='ltr'><strong>collaudantis</strong></span> <span class='ocrx_word' id='word_1_76' title='bbox 1399 1167 1594 1221; x_wconf 89' lang='lat' dir='ltr'><strong>Deum.</strong></span> <span class='ocrx_word' id='word_1_77' title='bbox 1626 1166 1717 1221; x_wconf 88' lang='lat' dir='ltr'><strong>Ait</strong></span> <span class='ocrx_word' id='word_1_78' title='bbox 1743 1182 1874 1237; x_wconf 87' lang='lat' dir='ltr'><strong>ergo</strong></span> <span class='ocrx_word' id='word_1_79' title='bbox 1905 1185 1916 1219; x_wconf 92' lang='lat'>:</span> 
     </span>
    </p>
   </div>
   <div class='ocr_carea' id='block_1_14' title="bbox 496 1278 2018 1353">
    <p class='ocr_par' dir='ltr' id='par_1_14' title="bbox 496 1278 2018 1353">
     <span class='ocr_line' id='line_1_14' title="bbox 496 1278 2018 1353; baseline 0 -17"><span class='ocrx_word' id='word_1_80' title='bbox 496 1283 637 1353; x_wconf 85' lang='lat' dir='ltr'><strong>Deus</strong></span> <span class='ocrx_word' id='word_1_81' title='bbox 660 1323 675 1347; x_wconf 92' lang='lat'><strong>,</strong></span> <span class='ocrx_word' id='word_1_82' title='bbox 699 1282 819 1353; x_wconf 89' lang='lat' dir='ltr'><strong>quis</strong></span> <span class='ocrx_word' id='word_1_83' title='bbox 840 1280 1025 1335; x_wconf 76' lang='lat' dir='ltr'><strong>similis</strong></span> <span class='ocrx_word' id='word_1_84' title='bbox 1052 1281 1150 1335; x_wconf 88' lang='lat' dir='ltr'><strong>erit</strong></span> <span class='ocrx_word' id='word_1_85' title='bbox 1181 1280 1314 1335; x_wconf 85' lang='lat' dir='ltr'><strong>tibi?</strong></span> <span class='ocrx_word' id='word_1_86' title='bbox 1337 1278 1475 1347; x_wconf 84' lang='lat' dir='ltr'><strong>Quia</strong></span> <span class='ocrx_word' id='word_1_87' title='bbox 1498 1278 1677 1335; x_wconf 90' lang='lat' dir='ltr'><strong>nullus</strong></span> <span class='ocrx_word' id='word_1_88' title='bbox 1706 1289 1789 1336; x_wconf 88' lang='lat' dir='ltr'><strong>est</strong></span> <span class='ocrx_word' id='word_1_89' title='bbox 1819 1280 2018 1337; x_wconf 85' lang='lat' dir='ltr'><strong>similis</strong></span> 
     </span>
    </p>
   </div>
   <div class='ocr_carea' id='block_1_15' title="bbox 425 1352 2020 1443">
    <p class='ocr_par' dir='ltr' id='par_1_15' title="bbox 425 1352 2020 1443">
     <span class='ocr_line' id='line_1_15' title="bbox 425 1352 2020 1443; baseline -0.002 -14"><span class='ocrx_word' id='word_1_90' title='bbox 425 1374 501 1429; x_wconf 91' lang='lat' dir='ltr'><strong>tui</strong></span> <span class='ocrx_word' id='word_1_91' title='bbox 534 1352 546 1427; x_wconf 67' lang='grc' dir='ltr'>ξ</span> <span class='ocrx_word' id='word_1_92' title='bbox 578 1373 787 1429; x_wconf 91' lang='lat' dir='ltr'><strong>nullum</strong></span> <span class='ocrx_word' id='word_1_93' title='bbox 819 1372 984 1427; x_wconf 89' lang='lat' dir='ltr'><strong>alium</strong></span> <span class='ocrx_word' id='word_1_94' title='bbox 1010 1381 1291 1427; x_wconf 83' lang='lat' dir='ltr'><strong>auctorem</strong></span> <span class='ocrx_word' id='word_1_95' title='bbox 1313 1411 1329 1438; x_wconf 95' lang='lat'><strong>,</strong></span> <span class='ocrx_word' id='word_1_96' title='bbox 1364 1371 1466 1426; x_wconf 91' lang='lat' dir='ltr'><strong>nisi</strong></span> <span class='ocrx_word' id='word_1_97' title='bbox 1492 1380 1545 1426; x_wconf 91' lang='lat' dir='ltr'><strong>te</strong></span> <span class='ocrx_word' id='word_1_98' title='bbox 1583 1371 1903 1443; x_wconf 65' lang='lat' dir='ltr'><strong>quaerimus.</strong></span> <span class='ocrx_word' id='word_1_99' title='bbox 1935 1371 2020 1426; x_wconf 90' lang='lat' dir='ltr'><strong>Ne</strong></span> 
     </span>
    </p>
   </div>
   <div class='ocr_carea' id='block_1_16' title="bbox 421 1463 2019 1537">
    <p class='ocr_par' dir='ltr' id='par_1_16' title="bbox 421 1463 2019 1537">
     <span class='ocr_line' id='line_1_16' title="bbox 421 1463 2019 1537; baseline 0 -17"><span class='ocrx_word' id='word_1_100' title='bbox 421 1475 593 1521; x_wconf 84' lang='lat' dir='ltr'><strong>taceas</strong></span> <span class='ocrx_word' id='word_1_101' title='bbox 609 1506 624 1532; x_wconf 92' lang='lat'><strong>,</strong></span> <span class='ocrx_word' id='word_1_102' title='bbox 647 1480 813 1535; x_wconf 87' lang='lat' dir='ltr'><strong>neque</strong></span> <span class='ocrx_word' id='word_1_103' title='bbox 831 1464 1201 1537; x_wconf 84' lang='lat' dir='ltr'><strong>compescaris,</strong></span> <span class='ocrx_word' id='word_1_104' title='bbox 1230 1463 1387 1518; x_wconf 83' lang='lat' dir='ltr'><strong>Deus.</strong></span> <span class='ocrx_word' id='word_1_105' title='bbox 1412 1464 1520 1519; x_wconf 87' lang='lat' dir='ltr'><strong>Nos</strong></span> <span class='ocrx_word' id='word_1_106' title='bbox 1550 1472 1815 1533; x_wconf 85' lang='lat' dir='ltr'><strong>tacemus,</strong></span> <span class='ocrx_word' id='word_1_107' title='bbox 1840 1472 1896 1519; x_wconf 91' lang='lat' dir='ltr'><strong>tu</strong></span> <span class='ocrx_word' id='word_1_108' title='bbox 1920 1480 2019 1535; x_wconf 92' lang='lat' dir='ltr'><strong>pro</strong></span> 
     </span>
    </p>
   </div>
   <div class='ocr_carea' id='block_1_17' title="bbox 424 1557 2019 1631">
    <p class='ocr_par' dir='ltr' id='par_1_17' title="bbox 424 1557 2019 1631">
     <span class='ocr_line' id='line_1_17' title="bbox 424 1557 2019 1631; baseline 0 -17"><span class='ocrx_word' id='word_1_109' title='bbox 424 1561 583 1615; x_wconf 88' lang='lat' dir='ltr'><strong>nobis</strong></span> <span class='ocrx_word' id='word_1_110' title='bbox 618 1559 870 1631; x_wconf 88' lang='lat' dir='ltr'><strong>loquere.</strong></span> <span class='ocrx_word' id='word_1_111' title='bbox 897 1558 1035 1614; x_wconf 86' lang='lat' dir='ltr'><strong>Justi</strong></span> <span class='ocrx_word' id='word_1_112' title='bbox 1070 1573 1174 1613; x_wconf 84' lang='lat' dir='ltr'><strong>vox</strong></span> <span class='ocrx_word' id='word_1_113' title='bbox 1203 1566 1287 1613; x_wconf 91' lang='lat' dir='ltr'><strong>est</strong></span> <span class='ocrx_word' id='word_1_114' title='bbox 1311 1573 1432 1629; x_wconf 72' lang='lat' dir='ltr'><strong>quas</strong></span> <span class='ocrx_word' id='word_1_115' title='bbox 1463 1558 1637 1613; x_wconf 85' lang='lat' dir='ltr'><strong>dicit:</strong></span> <span class='ocrx_word' id='word_1_116' title='bbox 1673 1557 1856 1630; x_wconf 78' lang='lat' dir='ltr'><strong>Neque</strong></span> <span class='ocrx_word' id='word_1_117' title='bbox 1878 1576 2019 1614; x_wconf 84' lang='lat' dir='ltr'><strong>com-</strong></span> 
     </span>
    </p>
   </div>
   <div class='ocr_carea' id='block_1_18' title="bbox 422 1648 1729 1724">
    <p class='ocr_par' dir='ltr' id='par_1_18' title="bbox 422 1648 1729 1724">
     <span class='ocr_line' id='line_1_18' title="bbox 422 1648 1729 1724; baseline -0.002 -18"><span class='ocrx_word' id='word_1_118' title='bbox 422 1651 647 1724; x_wconf 78' lang='lat' dir='ltr'><strong>pesraris</strong></span> <span class='ocrx_word' id='word_1_119' title='bbox 664 1693 679 1717; x_wconf 90' lang='lat'><strong>,</strong></span> <span class='ocrx_word' id='word_1_120' title='bbox 712 1650 873 1705; x_wconf 89' lang='lat' dir='ltr'><strong>Deus.</strong></span> <span class='ocrx_word' id='word_1_121' title='bbox 917 1649 996 1705; x_wconf 91' lang='lat' dir='ltr'><strong>De</strong></span> <span class='ocrx_word' id='word_1_122' title='bbox 1020 1648 1232 1720; x_wconf 86' lang='lat' dir='ltr'><strong>justitia</strong></span> <span class='ocrx_word' id='word_1_123' title='bbox 1257 1664 1351 1703; x_wconf 90' lang='lat' dir='ltr'><strong>sua</strong></span> <span class='ocrx_word' id='word_1_124' title='bbox 1374 1664 1600 1706; x_wconf 90' lang='lat' dir='ltr'><strong>securus</strong></span> <span class='ocrx_word' id='word_1_125' title='bbox 1625 1659 1729 1707; x_wconf 88' lang='lat' dir='ltr'><strong>est.</strong></span> 
     </span>
    </p>
   </div>
   <div class='ocr_carea' id='block_1_19' title="bbox 2120 449 3713 534">
    <p class='ocr_par' dir='ltr' id='par_1_19' title="bbox 2120 449 3713 534">
     <span class='ocr_line' id='line_1_19' title="bbox 2120 449 3713 534; baseline 0.011 -31"><span class='ocrx_word' id='word_1_126' title='bbox 2120 449 2558 520; x_wconf 80' lang='lat' dir='ltr'><strong>fundamentum,</strong></span> <span class='ocrx_word' id='word_1_127' title='bbox 2572 456 2669 513; x_wconf 84' lang='lat' dir='ltr'><strong>sed</strong></span> <span class='ocrx_word' id='word_1_128' title='bbox 2692 458 3034 516; x_wconf 82' lang='lat' dir='ltr'><strong>tabernacula</strong></span> <span class='ocrx_word' id='word_1_129' title='bbox 3049 478 3167 533; x_wconf 77' lang='lat' dir='ltr'><strong>qua:</strong></span> <span class='ocrx_word' id='word_1_130' title='bbox 3187 462 3297 518; x_wconf 91' lang='lat' dir='ltr'><strong>cito</strong></span> <span class='ocrx_word' id='word_1_131' title='bbox 3306 474 3713 534; x_wconf 82' lang='lat' dir='ltr'><strong>pertranseunt.</strong></span> 
     </span>
    </p>
   </div>
   <div class='ocr_carea' id='block_1_20' title="bbox 2118 540 3721 629">
    <p class='ocr_par' dir='ltr' id='par_1_20' title="bbox 2118 540 3721 629">
     <span class='ocr_line' id='line_1_20' title="bbox 2118 540 3721 629; baseline 0.009 -32"><span class='ocrx_word' id='word_1_132' title='bbox 2118 540 2354 598; x_wconf 68' lang='lat' dir='ltr'><strong>Idumam</strong></span> <span class='ocrx_word' id='word_1_133' title='bbox 2387 544 2679 617; x_wconf 83' lang='lat' dir='ltr'><strong>dupliciter</strong></span> <span class='ocrx_word' id='word_1_134' title='bbox 2707 550 3125 622; x_wconf 86' lang='lat' dir='ltr'><strong>interpretatur,</strong></span> <span class='ocrx_word' id='word_1_135' title='bbox 3168 564 3260 610; x_wconf 91' lang='lat' dir='ltr'><strong>aut</strong></span> <span class='ocrx_word' id='word_1_136' title='bbox 3287 557 3598 629; x_wconf 76' lang='lat' dir='ltr'><strong>sanguinea,</strong></span> <span class='ocrx_word' id='word_1_137' title='bbox 3626 566 3721 612; x_wconf 85' lang='lat' dir='ltr'><strong>aut</strong></span> 
     </span>
    </p>
   </div>
   <div class='ocr_carea' id='block_1_21' title="bbox 2120 639 3721 719">
    <p class='ocr_par' dir='ltr' id='par_1_21' title="bbox 2120 639 3721 719">
     <span class='ocr_line' id='line_1_21' title="bbox 2120 639 3721 719; baseline 0.01 -29"><span class='ocrx_word' id='word_1_138' title='bbox 2120 644 2344 692; x_wconf 84' lang='lat' dir='ltr'><strong>terrena.</strong></span> <span class='ocrx_word' id='word_1_139' title='bbox 2396 639 2590 698; x_wconf 83' lang='lat' dir='ltr'><strong>Videte</strong></span> <span class='ocrx_word' id='word_1_140' title='bbox 2646 657 2781 714; x_wconf 88' lang='lat' dir='ltr'><strong>ergo</strong></span> <span class='ocrx_word' id='word_1_141' title='bbox 2832 644 2927 716; x_wconf 89' lang='lat' dir='ltr'><strong>qui</strong></span> <span class='ocrx_word' id='word_1_142' title='bbox 2985 656 3225 719; x_wconf 88' lang='lat' dir='ltr'><strong>pugnant</strong></span> <span class='ocrx_word' id='word_1_143' title='bbox 3272 648 3537 705; x_wconf 80' lang='lat' dir='ltr'><strong>adversus</strong></span> <span class='ocrx_word' id='word_1_144' title='bbox 3593 665 3721 706; x_wconf 75' lang='lat' dir='ltr'><strong>san—-</strong></span> 
     </span>
    </p>
   </div>
   <div class='ocr_carea' id='block_1_22' title="bbox 2119 729 3722 807">
    <p class='ocr_par' dir='ltr' id='par_1_22' title="bbox 2119 729 3722 807">
     <span class='ocr_line' id='line_1_22' title="bbox 2119 729 3722 807; baseline 0.009 -23"><span class='ocrx_word' id='word_1_145' title='bbox 2119 737 2259 788; x_wconf 93' lang='lat' dir='ltr'><strong>ctos.</strong></span> <span class='ocrx_word' id='word_1_146' title='bbox 2307 729 2670 789; x_wconf 80' lang='lat' dir='ltr'><strong>Tabernacula</strong></span> <span class='ocrx_word' id='word_1_147' title='bbox 2714 734 3101 807; x_wconf 73' lang='lat' dir='ltr'><strong>ldumteorum,</strong></span> <span class='ocrx_word' id='word_1_148' title='bbox 3170 741 3373 797; x_wconf 84' lang='lat' dir='ltr'><strong>terreni</strong></span> <span class='ocrx_word' id='word_1_149' title='bbox 3425 750 3483 798; x_wconf 89' lang='lat' dir='ltr'><strong>et</strong></span> <span class='ocrx_word' id='word_1_150' title='bbox 3516 741 3722 798; x_wconf 78' lang='lat' dir='ltr'><strong>lsmse-</strong></span> 
     </span>
    </p>
   </div>
   <div class='ocr_carea' id='block_1_23' title="bbox 2121 824 3721 909">
    <p class='ocr_par' dir='ltr' id='par_1_23' title="bbox 2121 824 3721 909">
     <span class='ocr_line' id='line_1_23' title="bbox 2121 824 3721 909; baseline 0.006 -28"><span class='ocrx_word' id='word_1_151' title='bbox 2121 824 2234 882; x_wconf 72' lang='lat' dir='ltr'><strong>Iitte</strong></span> <span class='ocrx_word' id='word_1_152' title='bbox 2268 827 2719 901; x_wconf 78' lang='lat' dir='ltr'><strong>interpretantur,</strong></span> <span class='ocrx_word' id='word_1_153' title='bbox 2764 832 3055 890; x_wconf 82' lang='lat' dir='ltr'><strong>obedientes</strong></span> <span class='ocrx_word' id='word_1_154' title='bbox 3083 833 3217 905; x_wconf 84' lang='lat' dir='ltr'><strong>sibi,</strong></span> <span class='ocrx_word' id='word_1_155' title='bbox 3258 834 3364 891; x_wconf 90' lang='lat' dir='ltr'><strong>hoc</strong></span> <span class='ocrx_word' id='word_1_156' title='bbox 3396 844 3519 904; x_wconf 87' lang='lat' dir='ltr'><strong>est,</strong></span> <span class='ocrx_word' id='word_1_157' title='bbox 3546 837 3721 909; x_wconf 81' lang='lat' dir='ltr'><strong>quod-</strong></span> 
     </span>
    </p>
   </div>
   <div class='ocr_carea' id='block_1_24' title="bbox 2120 924 3722 1002">
    <p class='ocr_par' dir='ltr' id='par_1_24' title="bbox 2120 924 3722 1002">
     <span class='ocr_line' id='line_1_24' title="bbox 2120 924 3722 1002; baseline 0.009 -28"><span class='ocrx_word' id='word_1_158' title='bbox 2120 934 2356 992; x_wconf 88' lang='lat' dir='ltr'><strong>cumque</strong></span> <span class='ocrx_word' id='word_1_159' title='bbox 2405 937 2503 979; x_wconf 89' lang='lat' dir='ltr'><strong>cor</strong></span> <span class='ocrx_word' id='word_1_160' title='bbox 2550 924 2838 996; x_wconf 84' lang='lat' dir='ltr'><strong>habuerit,</strong></span> <span class='ocrx_word' id='word_1_161' title='bbox 2889 937 2947 985; x_wconf 90' lang='lat' dir='ltr'><strong>et</strong></span> <span class='ocrx_word' id='word_1_162' title='bbox 2982 929 3128 986; x_wconf 83' lang='lat' dir='ltr'><strong>mala</strong></span> <span class='ocrx_word' id='word_1_163' title='bbox 3178 930 3475 1002; x_wconf 85' lang='lat' dir='ltr'><strong>cogitatio,</strong></span> <span class='ocrx_word' id='word_1_164' title='bbox 3534 934 3722 989; x_wconf 82' lang='lat' dir='ltr'><strong>statim</strong></span> 
     </span>
    </p>
   </div>
   <div class='ocr_carea' id='block_1_25' title="bbox 2121 1010 3724 1085">
    <p class='ocr_par' dir='ltr' id='par_1_25' title="bbox 2121 1010 3724 1085">
     <span class='ocr_line' id='line_1_25' title="bbox 2121 1010 3724 1085; baseline 0.011 -20"><span class='ocrx_word' id='word_1_165' title='bbox 2121 1010 2349 1067; x_wconf 88' lang='lat' dir='ltr'><strong>faciunt.</strong></span> <span class='ocrx_word' id='word_1_166' title='bbox 2378 1012 2676 1085; x_wconf 87' lang='lat' dir='ltr'><strong>Propterea</strong></span> <span class='ocrx_word' id='word_1_167' title='bbox 2704 1017 2908 1076; x_wconf 87' lang='lat' dir='ltr'><strong>dicitur</strong></span> <span class='ocrx_word' id='word_1_168' title='bbox 2936 1021 2990 1076; x_wconf 90' lang='lat' dir='ltr'><strong>in</strong></span> <span class='ocrx_word' id='word_1_169' title='bbox 3025 1021 3319 1079; x_wconf 78' lang='lat' dir='ltr'><strong>Ezechiele</strong></span> <span class='ocrx_word' id='word_1_170' title='bbox 3351 1042 3365 1077; x_wconf 88' lang='lat'><strong>:</strong></span> <span class='ocrx_word' id='word_1_171' title='bbox 3398 1022 3507 1080; x_wconf 82' lang='lat' dir='ltr'><strong>Fili</strong></span> <span class='ocrx_word' id='word_1_172' title='bbox 3541 1023 3724 1082; x_wconf 84' lang='lat' dir='ltr'><strong>homi-</strong></span> 
     </span>
    </p>
   </div>
   <div class='ocr_carea' id='block_1_26' title="bbox 2121 1104 3723 1188">
    <p class='ocr_par' dir='ltr' id='par_1_26' title="bbox 2121 1104 3723 1188">
     <span class='ocr_line' id='line_1_26' title="bbox 2121 1104 3723 1188; baseline 0.009 -29"><span class='ocrx_word' id='word_1_173' title='bbox 2121 1105 2228 1174; x_wconf 91' lang='lat' dir='ltr'><strong>nis,</strong></span> <span class='ocrx_word' id='word_1_174' title='bbox 2258 1104 2479 1176; x_wconf 86' lang='lat' dir='ltr'><strong>loquere</strong></span> <span class='ocrx_word' id='word_1_175' title='bbox 2509 1108 2775 1167; x_wconf 74' lang='lat' dir='ltr'><strong>adversus</strong></span> <span class='ocrx_word' id='word_1_176' title='bbox 2803 1112 3101 1184; x_wconf 83' lang='lat' dir='ltr'><strong>prophetas</strong></span> <span class='ocrx_word' id='word_1_177' title='bbox 3124 1156 3138 1179; x_wconf 93' lang='lat'><strong>,</strong></span> <span class='ocrx_word' id='word_1_178' title='bbox 3162 1117 3256 1187; x_wconf 92' lang='lat' dir='ltr'><strong>qui</strong></span> <span class='ocrx_word' id='word_1_179' title='bbox 3289 1128 3597 1188; x_wconf 87' lang='lat' dir='ltr'><strong>sequuntur</strong></span> <span class='ocrx_word' id='word_1_180' title='bbox 3625 1134 3723 1174; x_wconf 80' lang='lat' dir='ltr'><strong>cur</strong></span> 
     </span>
    </p>
   </div>
   <div class='ocr_carea' id='block_1_27' title="bbox 2120 1201 3725 1281">
    <p class='ocr_par' dir='ltr' id='par_1_27' title="bbox 2120 1201 3725 1281">
     <span class='ocr_line' id='line_1_27' title="bbox 2120 1201 3725 1281; baseline 0.007 -28"><span class='ocrx_word' id='word_1_181' title='bbox 2120 1212 2314 1265; x_wconf 91' lang='lat' dir='ltr'><strong>suum,</strong></span> <span class='ocrx_word' id='word_1_182' title='bbox 2362 1208 2418 1256; x_wconf 91' lang='lat' dir='ltr'><strong>et</strong></span> <span class='ocrx_word' id='word_1_183' title='bbox 2453 1201 2836 1273; x_wconf 89' lang='lat' dir='ltr'><strong>quodcumque</strong></span> <span class='ocrx_word' id='word_1_184' title='bbox 2882 1206 3118 1277; x_wconf 82' lang='lat' dir='ltr'><strong>impellit</strong></span> <span class='ocrx_word' id='word_1_185' title='bbox 3167 1209 3460 1281; x_wconf 80' lang='lat' dir='ltr'><strong>cOgitstio,</strong></span> <span class='ocrx_word' id='word_1_186' title='bbox 3512 1210 3725 1267; x_wconf 84' lang='lat' dir='ltr'><strong>faciunt</strong></span> 
     </span>
    </p>
   </div>
   <div class='ocr_carea' id='block_1_28' title="bbox 2124 1289 3726 1375">
    <p class='ocr_par' dir='ltr' id='par_1_28' title="bbox 2124 1289 3726 1375">
     <span class='ocr_line' id='line_1_28' title="bbox 2124 1289 3726 1375; baseline 0.009 -31"><span class='ocrx_word' id='word_1_187' title='bbox 2124 1289 2342 1363; x_wconf 66' lang='lat' dir='ltr'><strong>(Exeo/1.</strong></span> <span class='ocrx_word' id='word_1_188' title='bbox 2375 1292 2516 1366; x_wconf 80' lang='grc' dir='ltr'><strong>χιιι).</strong></span> <span class='ocrx_word' id='word_1_189' title='bbox 2547 1294 2656 1350; x_wconf 89' lang='lat' dir='ltr'><strong>Nos</strong></span> <span class='ocrx_word' id='word_1_190' title='bbox 2686 1304 2868 1353; x_wconf 83' lang='lat' dir='ltr'><strong>autem</strong></span> <span class='ocrx_word' id='word_1_191' title='bbox 2901 1314 3006 1355; x_wconf 92' lang='lat' dir='ltr'><strong>nou</strong></span> <span class='ocrx_word' id='word_1_192' title='bbox 3038 1299 3305 1358; x_wconf 86' lang='lat' dir='ltr'><strong>debemus</strong></span> <span class='ocrx_word' id='word_1_193' title='bbox 3331 1302 3491 1374; x_wconf 80' lang='lat' dir='ltr'><strong>sequi</strong></span> <span class='ocrx_word' id='word_1_194' title='bbox 3515 1303 3726 1375; x_wconf 81' lang='lat' dir='ltr'><strong>cogita-</strong></span> 
     </span>
    </p>
   </div>
   <div class='ocr_carea' id='block_1_29' title="bbox 2123 1382 3725 1462">
    <p class='ocr_par' dir='ltr' id='par_1_29' title="bbox 2123 1382 3725 1462">
     <span class='ocr_line' id='line_1_29' title="bbox 2123 1382 3725 1462; baseline 0.009 -25"><span class='ocrx_word' id='word_1_195' title='bbox 2123 1382 2331 1441; x_wconf 90' lang='lat' dir='ltr'><strong>tionem</strong></span> <span class='ocrx_word' id='word_1_196' title='bbox 2370 1395 2647 1457; x_wconf 89' lang='lat' dir='ltr'><strong>nostram,</strong></span> <span class='ocrx_word' id='word_1_197' title='bbox 2688 1386 2798 1445; x_wconf 61' lang='lat' dir='ltr'><strong>&#39;ucc</strong></span> <span class='ocrx_word' id='word_1_198' title='bbox 2828 1390 2937 1447; x_wconf 91' lang='lat' dir='ltr'><strong>dici</strong></span> <span class='ocrx_word' id='word_1_199' title='bbox 2968 1391 3287 1462; x_wconf 67' lang='lat' dir='ltr'><strong>Ismaelitaa,</strong></span> <span class='ocrx_word' id='word_1_200' title='bbox 3323 1394 3427 1451; x_wconf 89' lang='lat' dir='ltr'><strong>hoc</strong></span> <span class='ocrx_word' id='word_1_201' title='bbox 3465 1404 3553 1452; x_wconf 87' lang='lat' dir='ltr'><strong>est</strong></span> <span class='ocrx_word' id='word_1_202' title='bbox 3590 1397 3725 1452; x_wconf 88' lang='lat' dir='ltr'><strong>obe-</strong></span> 
     </span>
    </p>
   </div>
   <div class='ocr_carea' id='block_1_30' title="bbox 2121 1474 3720 1555">
    <p class='ocr_par' dir='ltr' id='par_1_30' title="bbox 2121 1474 3720 1555">
     <span class='ocr_line' id='line_1_30' title="bbox 2121 1474 3720 1555; baseline 0.011 -25"><span class='ocrx_word' id='word_1_203' title='bbox 2121 1474 2334 1534; x_wconf 85' lang='lat' dir='ltr'><strong>dientes</strong></span> <span class='ocrx_word' id='word_1_204' title='bbox 2366 1480 2503 1543; x_wconf 90' lang='lat' dir='ltr'><strong>sibi,</strong></span> <span class='ocrx_word' id='word_1_205' title='bbox 2534 1482 2632 1537; x_wconf 89' lang='lat' dir='ltr'><strong>sed</strong></span> <span class='ocrx_word' id='word_1_206' title='bbox 2662 1482 2855 1539; x_wconf 84' lang='lat' dir='ltr'><strong>Ismael</strong></span> <span class='ocrx_word' id='word_1_207' title='bbox 2875 1527 2890 1551; x_wconf 90' lang='lat'><strong>,</strong></span> <span class='ocrx_word' id='word_1_208' title='bbox 2934 1486 3037 1542; x_wconf 90' lang='lat' dir='ltr'><strong>hoc</strong></span> <span class='ocrx_word' id='word_1_209' title='bbox 3067 1496 3186 1555; x_wconf 73' lang='lat' dir='ltr'><strong>est,</strong></span> <span class='ocrx_word' id='word_1_210' title='bbox 3222 1488 3545 1547; x_wconf 85' lang='lat' dir='ltr'><strong>obedientes</strong></span> <span class='ocrx_word' id='word_1_211' title='bbox 3582 1491 3720 1547; x_wconf 87' lang='lat' dir='ltr'><strong>Deo.</strong></span> 
     </span>
    </p>
   </div>
   <div class='ocr_carea' id='block_1_31' title="bbox 2124 1567 3722 1644">
    <p class='ocr_par' dir='ltr' id='par_1_31' title="bbox 2124 1567 3722 1644">
     <span class='ocr_line' id='line_1_31' title="bbox 2124 1567 3722 1644; baseline 0.011 -22"><span class='ocrx_word' id='word_1_212' title='bbox 2124 1567 2315 1640; x_wconf 85' lang='lat' dir='ltr'><strong>Moab,</strong></span> <span class='ocrx_word' id='word_1_213' title='bbox 2354 1588 2420 1627; x_wconf 82' lang='lat' dir='ltr'><strong>ea:</strong></span> <span class='ocrx_word' id='word_1_214' title='bbox 2452 1580 2636 1644; x_wconf 85' lang='lat' dir='ltr'><strong>patre,</strong></span> <span class='ocrx_word' id='word_1_215' title='bbox 2677 1575 2778 1632; x_wconf 92' lang='lat' dir='ltr'><strong>hoc</strong></span> <span class='ocrx_word' id='word_1_216' title='bbox 2812 1586 2928 1643; x_wconf 86' lang='lat' dir='ltr'><strong>est,</strong></span> <span class='ocrx_word' id='word_1_217' title='bbox 2973 1578 3295 1637; x_wconf 88' lang='lat' dir='ltr'><strong>recedentes</strong></span> <span class='ocrx_word' id='word_1_218' title='bbox 3325 1597 3354 1636; x_wconf 88' lang='lat' dir='ltr'><strong>a</strong></span> <span class='ocrx_word' id='word_1_219' title='bbox 3383 1583 3497 1638; x_wconf 87' lang='lat' dir='ltr'><strong>Deo</strong></span> <span class='ocrx_word' id='word_1_220' title='bbox 3533 1583 3722 1639; x_wconf 85' lang='lat' dir='ltr'><strong>Patre.</strong></span> 
     </span>
    </p>
   </div>
   <div class='ocr_carea' id='block_1_32' title="bbox 2123 1658 3729 1735">
    <p class='ocr_par' dir='ltr' id='par_1_32' title="bbox 2123 1658 3729 1735">
     <span class='ocr_line' id='line_1_32' title="bbox 2123 1658 3729 1735; baseline 0.012 -21"><span class='ocrx_word' id='word_1_221' title='bbox 2123 1658 2384 1731; x_wconf 83' lang='lat' dir='ltr'><strong>Agareni,</strong></span> <span class='ocrx_word' id='word_1_222' title='bbox 2435 1662 2706 1735; x_wconf 81' lang='lat' dir='ltr'><strong>proselyti.</strong></span> <span class='ocrx_word' id='word_1_223' title='bbox 2738 1666 2840 1734; x_wconf 90' lang='lat' dir='ltr'><strong>Qui</strong></span> <span class='ocrx_word' id='word_1_224' title='bbox 2884 1682 3008 1725; x_wconf 88' lang='lat' dir='ltr'><strong>cum</strong></span> <span class='ocrx_word' id='word_1_225' title='bbox 3041 1669 3307 1727; x_wconf 82' lang='lat' dir='ltr'><strong>deberent</strong></span> <span class='ocrx_word' id='word_1_226' title='bbox 3345 1688 3472 1730; x_wconf 86' lang='lat' dir='ltr'><strong>esse</strong></span> <span class='ocrx_word' id='word_1_227' title='bbox 3509 1675 3729 1732; x_wconf 80' lang='lat' dir='ltr'><strong>habita-</strong></span> 
     </span>
    </p>
   </div>
   <div class='ocr_carea' id='block_1_33' title="bbox 497 1742 3724 1838">
    <p class='ocr_par' dir='ltr' id='par_1_33' title="bbox 497 1742 3724 1838">
     <span class='ocr_line' id='line_1_33' title="bbox 497 1742 3724 1838; baseline 0.009 -41"><span class='ocrx_word' id='word_1_228' title='bbox 497 1743 761 1809; x_wconf 88' lang='lat' dir='ltr'><strong>Quoniam</strong></span> <span class='ocrx_word' id='word_1_229' title='bbox 789 1759 905 1796; x_wconf 88' lang='lat' dir='ltr'><strong>ecce</strong></span> <span class='ocrx_word' id='word_1_230' title='bbox 931 1742 1129 1796; x_wconf 85' lang='lat' dir='ltr'><strong>inimici</strong></span> <span class='ocrx_word' id='word_1_231' title='bbox 1162 1743 1238 1796; x_wconf 88' lang='lat' dir='ltr'><strong>tui</strong></span> <span class='ocrx_word' id='word_1_232' title='bbox 1266 1752 1571 1798; x_wconf 86' lang='lat' dir='ltr'><strong>sonuerunt.</strong></span> <span class='ocrx_word' id='word_1_233' title='bbox 1615 1743 1911 1800; x_wconf 88' lang='lat' dir='ltr'><strong>Possumus</strong></span> <span class='ocrx_word' id='word_1_234' title='bbox 1934 1761 2015 1800; x_wconf 49' lang='lat' dir='ltr'><strong>sec</strong></span> <span class='ocrx_word' id='word_1_235' title='bbox 2052 1759 2094 1820; x_wconf 76' lang='grc' dir='ltr'><strong>Β</strong></span> <span class='ocrx_word' id='word_1_236' title='bbox 2126 1762 2275 1810; x_wconf 87' lang='lat' dir='ltr'><strong>tores</strong></span> <span class='ocrx_word' id='word_1_237' title='bbox 2304 1754 2427 1821; x_wconf 90' lang='lat' dir='ltr'><strong>Dei,</strong></span> <span class='ocrx_word' id='word_1_238' title='bbox 2467 1759 2728 1829; x_wconf 83' lang='lat' dir='ltr'><strong>proselyti</strong></span> <span class='ocrx_word' id='word_1_239' title='bbox 2760 1759 2888 1817; x_wconf 83' lang='lat' dir='ltr'><strong>facti</strong></span> <span class='ocrx_word' id='word_1_240' title='bbox 2922 1775 3070 1818; x_wconf 84' lang='lat' dir='ltr'><strong>sunt.</strong></span> <span class='ocrx_word' id='word_1_241' title='bbox 3102 1762 3265 1821; x_wconf 86' lang='lat' dir='ltr'><strong>Gebal</strong></span> <span class='ocrx_word' id='word_1_242' title='bbox 3303 1765 3724 1838; x_wconf 79' lang='lat' dir='ltr'><strong>interpretatur,</strong></span> 
     </span>
    </p>
   </div>
   <div class='ocr_carea' id='block_1_34' title="bbox 425 1833 2017 1905">
    <p class='ocr_par' dir='ltr' id='par_1_34' title="bbox 425 1833 2017 1905">
     <span class='ocr_line' id='line_1_34' title="bbox 425 1833 2017 1905; baseline -0.001 -14"><span class='ocrx_word' id='word_1_243' title='bbox 425 1835 665 1891; x_wconf 90' lang='lat' dir='ltr'><strong>cundum</strong></span> <span class='ocrx_word' id='word_1_244' title='bbox 695 1833 1057 1904; x_wconf 89' lang='lat' dir='ltr'><strong>tropologiam</strong></span> <span class='ocrx_word' id='word_1_245' title='bbox 1081 1834 1151 1889; x_wconf 89' lang='lat' dir='ltr'><strong>de</strong></span> <span class='ocrx_word' id='word_1_246' title='bbox 1180 1833 1425 1889; x_wconf 88' lang='lat' dir='ltr'><strong>Ecclesia</strong></span> <span class='ocrx_word' id='word_1_247' title='bbox 1455 1834 1800 1905; x_wconf 88' lang='lat' dir='ltr'><strong>interpretari</strong></span> <span class='ocrx_word' id='word_1_248' title='bbox 1832 1844 1887 1890; x_wconf 86' lang='lat' dir='ltr'><strong>et</strong></span> <span class='ocrx_word' id='word_1_249' title='bbox 1908 1835 2017 1890; x_wconf 72' lang='lat' dir='ltr'><strong>lite-</strong></span> 
     </span>
    </p>
   </div>
   <div class='ocr_carea' id='block_1_35' title="bbox 425 1924 2014 1982">
    <p class='ocr_par' dir='ltr' id='par_1_35' title="bbox 425 1924 2014 1982">
     <span class='ocr_line' id='line_1_35' title="bbox 425 1924 2014 1982; baseline -0.001 0"><span class='ocrx_word' id='word_1_250' title='bbox 425 1926 659 1982; x_wconf 90' lang='lat' dir='ltr'><strong>resibus.</strong></span> <span class='ocrx_word' id='word_1_251' title='bbox 694 1926 989 1981; x_wconf 88' lang='lat' dir='ltr'><strong>Possumus</strong></span> <span class='ocrx_word' id='word_1_252' title='bbox 1019 1933 1200 1980; x_wconf 89' lang='lat' dir='ltr'><strong>autem</strong></span> <span class='ocrx_word' id='word_1_253' title='bbox 1233 1924 1529 1981; x_wconf 90' lang='lat' dir='ltr'><strong>secundum</strong></span> <span class='ocrx_word' id='word_1_254' title='bbox 1563 1925 1801 1981; x_wconf 90' lang='lat' dir='ltr'><strong>litteram</strong></span> <span class='ocrx_word' id='word_1_255' title='bbox 1844 1926 2014 1982; x_wconf 89' lang='lat' dir='ltr'><strong>inter-</strong></span> 
     </span>
    </p>
   </div>
   <div class='ocr_carea' id='block_1_36' title="bbox 416 2010 2015 2091">
    <p class='ocr_par' dir='ltr' id='par_1_36' title="bbox 416 2010 2015 2091">
     <span class='ocr_line' id='line_1_36' title="bbox 416 2010 2015 2091; baseline 0.001 -18"><span class='ocrx_word' id='word_1_256' title='bbox 416 2010 629 2090; x_wconf 86' lang='lat' dir='ltr'><strong>pretari</strong></span> <span class='ocrx_word' id='word_1_257' title='bbox 657 2019 726 2074; x_wconf 92' lang='lat' dir='ltr'><strong>de</strong></span> <span class='ocrx_word' id='word_1_258' title='bbox 759 2020 956 2090; x_wconf 83' lang='lat' dir='ltr'><strong>populo</strong></span> <span class='ocrx_word' id='word_1_259' title='bbox 979 2018 1313 2085; x_wconf 73' lang='lat' dir='ltr'><strong>Iudaeorum,</strong></span> <span class='ocrx_word' id='word_1_260' title='bbox 1333 2026 1389 2073; x_wconf 89' lang='lat' dir='ltr'><strong>ct</strong></span> <span class='ocrx_word' id='word_1_261' title='bbox 1413 2018 1482 2074; x_wconf 91' lang='lat' dir='ltr'><strong>de</strong></span> <span class='ocrx_word' id='word_1_262' title='bbox 1505 2019 1719 2075; x_wconf 67' lang='lat' dir='ltr'><strong>caneris</strong></span> <span class='ocrx_word' id='word_1_263' title='bbox 1738 2020 2015 2091; x_wconf 85' lang='lat' dir='ltr'><strong>gentibus,</strong></span> 
     </span>
    </p>
   </div>
   <div class='ocr_carea' id='block_1_37' title="bbox 420 2110 2017 2181">
    <p class='ocr_par' dir='ltr' id='par_1_37' title="bbox 420 2110 2017 2181">
     <span class='ocr_line' id='line_1_37' title="bbox 420 2110 2017 2181; baseline 0.002 -16"><span class='ocrx_word' id='word_1_264' title='bbox 420 2126 541 2181; x_wconf 69' lang='lat' dir='ltr'><strong>qua:</strong></span> <span class='ocrx_word' id='word_1_265' title='bbox 581 2112 633 2165; x_wconf 93' lang='lat' dir='ltr'><strong>in</strong></span> <span class='ocrx_word' id='word_1_266' title='bbox 680 2111 906 2166; x_wconf 89' lang='lat' dir='ltr'><strong>circuitu</strong></span> <span class='ocrx_word' id='word_1_267' title='bbox 944 2118 1263 2180; x_wconf 82' lang='lat' dir='ltr'><strong>expugnant</strong></span> <span class='ocrx_word' id='word_1_268' title='bbox 1290 2110 1554 2167; x_wconf 61' lang='lat' dir='ltr'><strong>Iudaeam.</strong></span> <span class='ocrx_word' id='word_1_269' title='bbox 1600 2111 1863 2179; x_wconf 85' lang='lat' dir='ltr'><strong>Quoniam</strong></span> <span class='ocrx_word' id='word_1_270' title='bbox 1904 2129 2017 2168; x_wconf 89' lang='lat' dir='ltr'><strong>ecce</strong></span> 
     </span>
    </p>
   </div>
   <div class='ocr_carea' id='block_1_38' title="bbox 420 2200 2017 2260">
    <p class='ocr_par' dir='ltr' id='par_1_38' title="bbox 420 2200 2017 2260">
     <span class='ocr_line' id='line_1_38' title="bbox 420 2200 2017 2260; baseline 0.001 -3"><span class='ocrx_word' id='word_1_271' title='bbox 420 2202 621 2257; x_wconf 85' lang='lat' dir='ltr'><strong>inimici</strong></span> <span class='ocrx_word' id='word_1_272' title='bbox 653 2202 728 2257; x_wconf 89' lang='lat' dir='ltr'><strong>tui</strong></span> <span class='ocrx_word' id='word_1_273' title='bbox 748 2211 1057 2258; x_wconf 77' lang='lat' dir='ltr'><strong>sonuerunt.</strong></span> <span class='ocrx_word' id='word_1_274' title='bbox 1082 2200 1285 2258; x_wconf 82' lang='lat' dir='ltr'><strong>Vocem</strong></span> <span class='ocrx_word' id='word_1_275' title='bbox 1321 2203 1792 2260; x_wconf 83' lang='lat' dir='ltr'><strong>et‘detractionem</strong></span> <span class='ocrx_word' id='word_1_276' title='bbox 1819 2203 2017 2260; x_wconf 86' lang='lat' dir='ltr'><strong>adver-</strong></span> 
     </span>
    </p>
   </div>
   <div class='ocr_carea' id='block_1_39' title="bbox 419 2295 2018 2368">
    <p class='ocr_par' dir='ltr' id='par_1_39' title="bbox 419 2295 2018 2368">
     <span class='ocr_line' id='line_1_39' title="bbox 419 2295 2018 2368; baseline 0.003 -18"><span class='ocrx_word' id='word_1_277' title='bbox 419 2295 687 2351; x_wconf 89' lang='lat' dir='ltr'><strong>sariorum</strong></span> <span class='ocrx_word' id='word_1_278' title='bbox 710 2296 946 2350; x_wconf 91' lang='lat' dir='ltr'><strong>sonitum</strong></span> <span class='ocrx_word' id='word_1_279' title='bbox 971 2295 1141 2351; x_wconf 87' lang='lat' dir='ltr'><strong>voluit</strong></span> <span class='ocrx_word' id='word_1_280' title='bbox 1163 2297 1464 2368; x_wconf 87' lang='lat' dir='ltr'><strong>appellare.</strong></span> <span class='ocrx_word' id='word_1_281' title='bbox 1493 2296 1755 2365; x_wconf 87' lang='lat' dir='ltr'><strong>Quoniam</strong></span> <span class='ocrx_word' id='word_1_282' title='bbox 1777 2315 1890 2354; x_wconf 87' lang='lat' dir='ltr'><strong>ecce</strong></span> <span class='ocrx_word' id='word_1_283' title='bbox 1915 2300 2018 2354; x_wconf 90' lang='lat' dir='ltr'><strong>ini-</strong></span> 
     </span>
    </p>
   </div>
   <div class='ocr_carea' id='block_1_40' title="bbox 419 2368 2010 2461">
    <p class='ocr_par' dir='ltr' id='par_1_40' title="bbox 419 2368 2010 2461">
     <span class='ocr_line' id='line_1_40' title="bbox 419 2368 2010 2461; baseline 0.003 -20"><span class='ocrx_word' id='word_1_284' title='bbox 419 2388 541 2442; x_wconf 89' lang='lat' dir='ltr'><strong>mici</strong></span> <span class='ocrx_word' id='word_1_285' title='bbox 581 2388 657 2441; x_wconf 90' lang='lat' dir='ltr'><strong>tui</strong></span> <span class='ocrx_word' id='word_1_286' title='bbox 701 2397 1009 2442; x_wconf 81' lang='lat' dir='ltr'><strong>sonuerunt.</strong></span> <span class='ocrx_word' id='word_1_287' title='bbox 1046 2368 1231 2444; x_wconf 84' lang='lat' dir='ltr'><strong>Videte</strong></span> <span class='ocrx_word' id='word_1_288' title='bbox 1280 2390 1410 2460; x_wconf 91' lang='lat' dir='ltr'><strong>quid</strong></span> <span class='ocrx_word' id='word_1_289' title='bbox 1450 2390 1640 2446; x_wconf 86' lang='lat' dir='ltr'><strong>dicat:</strong></span> <span class='ocrx_word' id='word_1_290' title='bbox 1678 2390 2010 2461; x_wconf 88' lang='lat' dir='ltr'><strong>Sonuerunt,</strong></span> 
     </span>
    </p>
   </div>
   <div class='ocr_carea' id='block_1_41' title="bbox 422 2480 2015 2554">
    <p class='ocr_par' dir='ltr' id='par_1_41' title="bbox 422 2480 2015 2554">
     <span class='ocr_line' id='line_1_41' title="bbox 422 2480 2015 2554; baseline 0.003 -19"><span class='ocrx_word' id='word_1_291' title='bbox 422 2481 526 2536; x_wconf 91' lang='lat' dir='ltr'><strong>hoc</strong></span> <span class='ocrx_word' id='word_1_292' title='bbox 556 2489 668 2548; x_wconf 81' lang='lat' dir='ltr'><strong>est,</strong></span> <span class='ocrx_word' id='word_1_293' title='bbox 715 2482 868 2553; x_wconf 87' lang='lat' dir='ltr'><strong>quasi</strong></span> <span class='ocrx_word' id='word_1_294' title='bbox 912 2480 1226 2554; x_wconf 90' lang='lat' dir='ltr'><strong>cymbalum</strong></span> <span class='ocrx_word' id='word_1_295' title='bbox 1272 2483 1542 2547; x_wconf 87' lang='lat' dir='ltr'><strong>tinniens,</strong></span> <span class='ocrx_word' id='word_1_296' title='bbox 1584 2484 1663 2539; x_wconf 90' lang='lat' dir='ltr'><strong>sic</strong></span> <span class='ocrx_word' id='word_1_297' title='bbox 1710 2492 2015 2540; x_wconf 84' lang='lat' dir='ltr'><strong>sonuerunt</strong></span> 
     </span>
    </p>
   </div>
   <div class='ocr_carea' id='block_1_42' title="bbox 421 2570 2017 2649">
    <p class='ocr_par' dir='ltr' id='par_1_42' title="bbox 421 2570 2017 2649">
     <span class='ocr_line' id='line_1_42' title="bbox 421 2570 2017 2649; baseline 0.003 -18"><span class='ocrx_word' id='word_1_298' title='bbox 421 2575 647 2632; x_wconf 86' lang='lat' dir='ltr'><strong>auribus</strong></span> <span class='ocrx_word' id='word_1_299' title='bbox 699 2576 855 2631; x_wconf 90' lang='lat' dir='ltr'><strong>meis.</strong></span> <span class='ocrx_word' id='word_1_300' title='bbox 887 2575 1067 2633; x_wconf 87' lang='lat' dir='ltr'><strong>Sonus</strong></span> <span class='ocrx_word' id='word_1_301' title='bbox 1107 2578 1332 2649; x_wconf 86' lang='lat' dir='ltr'><strong>pr0prie</strong></span> <span class='ocrx_word' id='word_1_302' title='bbox 1369 2577 1591 2640; x_wconf 90' lang='lat' dir='ltr'><strong>dicitur,</strong></span> <span class='ocrx_word' id='word_1_303' title='bbox 1634 2593 1757 2632; x_wconf 92' lang='lat' dir='ltr'><strong>cum</strong></span> <span class='ocrx_word' id='word_1_304' title='bbox 1782 2570 2017 2635; x_wconf 79' lang='lat' dir='ltr'><strong>auditur</strong></span> 
     </span>
    </p>
   </div>
   <div class='ocr_carea' id='block_1_43' title="bbox 420 2668 2015 2744">
    <p class='ocr_par' dir='ltr' id='par_1_43' title="bbox 420 2668 2015 2744">
     <span class='ocr_line' id='line_1_43' title="bbox 420 2668 2015 2744; baseline 0.002 -20"><span class='ocrx_word' id='word_1_305' title='bbox 420 2668 797 2725; x_wconf 90' lang='lat' dir='ltr'><strong>tantummodo</strong></span> <span class='ocrx_word' id='word_1_306' title='bbox 840 2684 1043 2736; x_wconf 85' lang='lat' dir='ltr'><strong>sonus,</strong></span> <span class='ocrx_word' id='word_1_307' title='bbox 1087 2680 1145 2725; x_wconf 89' lang='lat' dir='ltr'><strong>et</strong></span> <span class='ocrx_word' id='word_1_308' title='bbox 1186 2686 1300 2725; x_wconf 80' lang='lat' dir='ltr'><strong>vox</strong></span> <span class='ocrx_word' id='word_1_309' title='bbox 1331 2686 1438 2726; x_wconf 89' lang='lat' dir='ltr'><strong>non</strong></span> <span class='ocrx_word' id='word_1_310' title='bbox 1481 2670 1823 2741; x_wconf 84' lang='lat' dir='ltr'><strong>intelligitur.</strong></span> <span class='ocrx_word' id='word_1_311' title='bbox 1869 2670 2015 2744; x_wconf 85' lang='lat' dir='ltr'><strong>Ergo</strong></span> 
     </span>
    </p>
   </div>
   <div class='ocr_carea' id='block_1_44' title="bbox 417 2760 2017 2835">
    <p class='ocr_par' dir='ltr' id='par_1_44' title="bbox 417 2760 2017 2835">
     <span class='ocr_line' id='line_1_44' title="bbox 417 2760 2017 2835; baseline 0 -18"><span class='ocrx_word' id='word_1_312' title='bbox 417 2761 562 2832; x_wconf 90' lang='lat' dir='ltr'><strong>quod</strong></span> <span class='ocrx_word' id='word_1_313' title='bbox 591 2761 756 2828; x_wconf 78' lang='lat' dir='ltr'><strong>dicit,</strong></span> <span class='ocrx_word' id='word_1_314' title='bbox 793 2760 896 2816; x_wconf 91' lang='lat' dir='ltr'><strong>hoc</strong></span> <span class='ocrx_word' id='word_1_315' title='bbox 942 2770 1069 2817; x_wconf 90' lang='lat' dir='ltr'><strong>est:</strong></span> <span class='ocrx_word' id='word_1_316' title='bbox 1116 2762 1195 2817; x_wconf 89' lang='lat' dir='ltr'><strong>Illi</strong></span> <span class='ocrx_word' id='word_1_317' title='bbox 1242 2761 1465 2832; x_wconf 85' lang='lat' dir='ltr'><strong>quidem</strong></span> <span class='ocrx_word' id='word_1_318' title='bbox 1521 2763 1905 2835; x_wconf 85' lang='lat' dir='ltr'><strong>loquebantur,</strong></span> <span class='ocrx_word' id='word_1_319' title='bbox 1960 2772 2017 2819; x_wconf 90' lang='lat' dir='ltr'><strong>et</strong></span> 
     </span>
    </p>
   </div>
   <div class='ocr_carea' id='block_1_45' title="bbox 416 2842 2015 2929">
    <p class='ocr_par' dir='ltr' id='par_1_45' title="bbox 416 2842 2015 2929">
     <span class='ocr_line' id='line_1_45' title="bbox 416 2842 2015 2929; baseline 0.003 -21"><span class='ocrx_word' id='word_1_320' title='bbox 416 2854 569 2923; x_wconf 89' lang='lat' dir='ltr'><strong>quasi</strong></span> <span class='ocrx_word' id='word_1_321' title='bbox 596 2842 855 2909; x_wconf 69' lang='lat' dir='ltr'><strong>volebant</strong></span> <span class='ocrx_word' id='word_1_322' title='bbox 886 2868 971 2908; x_wconf 90' lang='lat' dir='ltr'><strong>me</strong></span> <span class='ocrx_word' id='word_1_323' title='bbox 1002 2869 1235 2925; x_wconf 85' lang='lat' dir='ltr'><strong>arguere</strong></span> <span class='ocrx_word' id='word_1_324' title='bbox 1263 2873 1275 2907; x_wconf 88' lang='lat'>:</span> <span class='ocrx_word' id='word_1_325' title='bbox 1306 2864 1564 2910; x_wconf 59' lang='lat' dir='ltr'><strong>caeterum</strong></span> <span class='ocrx_word' id='word_1_326' title='bbox 1596 2871 1700 2926; x_wconf 89' lang='lat' dir='ltr'><strong>ego</strong></span> <span class='ocrx_word' id='word_1_327' title='bbox 1730 2872 1835 2912; x_wconf 92' lang='lat' dir='ltr'><strong>non</strong></span> <span class='ocrx_word' id='word_1_328' title='bbox 1861 2858 2015 2929; x_wconf 92' lang='lat' dir='ltr'><strong>quasi</strong></span> 
     </span>
    </p>
   </div>
   <div class='ocr_carea' id='block_1_46' title="bbox 419 2943 2014 3020">
    <p class='ocr_par' dir='ltr' id='par_1_46' title="bbox 419 2943 2014 3020">
     <span class='ocr_line' id='line_1_46' title="bbox 419 2943 2014 3020; baseline 0.001 -19"><span class='ocrx_word' id='word_1_329' title='bbox 419 2960 646 3012; x_wconf 88' lang='lat' dir='ltr'><strong>vocem,</strong></span> <span class='ocrx_word' id='word_1_330' title='bbox 680 2943 778 3001; x_wconf 89' lang='lat' dir='ltr'><strong>sed</strong></span> <span class='ocrx_word' id='word_1_331' title='bbox 814 2945 967 3016; x_wconf 88' lang='lat' dir='ltr'><strong>quasi</strong></span> <span class='ocrx_word' id='word_1_332' title='bbox 1000 2960 1191 3001; x_wconf 89' lang='lat' dir='ltr'><strong>sonum</strong></span> <span class='ocrx_word' id='word_1_333' title='bbox 1224 2946 1536 3001; x_wconf 89' lang='lat' dir='ltr'><strong>audiebam.</strong></span> <span class='ocrx_word' id='word_1_334' title='bbox 1572 2946 1642 3002; x_wconf 88' lang='lat' dir='ltr'><strong>Et</strong></span> <span class='ocrx_word' id='word_1_335' title='bbox 1669 2950 1762 3020; x_wconf 89' lang='lat' dir='ltr'><strong>qui</strong></span> <span class='ocrx_word' id='word_1_336' title='bbox 1796 2949 2014 3003; x_wconf 88' lang='lat' dir='ltr'><strong>oderunt</strong></span> 
     </span>
    </p>
   </div>
   <div class='ocr_carea' id='block_1_47' title="bbox 418 3036 2016 3114">
    <p class='ocr_par' dir='ltr' id='par_1_47' title="bbox 418 3036 2016 3114">
     <span class='ocr_line' id='line_1_47' title="bbox 418 3036 2016 3114; baseline 0.004 -22"><span class='ocrx_word' id='word_1_337' title='bbox 418 3048 487 3107; x_wconf 87' lang='lat' dir='ltr'><strong>te,</strong></span> <span class='ocrx_word' id='word_1_338' title='bbox 513 3036 993 3108; x_wconf 72' lang='lat' dir='ltr'><strong>extuleruntcaput.</strong></span> <span class='ocrx_word' id='word_1_339' title='bbox 1013 3037 1205 3095; x_wconf 80' lang='lat' dir='ltr'><strong>Videte</strong></span> <span class='ocrx_word' id='word_1_340' title='bbox 1227 3039 1354 3111; x_wconf 92' lang='lat' dir='ltr'><strong>quid</strong></span> <span class='ocrx_word' id='word_1_341' title='bbox 1379 3039 1526 3095; x_wconf 86' lang='lat' dir='ltr'><strong>dicat</strong></span> <span class='ocrx_word' id='word_1_342' title='bbox 1548 3060 1559 3094; x_wconf 90' lang='lat'><strong>:</strong></span> <span class='ocrx_word' id='word_1_343' title='bbox 1578 3041 2016 3114; x_wconf 83' lang='lat' dir='ltr'><strong>Ergoquielevat</strong></span> 
     </span>
    </p>
   </div>
   <div class='ocr_carea' id='block_1_48' title="bbox 2121 1848 3726 1932">
    <p class='ocr_par' dir='ltr' id='par_1_48' title="bbox 2121 1848 3726 1932">
     <span class='ocr_line' id='line_1_48' title="bbox 2121 1848 3726 1932; baseline 0.012 -32"><span class='ocrx_word' id='word_1_344' title='bbox 2121 1848 2277 1902; x_wconf 82' lang='lat' dir='ltr'><strong>vallis</strong></span> <span class='ocrx_word' id='word_1_345' title='bbox 2295 1865 2448 1905; x_wconf 71' lang='lat' dir='ltr'><strong>varia.</strong></span> <span class='ocrx_word' id='word_1_346' title='bbox 2481 1849 2585 1920; x_wconf 87' lang='lat' dir='ltr'><strong>Ge,</strong></span> <span class='ocrx_word' id='word_1_347' title='bbox 2616 1852 2818 1908; x_wconf 89' lang='lat' dir='ltr'><strong>dicitur</strong></span> <span class='ocrx_word' id='word_1_348' title='bbox 2842 1857 3013 1911; x_wconf 81' lang='lat' dir='ltr'><strong>uallis.</strong></span> <span class='ocrx_word' id='word_1_349' title='bbox 3033 1855 3134 1914; x_wconf 85' lang='lat' dir='ltr'><strong>Bal</strong></span> <span class='ocrx_word' id='word_1_350' title='bbox 3151 1874 3279 1915; x_wconf 83' lang='lat' dir='ltr'><strong>vero</strong></span> <span class='ocrx_word' id='word_1_351' title='bbox 3303 1860 3726 1932; x_wconf 87' lang='lat' dir='ltr'><strong>interpretatur,</strong></span> 
     </span>
    </p>
   </div>
   <div class='ocr_carea' id='block_1_49' title="bbox 2120 1944 3729 2024">
    <p class='ocr_par' dir='ltr' id='par_1_49' title="bbox 2120 1944 3729 2024">
     <span class='ocr_line' id='line_1_49' title="bbox 2120 1944 3729 2024; baseline 0.011 -29"><span class='ocrx_word' id='word_1_352' title='bbox 2120 1958 2272 1997; x_wconf 81' lang='lat' dir='ltr'><strong>vana.</strong></span> <span class='ocrx_word' id='word_1_353' title='bbox 2305 1944 2394 1999; x_wconf 87' lang='lat' dir='ltr'><strong>Isti</strong></span> <span class='ocrx_word' id='word_1_354' title='bbox 2434 1961 2567 2018; x_wconf 90' lang='lat' dir='ltr'><strong>ergo</strong></span> <span class='ocrx_word' id='word_1_355' title='bbox 2597 1947 2691 2019; x_wconf 88' lang='lat' dir='ltr'><strong>qui</strong></span> <span class='ocrx_word' id='word_1_356' title='bbox 2721 1957 2911 2005; x_wconf 89' lang='lat' dir='ltr'><strong>contra</strong></span> <span class='ocrx_word' id='word_1_357' title='bbox 2954 1950 3049 2008; x_wconf 88' lang='lat' dir='ltr'><strong>Dei</strong></span> <span class='ocrx_word' id='word_1_358' title='bbox 3091 1954 3355 2024; x_wconf 89' lang='lat' dir='ltr'><strong>populum</strong></span> <span class='ocrx_word' id='word_1_359' title='bbox 3400 1965 3559 2023; x_wconf 84' lang='lat' dir='ltr'><strong>sunt,</strong></span> <span class='ocrx_word' id='word_1_360' title='bbox 3613 1973 3729 2013; x_wconf 89' lang='lat' dir='ltr'><strong>non</strong></span> 
     </span>
    </p>
   </div>
   <div class='ocr_carea' id='block_1_50' title="bbox 2120 2036 3730 2108">
    <p class='ocr_par' dir='ltr' id='par_1_50' title="bbox 2120 2036 3730 2108">
     <span class='ocr_line' id='line_1_50' title="bbox 2120 2036 3730 2108; baseline 0.01 -20"><span class='ocrx_word' id='word_1_361' title='bbox 2120 2044 2249 2090; x_wconf 91' lang='lat' dir='ltr'><strong>sunt</strong></span> <span class='ocrx_word' id='word_1_362' title='bbox 2278 2036 2346 2093; x_wconf 90' lang='lat' dir='ltr'><strong>de</strong></span> <span class='ocrx_word' id='word_1_363' title='bbox 2376 2046 2583 2108; x_wconf 90' lang='lat' dir='ltr'><strong>monte,</strong></span> <span class='ocrx_word' id='word_1_364' title='bbox 2616 2040 2713 2096; x_wconf 85' lang='lat' dir='ltr'><strong>sed</strong></span> <span class='ocrx_word' id='word_1_365' title='bbox 2744 2041 2811 2098; x_wconf 88' lang='lat' dir='ltr'><strong>de</strong></span> <span class='ocrx_word' id='word_1_366' title='bbox 2842 2043 2983 2101; x_wconf 81' lang='lat' dir='ltr'><strong>valle</strong></span> <span class='ocrx_word' id='word_1_367' title='bbox 3009 2059 3169 2101; x_wconf 85' lang='lat' dir='ltr'><strong>vana.</strong></span> <span class='ocrx_word' id='word_1_368' title='bbox 3196 2046 3520 2104; x_wconf 82' lang='lat' dir='ltr'><strong>EtAmmon</strong></span> <span class='ocrx_word' id='word_1_369' title='bbox 3553 2049 3730 2106; x_wconf 86' lang='lat' dir='ltr'><strong>inter-</strong></span> 
     </span>
    </p>
   </div>
   <div class='ocr_carea' id='block_1_51' title="bbox 2125 2131 3733 2211">
    <p class='ocr_par' dir='ltr' id='par_1_51' title="bbox 2125 2131 3733 2211">
     <span class='ocr_line' id='line_1_51' title="bbox 2125 2131 3733 2211; baseline 0.011 -30"><span class='ocrx_word' id='word_1_370' title='bbox 2125 2137 2404 2198; x_wconf 88' lang='lat' dir='ltr'><strong>pretatur,</strong></span> <span class='ocrx_word' id='word_1_371' title='bbox 2437 2131 2664 2202; x_wconf 82' lang='lat' dir='ltr'><strong>populus</strong></span> <span class='ocrx_word' id='word_1_372' title='bbox 2709 2134 2982 2193; x_wconf 83' lang='lat' dir='ltr'><strong>turbidus:</strong></span> <span class='ocrx_word' id='word_1_373' title='bbox 3018 2137 3119 2195; x_wconf 83' lang='lat' dir='ltr'><strong>hoc</strong></span> <span class='ocrx_word' id='word_1_374' title='bbox 3150 2148 3269 2208; x_wconf 87' lang='lat' dir='ltr'><strong>est,</strong></span> <span class='ocrx_word' id='word_1_375' title='bbox 3304 2144 3395 2211; x_wconf 88' lang='lat' dir='ltr'><strong>qui</strong></span> <span class='ocrx_word' id='word_1_376' title='bbox 3434 2143 3733 2200; x_wconf 82' lang='lat' dir='ltr'><strong>conﬁdunt</strong></span> 
     </span>
    </p>
   </div>
   <div class='ocr_carea' id='block_1_52' title="bbox 2120 2219 3733 2302">
    <p class='ocr_par' dir='ltr' id='par_1_52' title="bbox 2120 2219 3733 2302">
     <span class='ocr_line' id='line_1_52' title="bbox 2120 2219 3733 2302; baseline 0.013 -28"><span class='ocrx_word' id='word_1_377' title='bbox 2120 2219 2173 2274; x_wconf 90' lang='lat' dir='ltr'><strong>in</strong></span> <span class='ocrx_word' id='word_1_378' title='bbox 2204 2221 2581 2292; x_wconf 88' lang='lat' dir='ltr'><strong>multitudine,</strong></span> <span class='ocrx_word' id='word_1_379' title='bbox 2612 2234 2669 2281; x_wconf 88' lang='lat' dir='ltr'><strong>et</strong></span> <span class='ocrx_word' id='word_1_380' title='bbox 2703 2243 2809 2282; x_wconf 90' lang='lat' dir='ltr'><strong>non</strong></span> <span class='ocrx_word' id='word_1_381' title='bbox 2864 2230 2916 2285; x_wconf 91' lang='lat' dir='ltr'><strong>in</strong></span> <span class='ocrx_word' id='word_1_382' title='bbox 2941 2231 3314 2302; x_wconf 80' lang='lat' dir='ltr'><strong>simplicitate.</strong></span> <span class='ocrx_word' id='word_1_383' title='bbox 3346 2235 3596 2301; x_wconf 80' lang='lat' dir='ltr'><strong>Amalec.</strong></span> <span class='ocrx_word' id='word_1_384' title='bbox 3638 2240 3733 2294; x_wconf 76' lang='lat' dir='ltr'><strong>in-</strong></span> 
     </span>
    </p>
   </div>
   <div class='ocr_carea' id='block_1_53' title="bbox 2121 2316 3732 2400">
    <p class='ocr_par' dir='ltr' id='par_1_53' title="bbox 2121 2316 3732 2400">
     <span class='ocr_line' id='line_1_53' title="bbox 2121 2316 3732 2400; baseline 0.013 -35"><span class='ocrx_word' id='word_1_385' title='bbox 2121 2319 2450 2384; x_wconf 87' lang='lat' dir='ltr'><strong>terpretatur</strong></span> <span class='ocrx_word' id='word_1_386' title='bbox 2478 2316 2677 2389; x_wconf 78' lang='lat' dir='ltr'><strong>(ingens</strong></span> <span class='ocrx_word' id='word_1_387' title='bbox 2695 2328 2909 2376; x_wconf 87' lang='lat' dir='ltr'><strong>terram.</strong></span> <span class='ocrx_word' id='word_1_388' title='bbox 2940 2322 3282 2396; x_wconf 84' lang='lat' dir='ltr'><strong>Quicumque</strong></span> <span class='ocrx_word' id='word_1_389' title='bbox 3307 2327 3456 2383; x_wconf 90' lang='lat' dir='ltr'><strong>enim</strong></span> <span class='ocrx_word' id='word_1_390' title='bbox 3476 2339 3732 2400; x_wconf 87' lang='lat' dir='ltr'><strong>pugnant</strong></span> 
     </span>
    </p>
   </div>
   <div class='ocr_carea' id='block_1_54' title="bbox 2117 2405 3727 2481">
    <p class='ocr_par' dir='ltr' id='par_1_54' title="bbox 2117 2405 3727 2481">
     <span class='ocr_line' id='line_1_54' title="bbox 2117 2405 3727 2481; baseline 0.012 -20"><span class='ocrx_word' id='word_1_391' title='bbox 2117 2405 2378 2463; x_wconf 82' lang='lat' dir='ltr'><strong>adversus</strong></span> <span class='ocrx_word' id='word_1_392' title='bbox 2417 2411 2673 2480; x_wconf 85' lang='lat' dir='ltr'><strong>p0pulunt</strong></span> <span class='ocrx_word' id='word_1_393' title='bbox 2729 2413 2861 2481; x_wconf 91' lang='lat' dir='ltr'><strong>Dei,</strong></span> <span class='ocrx_word' id='word_1_394' title='bbox 2919 2433 3027 2472; x_wconf 84' lang='lat' dir='ltr'><strong>nun</strong></span> <span class='ocrx_word' id='word_1_395' title='bbox 3083 2420 3383 2478; x_wconf 87' lang='lat' dir='ltr'><strong>comedunt</strong></span> <span class='ocrx_word' id='word_1_396' title='bbox 3430 2424 3727 2481; x_wconf 67' lang='lat' dir='ltr'><strong>caelestem</strong></span> 
     </span>
    </p>
   </div>
   <div class='ocr_carea' id='block_1_55' title="bbox 2119 2503 3731 2590">
    <p class='ocr_par' dir='ltr' id='par_1_55' title="bbox 2119 2503 3731 2590">
     <span class='ocr_line' id='line_1_55' title="bbox 2119 2503 3731 2590; baseline 0.016 -39"><span class='ocrx_word' id='word_1_397' title='bbox 2119 2511 2346 2570; x_wconf 82' lang='lat' dir='ltr'><strong>panem,</strong></span> <span class='ocrx_word' id='word_1_398' title='bbox 2381 2503 2477 2558; x_wconf 89' lang='lat' dir='ltr'><strong>sed</strong></span> <span class='ocrx_word' id='word_1_399' title='bbox 2525 2504 2738 2576; x_wconf 85' lang='lat' dir='ltr'><strong>lingunt</strong></span> <span class='ocrx_word' id='word_1_400' title='bbox 2766 2519 2967 2565; x_wconf 82' lang='lat' dir='ltr'><strong>terram</strong></span> <span class='ocrx_word' id='word_1_401' title='bbox 3008 2512 3149 2568; x_wconf 86' lang='lat' dir='ltr'><strong>sicut</strong></span> <span class='ocrx_word' id='word_1_402' title='bbox 3173 2529 3422 2585; x_wconf 85' lang='lat' dir='ltr'><strong>serpens.</strong></span> <span class='ocrx_word' id='word_1_403' title='bbox 3456 2516 3731 2590; x_wconf 79' lang='lat' dir='ltr'><strong>Alienige-</strong></span> 
     </span>
    </p>
   </div>
   <div class='ocr_carea' id='block_1_56' title="bbox 2116 2594 3727 2675">
    <p class='ocr_par' dir='ltr' id='par_1_56' title="bbox 2116 2594 3727 2675">
     <span class='ocr_line' id='line_1_56' title="bbox 2116 2594 3727 2675; baseline 0.012 -28"><span class='ocrx_word' id='word_1_404' title='bbox 2116 2610 2215 2648; x_wconf 66' lang='grc' dir='ltr'><strong>ηαξ.</strong></span> <span class='ocrx_word' id='word_1_405' title='bbox 2245 2594 2345 2650; x_wconf 88' lang='lat' dir='ltr'><strong>Ubi</strong></span> <span class='ocrx_word' id='word_1_406' title='bbox 2376 2596 2599 2665; x_wconf 87' lang='lat' dir='ltr'><strong>dicitur,</strong></span> <span class='ocrx_word' id='word_1_407' title='bbox 2628 2602 2975 2675; x_wconf 60' lang='lat' dir='ltr'><strong>alienigena,</strong></span> <span class='ocrx_word' id='word_1_408' title='bbox 3023 2607 3078 2662; x_wconf 92' lang='lat' dir='ltr'><strong>in</strong></span> <span class='ocrx_word' id='word_1_409' title='bbox 3105 2606 3339 2666; x_wconf 69' lang='lat' dir='ltr'><strong>Ilebrmo</strong></span> <span class='ocrx_word' id='word_1_410' title='bbox 3378 2611 3545 2668; x_wconf 83' lang='lat' dir='ltr'><strong>habet</strong></span> <span class='ocrx_word' id='word_1_411' title='bbox 3586 2611 3727 2667; x_wconf 78' lang='grc' dir='ltr'><strong>ΡΙιὶ-</strong></span> 
     </span>
    </p>
   </div>
   <div class='ocr_carea' id='block_1_57' title="bbox 2117 2684 3727 2775">
    <p class='ocr_par' dir='ltr' id='par_1_57' title="bbox 2117 2684 3727 2775">
     <span class='ocr_line' id='line_1_57' title="bbox 2117 2684 3727 2775; baseline 0.014 -37"><span class='ocrx_word' id='word_1_412' title='bbox 2117 2684 2314 2742; x_wconf 87' lang='lat' dir='ltr'><strong>listiim.</strong></span> <span class='ocrx_word' id='word_1_413' title='bbox 2355 2690 2652 2748; x_wconf 82' lang='lat' dir='ltr'><strong>Philistiim</strong></span> <span class='ocrx_word' id='word_1_414' title='bbox 2686 2711 2818 2751; x_wconf 80' lang='lat' dir='ltr'><strong>vero</strong></span> <span class='ocrx_word' id='word_1_415' title='bbox 2865 2697 3324 2770; x_wconf 86' lang='lat' dir='ltr'><strong>interpretantur,</strong></span> <span class='ocrx_word' id='word_1_416' title='bbox 3354 2708 3602 2761; x_wconf 81' lang='lat' dir='ltr'><strong>cadentes</strong></span> <span class='ocrx_word' id='word_1_417' title='bbox 3624 2723 3727 2775; x_wconf 80' lang='lat' dir='ltr'><strong>po-</strong></span> 
     </span>
    </p>
   </div>
   <div class='ocr_carea' id='block_1_58' title="bbox 2119 2784 3726 2866">
    <p class='ocr_par' dir='ltr' id='par_1_58' title="bbox 2119 2784 3726 2866">
     <span class='ocr_line' id='line_1_58' title="bbox 2119 2784 3726 2866; baseline 0.013 -31"><span class='ocrx_word' id='word_1_418' title='bbox 2119 2785 2257 2839; x_wconf 82' lang='lat' dir='ltr'><strong>tione</strong></span> <span class='ocrx_word' id='word_1_419' title='bbox 2284 2800 2302 2838; x_wconf 90' lang='lat'><strong><em>:</em></strong></span> <span class='ocrx_word' id='word_1_420' title='bbox 2326 2784 2430 2840; x_wconf 85' lang='lat' dir='ltr'><strong>hoc</strong></span> <span class='ocrx_word' id='word_1_421' title='bbox 2456 2796 2537 2842; x_wconf 87' lang='lat' dir='ltr'><strong>est</strong></span> <span class='ocrx_word' id='word_1_422' title='bbox 2557 2828 2572 2854; x_wconf 93' lang='lat'><strong>,</strong></span> <span class='ocrx_word' id='word_1_423' title='bbox 2605 2790 2696 2857; x_wconf 91' lang='lat' dir='ltr'><strong>qui</strong></span> <span class='ocrx_word' id='word_1_424' title='bbox 2725 2790 2974 2849; x_wconf 87' lang='lat' dir='ltr'><strong>inebriati</strong></span> <span class='ocrx_word' id='word_1_425' title='bbox 3016 2806 3141 2850; x_wconf 88' lang='lat' dir='ltr'><strong>sunt</strong></span> <span class='ocrx_word' id='word_1_426' title='bbox 3177 2794 3245 2851; x_wconf 87' lang='lat' dir='ltr'><strong>de</strong></span> <span class='ocrx_word' id='word_1_427' title='bbox 3273 2797 3446 2855; x_wconf 87' lang='lat' dir='ltr'><strong>calice</strong></span> <span class='ocrx_word' id='word_1_428' title='bbox 3475 2799 3684 2855; x_wconf 85' lang='lat' dir='ltr'><strong>diaboli</strong></span> <span class='ocrx_word' id='word_1_429' title='bbox 3708 2842 3726 2866; x_wconf 89' lang='lat'><strong>,</strong></span> 
     </span>
    </p>
   </div>
   <div class='ocr_carea' id='block_1_59' title="bbox 2119 2877 3723 2965">
    <p class='ocr_par' dir='ltr' id='par_1_59' title="bbox 2119 2877 3723 2965">
     <span class='ocr_line' id='line_1_59' title="bbox 2119 2877 3723 2965; baseline 0.011 -34"><span class='ocrx_word' id='word_1_430' title='bbox 2119 2886 2175 2931; x_wconf 89' lang='lat' dir='ltr'><strong>et</strong></span> <span class='ocrx_word' id='word_1_431' title='bbox 2218 2877 2469 2934; x_wconf 90' lang='lat' dir='ltr'><strong>inebriati</strong></span> <span class='ocrx_word' id='word_1_432' title='bbox 2516 2882 2859 2940; x_wconf 84' lang='lat' dir='ltr'><strong>ceciderunt.</strong></span> <span class='ocrx_word' id='word_1_433' title='bbox 2910 2885 3038 2942; x_wconf 85' lang='lat' dir='ltr'><strong>Cum</strong></span> <span class='ocrx_word' id='word_1_434' title='bbox 3093 2889 3448 2948; x_wconf 80' lang='lat' dir='ltr'><strong>habitantibus</strong></span> <span class='ocrx_word' id='word_1_435' title='bbox 3501 2892 3723 2965; x_wconf 80' lang='lat' dir='ltr'><strong>Tyrum.</strong></span> 
     </span>
    </p>
   </div>
   <div class='ocr_carea' id='block_1_60' title="bbox 2120 2965 3727 3058">
    <p class='ocr_par' dir='ltr' id='par_1_60' title="bbox 2120 2965 3727 3058">
     <span class='ocr_line' id='line_1_60' title="bbox 2120 2965 3727 3058; baseline 0.016 -38"><span class='ocrx_word' id='word_1_436' title='bbox 2120 2965 2288 3047; x_wconf 76' lang='lat' dir='ltr'><strong>Tyrus</strong></span> <span class='ocrx_word' id='word_1_437' title='bbox 2323 2969 2508 3042; x_wconf 89' lang='lat' dir='ltr'><strong>lingua</strong></span> <span class='ocrx_word' id='word_1_438' title='bbox 2548 2974 2776 3033; x_wconf 64' lang='lat' dir='ltr'><strong>Hebraea</strong></span> <span class='ocrx_word' id='word_1_439' title='bbox 2820 2978 3019 3035; x_wconf 90' lang='lat' dir='ltr'><strong>dicitur</strong></span> <span class='ocrx_word' id='word_1_440' title='bbox 3057 2981 3183 3054; x_wconf 84' lang='lat' dir='ltr'><strong>Sor,</strong></span> <span class='ocrx_word' id='word_1_441' title='bbox 3216 2985 3363 3055; x_wconf 92' lang='lat' dir='ltr'><strong>quod</strong></span> <span class='ocrx_word' id='word_1_442' title='bbox 3396 2987 3727 3058; x_wconf 83' lang='lat' dir='ltr'><strong>interpreta-</strong></span> 
     </span>
    </p>
   </div>
   <div class='ocr_carea' id='block_1_61' title="bbox 2119 3062 3723 3150">
    <p class='ocr_par' dir='ltr' id='par_1_61' title="bbox 2119 3062 3723 3150">
     <span class='ocr_line' id='line_1_61' title="bbox 2119 3062 3723 3150; baseline 0.016 -37"><span class='ocrx_word' id='word_1_443' title='bbox 2119 3066 2235 3126; x_wconf 90' lang='lat' dir='ltr'><strong>tur,</strong></span> <span class='ocrx_word' id='word_1_444' title='bbox 2267 3062 2536 3120; x_wconf 73' lang='lat' dir='ltr'><strong>tribulatio</strong></span> <span class='ocrx_word' id='word_1_445' title='bbox 2566 3076 2615 3122; x_wconf 85' lang='lat' dir='ltr'><strong>et</strong></span> <span class='ocrx_word' id='word_1_446' title='bbox 2638 3071 2904 3141; x_wconf 85' lang='lat' dir='ltr'><strong>angustia.</strong></span> <span class='ocrx_word' id='word_1_447' title='bbox 2934 3072 3036 3142; x_wconf 86' lang='lat' dir='ltr'><strong>Qui</strong></span> <span class='ocrx_word' id='word_1_448' title='bbox 3059 3073 3368 3134; x_wconf 88' lang='lat' dir='ltr'><strong>debuerant</strong></span> <span class='ocrx_word' id='word_1_449' title='bbox 3403 3095 3529 3137; x_wconf 84' lang='lat' dir='ltr'><strong>esse</strong></span> <span class='ocrx_word' id='word_1_450' title='bbox 3562 3097 3723 3150; x_wconf 81' lang='lat' dir='ltr'><strong>pere-</strong></span> 
     </span>
    </p>
   </div>
   <div class='ocr_carea' id='block_1_62' title="bbox 420 3130 2013 3248">
    <p class='ocr_par' dir='ltr' id='par_1_62' title="bbox 420 3130 2007 3248">
     <span class='ocr_line' id='line_1_62' title="bbox 420 3130 2007 3205; baseline 0 -18"><span class='ocrx_word' id='word_1_451' title='bbox 420 3139 605 3202; x_wconf 89' lang='lat' dir='ltr'><strong>caput,</strong></span> <span class='ocrx_word' id='word_1_452' title='bbox 648 3130 763 3186; x_wconf 91' lang='lat' dir='ltr'><strong>odit</strong></span> <span class='ocrx_word' id='word_1_453' title='bbox 803 3130 991 3186; x_wconf 86' lang='lat' dir='ltr'><strong>Deum.</strong></span> <span class='ocrx_word' id='word_1_454' title='bbox 1032 3130 1468 3205; x_wconf 25' lang='lat' dir='ltr'><strong>Superhislenim</strong></span> <span class='ocrx_word' id='word_1_455' title='bbox 1495 3133 1750 3187; x_wconf 87' lang='lat' dir='ltr'><strong>Dominus</strong></span> <span class='ocrx_word' id='word_1_456' title='bbox 1774 3134 2007 3190; x_wconf 89' lang='lat' dir='ltr'><strong>resistit:</strong></span> 
     </span>
     <span class='ocr_line' id='line_1_63' title="bbox 425 3222 1984 3248; baseline 0 0"><span class='ocrx_word' id='word_1_457' title='bbox 425 3224 716 3248; x_wconf 60' lang='lat' dir='ltr'><strong>L.-M:|:l.....</strong></span> <span class='ocrx_word' id='word_1_458' title='bbox 750 3231 926 3248; x_wconf 63' lang='grc' dir='ltr'><strong>..κίοι-ε..</strong></span> <span class='ocrx_word' id='word_1_459' title='bbox 962 3222 1045 3248; x_wconf 62' lang='grc' dir='ltr'><strong>Α...</strong></span> <span class='ocrx_word' id='word_1_460' title='bbox 1082 3222 1302 3248; x_wconf 63' lang='lat' dir='ltr'><strong>......s:..-..</strong></span> <span class='ocrx_word' id='word_1_461' title='bbox 1332 3222 1514 3248; x_wconf 67' lang='lat' dir='ltr'><strong>11......L</strong></span> <span class='ocrx_word' id='word_1_462' title='bbox 1560 3240 1612 3248; x_wconf 83' lang='lat'><strong>-..</strong></span> <span class='ocrx_word' id='word_1_463' title='bbox 1672 3235 1709 3248; x_wconf 51' lang='grc' dir='ltr'><strong>Α.</strong></span> <span class='ocrx_word' id='word_1_464' title='bbox 1736 3224 1749 3248; x_wconf 89' lang='grc' dir='ltr'><strong>Ι</strong></span> <span class='ocrx_word' id='word_1_465' title='bbox 1784 3224 1901 3248; x_wconf 75' lang='grc' dir='ltr'><strong>Ιι-ι--</strong></span> <span class='ocrx_word' id='word_1_466' title='bbox 1929 3226 1984 3248; x_wconf 88' lang='lat'><strong>__\</strong></span> 
     </span>
    </p>
   </div>
   <div class='ocr_carea' id='block_1_63' title="bbox 2117 3130 3723 3248">
    <p class='ocr_par' dir='ltr' id='par_1_63' title="bbox 2117 3152 3723 3248">
     <span class='ocr_line' id='line_1_64' title="bbox 2117 3152 3723 3248; baseline 0.016 -43"><span class='ocrx_word' id='word_1_467' title='bbox 2117 3152 2259 3222; x_wconf 82' lang='lat' dir='ltr'><strong>grini</strong></span> <span class='ocrx_word' id='word_1_468' title='bbox 2293 3155 2344 3209; x_wconf 91' lang='lat' dir='ltr'><strong>in</strong></span> <span class='ocrx_word' id='word_1_469' title='bbox 2377 3155 2482 3210; x_wconf 89' lang='lat' dir='ltr'><strong>isto</strong></span> <span class='ocrx_word' id='word_1_470' title='bbox 2508 3160 2748 3227; x_wconf 63' lang='lat' dir='ltr'><strong>sarculo,</strong></span> <span class='ocrx_word' id='word_1_471' title='bbox 2780 3162 2907 3220; x_wconf 89' lang='lat' dir='ltr'><strong>facti</strong></span> <span class='ocrx_word' id='word_1_472' title='bbox 2934 3176 3063 3225; x_wconf 90' lang='lat' dir='ltr'><strong>sunt</strong></span> <span class='ocrx_word' id='word_1_473' title='bbox 3087 3167 3445 3228; x_wconf 75' lang='lat' dir='ltr'><strong>habitatores.</strong></span> <span class='ocrx_word' id='word_1_474' title='bbox 3472 3173 3566 3229; x_wconf 89' lang='lat' dir='ltr'><strong>Isti</strong></span> <span class='ocrx_word' id='word_1_475' title='bbox 3589 3192 3723 3248; x_wconf 84' lang='lat' dir='ltr'><strong>ergo</strong></span> 
     </span>
    </p>
   </div>
   <div class='ocr_carea' id='block_1_64' title="bbox 425 3222 2005 3299">
    <p class='ocr_par' dir='ltr' id='par_1_64' title="bbox 425 3222 2005 3299">
     <span class='ocr_line' id='line_1_65' title="bbox 425 3222 2005 3299; baseline 0.003 -20"><span class='ocrx_word' id='word_1_476' title='bbox 425 3224 718 3280; x_wconf 88' lang='lat' dir='ltr'><strong>humilibus</strong></span> <span class='ocrx_word' id='word_1_477' title='bbox 748 3231 927 3278; x_wconf 87' lang='lat' dir='ltr'><strong>autem</strong></span> <span class='ocrx_word' id='word_1_478' title='bbox 959 3222 1052 3277; x_wconf 91' lang='lat' dir='ltr'><strong>dat</strong></span> <span class='ocrx_word' id='word_1_479' title='bbox 1081 3222 1304 3293; x_wconf 87' lang='lat' dir='ltr'><strong>gratiam</strong></span> <span class='ocrx_word' id='word_1_480' title='bbox 1331 3222 1535 3297; x_wconf 77' lang='lat' dir='ltr'><strong>(Iacob.</strong></span> <span class='ocrx_word' id='word_1_481' title='bbox 1560 3240 1634 3291; x_wconf 88' lang='lat' dir='ltr'><strong>tv,</strong></span> <span class='ocrx_word' id='word_1_482' title='bbox 1664 3235 1709 3280; x_wconf 89' lang='lat' dir='ltr'><strong>et</strong></span> <span class='ocrx_word' id='word_1_483' title='bbox 1735 3224 1750 3278; x_wconf 97' lang='lat' dir='ltr'><strong>I</strong></span> <span class='ocrx_word' id='word_1_484' title='bbox 1776 3224 2005 3299; x_wconf 83' lang='lat' dir='ltr'><strong>I’etr.v).</strong></span> 
     </span>
    </p>
   </div>
   <div class='ocr_carea' id='block_1_65' title="bbox 423 3313 2013 3387">
    <p class='ocr_par' dir='ltr' id='par_1_65' title="bbox 423 3313 2013 3387">
     <span class='ocr_line' id='line_1_66' title="bbox 423 3313 2013 3387; baseline 0.005 -18"><span class='ocrx_word' id='word_1_485' title='bbox 423 3314 491 3370; x_wconf 90' lang='lat' dir='ltr'><strong>Et</strong></span> <span class='ocrx_word' id='word_1_486' title='bbox 521 3317 608 3385; x_wconf 90' lang='lat' dir='ltr'><strong>qui</strong></span> <span class='ocrx_word' id='word_1_487' title='bbox 636 3317 856 3370; x_wconf 83' lang='lat' dir='ltr'><strong>oderunt</strong></span> <span class='ocrx_word' id='word_1_488' title='bbox 887 3325 956 3382; x_wconf 86' lang='lat' dir='ltr'><strong>te,</strong></span> <span class='ocrx_word' id='word_1_489' title='bbox 979 3313 1277 3371; x_wconf 74' lang='lat' dir='ltr'><strong>extulerunt</strong></span> <span class='ocrx_word' id='word_1_490' title='bbox 1301 3327 1478 3387; x_wconf 84' lang='lat' dir='ltr'><strong>caput.</strong></span> <span class='ocrx_word' id='word_1_491' title='bbox 1507 3317 1562 3373; x_wconf 90' lang='lat' dir='ltr'><strong>Si</strong></span> <span class='ocrx_word' id='word_1_492' title='bbox 1594 3333 1813 3374; x_wconf 88' lang='lat' dir='ltr'><strong>causam</strong></span> <span class='ocrx_word' id='word_1_493' title='bbox 1845 3319 2013 3377; x_wconf 86' lang='lat' dir='ltr'><strong>habes</strong></span> 
     </span>
    </p>
   </div>
   <div class='ocr_carea' id='block_1_66' title="bbox 421 3406 2014 3480">
    <p class='ocr_par' dir='ltr' id='par_1_66' title="bbox 421 3406 2014 3480">
     <span class='ocr_line' id='line_1_67' title="bbox 421 3406 2014 3480; baseline 0.002 -16"><span class='ocrx_word' id='word_1_494' title='bbox 421 3418 610 3464; x_wconf 89' lang='lat' dir='ltr'><strong>contra</strong></span> <span class='ocrx_word' id='word_1_495' title='bbox 638 3408 876 3480; x_wconf 88' lang='lat' dir='ltr'><strong>aliquem</strong></span> <span class='ocrx_word' id='word_1_496' title='bbox 904 3426 916 3460; x_wconf 88' lang='lat'><strong>:</strong></span> <span class='ocrx_word' id='word_1_497' title='bbox 948 3408 994 3462; x_wconf 88' lang='lat' dir='ltr'><strong>si</strong></span> <span class='ocrx_word' id='word_1_498' title='bbox 1024 3407 1120 3463; x_wconf 88' lang='lat' dir='ltr'><strong>tibi</strong></span> <span class='ocrx_word' id='word_1_499' title='bbox 1142 3406 1383 3464; x_wconf 83' lang='lat' dir='ltr'><strong>detrahit</strong></span> <span class='ocrx_word' id='word_1_500' title='bbox 1413 3409 1579 3465; x_wconf 89' lang='lat' dir='ltr'><strong>frater</strong></span> <span class='ocrx_word' id='word_1_501' title='bbox 1600 3418 1755 3479; x_wconf 92' lang='lat' dir='ltr'><strong>tuus,</strong></span> <span class='ocrx_word' id='word_1_502' title='bbox 1789 3420 1843 3466; x_wconf 90' lang='lat' dir='ltr'><strong>et</strong></span> <span class='ocrx_word' id='word_1_503' title='bbox 1872 3420 1928 3467; x_wconf 84' lang='lat' dir='ltr'><strong>tu</strong></span> <span class='ocrx_word' id='word_1_504' title='bbox 1953 3427 2014 3468; x_wconf 89' lang='lat' dir='ltr'><strong>es</strong></span> 
     </span>
    </p>
   </div>
   <div class='ocr_carea' id='block_1_67' title="bbox 419 3500 2012 3574">
    <p class='ocr_par' dir='ltr' id='par_1_67' title="bbox 419 3500 2012 3574">
     <span class='ocr_line' id='line_1_68' title="bbox 419 3500 2012 3574; baseline 0.002 -17"><span class='ocrx_word' id='word_1_505' title='bbox 419 3501 642 3557; x_wconf 91' lang='lat' dir='ltr'><strong>humilis</strong></span> <span class='ocrx_word' id='word_1_506' title='bbox 670 3515 770 3570; x_wconf 93' lang='lat' dir='ltr'><strong>pro</strong></span> <span class='ocrx_word' id='word_1_507' title='bbox 792 3500 1012 3556; x_wconf 87' lang='lat' dir='ltr'><strong>Christo</strong></span> <span class='ocrx_word' id='word_1_508' title='bbox 1030 3542 1043 3564; x_wconf 88' lang='lat'><strong>,</strong></span> <span class='ocrx_word' id='word_1_509' title='bbox 1071 3507 1125 3555; x_wconf 88' lang='lat' dir='ltr'><strong>et</strong></span> <span class='ocrx_word' id='word_1_510' title='bbox 1154 3500 1245 3556; x_wconf 90' lang='lat' dir='ltr'><strong>ille</strong></span> <span class='ocrx_word' id='word_1_511' title='bbox 1275 3502 1540 3572; x_wconf 88' lang='lat' dir='ltr'><strong>superbus</strong></span> <span class='ocrx_word' id='word_1_512' title='bbox 1572 3512 1793 3574; x_wconf 86' lang='lat' dir='ltr'><strong>propter</strong></span> <span class='ocrx_word' id='word_1_513' title='bbox 1819 3504 2012 3561; x_wconf 87' lang='lat' dir='ltr'><strong>diabo-</strong></span> 
     </span>
    </p>
   </div>
   <div class='ocr_carea' id='block_1_68' title="bbox 418 3592 2011 3670">
    <p class='ocr_par' dir='ltr' id='par_1_68' title="bbox 418 3592 2011 3670">
     <span class='ocr_line' id='line_1_69' title="bbox 418 3592 2011 3670; baseline 0.003 -21"><span class='ocrx_word' id='word_1_514' title='bbox 418 3594 530 3649; x_wconf 93' lang='lat' dir='ltr'><strong>lum</strong></span> <span class='ocrx_word' id='word_1_515' title='bbox 552 3636 567 3660; x_wconf 92' lang='lat'><strong>,</strong></span> <span class='ocrx_word' id='word_1_516' title='bbox 594 3600 652 3647; x_wconf 90' lang='lat' dir='ltr'><strong>tu</strong></span> <span class='ocrx_word' id='word_1_517' title='bbox 672 3592 905 3648; x_wconf 89' lang='lat' dir='ltr'><strong>imitaris</strong></span> <span class='ocrx_word' id='word_1_518' title='bbox 935 3606 1061 3648; x_wconf 92' lang='lat' dir='ltr'><strong>eum</strong></span> <span class='ocrx_word' id='word_1_519' title='bbox 1094 3594 1185 3663; x_wconf 89' lang='lat' dir='ltr'><strong>qui</strong></span> <span class='ocrx_word' id='word_1_520' title='bbox 1219 3592 1351 3648; x_wconf 87' lang='lat' dir='ltr'><strong>dicit</strong></span> <span class='ocrx_word' id='word_1_521' title='bbox 1387 3613 1399 3647; x_wconf 87' lang='lat'><strong>:</strong></span> <span class='ocrx_word' id='word_1_522' title='bbox 1434 3595 1636 3651; x_wconf 90' lang='lat' dir='ltr'><strong>Discite</strong></span> <span class='ocrx_word' id='word_1_523' title='bbox 1666 3611 1695 3650; x_wconf 90' lang='lat' dir='ltr'><strong>a</strong></span> <span class='ocrx_word' id='word_1_524' title='bbox 1735 3612 1852 3663; x_wconf 90' lang='lat' dir='ltr'><strong>me,</strong></span> <span class='ocrx_word' id='word_1_525' title='bbox 1883 3599 2011 3670; x_wconf 91' lang='lat' dir='ltr'><strong>quia</strong></span> 
     </span>
    </p>
   </div>
   <div class='ocr_carea' id='block_1_69' title="bbox 420 3681 2012 3760">
    <p class='ocr_par' dir='ltr' id='par_1_69' title="bbox 420 3681 2012 3760">
     <span class='ocr_line' id='line_1_70' title="bbox 420 3681 2012 3760; baseline 0.003 -20"><span class='ocrx_word' id='word_1_526' title='bbox 420 3685 568 3741; x_wconf 89' lang='lat' dir='ltr'><strong>mitis</strong></span> <span class='ocrx_word' id='word_1_527' title='bbox 596 3697 714 3739; x_wconf 90' lang='lat' dir='ltr'><strong>sum</strong></span> <span class='ocrx_word' id='word_1_528' title='bbox 739 3692 795 3739; x_wconf 90' lang='lat' dir='ltr'><strong>et</strong></span> <span class='ocrx_word' id='word_1_529' title='bbox 820 3682 1042 3737; x_wconf 90' lang='lat' dir='ltr'><strong>humilis</strong></span> <span class='ocrx_word' id='word_1_530' title='bbox 1063 3681 1225 3737; x_wconf 86' lang='lat' dir='ltr'><strong>corde</strong></span> <span class='ocrx_word' id='word_1_531' title='bbox 1253 3681 1433 3755; x_wconf 79' lang='lat' dir='ltr'><strong>(Matt.</strong></span> <span class='ocrx_word' id='word_1_532' title='bbox 1459 3683 1559 3755; x_wconf 67' lang='grc' dir='ltr'><strong>χι).</strong></span> <span class='ocrx_word' id='word_1_533' title='bbox 1592 3686 1687 3742; x_wconf 92' lang='lat' dir='ltr'><strong>Ille</strong></span> <span class='ocrx_word' id='word_1_534' title='bbox 1708 3696 1888 3744; x_wconf 81' lang='lat' dir='ltr'><strong>autem</strong></span> <span class='ocrx_word' id='word_1_535' title='bbox 1919 3688 2012 3760; x_wconf 90' lang='lat' dir='ltr'><strong>qui</strong></span> 
     </span>
    </p>
   </div>
   <div class='ocr_carea' id='block_1_70' title="bbox 420 3773 2009 3847">
    <p class='ocr_par' dir='ltr' id='par_1_70' title="bbox 420 3773 2009 3847">
     <span class='ocr_line' id='line_1_71' title="bbox 420 3773 2009 3847; baseline 0.002 -14"><span class='ocrx_word' id='word_1_536' title='bbox 420 3776 669 3847; x_wconf 85' lang='lat' dir='ltr'><strong>erigitur,</strong></span> <span class='ocrx_word' id='word_1_537' title='bbox 703 3773 859 3829; x_wconf 91' lang='lat' dir='ltr'><strong>illutn</strong></span> <span class='ocrx_word' id='word_1_538' title='bbox 890 3776 1135 3829; x_wconf 88' lang='lat' dir='ltr'><strong>imitatur</strong></span> <span class='ocrx_word' id='word_1_539' title='bbox 1156 3775 1251 3845; x_wconf 87' lang='lat' dir='ltr'><strong>qui</strong></span> <span class='ocrx_word' id='word_1_540' title='bbox 1277 3775 1411 3831; x_wconf 89' lang='lat' dir='ltr'><strong>dicit</strong></span> <span class='ocrx_word' id='word_1_541' title='bbox 1440 3794 1451 3829; x_wconf 89' lang='lat'><strong>:</strong></span> <span class='ocrx_word' id='word_1_542' title='bbox 1491 3776 1549 3832; x_wconf 91' lang='lat' dir='ltr'><strong>In</strong></span> <span class='ocrx_word' id='word_1_543' title='bbox 1580 3776 1779 3833; x_wconf 62' lang='lat' dir='ltr'><strong>coelum</strong></span> <span class='ocrx_word' id='word_1_544' title='bbox 1810 3795 2009 3836; x_wconf 89' lang='lat' dir='ltr'><strong>ascen-</strong></span> 
     </span>
    </p>
   </div>
   <div class='ocr_carea' id='block_1_71' title="bbox 378 3862 2012 3941">
    <p class='ocr_par' dir='ltr' id='par_1_71' title="bbox 378 3862 2012 3941">
     <span class='ocr_line' id='line_1_72' title="bbox 378 3862 2012 3941; baseline 0.002 -15"><span class='ocrx_word' id='word_1_545' title='bbox 378 3862 387 3871; x_wconf 75' lang='grc'><em>’</em></span> <span class='ocrx_word' id='word_1_546' title='bbox 423 3871 571 3935; x_wconf 89' lang='lat' dir='ltr'><strong>dam,</strong></span> <span class='ocrx_word' id='word_1_547' title='bbox 605 3883 771 3939; x_wconf 88' lang='lat' dir='ltr'><strong>super</strong></span> <span class='ocrx_word' id='word_1_548' title='bbox 797 3867 984 3922; x_wconf 89' lang='lat' dir='ltr'><strong>sidera</strong></span> <span class='ocrx_word' id='word_1_549' title='bbox 1004 3868 1127 3922; x_wconf 64' lang='grc' dir='ltr'><strong>ειειί</strong></span> <span class='ocrx_word' id='word_1_550' title='bbox 1162 3884 1356 3935; x_wconf 88' lang='lat' dir='ltr'><strong>ponam</strong></span> <span class='ocrx_word' id='word_1_551' title='bbox 1391 3870 1647 3926; x_wconf 88' lang='lat' dir='ltr'><strong>thronum</strong></span> <span class='ocrx_word' id='word_1_552' title='bbox 1678 3887 1883 3941; x_wconf 91' lang='lat' dir='ltr'><strong>meum,</strong></span> <span class='ocrx_word' id='word_1_553' title='bbox 1917 3889 2012 3929; x_wconf 90' lang='lat' dir='ltr'><strong>cro</strong></span> 
     </span>
    </p>
   </div>
   <div class='ocr_carea' id='block_1_72' title="bbox 419 3959 2013 4034">
    <p class='ocr_par' dir='ltr' id='par_1_72' title="bbox 419 3959 2013 4034">
     <span class='ocr_line' id='line_1_73' title="bbox 419 3959 2013 4034; baseline 0.001 -14"><span class='ocrx_word' id='word_1_554' title='bbox 419 3963 619 4021; x_wconf 89' lang='lat' dir='ltr'><strong>similis</strong></span> <span class='ocrx_word' id='word_1_555' title='bbox 643 3961 924 4017; x_wconf 84' lang='lat' dir='ltr'><strong>Altissimo</strong></span> <span class='ocrx_word' id='word_1_556' title='bbox 957 3959 1114 4032; x_wconf 88' lang='lat' dir='ltr'><strong>(Isai.</strong></span> <span class='ocrx_word' id='word_1_557' title='bbox 1146 3959 1281 4034; x_wconf 70' lang='lat' dir='ltr'><strong>xn&#39;).</strong></span> <span class='ocrx_word' id='word_1_558' title='bbox 1311 3961 1376 4016; x_wconf 83' lang='lat' dir='ltr'><strong>Et</strong></span> <span class='ocrx_word' id='word_1_559' title='bbox 1401 3963 1490 4034; x_wconf 88' lang='lat' dir='ltr'><strong>qui</strong></span> <span class='ocrx_word' id='word_1_560' title='bbox 1521 3963 1742 4020; x_wconf 87' lang='lat' dir='ltr'><strong>oderant</strong></span> <span class='ocrx_word' id='word_1_561' title='bbox 1772 3975 1841 4033; x_wconf 89' lang='lat' dir='ltr'><strong>te,</strong></span> <span class='ocrx_word' id='word_1_562' title='bbox 1861 3975 2013 4021; x_wconf 78' lang='lat' dir='ltr'><strong>extu-</strong></span> 
     </span>
    </p>
   </div>
   <div class='ocr_carea' id='block_1_73' title="bbox 418 4056 791 4139">
    <p class='ocr_par' dir='ltr' id='par_1_73' title="bbox 418 4056 791 4139">
     <span class='ocr_line' id='line_1_74' title="bbox 418 4056 791 4139; baseline -0.011 -30"><span class='ocrx_word' id='word_1_563' title='bbox 418 4056 588 4111; x_wconf 84' lang='lat' dir='ltr'><strong>lerunt</strong></span> <span class='ocrx_word' id='word_1_564' title='bbox 618 4062 791 4139; x_wconf 77' lang='lat' dir='ltr'><strong>caput.</strong></span> 
     </span>
    </p>
   </div>
   <div class='ocr_carea' id='block_1_74' title="bbox 502 4144 2008 4221">
    <p class='ocr_par' dir='ltr' id='par_1_74' title="bbox 502 4144 2008 4221">
     <span class='ocr_line' id='line_1_75' title="bbox 502 4144 2008 4221; baseline 0.008 -23"><span class='ocrx_word' id='word_1_565' title='bbox 502 4148 670 4219; x_wconf 85' lang='lat' dir='ltr'><strong>Super</strong></span> <span class='ocrx_word' id='word_1_566' title='bbox 723 4144 979 4217; x_wconf 82' lang='lat' dir='ltr'><strong>populum</strong></span> <span class='ocrx_word' id='word_1_567' title='bbox 1046 4154 1194 4198; x_wconf 87' lang='lat' dir='ltr'><strong>tuum</strong></span> <span class='ocrx_word' id='word_1_568' title='bbox 1245 4147 1657 4221; x_wconf 87' lang='lat' dir='ltr'><strong>malignaverunl</strong></span> <span class='ocrx_word' id='word_1_569' title='bbox 1710 4154 2008 4210; x_wconf 87' lang='lat' dir='ltr'><strong>consilium.</strong></span> 
     </span>
    </p>
   </div>
   <div class='ocr_carea' id='block_1_75' title="bbox 415 4237 2010 4315">
    <p class='ocr_par' dir='ltr' id='par_1_75' title="bbox 415 4237 2010 4315">
     <span class='ocr_line' id='line_1_76' title="bbox 415 4237 2010 4315; baseline 0.003 -19"><span class='ocrx_word' id='word_1_570' title='bbox 415 4240 627 4297; x_wconf 83' lang='lat' dir='ltr'><strong>Sufficit</strong></span> <span class='ocrx_word' id='word_1_571' title='bbox 652 4238 850 4305; x_wconf 90' lang='lat' dir='ltr'><strong>alicui,</strong></span> <span class='ocrx_word' id='word_1_572' title='bbox 892 4237 940 4292; x_wconf 92' lang='lat' dir='ltr'><strong>si</strong></span> <span class='ocrx_word' id='word_1_573' title='bbox 979 4238 1213 4308; x_wconf 88' lang='lat' dir='ltr'><strong>populus</strong></span> <span class='ocrx_word' id='word_1_574' title='bbox 1253 4238 1350 4294; x_wconf 88' lang='lat' dir='ltr'><strong>Dei</strong></span> <span class='ocrx_word' id='word_1_575' title='bbox 1386 4247 1475 4295; x_wconf 86' lang='lat' dir='ltr'><strong>sit.</strong></span> <span class='ocrx_word' id='word_1_576' title='bbox 1507 4239 1882 4315; x_wconf 79' lang='lat' dir='ltr'><strong>Cogitaverunt</strong></span> <span class='ocrx_word' id='word_1_577' title='bbox 1909 4247 2010 4301; x_wconf 88' lang='lat' dir='ltr'><strong>ad-</strong></span> 
     </span>
    </p>
   </div>
   <div class='ocr_carea' id='block_1_76' title="bbox 420 4332 2006 4415">
    <p class='ocr_par' dir='ltr' id='par_1_76' title="bbox 420 4332 2006 4415">
     <span class='ocr_line' id='line_1_77' title="bbox 420 4332 2006 4415; baseline 0.008 -30"><span class='ocrx_word' id='word_1_578' title='bbox 420 4347 595 4388; x_wconf 82' lang='lat' dir='ltr'><strong>versus</strong></span> <span class='ocrx_word' id='word_1_579' title='bbox 615 4343 822 4387; x_wconf 86' lang='lat' dir='ltr'><strong>sanctos</strong></span> <span class='ocrx_word' id='word_1_580' title='bbox 851 4343 985 4388; x_wconf 88' lang='lat' dir='ltr'><strong>tuos.</strong></span> <span class='ocrx_word' id='word_1_581' title='bbox 1018 4332 1131 4388; x_wconf 84' lang='lat' dir='ltr'><strong>Hoc</strong></span> <span class='ocrx_word' id='word_1_582' title='bbox 1170 4334 1621 4401; x_wconf 81' lang='lat' dir='ltr'><strong>interpretatione</strong></span> <span class='ocrx_word' id='word_1_583' title='bbox 1642 4354 1750 4395; x_wconf 92' lang='lat' dir='ltr'><strong>non</strong></span> <span class='ocrx_word' id='word_1_584' title='bbox 1780 4341 2006 4415; x_wconf 88' lang='lat' dir='ltr'><strong>indiget.</strong></span> 
     </span>
    </p>
   </div>
   <div class='ocr_carea' id='block_1_77' title="bbox 423 4421 1184 4493">
    <p class='ocr_par' dir='ltr' id='par_1_77' title="bbox 423 4421 1184 4493">
     <span class='ocr_line' id='line_1_78' title="bbox 423 4421 1184 4493; baseline 0 -15"><span class='ocrx_word' id='word_1_585' title='bbox 423 4421 671 4493; x_wconf 86' lang='lat' dir='ltr'><strong>Legisse,</strong></span> <span class='ocrx_word' id='word_1_586' title='bbox 706 4424 1050 4480; x_wconf 76' lang='lat' dir='ltr'><strong>intellexisse</strong></span> <span class='ocrx_word' id='word_1_587' title='bbox 1081 4433 1184 4479; x_wconf 87' lang='lat' dir='ltr'><strong>est.</strong></span> 
     </span>
    </p>
   </div>
   <div class='ocr_carea' id='block_1_78' title="bbox 493 4514 1886 4597">
    <p class='ocr_par' dir='ltr' id='par_1_78' title="bbox 493 4514 1886 4597">
     <span class='ocr_line' id='line_1_79' title="bbox 493 4514 1886 4597; baseline 0.009 -28"><span class='ocrx_word' id='word_1_588' title='bbox 493 4514 788 4584; x_wconf 76' lang='lat' dir='ltr'><strong>Dixerunt,</strong></span> <span class='ocrx_word' id='word_1_589' title='bbox 814 4517 977 4571; x_wconf 86' lang='lat' dir='ltr'><strong>venite</strong></span> <span class='ocrx_word' id='word_1_590' title='bbox 1004 4527 1051 4570; x_wconf 84' lang='lat' dir='ltr'><strong>et</strong></span> <span class='ocrx_word' id='word_1_591' title='bbox 1080 4516 1445 4586; x_wconf 81' lang='lat' dir='ltr'><strong>dispertlamus</strong></span> <span class='ocrx_word' id='word_1_592' title='bbox 1485 4537 1572 4576; x_wconf 84' lang='lat' dir='ltr'><strong>eos</strong></span> <span class='ocrx_word' id='word_1_593' title='bbox 1614 4523 1679 4577; x_wconf 85' lang='lat' dir='ltr'><strong>de</strong></span> <span class='ocrx_word' id='word_1_594' title='bbox 1716 4535 1886 4597; x_wconf 88' lang='lat' dir='ltr'><strong>gente.</strong></span> 
     </span>
    </p>
   </div>
   <div class='ocr_carea' id='block_1_79' title="bbox 421 4612 2014 4683">
    <p class='ocr_par' dir='ltr' id='par_1_79' title="bbox 421 4612 2014 4683">
     <span class='ocr_line' id='line_1_80' title="bbox 421 4612 2014 4683; baseline 0.007 -17"><span class='ocrx_word' id='word_1_595' title='bbox 421 4614 626 4666; x_wconf 89' lang='lat' dir='ltr'><strong>non&#39;sit</strong></span> <span class='ocrx_word' id='word_1_596' title='bbox 653 4625 785 4679; x_wconf 76' lang='lat' dir='ltr'><strong>gens</strong></span> <span class='ocrx_word' id='word_1_597' title='bbox 804 4652 818 4675; x_wconf 92' lang='lat'><strong>,</strong></span> <span class='ocrx_word' id='word_1_598' title='bbox 846 4612 973 4681; x_wconf 87' lang='lat' dir='ltr'><strong>quia</strong></span> <span class='ocrx_word' id='word_1_599' title='bbox 1005 4613 1239 4683; x_wconf 78' lang='lat' dir='ltr'><strong>populus</strong></span> <span class='ocrx_word' id='word_1_600' title='bbox 1277 4613 1371 4669; x_wconf 92' lang='lat' dir='ltr'><strong>Dei</strong></span> <span class='ocrx_word' id='word_1_601' title='bbox 1399 4624 1501 4669; x_wconf 82' lang='lat' dir='ltr'><strong>est.</strong></span> <span class='ocrx_word' id='word_1_602' title='bbox 1536 4616 1605 4671; x_wconf 80' lang='lat' dir='ltr'><strong>Et</strong></span> <span class='ocrx_word' id='word_1_603' title='bbox 1635 4634 1737 4673; x_wconf 89' lang='lat' dir='ltr'><strong>non</strong></span> <span class='ocrx_word' id='word_1_604' title='bbox 1766 4638 2014 4677; x_wconf 84' lang='lat' dir='ltr'><strong>memore-</strong></span> 
     </span>
    </p>
   </div>
   <div class='ocr_carea' id='block_1_80' title="bbox 310 4703 2013 4788">
    <p class='ocr_par' dir='ltr' id='par_1_80' title="bbox 310 4703 2013 4788">
     <span class='ocr_line' id='line_1_81' title="bbox 310 4703 2013 4788; baseline 0.008 -29"><span class='ocrx_word' id='word_1_605' title='bbox 310 4712 358 4727; x_wconf 82' lang='lat'>&quot;</span> <span class='ocrx_word' id='word_1_606' title='bbox 419 4714 505 4760; x_wconf 87' lang='lat' dir='ltr'><strong>tur</strong></span> <span class='ocrx_word' id='word_1_607' title='bbox 546 4719 735 4759; x_wconf 89' lang='lat' dir='ltr'><strong>nomen</strong></span> <span class='ocrx_word' id='word_1_608' title='bbox 786 4703 955 4759; x_wconf 84' lang='lat' dir='ltr'><strong>Israel</strong></span> <span class='ocrx_word' id='word_1_609' title='bbox 983 4705 1144 4759; x_wconf 85' lang='lat' dir='ltr'><strong>ultra.</strong></span> <span class='ocrx_word' id='word_1_610' title='bbox 1206 4704 1322 4761; x_wconf 93' lang='lat' dir='ltr'><strong>Non</strong></span> <span class='ocrx_word' id='word_1_611' title='bbox 1381 4704 1714 4767; x_wconf 81' lang='lat' dir='ltr'><strong>mentorétur</strong></span> <span class='ocrx_word' id='word_1_612' title='bbox 1753 4713 1871 4780; x_wconf 93' lang='lat' dir='ltr'><strong>hic,</strong></span> <span class='ocrx_word' id='word_1_613' title='bbox 1921 4718 2013 4788; x_wconf 90' lang='lat' dir='ltr'><strong>qui</strong></span> 
     </span>
    </p>
   </div>
   <div class='ocr_carea' id='block_1_81' title="bbox 418 4797 1012 4859">
    <p class='ocr_par' dir='ltr' id='par_1_81' title="bbox 418 4797 1012 4859">
     <span class='ocr_line' id='line_1_82' title="bbox 418 4797 1012 4859; baseline -0.007 -4"><span class='ocrx_word' id='word_1_614' title='bbox 418 4814 582 4856; x_wconf 87' lang='lat' dir='ltr'><strong>sensu</strong></span> <span class='ocrx_word' id='word_1_615' title='bbox 612 4798 793 4853; x_wconf 83' lang='lat' dir='ltr'><strong>videat</strong></span> <span class='ocrx_word' id='word_1_616' title='bbox 820 4797 1012 4859; x_wconf 87' lang='lat' dir='ltr'><strong>Deum.</strong></span> 
     </span>
    </p>
   </div>
   <div class='ocr_carea' id='block_1_82' title="bbox 491 4891 2015 4963">
    <p class='ocr_par' dir='ltr' id='par_1_82' title="bbox 491 4891 2015 4963">
     <span class='ocr_line' id='line_1_83' title="bbox 491 4891 2015 4963; baseline 0.009 -18"><span class='ocrx_word' id='word_1_617' title='bbox 491 4891 752 4957; x_wconf 89' lang='lat' dir='ltr'><strong>Quoniam</strong></span> <span class='ocrx_word' id='word_1_618' title='bbox 798 4892 1150 4963; x_wconf 76' lang='lat' dir='ltr'><strong>cogitaverunt</strong></span> <span class='ocrx_word' id='word_1_619' title='bbox 1200 4893 1518 4948; x_wconf 77' lang='lat' dir='ltr'><strong>unanimiter</strong></span> <span class='ocrx_word' id='word_1_620' title='bbox 1555 4897 1732 4952; x_wconf 88' lang='lat' dir='ltr'><strong>simul.</strong></span> <span class='ocrx_word' id='word_1_621' title='bbox 1765 4899 2015 4959; x_wconf 83' lang='lat' dir='ltr'><strong>Infelices</strong></span> 
     </span>
    </p>
   </div>
   <div class='ocr_carea' id='block_1_83' title="bbox 420 4984 2010 5060">
    <p class='ocr_par' dir='ltr' id='par_1_83' title="bbox 420 4984 2010 5060">
     <span class='ocr_line' id='line_1_84' title="bbox 420 4984 2010 5060; baseline 0.007 -18"><span class='ocrx_word' id='word_1_622' title='bbox 420 5001 521 5042; x_wconf 91' lang='lat' dir='ltr'><strong>nos</strong></span> <span class='ocrx_word' id='word_1_623' title='bbox 551 5005 563 5040; x_wconf 88' lang='lat'>:</span> <span class='ocrx_word' id='word_1_624' title='bbox 594 4986 787 5041; x_wconf 80' lang='lat' dir='ltr'><strong>Infelix</strong></span> <span class='ocrx_word' id='word_1_625' title='bbox 814 4984 1047 5056; x_wconf 84' lang='lat' dir='ltr'><strong>populus</strong></span> <span class='ocrx_word' id='word_1_626' title='bbox 1075 4985 1191 5050; x_wconf 92' lang='lat' dir='ltr'><strong>Dei,</strong></span> <span class='ocrx_word' id='word_1_627' title='bbox 1225 5002 1335 5042; x_wconf 92' lang='lat' dir='ltr'><strong>non</strong></span> <span class='ocrx_word' id='word_1_628' title='bbox 1360 4997 1541 5060; x_wconf 86' lang='lat' dir='ltr'><strong>potest</strong></span> <span class='ocrx_word' id='word_1_629' title='bbox 1563 4990 1614 5046; x_wconf 92' lang='lat' dir='ltr'><strong>in</strong></span> <span class='ocrx_word' id='word_1_630' title='bbox 1632 4993 1778 5049; x_wconf 88' lang='lat' dir='ltr'><strong>bono</strong></span> <span class='ocrx_word' id='word_1_631' title='bbox 1809 5004 2010 5052; x_wconf 78' lang='lat' dir='ltr'><strong>tantam</strong></span> 
     </span>
    </p>
   </div>
   <div class='ocr_carea' id='block_1_84' title="bbox 418 5079 2009 5151">
    <p class='ocr_par' dir='ltr' id='par_1_84' title="bbox 418 5079 2009 5151">
     <span class='ocr_line' id='line_1_85' title="bbox 418 5079 2009 5151; baseline 0.006 -16"><span class='ocrx_word' id='word_1_632' title='bbox 418 5081 625 5137; x_wconf 87' lang='lat' dir='ltr'><strong>habere</strong></span> <span class='ocrx_word' id='word_1_633' title='bbox 646 5079 999 5136; x_wconf 79' lang='lat' dir='ltr'><strong>Concordiam</strong></span> <span class='ocrx_word' id='word_1_634' title='bbox 1025 5121 1040 5146; x_wconf 91' lang='lat'><strong>,</strong></span> <span class='ocrx_word' id='word_1_635' title='bbox 1072 5088 1332 5151; x_wconf 88' lang='lat' dir='ltr'><strong>quantam</strong></span> <span class='ocrx_word' id='word_1_636' title='bbox 1366 5084 1492 5136; x_wconf 84' lang='lat' dir='ltr'><strong>mali</strong></span> <span class='ocrx_word' id='word_1_637' title='bbox 1526 5083 1731 5140; x_wconf 83' lang='lat' dir='ltr'><strong>habent</strong></span> <span class='ocrx_word' id='word_1_638' title='bbox 1760 5089 1810 5142; x_wconf 90' lang='lat' dir='ltr'><strong>in</strong></span> <span class='ocrx_word' id='word_1_639' title='bbox 1843 5091 2009 5145; x_wconf 82' lang='lat' dir='ltr'><strong>malo.</strong></span> 
     </span>
    </p>
   </div>
   <div class='ocr_carea' id='block_1_85' title="bbox 418 5174 2012 5244">
    <p class='ocr_par' dir='ltr' id='par_1_85' title="bbox 418 5174 2012 5244">
     <span class='ocr_line' id='line_1_86' title="bbox 418 5174 2012 5244; baseline 0.007 -17"><span class='ocrx_word' id='word_1_640' title='bbox 418 5174 676 5227; x_wconf 84' lang='lat' dir='ltr'><strong>Adversus</strong></span> <span class='ocrx_word' id='word_1_641' title='bbox 732 5183 779 5227; x_wconf 90' lang='lat' dir='ltr'><strong>te</strong></span> <span class='ocrx_word' id='word_1_642' title='bbox 827 5180 1191 5228; x_wconf 84' lang='lat' dir='ltr'><strong>testamentum</strong></span> <span class='ocrx_word' id='word_1_643' title='bbox 1251 5174 1618 5244; x_wconf 88' lang='lat' dir='ltr'><strong>disposuerunt</strong></span> <span class='ocrx_word' id='word_1_644' title='bbox 1675 5181 2012 5238; x_wconf 85' lang='lat' dir='ltr'><strong>tabernacula</strong></span> 
     </span>
    </p>
   </div>
   <div class='ocr_carea' id='block_1_86' title="bbox 413 5263 2013 5341">
    <p class='ocr_par' dir='ltr' id='par_1_86' title="bbox 413 5263 2013 5341">
     <span class='ocr_line' id='line_1_87' title="bbox 413 5263 2013 5341; baseline 0.008 -22"><span class='ocrx_word' id='word_1_645' title='bbox 413 5266 771 5321; x_wconf 75' lang='lat' dir='ltr'><strong>ldumazorum</strong></span> <span class='ocrx_word' id='word_1_646' title='bbox 800 5276 848 5319; x_wconf 90' lang='lat' dir='ltr'><strong>et</strong></span> <span class='ocrx_word' id='word_1_647' title='bbox 880 5263 1166 5321; x_wconf 79' lang='lat' dir='ltr'><strong>Ismaelila:</strong></span> <span class='ocrx_word' id='word_1_648' title='bbox 1195 5283 1214 5321; x_wconf 91' lang='lat'><strong><em>:</em></strong></span> <span class='ocrx_word' id='word_1_649' title='bbox 1246 5265 1404 5321; x_wconf 80' lang='lat' dir='ltr'><strong>Moab</strong></span> <span class='ocrx_word' id='word_1_650' title='bbox 1448 5269 1693 5341; x_wconf 85' lang='lat' dir='ltr'><strong>Agareni,</strong></span> <span class='ocrx_word' id='word_1_651' title='bbox 1742 5272 1926 5340; x_wconf 81' lang='lat' dir='ltr'><strong>Gebal,</strong></span> <span class='ocrx_word' id='word_1_652' title='bbox 1964 5285 2013 5331; x_wconf 90' lang='lat' dir='ltr'><strong>et</strong></span> 
     </span>
    </p>
   </div>
   <div class='ocr_carea' id='block_1_87' title="bbox 412 5357 2012 5438">
    <p class='ocr_par' dir='ltr' id='par_1_87' title="bbox 412 5357 2012 5438">
     <span class='ocr_line' id='line_1_88' title="bbox 412 5357 2012 5438; baseline 0.006 -25"><span class='ocrx_word' id='word_1_653' title='bbox 412 5361 579 5413; x_wconf 78' lang='lat' dir='ltr'><strong>Aman</strong></span> <span class='ocrx_word' id='word_1_654' title='bbox 603 5367 649 5412; x_wconf 90' lang='lat' dir='ltr'><strong>et</strong></span> <span class='ocrx_word' id='word_1_655' title='bbox 674 5357 904 5426; x_wconf 82' lang='lat' dir='ltr'><strong>Amalec,</strong></span> <span class='ocrx_word' id='word_1_656' title='bbox 925 5359 1232 5429; x_wconf 79' lang='lat' dir='ltr'><strong>alienigeme</strong></span> <span class='ocrx_word' id='word_1_657' title='bbox 1261 5375 1376 5414; x_wconf 87' lang='lat' dir='ltr'><strong>cum</strong></span> <span class='ocrx_word' id='word_1_658' title='bbox 1393 5361 1750 5420; x_wconf 85' lang='lat' dir='ltr'><strong>habitantibus</strong></span> <span class='ocrx_word' id='word_1_659' title='bbox 1774 5365 1969 5438; x_wconf 81' lang='lat' dir='ltr'><strong>Tyrum</strong></span> <span class='ocrx_word' id='word_1_660' title='bbox 1990 5386 2012 5425; x_wconf 91' lang='lat'><strong><em>:</em></strong></span> 
     </span>
    </p>
   </div>
   <div class='ocr_carea' id='block_1_88' title="bbox 414 5453 2012 5533">
    <p class='ocr_par' dir='ltr' id='par_1_88' title="bbox 414 5453 2012 5533">
     <span class='ocr_line' id='line_1_89' title="bbox 414 5453 2012 5533; baseline 0.009 -28"><span class='ocrx_word' id='word_1_661' title='bbox 414 5453 598 5506; x_wconf 87' lang='lat' dir='ltr'><strong>etenim</strong></span> <span class='ocrx_word' id='word_1_662' title='bbox 630 5453 796 5507; x_wconf 80' lang='lat' dir='ltr'><strong>Assur</strong></span> <span class='ocrx_word' id='word_1_663' title='bbox 821 5454 957 5507; x_wconf 82' lang='lat' dir='ltr'><strong>venit</strong></span> <span class='ocrx_word' id='word_1_664' title='bbox 988 5469 1105 5506; x_wconf 75' lang='lat' dir='ltr'><strong>cum</strong></span> <span class='ocrx_word' id='word_1_665' title='bbox 1137 5453 1274 5522; x_wconf 87' lang='lat' dir='ltr'><strong>illis,</strong></span> <span class='ocrx_word' id='word_1_666' title='bbox 1308 5455 1432 5524; x_wconf 77' lang='lat' dir='ltr'><strong>{acti</strong></span> <span class='ocrx_word' id='word_1_667' title='bbox 1459 5466 1577 5510; x_wconf 88' lang='lat' dir='ltr'><strong>sunt</strong></span> <span class='ocrx_word' id='word_1_668' title='bbox 1604 5459 1657 5511; x_wconf 87' lang='lat' dir='ltr'><strong>in</strong></span> <span class='ocrx_word' id='word_1_669' title='bbox 1688 5460 2012 5533; x_wconf 81' lang='lat' dir='ltr'><strong>adjutorium</strong></span> 
     </span>
    </p>
   </div>
   <div class='ocr_carea' id='block_1_89' title="bbox 416 5544 2005 5619">
    <p class='ocr_par' dir='ltr' id='par_1_89' title="bbox 416 5544 2005 5619">
     <span class='ocr_line' id='line_1_90' title="bbox 416 5544 2005 5619; baseline 0.009 -21"><span class='ocrx_word' id='word_1_670' title='bbox 416 5544 534 5599; x_wconf 87' lang='lat' dir='ltr'><strong>Lot.</strong></span> <span class='ocrx_word' id='word_1_671' title='bbox 558 5544 823 5602; x_wconf 86' lang='lat' dir='ltr'><strong>Undecim</strong></span> <span class='ocrx_word' id='word_1_672' title='bbox 869 5554 997 5601; x_wconf 84' lang='lat' dir='ltr'><strong>sunt</strong></span> <span class='ocrx_word' id='word_1_673' title='bbox 1040 5547 1133 5618; x_wconf 92' lang='lat' dir='ltr'><strong>qui</strong></span> <span class='ocrx_word' id='word_1_674' title='bbox 1164 5556 1407 5619; x_wconf 85' lang='lat' dir='ltr'><strong>pugnant</strong></span> <span class='ocrx_word' id='word_1_675' title='bbox 1434 5550 1696 5606; x_wconf 79' lang='lat' dir='ltr'><strong>adversus</strong></span> <span class='ocrx_word' id='word_1_676' title='bbox 1734 5563 2005 5612; x_wconf 88' lang='lat' dir='ltr'><strong>sanctum.</strong></span> 
     </span>
    </p>
   </div>
   <div class='ocr_carea' id='block_1_90' title="bbox 414 5640 2009 5721">
    <p class='ocr_par' dir='ltr' id='par_1_90' title="bbox 414 5640 2009 5721">
     <span class='ocr_line' id='line_1_91' title="bbox 414 5640 2009 5721; baseline 0.008 -26"><span class='ocrx_word' id='word_1_677' title='bbox 414 5640 682 5709; x_wconf 87' lang='lat' dir='ltr'><strong>Quoniam</strong></span> <span class='ocrx_word' id='word_1_678' title='bbox 702 5656 831 5714; x_wconf 87' lang='lat' dir='ltr'><strong>ergo</strong></span> <span class='ocrx_word' id='word_1_679' title='bbox 845 5651 1225 5714; x_wconf 81' lang='lat' dir='ltr'><strong>pugnaverunt</strong></span> <span class='ocrx_word' id='word_1_680' title='bbox 1243 5653 1429 5699; x_wconf 89' lang='lat' dir='ltr'><strong>contra</strong></span> <span class='ocrx_word' id='word_1_681' title='bbox 1452 5656 1690 5715; x_wconf 90' lang='lat' dir='ltr'><strong>sanctos,</strong></span> <span class='ocrx_word' id='word_1_682' title='bbox 1708 5649 1771 5703; x_wconf 89' lang='lat' dir='ltr'><strong>ad</strong></span> <span class='ocrx_word' id='word_1_683' title='bbox 1795 5650 2009 5721; x_wconf 86' lang='lat' dir='ltr'><strong>perfec-</strong></span> 
     </span>
    </p>
   </div>
   <div class='ocr_carea' id='block_1_91' title="bbox 409 5736 2886 5830">
    <p class='ocr_par' dir='ltr' id='par_1_91' title="bbox 409 5736 2886 5830">
     <span class='ocr_line' id='line_1_92' title="bbox 409 5736 2886 5830; baseline 0.014 -39"><span class='ocrx_word' id='word_1_684' title='bbox 409 5743 520 5792; x_wconf 87' lang='lat' dir='ltr'><strong>tum</strong></span> <span class='ocrx_word' id='word_1_685' title='bbox 552 5750 859 5806; x_wconf 83' lang='lat' dir='ltr'><strong>numerum,</strong></span> <span class='ocrx_word' id='word_1_686' title='bbox 893 5736 947 5793; x_wconf 88' lang='lat' dir='ltr'><strong>Id</strong></span> <span class='ocrx_word' id='word_1_687' title='bbox 977 5745 1090 5811; x_wconf 82' lang='lat' dir='ltr'><strong>est,</strong></span> <span class='ocrx_word' id='word_1_688' title='bbox 1124 5736 1503 5797; x_wconf 88' lang='lat' dir='ltr'><strong>duodecimum</strong></span> <span class='ocrx_word' id='word_1_689' title='bbox 1526 5786 1540 5813; x_wconf 93' lang='lat'><strong>,</strong></span> <span class='ocrx_word' id='word_1_690' title='bbox 1572 5744 1756 5803; x_wconf 85' lang='lat' dir='ltr'><strong>venire</strong></span> <span class='ocrx_word' id='word_1_691' title='bbox 1785 5761 1890 5802; x_wconf 93' lang='lat' dir='ltr'><strong>non</strong></span> <span class='ocrx_word' id='word_1_692' title='bbox 1909 5764 2007 5819; x_wconf 49' lang='lat' dir='ltr'><strong>pom</strong></span> <span class='ocrx_word' id='word_1_693' title='bbox 2108 5747 2309 5812; x_wconf 87' lang='lat' dir='ltr'><strong>Christi</strong></span> <span class='ocrx_word' id='word_1_694' title='bbox 2338 5755 2519 5830; x_wconf 76' lang='lat' dir='ltr'><strong>legere</strong></span> <span class='ocrx_word' id='word_1_695' title='bbox 2544 5761 2886 5825; x_wconf 80' lang='lat' dir='ltr'><strong>tabernacula</strong></span> 
     </span>
    </p>
   </div>
   <div class='ocr_carea' id='block_1_92' title="bbox 2117 3245 3722 3337">
    <p class='ocr_par' dir='ltr' id='par_1_92' title="bbox 2117 3245 3722 3337">
     <span class='ocr_line' id='line_1_93' title="bbox 2117 3245 3722 3337; baseline 0.019 -39"><span class='ocrx_word' id='word_1_696' title='bbox 2117 3245 2211 3316; x_wconf 92' lang='lat' dir='ltr'><strong>qui</strong></span> <span class='ocrx_word' id='word_1_697' title='bbox 2242 3259 2565 3321; x_wconf 70' lang='lat' dir='ltr'><strong>expugnant</strong></span> <span class='ocrx_word' id='word_1_698' title='bbox 2605 3256 2863 3327; x_wconf 81' lang='lat' dir='ltr'><strong>populum</strong></span> <span class='ocrx_word' id='word_1_699' title='bbox 2900 3259 3026 3327; x_wconf 89' lang='lat' dir='ltr'><strong>Dei,</strong></span> <span class='ocrx_word' id='word_1_700' title='bbox 3062 3262 3313 3321; x_wconf 87' lang='lat' dir='ltr'><strong>habitant</strong></span> <span class='ocrx_word' id='word_1_701' title='bbox 3350 3267 3409 3323; x_wconf 90' lang='lat' dir='ltr'><strong>in</strong></span> <span class='ocrx_word' id='word_1_702' title='bbox 3451 3267 3580 3337; x_wconf 86' lang='lat' dir='ltr'><strong>Sor,</strong></span> <span class='ocrx_word' id='word_1_703' title='bbox 3618 3245 3722 3328; x_wconf 60' lang='lat' dir='ltr'><strong>ne</strong></span> 
     </span>
    </p>
   </div>
   <div class='ocr_carea' id='block_1_93' title="bbox 2116 3339 3721 3421">
    <p class='ocr_par' dir='ltr' id='par_1_93' title="bbox 2116 3339 3721 3421">
     <span class='ocr_line' id='line_1_94' title="bbox 2116 3339 3721 3421; baseline 0.018 -28"><span class='ocrx_word' id='word_1_704' title='bbox 2116 3346 2197 3393; x_wconf 89' lang='lat' dir='ltr'><strong>est</strong></span> <span class='ocrx_word' id='word_1_705' title='bbox 2224 3384 2239 3407; x_wconf 87' lang='lat'><strong>,</strong></span> <span class='ocrx_word' id='word_1_706' title='bbox 2288 3339 2342 3394; x_wconf 85' lang='lat' dir='ltr'><strong>in</strong></span> <span class='ocrx_word' id='word_1_707' title='bbox 2392 3346 2641 3415; x_wconf 83' lang='lat' dir='ltr'><strong>angustia</strong></span> <span class='ocrx_word' id='word_1_708' title='bbox 2677 3358 2732 3403; x_wconf 90' lang='lat' dir='ltr'><strong>ct</strong></span> <span class='ocrx_word' id='word_1_709' title='bbox 2772 3351 3126 3411; x_wconf 88' lang='lat' dir='ltr'><strong>tribulatione</strong></span> <span class='ocrx_word' id='word_1_710' title='bbox 3174 3358 3375 3417; x_wconf 68' lang='lat' dir='ltr'><strong>anima:</strong></span> <span class='ocrx_word' id='word_1_711' title='bbox 3413 3376 3551 3419; x_wconf 68' lang='lat' dir='ltr'><strong>suae.</strong></span> <span class='ocrx_word' id='word_1_712' title='bbox 3595 3362 3721 3421; x_wconf 64' lang='lat' dir='ltr'><strong>Istas</strong></span> 
     </span>
    </p>
   </div>
   <div class='ocr_carea' id='block_1_94' title="bbox 2115 3441 3716 3527">
    <p class='ocr_par' dir='ltr' id='par_1_94' title="bbox 2115 3441 3716 3527">
     <span class='ocr_line' id='line_1_95' title="bbox 2115 3441 3716 3527; baseline 0.021 -44"><span class='ocrx_word' id='word_1_713' title='bbox 2115 3444 2244 3502; x_wconf 83' lang='lat' dir='ltr'><strong>ergo</strong></span> <span class='ocrx_word' id='word_1_714' title='bbox 2278 3441 2440 3490; x_wconf 66' lang='lat' dir='ltr'><strong>tantm</strong></span> <span class='ocrx_word' id='word_1_715' title='bbox 2477 3450 2667 3509; x_wconf 86' lang='lat' dir='ltr'><strong>gentes</strong></span> <span class='ocrx_word' id='word_1_716' title='bbox 2696 3458 2817 3514; x_wconf 63' lang='lat' dir='ltr'><strong>quae</strong></span> <span class='ocrx_word' id='word_1_717' title='bbox 2860 3458 3106 3518; x_wconf 80' lang='lat' dir='ltr'><strong>pugnant</strong></span> <span class='ocrx_word' id='word_1_718' title='bbox 3129 3450 3399 3511; x_wconf 81' lang='lat' dir='ltr'><strong>adversus</strong></span> <span class='ocrx_word' id='word_1_719' title='bbox 3425 3465 3678 3514; x_wconf 84' lang='lat' dir='ltr'><strong>sanctum</strong></span> <span class='ocrx_word' id='word_1_720' title='bbox 3700 3501 3716 3527; x_wconf 85' lang='lat'><strong>,</strong></span> 
     </span>
    </p>
   </div>
   <div class='ocr_carea' id='block_1_95' title="bbox 2118 3523 3716 3619">
    <p class='ocr_par' dir='ltr' id='par_1_95' title="bbox 2118 3523 3716 3619">
     <span class='ocr_line' id='line_1_96' title="bbox 2118 3523 3716 3619; baseline 0.019 -43"><span class='ocrx_word' id='word_1_721' title='bbox 2118 3523 2396 3581; x_wconf 82' lang='lat' dir='ltr'><strong>videamus</strong></span> <span class='ocrx_word' id='word_1_722' title='bbox 2429 3545 2587 3600; x_wconf 89' lang='lat' dir='ltr'><strong>quem</strong></span> <span class='ocrx_word' id='word_1_723' title='bbox 2622 3534 2820 3591; x_wconf 88' lang='lat' dir='ltr'><strong>habent</strong></span> <span class='ocrx_word' id='word_1_724' title='bbox 2852 3539 3195 3610; x_wconf 79' lang='lat' dir='ltr'><strong>principem:</strong></span> <span class='ocrx_word' id='word_1_725' title='bbox 3228 3542 3607 3619; x_wconf 79' lang='lat' dir='ltr'><strong>Salvatoretn,</strong></span> <span class='ocrx_word' id='word_1_726' title='bbox 3645 3523 3716 3607; x_wconf 80' lang='lat' dir='ltr'><strong>an</strong></span> 
     </span>
    </p>
   </div>
   <div class='ocr_carea' id='block_1_96' title="bbox 2114 3615 3717 3699">
    <p class='ocr_par' dir='ltr' id='par_1_96' title="bbox 2114 3615 3717 3699">
     <span class='ocr_line' id='line_1_97' title="bbox 2114 3615 3717 3699; baseline 0.017 -28"><span class='ocrx_word' id='word_1_727' title='bbox 2114 3615 2413 3677; x_wconf 90' lang='lat' dir='ltr'><strong>diabolum.</strong></span> <span class='ocrx_word' id='word_1_728' title='bbox 2444 3624 2581 3689; x_wconf 86' lang='lat' dir='ltr'><strong>Quid</strong></span> <span class='ocrx_word' id='word_1_729' title='bbox 2626 3630 2906 3697; x_wconf 85' lang='lat' dir='ltr'><strong>sequitur?</strong></span> <span class='ocrx_word' id='word_1_730' title='bbox 2950 3629 3162 3689; x_wconf 75' lang='lat' dir='ltr'><strong>Etenim</strong></span> <span class='ocrx_word' id='word_1_731' title='bbox 3205 3636 3372 3693; x_wconf 82' lang='lat' dir='ltr'><strong>Assur</strong></span> <span class='ocrx_word' id='word_1_732' title='bbox 3419 3642 3557 3699; x_wconf 73' lang='lat' dir='ltr'><strong>venit</strong></span> 
     </span>
    </p>
   </div>
   <div class='ocr_carea' id='block_1_97' title="bbox 2114 3709 3717 3807">
    <p class='ocr_par' dir='ltr' id='par_1_97' title="bbox 2114 3709 3717 3807">
     <span class='ocr_line' id='line_1_98' title="bbox 2114 3709 3717 3807; baseline 0.02 -45"><span class='ocrx_word' id='word_1_733' title='bbox 2114 3709 2240 3765; x_wconf 88' lang='lat' dir='ltr'><strong>illis.</strong></span> <span class='ocrx_word' id='word_1_734' title='bbox 2271 3711 2456 3783; x_wconf 87' lang='lat' dir='ltr'><strong>Assur,</strong></span> <span class='ocrx_word' id='word_1_735' title='bbox 2496 3715 3005 3780; x_wconf 81' lang='lat' dir='ltr'><strong>Nabuchodonosor</strong></span> <span class='ocrx_word' id='word_1_736' title='bbox 3052 3727 3405 3788; x_wconf 81' lang='lat' dir='ltr'><strong>adversarius</strong></span> <span class='ocrx_word' id='word_1_737' title='bbox 3445 3733 3578 3801; x_wconf 87' lang='lat' dir='ltr'><strong>Dei,</strong></span> <span class='ocrx_word' id='word_1_738' title='bbox 3623 3737 3717 3807; x_wconf 81' lang='lat' dir='ltr'><strong>qui</strong></span> 
     </span>
    </p>
   </div>
   <div class='ocr_carea' id='block_1_98' title="bbox 2115 3804 3715 3887">
    <p class='ocr_par' dir='ltr' id='par_1_98' title="bbox 2115 3804 3715 3887">
     <span class='ocr_line' id='line_1_99' title="bbox 2115 3804 3715 3887; baseline 0.018 -32"><span class='ocrx_word' id='word_1_739' title='bbox 2115 3804 2376 3874; x_wconf 87' lang='lat' dir='ltr'><strong>populum</strong></span> <span class='ocrx_word' id='word_1_740' title='bbox 2422 3806 2517 3862; x_wconf 88' lang='lat' dir='ltr'><strong>Dei</strong></span> <span class='ocrx_word' id='word_1_741' title='bbox 2550 3809 2706 3867; x_wconf 81' lang='lat' dir='ltr'><strong>duxit</strong></span> <span class='ocrx_word' id='word_1_742' title='bbox 2738 3813 2789 3869; x_wconf 89' lang='lat' dir='ltr'><strong>in</strong></span> <span class='ocrx_word' id='word_1_743' title='bbox 2821 3817 3193 3887; x_wconf 79' lang='lat' dir='ltr'><strong>captivitatem</strong></span> <span class='ocrx_word' id='word_1_744' title='bbox 3223 3840 3235 3876; x_wconf 93' lang='lat'>:</span> <span class='ocrx_word' id='word_1_745' title='bbox 3292 3823 3421 3887; x_wconf 68' lang='lat' dir='ltr'><strong>licet</strong></span> <span class='ocrx_word' id='word_1_746' title='bbox 3461 3804 3715 3886; x_wconf 69' lang='lat' dir='ltr'><strong>videatur</strong></span> 
     </span>
    </p>
   </div>
   <div class='ocr_carea' id='block_1_99' title="bbox 2114 3898 3715 3982">
    <p class='ocr_par' dir='ltr' id='par_1_99' title="bbox 2114 3898 3715 3982">
     <span class='ocr_line' id='line_1_100' title="bbox 2114 3898 3715 3982; baseline 0.019 -31"><span class='ocrx_word' id='word_1_747' title='bbox 2114 3907 2305 3967; x_wconf 91' lang='lat' dir='ltr'><strong>gentes</strong></span> <span class='ocrx_word' id='word_1_748' title='bbox 2330 3898 2536 3958; x_wconf 87' lang='lat' dir='ltr'><strong>habere</strong></span> <span class='ocrx_word' id='word_1_749' title='bbox 2569 3905 2832 3975; x_wconf 89' lang='lat' dir='ltr'><strong>plurimas</strong></span> <span class='ocrx_word' id='word_1_750' title='bbox 2866 3926 2968 3982; x_wconf 88' lang='lat' dir='ltr'><strong>pro</strong></span> <span class='ocrx_word' id='word_1_751' title='bbox 3010 3929 3071 3970; x_wconf 83' lang='lat' dir='ltr'><strong>se</strong></span> <span class='ocrx_word' id='word_1_752' title='bbox 3105 3914 3436 3977; x_wconf 82' lang='lat' dir='ltr'><strong>dimicantes</strong></span> <span class='ocrx_word' id='word_1_753' title='bbox 3468 3936 3483 3977; x_wconf 92' lang='lat'><strong>:</strong></span> <span class='ocrx_word' id='word_1_754' title='bbox 3529 3930 3715 3980; x_wconf 76' lang='lat' dir='ltr'><strong>tamen</strong></span> 
     </span>
    </p>
   </div>
   <div class='ocr_carea' id='block_1_100' title="bbox 2117 3990 3715 4077">
    <p class='ocr_par' dir='ltr' id='par_1_100' title="bbox 2117 3990 3715 4077">
     <span class='ocr_line' id='line_1_101' title="bbox 2117 3990 3715 4077; baseline 0.017 -34"><span class='ocrx_word' id='word_1_755' title='bbox 2117 3990 2413 4062; x_wconf 90' lang='lat' dir='ltr'><strong>principem</strong></span> <span class='ocrx_word' id='word_1_756' title='bbox 2447 3992 2656 4052; x_wconf 86' lang='lat' dir='ltr'><strong>habent</strong></span> <span class='ocrx_word' id='word_1_757' title='bbox 2692 4002 2886 4068; x_wconf 85' lang='lat' dir='ltr'><strong>Assur,</strong></span> <span class='ocrx_word' id='word_1_758' title='bbox 2911 4002 3015 4061; x_wconf 91' lang='lat' dir='ltr'><strong>hoc</strong></span> <span class='ocrx_word' id='word_1_759' title='bbox 3044 4016 3126 4063; x_wconf 88' lang='lat' dir='ltr'><strong>est</strong></span> <span class='ocrx_word' id='word_1_760' title='bbox 3148 4052 3163 4077; x_wconf 92' lang='lat'><strong>,</strong></span> <span class='ocrx_word' id='word_1_761' title='bbox 3210 4009 3513 4072; x_wconf 80' lang='lat' dir='ltr'><strong>diabolum.</strong></span> <span class='ocrx_word' id='word_1_762' title='bbox 3556 4014 3715 4070; x_wconf 80' lang='lat' dir='ltr'><strong>Facti</strong></span> 
     </span>
    </p>
   </div>
   <div class='ocr_carea' id='block_1_101' title="bbox 2112 4084 3715 4176">
    <p class='ocr_par' dir='ltr' id='par_1_101' title="bbox 2112 4084 3715 4176">
     <span class='ocr_line' id='line_1_102' title="bbox 2112 4084 3715 4176; baseline 0.019 -42"><span class='ocrx_word' id='word_1_763' title='bbox 2112 4091 2234 4136; x_wconf 88' lang='lat' dir='ltr'><strong>sunt</strong></span> <span class='ocrx_word' id='word_1_764' title='bbox 2263 4084 2318 4138; x_wconf 88' lang='lat' dir='ltr'><strong>in</strong></span> <span class='ocrx_word' id='word_1_765' title='bbox 2359 4085 2683 4159; x_wconf 86' lang='lat' dir='ltr'><strong>adjutorium</strong></span> <span class='ocrx_word' id='word_1_766' title='bbox 2722 4094 2849 4163; x_wconf 82' lang='lat' dir='ltr'><strong>ﬁliis</strong></span> <span class='ocrx_word' id='word_1_767' title='bbox 2876 4095 2995 4152; x_wconf 82' lang='lat' dir='ltr'><strong>Lat.</strong></span> <span class='ocrx_word' id='word_1_768' title='bbox 3034 4099 3165 4170; x_wconf 85' lang='lat' dir='ltr'><strong>Lat,</strong></span> <span class='ocrx_word' id='word_1_769' title='bbox 3201 4103 3591 4176; x_wconf 77' lang='lat' dir='ltr'><strong>interpretatur</strong></span> <span class='ocrx_word' id='word_1_770' title='bbox 3616 4111 3715 4165; x_wconf 78' lang='lat' dir='ltr'><strong>de-</strong></span> 
     </span>
    </p>
   </div>
   <div class='ocr_carea' id='block_1_102' title="bbox 2114 4174 3712 4272">
    <p class='ocr_par' dir='ltr' id='par_1_102' title="bbox 2114 4174 3712 4272">
     <span class='ocr_line' id='line_1_103' title="bbox 2114 4174 3712 4272; baseline 0.021 -45"><span class='ocrx_word' id='word_1_771' title='bbox 2114 4174 2333 4232; x_wconf 84' lang='lat' dir='ltr'><strong>clinans.</strong></span> <span class='ocrx_word' id='word_1_772' title='bbox 2388 4178 2675 4241; x_wconf 69' lang='lat' dir='ltr'><strong>Dmmones</strong></span> <span class='ocrx_word' id='word_1_773' title='bbox 2713 4197 2840 4243; x_wconf 88' lang='lat' dir='ltr'><strong>ante</strong></span> <span class='ocrx_word' id='word_1_774' title='bbox 2879 4188 3100 4248; x_wconf 85' lang='lat' dir='ltr'><strong>fuerunt</strong></span> <span class='ocrx_word' id='word_1_775' title='bbox 3148 4174 3364 4268; x_wconf 69' lang='lat' dir='ltr'><strong>angeli,</strong></span> <span class='ocrx_word' id='word_1_776' title='bbox 3413 4211 3469 4256; x_wconf 89' lang='lat' dir='ltr'><strong>et</strong></span> <span class='ocrx_word' id='word_1_777' title='bbox 3518 4213 3712 4272; x_wconf 77' lang='lat' dir='ltr'><strong>postea</strong></span> 
     </span>
    </p>
   </div>
   <div class='ocr_carea' id='block_1_103' title="bbox 2113 4268 3711 4366">
    <p class='ocr_par' dir='ltr' id='par_1_103' title="bbox 2113 4268 3711 4366">
     <span class='ocr_line' id='line_1_104' title="bbox 2113 4268 3711 4366; baseline 0.021 -47"><span class='ocrx_word' id='word_1_778' title='bbox 2113 4280 2237 4323; x_wconf 92' lang='lat' dir='ltr'><strong>cum</strong></span> <span class='ocrx_word' id='word_1_779' title='bbox 2263 4268 2481 4327; x_wconf 90' lang='lat' dir='ltr'><strong>diabolo</strong></span> <span class='ocrx_word' id='word_1_780' title='bbox 2509 4277 2856 4349; x_wconf 88' lang='lat' dir='ltr'><strong>ceciderunt,</strong></span> <span class='ocrx_word' id='word_1_781' title='bbox 2887 4295 2941 4338; x_wconf 91' lang='lat' dir='ltr'><strong>et</strong></span> <span class='ocrx_word' id='word_1_782' title='bbox 2973 4284 3098 4342; x_wconf 86' lang='lat' dir='ltr'><strong>facti</strong></span> <span class='ocrx_word' id='word_1_783' title='bbox 3128 4300 3255 4345; x_wconf 88' lang='lat' dir='ltr'><strong>sunt</strong></span> <span class='ocrx_word' id='word_1_784' title='bbox 3280 4268 3544 4351; x_wconf 72' lang='lat' dir='ltr'><strong>satellites</strong></span> <span class='ocrx_word' id='word_1_785' title='bbox 3563 4296 3711 4366; x_wconf 70' lang='lat' dir='ltr'><strong>eius,</strong></span> 
     </span>
    </p>
   </div>
   <div class='ocr_carea' id='block_1_104' title="bbox 2112 4357 3716 4456">
    <p class='ocr_par' dir='ltr' id='par_1_104' title="bbox 2112 4357 3716 4456">
     <span class='ocr_line' id='line_1_105' title="bbox 2112 4357 3716 4456; baseline 0.021 -44"><span class='ocrx_word' id='word_1_786' title='bbox 2112 4357 2253 4456; x_wconf 81' lang='lat' dir='ltr'><strong>sicut</strong></span> <span class='ocrx_word' id='word_1_787' title='bbox 2299 4364 2563 4433; x_wconf 81' lang='lat' dir='ltr'><strong>scriptum</strong></span> <span class='ocrx_word' id='word_1_788' title='bbox 2607 4379 2691 4426; x_wconf 78' lang='lat' dir='ltr'><strong>est</strong></span> <span class='ocrx_word' id='word_1_789' title='bbox 2744 4371 2800 4426; x_wconf 90' lang='lat' dir='ltr'><strong>in</strong></span> <span class='ocrx_word' id='word_1_790' title='bbox 2854 4373 3192 4451; x_wconf 86' lang='lat' dir='ltr'><strong>Apocalypsi</strong></span> <span class='ocrx_word' id='word_1_791' title='bbox 3243 4383 3472 4441; x_wconf 81' lang='lat' dir='ltr'><strong>Joannis</strong></span> <span class='ocrx_word' id='word_1_792' title='bbox 3511 4408 3524 4445; x_wconf 91' lang='lat'>:</span> <span class='ocrx_word' id='word_1_793' title='bbox 3566 4357 3716 4456; x_wconf 66' lang='lat' dir='ltr'><strong>Quia</strong></span> 
     </span>
    </p>
   </div>
   <div class='ocr_carea' id='block_1_105' title="bbox 2116 4450 3717 4547">
    <p class='ocr_par' dir='ltr' id='par_1_105' title="bbox 2116 4450 3717 4547">
     <span class='ocr_line' id='line_1_106' title="bbox 2116 4450 3717 4547; baseline 0.022 -43"><span class='ocrx_word' id='word_1_794' title='bbox 2116 4450 2279 4508; x_wconf 90' lang='lat' dir='ltr'><strong>draco</strong></span> <span class='ocrx_word' id='word_1_795' title='bbox 2308 4457 2545 4526; x_wconf 91' lang='lat' dir='ltr'><strong>cecidit,</strong></span> <span class='ocrx_word' id='word_1_796' title='bbox 2568 4470 2624 4518; x_wconf 88' lang='lat' dir='ltr'><strong>et</strong></span> <span class='ocrx_word' id='word_1_797' title='bbox 2652 4465 2821 4521; x_wconf 83' lang='lat' dir='ltr'><strong>traxit</strong></span> <span class='ocrx_word' id='word_1_798' title='bbox 2846 4483 3031 4527; x_wconf 86' lang='lat' dir='ltr'><strong>secum</strong></span> <span class='ocrx_word' id='word_1_799' title='bbox 3067 4450 3286 4532; x_wconf 86' lang='lat' dir='ltr'><strong>tertiam</strong></span> <span class='ocrx_word' id='word_1_800' title='bbox 3320 4490 3529 4547; x_wconf 87' lang='lat' dir='ltr'><strong>partem</strong></span> <span class='ocrx_word' id='word_1_801' title='bbox 3566 4450 3717 4539; x_wconf 58' lang='lat' dir='ltr'><strong>stel-</strong></span> 
     </span>
    </p>
   </div>
   <div class='ocr_carea' id='block_1_106' title="bbox 1940 4528 3721 4640">
    <p class='ocr_par' dir='ltr' id='par_1_106' title="bbox 1940 4528 3721 4640">
     <span class='ocr_line' id='line_1_107' title="bbox 1940 4528 3721 4640; baseline 0.023 -48"><span class='ocrx_word' id='word_1_802' title='bbox 1940 4528 2007 4583; x_wconf 79' lang='grc' dir='ltr'><strong>Εῐ</strong></span> <span class='ocrx_word' id='word_1_803' title='bbox 2038 4553 2093 4615; x_wconf 79' lang='grc' dir='ltr'><strong>ι)</strong></span> <span class='ocrx_word' id='word_1_804' title='bbox 2116 4542 2289 4601; x_wconf 90' lang='lat' dir='ltr'><strong>larum</strong></span> <span class='ocrx_word' id='word_1_805' title='bbox 2322 4547 2508 4620; x_wconf 85' lang='lat' dir='ltr'><strong>(Apoc.</strong></span> <span class='ocrx_word' id='word_1_806' title='bbox 2538 4551 2657 4625; x_wconf 82' lang='lat' dir='ltr'><strong>xu).</strong></span> <span class='ocrx_word' id='word_1_807' title='bbox 2686 4555 2833 4630; x_wconf 85' lang='lat' dir='ltr'><strong>Ergo</strong></span> <span class='ocrx_word' id='word_1_808' title='bbox 2854 4561 2982 4630; x_wconf 88' lang='lat' dir='ltr'><strong>quid</strong></span> <span class='ocrx_word' id='word_1_809' title='bbox 3014 4528 3182 4621; x_wconf 86' lang='lat' dir='ltr'><strong>dicit?</strong></span> <span class='ocrx_word' id='word_1_810' title='bbox 3204 4528 3296 4623; x_wconf 62' lang='lat' dir='ltr'><strong>Isti</strong></span> <span class='ocrx_word' id='word_1_811' title='bbox 3321 4528 3721 4640; x_wconf 41' lang='lat' dir='ltr'><strong>animi:er</strong></span> 
     </span>
    </p>
   </div>
   <div class='ocr_carea' id='block_1_107' title="bbox 2114 4644 3718 4735">
    <p class='ocr_par' dir='ltr' id='par_1_107' title="bbox 2114 4644 3718 4735">
     <span class='ocr_line' id='line_1_108' title="bbox 2114 4644 3718 4735; baseline 0.022 -47"><span class='ocrx_word' id='word_1_812' title='bbox 2114 4649 2237 4691; x_wconf 92' lang='lat' dir='ltr'><strong>cum</strong></span> <span class='ocrx_word' id='word_1_813' title='bbox 2287 4644 2456 4697; x_wconf 84' lang='lat' dir='ltr'><strong>tantis</strong></span> <span class='ocrx_word' id='word_1_814' title='bbox 2498 4647 2792 4718; x_wconf 82' lang='lat' dir='ltr'><strong>gentibus,</strong></span> <span class='ocrx_word' id='word_1_815' title='bbox 2844 4662 2898 4707; x_wconf 87' lang='lat' dir='ltr'><strong>et</strong></span> <span class='ocrx_word' id='word_1_816' title='bbox 2954 4669 3410 4728; x_wconf 72' lang='lat' dir='ltr'><strong>expugnaverunt</strong></span> <span class='ocrx_word' id='word_1_817' title='bbox 3450 4666 3718 4735; x_wconf 74' lang='lat' dir='ltr'><strong>populum</strong></span> 
     </span>
    </p>
   </div>
   <div class='ocr_carea' id='block_1_108' title="bbox 2117 4736 3723 4826">
    <p class='ocr_par' dir='ltr' id='par_1_108' title="bbox 2117 4736 3723 4826">
     <span class='ocr_line' id='line_1_109' title="bbox 2117 4736 3723 4826; baseline 0.021 -44"><span class='ocrx_word' id='word_1_818' title='bbox 2117 4736 2301 4799; x_wconf 90' lang='lat' dir='ltr'><strong>tuum,</strong></span> <span class='ocrx_word' id='word_1_819' title='bbox 2333 4741 2390 4788; x_wconf 92' lang='lat' dir='ltr'><strong>et</strong></span> <span class='ocrx_word' id='word_1_820' title='bbox 2428 4738 2575 4791; x_wconf 82' lang='lat' dir='ltr'><strong>venit</strong></span> <span class='ocrx_word' id='word_1_821' title='bbox 2606 4754 2727 4795; x_wconf 87' lang='lat' dir='ltr'><strong>cum</strong></span> <span class='ocrx_word' id='word_1_822' title='bbox 2758 4743 2837 4800; x_wconf 86' lang='lat' dir='ltr'><strong>eis</strong></span> <span class='ocrx_word' id='word_1_823' title='bbox 2867 4746 3059 4812; x_wconf 86' lang='lat' dir='ltr'><strong>Assur,</strong></span> <span class='ocrx_word' id='word_1_824' title='bbox 3092 4760 3148 4805; x_wconf 91' lang='lat' dir='ltr'><strong>et</strong></span> <span class='ocrx_word' id='word_1_825' title='bbox 3177 4752 3480 4826; x_wconf 84' lang='lat' dir='ltr'><strong>principem</strong></span> <span class='ocrx_word' id='word_1_826' title='bbox 3508 4757 3723 4817; x_wconf 70' lang='lat' dir='ltr'><strong>habent</strong></span> 
     </span>
    </p>
   </div>
   <div class='ocr_carea' id='block_1_109' title="bbox 2116 4819 3722 4916">
    <p class='ocr_par' dir='ltr' id='par_1_109' title="bbox 2116 4819 3722 4916">
     <span class='ocr_line' id='line_1_110' title="bbox 2116 4819 3722 4916; baseline 0.022 -40"><span class='ocrx_word' id='word_1_827' title='bbox 2116 4819 2427 4893; x_wconf 89' lang='lat' dir='ltr'><strong>diabolum,</strong></span> <span class='ocrx_word' id='word_1_828' title='bbox 2478 4827 2607 4885; x_wconf 86' lang='lat' dir='ltr'><strong>faeli</strong></span> <span class='ocrx_word' id='word_1_829' title='bbox 2651 4842 2780 4889; x_wconf 92' lang='lat' dir='ltr'><strong>sunt</strong></span> <span class='ocrx_word' id='word_1_830' title='bbox 2817 4835 2870 4893; x_wconf 92' lang='lat' dir='ltr'><strong>in</strong></span> <span class='ocrx_word' id='word_1_831' title='bbox 2901 4819 3234 4910; x_wconf 70' lang='lat' dir='ltr'><strong>adjutorlutn</strong></span> <span class='ocrx_word' id='word_1_832' title='bbox 3275 4819 3403 4905; x_wconf 81' lang='lat' dir='ltr'><strong>ﬁliis</strong></span> <span class='ocrx_word' id='word_1_833' title='bbox 3438 4848 3565 4916; x_wconf 80' lang='lat' dir='ltr'><strong>Lat,</strong></span> <span class='ocrx_word' id='word_1_834' title='bbox 3599 4850 3722 4911; x_wconf 74' lang='lat' dir='ltr'><strong>hoc</strong></span> 
     </span>
    </p>
   </div>
   <div class='ocr_carea' id='block_1_110' title="bbox 2114 4916 3720 5015">
    <p class='ocr_par' dir='ltr' id='par_1_110' title="bbox 2114 4916 3720 5015">
     <span class='ocr_line' id='line_1_111' title="bbox 2114 4916 3720 5015; baseline 0.024 -48"><span class='ocrx_word' id='word_1_835' title='bbox 2114 4924 2199 4970; x_wconf 91' lang='lat' dir='ltr'><strong>est</strong></span> <span class='ocrx_word' id='word_1_836' title='bbox 2224 4956 2238 4981; x_wconf 91' lang='lat'><strong>,</strong></span> <span class='ocrx_word' id='word_1_837' title='bbox 2272 4916 2613 4977; x_wconf 68' lang='lat' dir='ltr'><strong>daemonibus</strong></span> <span class='ocrx_word' id='word_1_838' title='bbox 2635 4967 2648 4981; x_wconf 95' lang='lat'><strong>.</strong></span> <span class='ocrx_word' id='word_1_839' title='bbox 2685 4925 2786 4995; x_wconf 85' lang='lat' dir='ltr'><strong>Qui</strong></span> <span class='ocrx_word' id='word_1_840' title='bbox 2819 4943 2850 4983; x_wconf 88' lang='lat' dir='ltr'><strong>a</strong></span> <span class='ocrx_word' id='word_1_841' title='bbox 2880 4938 2933 4987; x_wconf 89' lang='lat' dir='ltr'><strong>te</strong></span> <span class='ocrx_word' id='word_1_842' title='bbox 2960 4924 3407 5007; x_wconf 79' lang='lat' dir='ltr'><strong>declinaverunt,</strong></span> <span class='ocrx_word' id='word_1_843' title='bbox 3440 4941 3540 4999; x_wconf 80' lang='lat' dir='ltr'><strong>hoc</strong></span> <span class='ocrx_word' id='word_1_844' title='bbox 3567 4960 3720 5015; x_wconf 73' lang='lat' dir='ltr'><strong>Ope-</strong></span> 
     </span>
    </p>
   </div>
   <div class='ocr_carea' id='block_1_111' title="bbox 2114 5014 3719 5103">
    <p class='ocr_par' dir='ltr' id='par_1_111' title="bbox 2114 5014 3719 5103">
     <span class='ocr_line' id='line_1_112' title="bbox 2114 5014 3719 5103; baseline 0.022 -44"><span class='ocrx_word' id='word_1_845' title='bbox 2114 5018 2305 5103; x_wconf 77' lang='lat' dir='ltr'><strong>rantur</strong></span> <span class='ocrx_word' id='word_1_846' title='bbox 2346 5014 2489 5082; x_wconf 86' lang='lat' dir='ltr'><strong>quod</strong></span> <span class='ocrx_word' id='word_1_847' title='bbox 2539 5025 2593 5071; x_wconf 89' lang='lat' dir='ltr'><strong>et</strong></span> <span class='ocrx_word' id='word_1_848' title='bbox 2623 5016 2922 5103; x_wconf 12' lang='lat' dir='ltr'><strong>dat-mones.</strong></span> <span class='ocrx_word' id='word_1_849' title='bbox 2959 5025 3166 5085; x_wconf 86' lang='lat' dir='ltr'><strong>Videtis</strong></span> <span class='ocrx_word' id='word_1_850' title='bbox 3214 5033 3342 5103; x_wconf 85' lang='lat' dir='ltr'><strong>quia</strong></span> <span class='ocrx_word' id='word_1_851' title='bbox 3390 5014 3719 5097; x_wconf 73' lang='lat' dir='ltr'><strong>difficillima</strong></span> 
     </span>
    </p>
   </div>
   <div class='ocr_carea' id='block_1_112' title="bbox 2114 5098 3725 5201">
    <p class='ocr_par' dir='ltr' id='par_1_112' title="bbox 2114 5098 3725 5201">
     <span class='ocr_line' id='line_1_113' title="bbox 2114 5098 3725 5201; baseline 0.022 -47"><span class='ocrx_word' id='word_1_852' title='bbox 2114 5098 2236 5156; x_wconf 89' lang='lat' dir='ltr'><strong>Ioca</strong></span> <span class='ocrx_word' id='word_1_853' title='bbox 2268 5111 2397 5158; x_wconf 89' lang='lat' dir='ltr'><strong>sunt</strong></span> <span class='ocrx_word' id='word_1_854' title='bbox 2426 5122 2442 5164; x_wconf 85' lang='lat'><strong>:</strong></span> <span class='ocrx_word' id='word_1_855' title='bbox 2473 5102 2825 5182; x_wconf 48' lang='lat' dir='ltr'><strong>videtis&#39;quia</strong></span> <span class='ocrx_word' id='word_1_856' title='bbox 2853 5116 3083 5174; x_wconf 89' lang='lat' dir='ltr'><strong>obscura</strong></span> <span class='ocrx_word' id='word_1_857' title='bbox 3126 5098 3290 5194; x_wconf 77' lang='lat' dir='ltr'><strong>sunt,</strong></span> <span class='ocrx_word' id='word_1_858' title='bbox 3318 5137 3374 5183; x_wconf 86' lang='lat' dir='ltr'><strong>et</strong></span> <span class='ocrx_word' id='word_1_859' title='bbox 3398 5129 3452 5184; x_wconf 91' lang='lat' dir='ltr'><strong>in</strong></span> <span class='ocrx_word' id='word_1_860' title='bbox 3478 5131 3725 5201; x_wconf 78' lang='lat' dir='ltr'><strong>singulis</strong></span> 
     </span>
    </p>
   </div>
   <div class='ocr_carea' id='block_1_113' title="bbox 2116 5198 3723 5291">
    <p class='ocr_par' dir='ltr' id='par_1_113' title="bbox 2116 5198 3723 5291">
     <span class='ocr_line' id='line_1_114' title="bbox 2116 5198 3723 5291; baseline 0.022 -42"><span class='ocrx_word' id='word_1_861' title='bbox 2116 5198 2463 5256; x_wconf 84' lang='lat' dir='ltr'><strong>sermonibus</strong></span> <span class='ocrx_word' id='word_1_862' title='bbox 2495 5218 2690 5274; x_wconf 83' lang='lat' dir='ltr'><strong>magna</strong></span> <span class='ocrx_word' id='word_1_863' title='bbox 2721 5216 2850 5264; x_wconf 89' lang='lat' dir='ltr'><strong>sunt</strong></span> <span class='ocrx_word' id='word_1_864' title='bbox 2874 5226 3248 5287; x_wconf 85' lang='lat' dir='ltr'><strong>sacramenta,</strong></span> <span class='ocrx_word' id='word_1_865' title='bbox 3294 5230 3348 5277; x_wconf 88' lang='lat' dir='ltr'><strong>et</strong></span> <span class='ocrx_word' id='word_1_866' title='bbox 3374 5198 3723 5291; x_wconf 73' lang='lat' dir='ltr'><strong>necessitate</strong></span> 
     </span>
    </p>
   </div>
   <div class='ocr_carea' id='block_1_114' title="bbox 2082 5291 3723 5389">
    <p class='ocr_par' dir='ltr' id='par_1_114' title="bbox 2082 5291 3723 5389">
     <span class='ocr_line' id='line_1_115' title="bbox 2082 5291 3723 5389; baseline 0.026 -54"><span class='ocrx_word' id='word_1_867' title='bbox 2082 5291 2495 5360; x_wconf 90' lang='lat' dir='ltr'><strong>.compellimur</strong></span> <span class='ocrx_word' id='word_1_868' title='bbox 2528 5299 2580 5349; x_wconf 92' lang='lat' dir='ltr'><strong>in</strong></span> <span class='ocrx_word' id='word_1_869' title='bbox 2630 5300 2810 5355; x_wconf 68' lang='lat' dir='ltr'><strong>verbis</strong></span> <span class='ocrx_word' id='word_1_870' title='bbox 2850 5303 3136 5364; x_wconf 78' lang='lat' dir='ltr'><strong>Hebraicis</strong></span> <span class='ocrx_word' id='word_1_871' title='bbox 3159 5353 3173 5378; x_wconf 90' lang='lat'><strong>,</strong></span> <span class='ocrx_word' id='word_1_872' title='bbox 3216 5323 3271 5368; x_wconf 82' lang='lat' dir='ltr'><strong>et</strong></span> <span class='ocrx_word' id='word_1_873' title='bbox 3296 5314 3469 5384; x_wconf 82' lang='lat' dir='ltr'><strong>plenis</strong></span> <span class='ocrx_word' id='word_1_874' title='bbox 3499 5331 3723 5389; x_wconf 75' lang='lat' dir='ltr'><strong>myste-</strong></span> 
     </span>
    </p>
   </div>
   <div class='ocr_carea' id='block_1_115' title="bbox 2114 5381 3717 5472">
    <p class='ocr_par' dir='ltr' id='par_1_115' title="bbox 2114 5381 3717 5472">
     <span class='ocr_line' id='line_1_116' title="bbox 2114 5381 3717 5472; baseline 0.024 -37"><span class='ocrx_word' id='word_1_875' title='bbox 2114 5381 2211 5437; x_wconf 88' lang='lat' dir='ltr'><strong>riis</strong></span> <span class='ocrx_word' id='word_1_876' title='bbox 2242 5385 2449 5444; x_wconf 92' lang='lat' dir='ltr'><strong>diutius</strong></span> <span class='ocrx_word' id='word_1_877' title='bbox 2478 5389 2782 5449; x_wconf 89' lang='lat' dir='ltr'><strong>immorari.</strong></span> <span class='ocrx_word' id='word_1_878' title='bbox 2815 5396 3001 5470; x_wconf 85' lang='lat' dir='ltr'><strong>Neque</strong></span> <span class='ocrx_word' id='word_1_879' title='bbox 3027 5404 3173 5461; x_wconf 89' lang='lat' dir='ltr'><strong>enim</strong></span> <span class='ocrx_word' id='word_1_880' title='bbox 3200 5381 3343 5464; x_wconf 80' lang='lat' dir='ltr'><strong>nunc</strong></span> <span class='ocrx_word' id='word_1_881' title='bbox 3369 5381 3717 5472; x_wconf 76' lang='lat' dir='ltr'><strong>rhetoricum</strong></span> 
     </span>
    </p>
   </div>
   <div class='ocr_carea' id='block_1_116' title="bbox 2114 5472 3721 5572">
    <p class='ocr_par' dir='ltr' id='par_1_116' title="bbox 2114 5472 3721 5572">
     <span class='ocr_line' id='line_1_117' title="bbox 2114 5472 3721 5572; baseline 0.024 -45"><span class='ocrx_word' id='word_1_882' title='bbox 2114 5472 2292 5531; x_wconf 92' lang='lat' dir='ltr'><strong>locum</strong></span> <span class='ocrx_word' id='word_1_883' title='bbox 2333 5482 2729 5553; x_wconf 85' lang='lat' dir='ltr'><strong>eventilamus,</strong></span> <span class='ocrx_word' id='word_1_884' title='bbox 2781 5490 2875 5545; x_wconf 88' lang='lat' dir='ltr'><strong>sed</strong></span> <span class='ocrx_word' id='word_1_885' title='bbox 2926 5491 2980 5547; x_wconf 89' lang='lat' dir='ltr'><strong>id</strong></span> <span class='ocrx_word' id='word_1_886' title='bbox 3013 5497 3159 5565; x_wconf 88' lang='lat' dir='ltr'><strong>quod</strong></span> <span class='ocrx_word' id='word_1_887' title='bbox 3212 5516 3245 5554; x_wconf 87' lang='lat' dir='ltr'><strong>a</strong></span> <span class='ocrx_word' id='word_1_888' title='bbox 3273 5500 3471 5572; x_wconf 88' lang='lat' dir='ltr'><strong>Spiritu</strong></span> <span class='ocrx_word' id='word_1_889' title='bbox 3508 5517 3721 5564; x_wconf 85' lang='lat' dir='ltr'><strong>sancto</strong></span> 
     </span>
    </p>
   </div>
   <div class='ocr_carea' id='block_1_117' title="bbox 2111 5565 3720 5657">
    <p class='ocr_par' dir='ltr' id='par_1_117' title="bbox 2111 5565 3720 5657">
     <span class='ocr_line' id='line_1_118' title="bbox 2111 5565 3720 5657; baseline 0.022 -35"><span class='ocrx_word' id='word_1_890' title='bbox 2111 5565 2318 5625; x_wconf 91' lang='lat' dir='ltr'><strong>dictum</strong></span> <span class='ocrx_word' id='word_1_891' title='bbox 2350 5583 2464 5644; x_wconf 87' lang='lat' dir='ltr'><strong>est,</strong></span> <span class='ocrx_word' id='word_1_892' title='bbox 2519 5577 2863 5650; x_wconf 87' lang='lat' dir='ltr'><strong>interpretari</strong></span> <span class='ocrx_word' id='word_1_893' title='bbox 2910 5585 3156 5645; x_wconf 89' lang='lat' dir='ltr'><strong>nitimur.</strong></span> <span class='ocrx_word' id='word_1_894' title='bbox 3186 5565 3468 5652; x_wconf 43' lang='lat' dir='ltr'><strong>Nisi-enim</strong></span> <span class='ocrx_word' id='word_1_895' title='bbox 3495 5597 3578 5652; x_wconf 90' lang='lat' dir='ltr'><strong>sic</strong></span> <span class='ocrx_word' id='word_1_896' title='bbox 3624 5599 3720 5657; x_wconf 79' lang='lat' dir='ltr'><strong>in-</strong></span> 
     </span>
    </p>
   </div>
   <div class='ocr_carea' id='block_1_118' title="bbox 2112 5669 3721 5754">
    <p class='ocr_par' dir='ltr' id='par_1_118' title="bbox 2112 5669 3721 5754">
     <span class='ocr_line' id='line_1_119' title="bbox 2112 5669 3721 5754; baseline 0.025 -43"><span class='ocrx_word' id='word_1_897' title='bbox 2112 5669 2460 5754; x_wconf 48' lang='lat' dir='ltr'><strong>terpretetur,</strong></span> <span class='ocrx_word' id='word_1_898' title='bbox 2526 5679 2587 5724; x_wconf 92' lang='lat' dir='ltr'><strong>ut</strong></span> <span class='ocrx_word' id='word_1_899' title='bbox 2659 5672 2923 5743; x_wconf 83' lang='lat' dir='ltr'><strong>dixinus,</strong></span> <span class='ocrx_word' id='word_1_900' title='bbox 2979 5680 3107 5751; x_wconf 87' lang='lat' dir='ltr'><strong>quid</strong></span> <span class='ocrx_word' id='word_1_901' title='bbox 3160 5685 3391 5754; x_wconf 82' lang='lat' dir='ltr'><strong>prodest</strong></span> <span class='ocrx_word' id='word_1_902' title='bbox 3436 5688 3721 5751; x_wconf 78' lang='lat' dir='ltr'><strong>Ecclesiis</strong></span> 
     </span>
    </p>
   </div>
   <div class='ocr_carea' id='block_1_119' title="bbox 2920 5769 3715 5858">
    <p class='ocr_par' dir='ltr' id='par_1_119' title="bbox 2920 5769 3715 5858">
     <span class='ocr_line' id='line_1_120' title="bbox 2920 5769 3715 5858; baseline 0.024 -31"><span class='ocrx_word' id='word_1_903' title='bbox 2920 5769 3285 5836; x_wconf 63' lang='lat' dir='ltr'><strong>Nummorum</strong></span> <span class='ocrx_word' id='word_1_904' title='bbox 3313 5788 3368 5843; x_wconf 77' lang='lat' dir='ltr'><strong>et</strong></span> <span class='ocrx_word' id='word_1_905' title='bbox 3386 5779 3715 5858; x_wconf 68' lang='lat' dir='ltr'><strong>Ismaclita,</strong></span> 
     </span>
    </p>
   </div>
  </div>
