3954 6340
256 286 380 347 i069

1109 278 1541 339 nnevnntou
1579 278 1649 338 ιιι
1686 276 2021 338 PSALMOS.
2062 275 2315 338 PBALM.
2355 274 2640 338 unm.

3385 272 3526 336 i070

252 413 299 458 et
323 408 504 457 caetera
519 395 1062 466 nominalQuoniam
1084 413 1218 475 ergo
1233 411 1494 457 venerunt
1521 407 1708 456 contra
1728 414 1813 471 po-
1850 401 1896 458 Α
1928 407 2168 454 mentum
2189 439 2206 465 ,
2238 396 2364 465 sed,
2414 394 2694 469 stipulam;
2727 393 2871 463 quod
2927 391 3101 458 dicit,
3127 391 3235 447 hoc
3276 399 3362 449 est
3410 409 3424 447 :
3478 396 3523 448 si

252 493 417 568 pulum
436 488 886 557 tuum,videamus
914 490 1042 562 quid
1056 491 1136 547 eis
1157 491 1491 562 imprecetur
1507 490 1787 548 Psalmista
1799 530 1812 544 .

314 587 420 643 Fac
449 586 552 642 illis
577 586 714 641 sicut
755 586 978 644 Madian
1007 596 1054 643 et
1085 588 1284 643 Sisara:
1303 628 1319 655 ,
1347 588 1481 642 sicut
1509 585 1690 641 Jabitt.
1720 586 1820 640 Le-

251 685 388 759 gistis
411 683 463 738 in
487 680 732 738 iudicum
766 681 907 737 libro
932 701 944 736 :
980 681 1087 738 Iste
1107 693 1186 738 est
1219 682 1435 737 Madian
1462 696 1623 752 quem
1648 696 1819 750 expu-

251 776 415 851 gnavit
441 773 657 831 Gedeon
690 771 893 845 (Judic.
917 784 1058 829 vn‘et
1086 774 1227 846 vin).
1254 773 1432 842 Jabin,
1452 783 1509 828 et
1532 773 1717 829 Sisara
1733 772 1820 829 isti

250 853 383 931 sunt,
403 881 533 938 quos
553 880 622 923 ex
634 866 893 937 pugnavit
914 866 1163 924 Debbora
1179 877 1237 923 et
1254 866 1463 923 Baracb
1487 864 1691 938 (ludio.
1719 864 1817 936 tv).

251 960 309 1017 In
338 969 555 1015 torrente
601 957 759 1014 Cison
806 961 1100 1031 disperiunt
1145 962 1199 1016 in
1240 960 1443 1017 Endar.
1491 959 1736 1016 Debbora
1767 969 1825 1015 et

249 1055 439 1113 Barach
490 1053 887 1111 interfecerunt
928 1055 1170 1110 Sisaram
1230 1055 1532 1126 principem
1590 1054 1818 1110 militim.

184 1142 191 1155 ’
249 1150 380 1222 Ergo
405 1148 542 1219 quod
576 1148 736 1212 dicit,
771 1148 951 1205 videte
982 1148 1111 1220 quid
1141 1150 1208 1203 sit
1238 1167 1248 1202 :
1281 1149 1529 1215 Domino,
1562 1157 1820 1218 quantam

248 1241 434 1298 habent
492 1240 804 1311 superbiam
834 1241 848 1294 l
882 1240 1162 1311 quoniam
1212 1256 1335 1297 cum
1393 1250 1546 1296 tanto
1595 1241 1823 1296 veniunt

248 1341 472 1400 exercitu
493 1381 507 1405 ,
536 1340 795 1411 quoniam
834 1339 1339 1395 Nabuchodonosor
1380 1338 1581 1393 habent
1612 1338 1821 1409 princi-

251 1453 362 1511 pem
408 1435 752 1509 Assyriorum
797 1456 809 1490 :
849 1437 1105 1508 quoniam
1143 1437 1267 1493 lacti
1332 1447 1462 1493 sunt
1504 1438 1557 1492 in
1609 1436 1825 1507 adjuto-

248 1531 374 1589 rium
412 1529 533 1587 ﬁliis
574 1529 676 1586 Lot
733 1548 748 1585 :
786 1529 1041 1602 quoniam
1084 1530 1187 1585 hoc
1240 1538 1405 1601 agunt
1464 1529 1604 1600 quod
1662 1536 1824 1600 agunt

246 1624 547 1681 daemones:
596 1623 851 1693 quoniam
895 1624 1147 1696 superbia
1185 1623 1426 1695 ipsorum
1456 1636 1629 1693 usque
1667 1621 1732 1677 ad
1774 1631 1828 1678 te

247 1717 435 1774 elevata
464 1724 577 1771 est:
604 1728 887 1787 propterea
915 1727 966 1771 te
990 1717 1271 1788 deprecor.
1294 1727 1352 1771 ut
1380 1716 1447 1772 ad
1471 1715 1824 1788 ignominiam

1920 490 2042 561 quis
2059 499 2151 546 est
2174 491 2227 544 in
2256 491 2336 545 eis
2357 487 2555 560 stipula
2577 497 2633 543 et
2659 487 2832 558 palea,
2868 496 3078 559 pereat.
3104 486 3251 542 Sicut
3274 487 3409 558 ignis
3436 488 3525 558 qui

1922 583 2170 639 comburit
2206 582 2414 639 silvam.
2446 582 2563 638 Non
2592 581 2759 650 dixit,
2792 580 3018 637 arbores
3050 580 3371 653 frugiferas;
3404 583 3523 652 sed,

1922 676 2128 746 silvam,
2170 691 2293 747 qua:
2323 691 2431 729 non
2464 674 2635 730 habet
2675 673 2876 745 fruges.
2912 673 2970 731 Si
3007 673 3130 745 quis
3159 688 3290 744 ergo
3325 674 3526 744 stipula

1921 774 2037 831 est,
2077 776 2130 822 et
2161 781 2268 822 non
2301 766 2466 822 habet
2492 764 2828 822 frumentum
2866 784 2877 819 :
2910 767 2955 821 si
2988 770 3112 836 quis
3153 765 3293 822 silva
3323 776 3437 831 est,
3472 775 3530 823 et

1924 873 2033 915 non
2074 858 2239 914 habet
2262 857 2481 929 fruges,
2510 857 2600 914 hic
2644 868 2855 927 pereat.
2887 856 3037 914 Sicut
3083 860 3299 929 ﬂamma
3319 862 3529 914 combu-

1922 968 2044 1008 rens
2064 963 2284 1008 utontes.
2316 952 2579 1022 Superbia
2610 951 2665 1007 in
2697 952 2776 1008 eis
2805 961 3010 1023 pereat.

1968 1044 2054 1101 Ita
2068 1047 2384 1117 persequeris
2394 1045 2511 1101 illos
2524 1046 2577 1100 in
2591 1054 2889 1117 tempestate
2903 1054 3012 1112 tua,
3027 1057 3071 1101 et
3083 1047 3136 1100 in
3149 1046 3227 1101 ira
3238 1046 3491 1115 tua.Quid
3505 1047 3530 1099 ‘l

1925 1134 2152 1192 Occides
2169 1137 2298 1193 eos?
2316 1135 2433 1194 Non
2452 1155 2464 1190 :
2489 1137 2611 1205 sed,
2636 1134 2891 1193 Turbabis
2911 1152 3015 1194 eos.
3049 1136 3121 1196 Ut
3139 1138 3435 1199 salvcutur.

2000 1229 2172 1300 Imple
2202 1231 2364 1302 facies
2394 1248 2569 1287 eorum
2609 1232 2916 1304 ignominia.
2980 1232 3047 1290 Ut
3095 1233 3524 1290 confundantur.

1926 1320 2107 1391 Quare
2130 1322 2268 1380 huc?
2304 1321 2374 1380 Ut
2398 1333 2635 1395 quierant
2661 1341 2847 1380 nomen
2877 1335 3054 1392 tuum,
3087 1323 3329 1381 Domine.
3366 1325 3527 1382 Vide-

1928 1416 1999 1472 tis
2014 1431 2145 1488 ergo
2161 1416 2285 1488 quia
2301 1432 2408 1471 non
2421 1427 2607 1473 contra
2623 1431 2742 1482 eos,
2761 1416 2855 1473 sed
2877 1432 2974 1488 pro
2990 1418 3165 1474 salute
3181 1419 3417 1489 ipsorum
3433 1418 3530 1474 de-

1930 1520 2205 1575 precatur.
2233 1509 2477 1581 Deniquc
2496 1510 2613 1565 etin
2634 1510 2988 1578 sequentibus
3001 1510 3177 1568 videte
3199 1511 3325 1584 quid
3337 1512 3478 1569 dicat
3502 1528 3517 1565 :

2004 1600 2325 1658 Erubescunt
2370 1613 2419 1658 et
2470 1603 2845 1659 conturbantur
2888 1605 2942 1661 in
2965 1603 3213 1661 saeculum
3243 1605 3423 1661 stecttli
3444 1649 3458 1674 ,
3483 1617 3533 1661 et

1932 1694 2323 1767 confundantur
2346 1704 2391 1750 et
2413 1704 2648 1767 pereant.
2670 1694 2905 1751 Pereunt
2934 1696 3231 1752 secundum
3256 1696 3359 1754 hoc
3382 1698 3528 1769 quod

246 1823 421 1875 suam,
458 1825 566 1863 non
599 1824 629 1864 a
676 1808 790 1865 viro
831 1810 1134 1872 vincantur,
1176 1809 1273 1866 sed
1305 1824 1335 1864 a
1364 1808 1612 1864 muliere.
1670 1805 1827 1861 Facti

1960 1787 2062 1843 nali
2089 1797 2251 1858 sunt,
2275 1794 2333 1844 et
2358 1788 2605 1845 salvetur
2625 1787 2769 1859 quod
2800 1788 3001 1845 bonum
3031 1797 3131 1845 est.
3173 1780 3414 1861 Denique
3443 1791 3527 1846 vi-

244 1912 351 1959 sunt
378 1912 429 1957 ut
455 1911 837 1959 stereusterrae.
862 1903 1000 1971 Qui?
1017 1902 1254 1968 Madian,
1280 1913 1330 1956 ct
1350 1901 1550 1967 Sisara,
1568 1910 1622 1957 et
1641 1899 1823 1956 Jabin.

243 1994 327 2052 Isti
354 2005 458 2052 tres
488 1998 613 2050 facti
641 2004 798 2065 situt,
846 1997 982 2050 sicut
1021 2003 1232 2050 stercus
1273 2003 1453 2051 terrae.
1498 1993 1709 2049 Madiatt
1742 1991 1826 2047 in-

245 2098 563 2159 terpretatur
592 2089 884 2162 relinquens
901 2090 1164 2163 judicium
1196 2106 1212 2143 :
1244 2089 1588 2160 Quicumque
1623 2098 1829 2161 pugnat

243 2193 419 2238 contra
452 2182 709 2253 p0pulum
740 2198 940 2249 meum,
971 2198 1076 2237 non
1102 2183 1305 2253 cogitat
1327 2181 1567 2236 futurum
1592 2195 1711 2236 esse
1736 2180 1823 2251 ju-

244 2274 449 2330 dicium.
493 2274 682 2332 Sisara
725 2277 1117 2347 interpretatur
1158 2276 1271 2348 equi
1311 2276 1455 2331 visio.
1499 2276 1584 2331 Isti
1610 2277 1698 2347 qui
1733 2292 1831 2345 pu-

243 2376 397 2440 gnant
417 2366 613 2424 contra
637 2368 900 2439 pOpulum
931 2379 1077 2424 tuum
1101 2409 1117 2433 .
1150 2384 1255 2423 non
1282 2380 1401 2423 sunt
1430 2368 1499 2423 dc
1520 2383 1684 2438 grege
1707 2378 1823 2437 tuo,

244 2458 379 2515 etde
410 2460 704 2528 pecoribus
748 2462 854 2517 tuis
878 2505 893 2529 ,
936 2460 1032 2517 sed
1062 2461 1131 2516 de
1155 2462 1310 2530 equis
1339 2461 1429 2532 qui
1457 2460 1735 2515 insaniunt
1774 2463 1831 2515 iu

242 2551 477 2607 feminas.
525 2552 618 2607 Isti
666 2567 797 2624 ergo
834 2554 958 2623 equi
1000 2568 1218 2623 semper
1272 2553 1448 2623 parati
1482 2554 1534 2607 in
1584 2555 1830 2623 praelium

242 2656 380 2702 sunt.
434 2647 590 2703 Sicut
636 2645 812 2701 Iabin.
868 2648 1025 2702 .labin
1074 2647 1466 2717 interpretatur
1523 2645 1830 2701 intellectus.

241 2738 333 2806 Qui
362 2740 463 2796 sibi
495 2740 553 2795 in
585 2755 678 2795 sua
702 2740 974 2810 sapientia
995 2741 1278 2796 conﬁdunt
1300 2784 1315 2809 ,
1349 2750 1406 2797 et
1434 2758 1540 2797 non
1574 2743 1627 2796 in
1659 2741 1833 2813 gloria

241 2831 351 2889 Dei.
376 2830 535 2889 Facti
558 2846 675 2888 sunt
699 2845 756 2888 ut
799 2842 991 2889 stercus
1023 2844 1191 2890 terrae.
1223 2833 1308 2890 Illi
1331 2836 1423 2905 qui
1460 2834 1836 2907 gloriabantur

239 2923 289 2979 in
315 2926 560 2982 exercitu
587 2969 602 2994 ,
636 2925 729 2997 qui
755 2924 1028 2981 habebant
1054 2927 1354 2997 principem
1382 2927 1581 2993 Assur,
1604 2936 1658 2982 et
1686 2925 1833 2982 dice-

240 3015 369 3073 bant
408 3037 420 3073 :
474 3017 535 3073 In
578 3019 775 3073 emtum
827 3020 1150 3086 ascendam,
1192 3035 1300 3075 non
1326 3021 1502 3076 solum
1536 3021 1589 3076 in
1631 3028 1834 3076 terram

239 3113 585 3180 ceciderunt,
617 3113 711 3191 sed
738 3113 801 3169 in
826 3121 974 3168 terra
998 3125 1214 3169 stercus
1243 3114 1369 3169 facti
1397 3125 1542 3169 sunt.

304 3203 451 3261 Pone
467 3187 728 3278 principes
751 3222 947 3261 eorum.
965 3204 1241 3272 Quorum?
1263 3205 1364 3274 Qui
1381 3215 1625 3276 pugnant
1646 3215 1835 3261 contra
1864 3187 1911 3253 ί]

237 3299 491 3370 pupulum
519 3310 695 3355 tuum.
720 3300 868 3355 Sicut
886 3298 1018 3353 Oreb
1033 3312 1079 3352 et
1101 3298 1279 3368 Zeb,et
1298 3298 1543 3365 Zrbee,et
1560 3299 1835 3354 Salmana.

240 3390 422 3448 Omnes
444 3394 706 3465 principes
726 3408 926 3447 eorum.
952 3392 1170 3463 Legissc
1193 3405 1292 3446 vos
1314 3399 1441 3462 puto
1466 3390 1749 3447 historiam
1784 3392 1836 3446 in

233 3486 482 3542 Iudicum
509 3487 656 3543 libro
688 3505 699 3540 :
729 3486 983 3558 quoniam
1016 3485 1237 3541 Gedeon
1262 3486 1354 3557 qui
1376 3498 1601 3541 vocatur
1619 3484 1727 3539 alio
1747 3498 1837 3539 uo-

234 3579 376 3636 mine
423 3579 685 3637 Jerobaal
708 3624 722 3650 ,
758 3594 860 3650 pro
889 3580 1094 3651 populo
1126 3579 1221 3636 Dei
1252 3594 1523 3652 pugnans,
1562 3579 1664 3634 hos
1704 3594 1838 3650 qua-

231 3679 352 3727 tuor
380 3687 541 3743 reges
565 3671 758 3728 vicerit
788 3671 1199 3728 etinterfecerit
1224 3688 1319 3728 eos
1341 3671 1540 3743 (Judic.
1571 3689 1622 3727 vt
1643 3681 1689 3727 et
1712 3671 1831 3744 vn).

303 3764 497 3821 Videte
538 3764 729 3834 quales
756 3775 883 3819 sunt
929 3764 1206 3836 principes
1233 3764 1653 3820 Madianitarum
1681 3807 1696 3831 ,
1742 3764 1835 3834 qui

228 3856 575 3928 reliquerunt
597 3854 861 3927 judicium
893 3855 987 3910 Dei
1019 3874 1034 3910 :
1071 3856 1203 3912 Oreb
1223 3896 1238 3923 ,
1272 3866 1318 3911 et
1346 3855 1469 3921 Zeb,
1493 3863 1538 3911 et
1570 3854 1754 3922 Zebee,
1786 3863 1837 3909 et

230 3947 507 4004 Salmana.
540 3946 676 4017 Quis
716 3956 871 4019 putat
920 3947 973 4002 in
1012 3947 1133 4003 istis
1173 3948 1354 4003 verbis
1401 3962 1526 4003 esse
1571 3947 1832 4018 mysteria

226 4036 574 4097 Salvatoris?
615 4040 825 4112 Legunt
853 4043 955 4096 hoc
986 4041 1328 4112 philosophi,
1363 4048 1420 4095 et
1447 4040 1695 4095 irrident.
1730 4039 1833 4094 Le-

148 4117 159 4128 ’
226 4141 360 4201 gout
378 4132 670 4203 rhetores,
703 4142 759 4189 et
783 4142 977 4204 putant
1005 4148 1130 4189 esse
1167 4133 1550 4189 deliramenta.
1583 4131 1704 4188 Non
1734 4147 1830 4187 so-

222 4223 332 4281 lum
372 4236 564 4284 autem
591 4227 873 4296 rhetores,
917 4225 1013 4282 sed
1054 4236 1109 4282 et
1137 4226 1310 4281 Ιιιάειεί
1336 4243 1446 4281 non
1478 4225 1678 4281 habent
1718 4225 1833 4281 cla-

222 4333 342 4377 vem
370 4320 624 4377 scientia:
666 4338 679 4373 :
729 4319 985 4391 quoniam
1016 4319 1263 4376 velamen
1310 4318 1546 4389 positum
1590 4328 1675 4375 est
1705 4326 1831 4375 ante

223 4413 417 4469 oculos
464 4429 677 4470 eorum.
717 4413 865 4469 Oreb
911 4413 1303 4484 interpretatur
1332 4414 1596 4484 foramen,
1626 4413 1679 4467 in
1720 4427 1829 4482 quo

1931 1878 2090 1946 dcte,
2125 1880 2384 1950 quoniam
2432 1879 2667 1948 perditio
2691 1879 2780 1936 hic
2806 1894 2916 1937 non
2945 1880 3305 1938 abolitionem
3333 1889 3525 1949 sonat,

1932 1971 2028 2028 sed
2052 1973 2302 2026 Salutem.
2331 1971 2432 2040 Qui
2463 1973 2729 2041 sequitur.

2011 2063 2074 2119 Et
2104 2074 2417 2136 cognoscant
2442 2064 2567 2136 quia
2607 2081 2792 2121 nomen
2827 2063 2919 2120 tibi
2950 2063 3207 2121 Dominus
3237 2082 3257 2120 .·
3287 2075 3342 2125 tu
3387 2064 3532 2123 solus

1934 2155 2234 2213 Altissimus
2259 2158 2313 2212 in
2344 2159 2485 2213 omni
2509 2166 2667 2213 terra.
2695 2158 2881 2227 Erigat
2912 2172 2973 2213 se
3003 2158 3095 2229 qui
3125 2158 3240 2214 vult
3270 2170 3323 2213 ut
3354 2159 3533 2230 eriga-

1936 2260 2044 2306 tur.
2070 2249 2180 2306 Nos
2200 2248 2448 2306 dicamus
2470 2266 2482 2303 :
2504 2249 2585 2306 Tu
2607 2249 2755 2309 solus
2783 2248 3095 2307 Altissimus
3112 2250 3165 2307 in
3186 2250 3335 2306 omni
3367 2259 3533 2309 terra.

1934 2342 2296 2413 Quantnmvis
2324 2344 2519 2414 aliquis
2551 2345 2843 2408 exaltetur,
2880 2358 2979 2400 nos
3010 2344 3308 2401 habeamus
3342 2346 3532 2412 Deum,

1937 2434 2025 2491 cui
2054 2434 2321 2492 excelsius
2345 2450 2542 2492 nomen
2572 2444 2676 2501 est,
2708 2437 2795 2491 cui
2819 2443 2906 2492 est
2931 2436 3106 2507 gloria
3134 2436 3188 2492 in
3222 2438 3419 2494 saecula
3444 2453 3539 2494 san-

1937 2529 2203 2585 culorum.
2230 2531 2426 2585 Aman.

2404 2618 2728 2679 PSALMUS
2765 2619 3057 2677 LXXXIII.

1939 2712 2005 2767 In
2033 2713 2141 2783 [ine
2168 2710 2643 2784 pratorculttribus
2667 2711 2796 2781 ﬁliis
2828 2711 2978 2784 Core,
3021 2720 3072 2767 et
3097 2710 3365 2768 Psalmus.
3400 2714 3534 2770 Tres

2008 2781 2135 2839 sunt
2169 2781 2370 2855 psalmi
2423 2783 2515 2853 qui
2549 2799 2643 2852 pro
2676 2781 3025 2838 torcularibus
3062 2784 3530 2855 prtescribuntur,

2010 2853 2256 2921 octavus,
2289 2864 2344 2910 et
2381 2855 2771 2925 octogesimus,
2805 2862 2860 2907 et
2904 2853 3271 2923 octogesimus
3321 2855 3530 2911 tertius.

2009 2928 2243 2981 Octavus
2290 2926 2665 2995 priescribitur
2716 2925 2881 2979 David
2928 2944 2939 2977 :
2982 2927 3349 2996 octogesimus
3403 2943 3534 2982 vero

2012 2997 2384 3066 praescribitur
2412 2995 2597 3067 Asaph
2631 3015 2642 3048 :
2675 2997 3043 3067 octogesimus
3071 2995 3201 3052 vero
3243 2999 3440 3053 tertius
3471 2999 3534 3053 fi-

2012 3065 2100 3124 liis
2126 3066 2285 3124 Core.
2321 3069 2397 3123 Do
2437 3065 2591 3139 vobis
2617 3065 2853 3138 aliquam
2884 3069 3146 3139 regulam,
3178 3080 3238 3127 ut
3259 3071 3444 3125 sciatis
3476 3072 3530 3125 in

2011 3139 2307 3209 Scripturis
2358 3138 2485 3210 quid
2537 3139 2830 3194 observare
2873 3138 3139 3211 debeatis.
3194 3139 3532 3211 Quicumque

2013 3211 2256 3283 psalmus
2305 3212 2677 3281 praescribitur
2714 3212 2944 3283 liliorpm
2996 3210 3157 3283 Core,
3201 3211 3332 3266 nihil
3379 3210 3534 3268 triste

2014 3281 2201 3350 habet,
2231 3284 2326 3337 sed
2357 3296 2574 3346 semper
2603 3283 2723 3336 lata
2753 3281 3043 3351 significat.
3087 3282 3353 3351 Quoniam
3384 3287 3530 3338 enim

2012 3356 2174 3419 Core,
2209 3362 2263 3409 et
2294 3352 2528 3419 Dathau,
2562 3365 2613 3409 et
2656 3352 2857 3425 Abirun
2892 3353 3141 3425 fecerunt
3169 3365 3357 3411 contra
3388 3354 3532 3425 Moy-

2012 3440 2133 3492 seu,
2178 3436 2233 3480 et
2262 3439 2292 3478 a
2326 3425 2567 3497 Domino
2595 3422 2767 3494 puniti
2799 3437 2922 3479 sunt
2959 3444 2972 3475 :
3008 3424 3101 3478 lilii
3134 3426 3272 3482 Core
3300 3427 3394 3497 qui
3424 3422 3532 3482 non

2013 3504 2141 3551 sntit
2166 3495 2336 3550 secuti
2367 3504 2578 3565 patrem
2599 3512 2778 3558 suum,
2802 3504 3009 3550 aeterno
3030 3498 3231 3565 gaudio
3259 3495 3530 3554 benedicti

1960 3605 1969 3613 ι
2010 3579 2158 3623 sunt.
2191 3565 2459 3636 Quoniam
2508 3575 2690 3621 autem
2735 3567 2874 3621 Core
2915 3566 3309 3636 interpretatur
3340 3567 3531 3623 Calon-

2009 3639 2109 3705 ria,
2139 3652 2193 3694 ct
2234 3639 2577 3695 manifestum
2611 3646 2727 3706 est,
2777 3639 2922 3707 quod
2971 3640 3211 3694 Calvaria
3257 3639 3532 3707 signiticet

2010 3712 2189 3771 locum
2222 3708 2642 3765 resurrectionis
2677 3727 2691 3780 ξ
2722 3712 3049 3780 quicumque
3080 3708 3222 3765 ﬁlius
3260 3710 3400 3766 Core
3427 3721 3531 3777 est,

2010 3780 2156 3837 filius
2186 3787 2274 3836 est
2304 3779 2762 3845 resurrectionis;
2795 3779 3124 3851 quicumque
3171 3790 3352 3836 autem
3387 3780 3530 3836 ﬁlius

2006 3852 2430 3907 resurrectionis
2461 3860 2585 3917 est,
2639 3851 2771 3905 nihil
2810 3859 2991 3921 potest
3022 3850 3228 3908 habere
3256 3851 3400 3921 quod
3434 3853 3528 3907 tri-

2003 3931 2090 3981 818
2111 3933 2214 3980 εει.

2004 4037 2178 4104 Quam
2218 4034 2411 4091 dilecta
2451 4033 2789 4091 tabernacula
2828 4045 2937 4100 tua,
2981 4034 3204 4092 Domine
3242 4036 3529 4092 uirtutum!

1929 4131 2250 4204 concupiscit
2305 4140 2353 4185 et
2396 4130 2573 4201 deﬁcit
2614 4126 2793 4183 animo
2840 4145 2957 4183 mea
3009 4129 3063 4183 in
3113 4129 3250 4183 atria
3288 4127 3525 4183 Domini.

1930 4223 2138 4280 Deinde
2167 4222 2365 4278 dicitur
2394 4240 2405 4277 :
2439 4220 2594 4276 Beati
2615 4221 2702 4291 qui
2731 4218 2969 4274 habitant
2991 4220 3044 4273 in
3067 4220 3221 4275 domo
3244 4232 3356 4274 tua.
3384 4220 3523 4276 Vide

1926 4317 2032 4371 tria
2058 4330 2180 4372 esse
2203 4313 2581 4380 tabernacula,
2614 4322 2671 4368 et
2700 4312 2861 4380 atria,
2893 4324 2948 4368 et
2986 4311 3053 4367 ad
3084 4321 3389 4369 extremum
3417 4312 3516 4369 do-

1927 4426 2096 4467 mum.
2133 4410 2305 4478 Quam
2344 4409 2534 4465 dilecta
2574 4407 2912 4464 tabernacula
2945 4419 3068 4474 tua,
3097 4408 3326 4464 Domine
3352 4410 3522 4464 virtu-

222 4507 459 4565 coluber
498 4506 818 4579 ingreditur.
843 4506 954 4563 Zeb
997 4509 1387 4577 interpretatur
1412 4509 1586 4580 lupus.
1633 4506 1829 4563 Videte
1854 4575 1893 4580 _
1928 4506 2073 4561 tum!
2098 4505 2231 4575 Quae
2254 4514 2386 4562 sunt
2405 4506 2505 4561 ista
2539 4504 2933 4561 tabernacula?
2955 4504 3251 4563 Videamus
3279 4508 3526 4577 Evange-

220 4601 451 4656 nomina
509 4575 816 4671 principum
870 4575 1311 4656 adversariorum
1361 4575 1587 4655 Christi.
1614 4598 1823 4668 Zebee,
1854 4575 1907 4636 Π
1931 4599 2060 4655 lium
2092 4614 2160 4654 an
2200 4598 2357 4655 nobis
2393 4599 2635 4670 aliquam
2672 4597 3090 4669 significantiam
3122 4601 3382 4671 praebeat.
3414 4575 3523 4655 ho-

220 4694 412 4763 ltostia,
444 4696 551 4750 hoc
580 4702 684 4757 est,
713 4709 846 4763 quos
865 4694 1022 4765 lupus
1060 4694 1426 4751 suifocaverit.
1459 4695 1525 4749 Et
1544 4693 1823 4762 Salmana,

220 4787 445 4859 perfecti
466 4788 523 4841 in
548 4786 767 4841 malitia.
783 4785 977 4843 Videte
1002 4803 1130 4857 ergo
1155 4788 1432 4842 nominum
1461 4794 1825 4842 sacramenta.

291 4879 403 4947 Qui
433 4879 680 4933 dixerunt
709 4893 726 4931 :
752 4878 1055 4934 haereditate
1088 4879 1443 4951 possideamus
1470 4878 1827 4935 sanctuariunt

220 4966 339 5025 Dei.
374 4968 687 5036 Dixerunt,
722 4970 816 5025 sed
846 4985 955 5026 non
988 4972 1335 5041 perfecerunt
1366 4990 1377 5024 :
1411 4973 1534 5044 quia
1566 4971 1828 5031 Dominus

216 5063 510 5141 pugnabat
544 5078 646 5134 pro
681 5065 888 5135 popqu
917 5077 1036 5119 suo.

290 5153 445 5211 Deus
477 5172 640 5221 meus,
670 5173 805 5230 pone
822 5158 941 5214 illos
966 5166 1023 5212 ut
1048 5166 1233 5211 rotam.
1264 5155 1453 5213 Videte
1477 5158 1823 5215 clementiam

212 5249 551 5320 prephette:
585 5249 705 5306 Non
754 5260 1009 5322 precatur
1056 5258 1247 5306 contra
1278 5266 1404 5319 eos,
1458 5251 1555 5308 sed
1596 5268 1695 5323 pro
1722 5253 1822 5310 eis.

214 5338 427 5398 Videte
455 5342 585 5413 quid
612 5343 786 5400 dicat:
811 5344 957 5402 Deus
975 5360 1153 5414 meus,
1189 5346 1282 5417 qui
1313 5346 1451 5401 Deus
1473 5360 1534 5402 es
1562 5346 1823 5411 omnium,

212 5450 380 5491 meus
410 5437 637 5508 proprie
668 5437 830 5495 Deus.
867 5438 1005 5495 Deus
1030 5456 1188 5507 meus,
1221 5456 1354 5519 pone
1386 5438 1506 5494 illos
1552 5446 1609 5493 ut
1635 5447 1823 5493 rotant.

214 5524 327 5595 Qui
357 5528 524 5599 quasi
555 5528 967 5587 fundamentum
992 5531 1193 5585 habent
1226 5532 1277 5585 iu
1313 5531 1511 5586 malitia
1546 5549 1558 5584 :
1589 5546 1699 5585 non
1736 5530 1833 5585 ha-

1929 4694 2115 4765 quitur
2137 4694 2395 4750 Dominus
2413 4705 2468 4750 et
2488 4693 2621 4749 dicit
2654 4712 2666 4746 :
2696 4691 2885 4749 Facite
2907 4694 3062 4749 vobis
3087 4695 3293 4750 amicos
3320 4693 3390 4750 de
3417 4694 3521 4749 ini-

1929 4803 2038 4859 quo
2063 4803 2392 4853 mammona,
2428 4799 2483 4842 ut
2513 4803 2637 4843 cum
2663 4786 3001 4855 defeceritis,
3040 4789 3310 4858 recipiant
3339 4802 3436 4844 vos
3467 4790 3519 4841 iu

1929 4890 2131 4937 interna
2177 4881 2527 4937 tabernacula
2562 4879 2714 4953 (an.
2746 4878 2880 4953 xvr).
2935 4880 3141 4936 Videtis
3197 4895 3330 4951 ergo
3375 4883 3519 4950 quod

1931 4975 2172 5046 iniquum
2225 4990 2528 5029 mammona
2589 4976 2641 5030 in
2694 4975 2801 5030 ἱειο
2836 4974 3042 5030 saeculo
3072 4975 3276 5030 delicit.
3311 4972 3516 5029 Tamen

1926 5066 2272 5123 considerate
2311 5066 2451 5134 quod
2495 5068 2598 5123 iste
2653 5066 2874 5137 iniquus
2918 5067 3185 5136 justitiam
3230 5075 3520 5137 praeparat.

1928 5157 2236 5212 Mammoua
2273 5158 2324 5211 iu
2372 5156 2555 5228 lingua
2588 5158 2815 5213 Hebraea
2849 5158 3053 5213 divitiae
3101 5167 3521 5228 nuncupantur:

1927 5265 2037 5305 non
2064 5266 2280 5317 aurum,
2306 5258 2365 5305 ut
2392 5250 2615 5321 quidam
2648 5258 2856 5321 putant.
2887 5250 2965 5305 De
2987 5250 3173 5321 iniquo
3192 5266 3521 5307 mammona.

1928 5340 2069 5399 Vera
2101 5350 2187 5398 est
2215 5352 2269 5398 et
2313 5341 2624 5414 philosophi
2658 5341 2904 5412 quaedam
2941 5346 3253 5397 sententia:
3291 5362 3309 5396 ι
3339 5343 3528 5401 Omnis

1930 5436 2084 5493 dives
2108 5446 2201 5492 aut
2230 5436 2474 5507 iniquus,
2507 5444 2602 5492 aut
2629 5437 2799 5507 iniqui
2832 5436 3008 5490 Itu'l‘es
3033 5446 3135 5492 est.
3174 5455 3193 5489 ι
3230 5436 3527 5508 Propterea

1935 5533 2066 5589 dicit
2109 5532 2373 5588 Dominus
2400 5540 2564 5602 atque
2604 5530 2861 5586 Salvator
2893 5530 3039 5601 quod
3080 5529 3281 5586 divites
3308 5530 3530 5587 difficile

213 5619 395 5677 beant
418 5620 860 5691 fundamentum,
895 5625 990 5679 sed
1021 5626 1310 5689 vacillent,
1343 5634 1397 5681 et
1448 5640 1555 5681 non
1601 5632 1749 5680 stent
1776 5623 1832 5680 in
1936 5624 2314 5697 ingrediuntur
2355 5624 2657 5695 inregnum
2691 5623 2954 5677 t-(elorum
2987 5621 3171 5694 (Matt.
3203 5625 3339 5692 xu).
3378 5624 3533 5678 Dicat

215 5717 467 5773 malitia.
504 5718 649 5775 Sicut
689 5721 933 5793 stipulam
968 5733 1084 5776 ante
1125 5721 1311 5791 faciem
1346 5721 1510 5789 venti,
1541 5720 1673 5775 sicut
1702 5720 1837 5793 ignis
1939 5718 2174 5787 aliquis:
2203 5714 2493 5785 Quomodo
2520 5715 2789 5772 Zachaeus
2810 5715 3091 5784 ingressus
3112 5723 3197 5772 est
3224 5715 3277 5771 in
3306 5732 3532 5786 regnum

218 5812 312 5880 qui
355 5812 618 5866 comburit
654 5813 853 5869 silvam.
906 5812 1055 5869 Sicut
1081 5811 1370 5884 stipulam:
1399 5827 1508 5869 non
1549 5812 1689 5870 sicut
1731 5814 1841 5869 fru-
1942 5811 2520 5883 calorum,quidives
2544 5811 2682 5867 fuit?
2712 5809 2819 5867 Sed
2841 5808 2991 5866 dedit
3017 5810 3255 5879 divitias,
3279 5814 3534 5868 etstatim
