3954 6340
337 258 473 316 10Ἰί

1128 255 1476 315 APPENDIX
1515 256 1607 315 AD
1646 255 1892 319 TOMUM
1931 252 2282 313 SEPTIMUM
2324 254 2384 315 S.
2426 252 2833 313 lllERONYMl.

3492 246 3637 305 {072

336 370 691 426 commutavit
721 370 937 429 divitias
967 384 1134 442 regno
1163 371 1445 426 rmlorttm.
1473 371 1587 428 Non
1620 372 1779 442 dixit,
1813 373 1930 444 qui-
1957 373 2007 433 A
2036 371 2156 428 ser?
2175 370 2365 427 Videte
2381 386 2511 442 ergo
2527 371 2650 443 quia
2672 383 2833 425 nemo
2851 363 3272 437 transmigratin
3290 370 3512 419 montes
3527 361 3638 417 nisi

337 480 572 536 cumque
600 464 796 520 divites
825 463 1047 529 fuerint,
1083 480 1190 519 non
1222 463 1500 517 intrabunt
1544 465 1596 519 in
1624 480 1784 534 regna
1816 480 1931 521 etn-

334 558 514 613 lorum
548 576 560 609 :
592 556 691 612 sed
721 556 885 622 dixit,
925 556 1071 626 quod
1098 554 1322 611 difficile
1352 554 1548 611 divites
1574 556 1851 612 intrabunt
1878 558 1930 611 in

331 666 498 721 regna
530 651 812 707 caelorum.
852 649 1024 717 Quam
1050 650 1241 704 dilecta
1274 649 1611 705 tabernacula
1658 661 1765 718 tua,
1815 650 1929 707 Do-

331 746 478 800 mine
503 746 750 799 virtutum
767 744 787 796 ,ν
809 745 912 798 Alii
937 744 1253 800 desiderant
1280 745 1682 815 possessiones,
1706 745 1797 800 alii
1828 760 1934 801 sre-

331 839 439 893 culi
473 838 632 894 istius
661 838 901 904 divitias,
927 838 1018 892 alii
1051 852 1246 908 parere
1277 840 1329 892 in
1379 838 1536 894 istius
1590 839 1774 893 Sii‘CUll
1826 838 1930 893 Ec-

330 928 538 997 clesiis,
582 938 635 985 et
674 929 904 1000 gloriam
945 928 1184 1001 aliquam
1216 929 1421 986 habere
1458 931 1601 1002 apud
1649 931 1925 987 homines:

329 1024 469 1079 mihi
500 1024 601 1079 hoc
625 1024 807 1079 solum
838 1024 1177 1081 desiderium
1201 1034 1287 1081 est
1315 1025 1502 1082 videre
1522 1035 1725 1082 aeterna
1750 1026 1931 1082 taber-

328 1117 545 1172 nacula.
576 1116 671 1172 Illa
700 1116 830 1172 mihi
861 1117 1063 1173 dilecta
1098 1125 1227 1172 sunt
1258 1118 1636 1185 tabernacula,
1665 1117 1763 1173 ubi
1793 1132 1929 1173 con-

329 1208 578 1281 gregatio
608 1209 875 1265 virtutum
907 1220 1015 1277 est,
1051 1226 1157 1265 non
1191 1211 1474 1267 vitiorum.
1510 1210 1842 1285 Concupiscit
1882 1220 1929 1266 et

331 1300 508 1370 deﬁcit
558 1302 735 1357 anima
765 1318 882 1357 mea
916 1302 970 1355 in
1008 1302 1145 1356 atria
1180 1302 1393 1380 Domini
1432 1320 1450 1357 :
1484 1303 1588 1360 hoc
1616 1314 1701 1360 est
1751 1304 1927 1360 solum

327 1394 684 1462 desiderium,
714 1394 802 1450 hic
829 1394 982 1450 solus
1022 1409 1179 1450 amor
1220 1411 1373 1450 meus
1402 1436 1418 1463 ,
1460 1406 1520 1451 ut
1544 1395 1756 1451 videam
1792 1396 1927 1451 atria

324 1487 652 1544 tua.Videte
672 1487 944 1543 ordinem.
978 1487 1222 1543 Primum
1239 1487 1513 1544 desiderat
1544 1488 1925 1545 tabernacula:

325 1580 674 1636 tabernacula
707 1596 828 1652 quae
870 1597 980 1637 non
1013 1580 1221 1636 habent
1252 1580 1665 1637 fundamentum
1696 1600 1707 1635 :
1744 1582 1927 1637 taber-

320 1674 518 1729 nacula
539 1690 659 1746 qua:
683 1675 792 1730 cito
818 1682 1121 1729 mutantur.
1148 1674 1585 1730 Tabernaculum
1614 1676 1759 1731 enim
1784 1690 1929 1731 sem-

2037 466 2127 537 qui
2146 481 2333 537 passer
2352 473 2453 521 est.
2476 463 2546 519 Et
2570 472 2745 518 turtur
2766 448 2947 517 nidum
2967 462 3084 516 sibi.
3106 460 3216 516 Iste
3237 468 3322 515 est
3347 468 3546 523 turtur,
3563 454 3641 512 de

2035 575 2142 630 quo
2164 559 2368 615 dicitur
2394 558 2448 614 in
2479 556 2707 613 Cantica
2732 556 3111 611 canticorum:
3138 551 3256 609 Vox
3286 548 3519 606 turturis
3540 564 3640 602 au-

2035 651 2148 708 dita
2171 663 2252 708 est
2283 652 2337 707 itt
2367 661 2510 707 terra
2542 658 2727 706 nostra
2758 648 2934 722 (Cant.
2965 648 3050 720 tt).
3074 645 3275 701 Turtur
3307 645 3495 700 nidum
3515 641 3637 699 sibi.

2034 743 2240 801 Turtur
2278 752 2363 800 est
2388 743 2593 799 animal
2638 742 2932 798 castitatis.
2964 740 3168 796 Turtur
3195 752 3308 793 non
3338 736 3553 792 habitat
3581 735 3640 789 in

2033 837 2357 904 humilibus,
2371 837 2466 893 sed
2480 852 2592 893 sem
2602 852 2698 907 per
2714 836 2844 892 facit
2865 834 3024 890 nidos
3036 834 3137 888 sibi
3151 832 3204 887 in
3219 829 3467 887 excelsis
3478 827 3645 883 arbo-

2034 936 2205 991 ribus.
2224 934 2377 991 Sicut
2398 948 2529 1005 ergo
2545 948 2731 1003 passer
2743 940 2798 987 et
2812 939 2987 986 turtur
3002 943 3131 983 aves
3143 925 3468 984 castissime
3481 923 3645 979 nidos

2033 1026 2138 1083 sibi
2166 1028 2217 1081 in
2249 1025 2662 1082 sublimioribus
2692 1024 2894 1080 iaciunt
2923 1040 2935 1077 :
2970 1022 3050 1077 sic
3092 1034 3226 1092 ergo
3254 1016 3641 1080 tabernacula,

2033 1127 2089 1174 et
2109 1118 2245 1172 atria
2270 1126 2320 1174 et
2348 1117 2543 1173 domus
2573 1131 2681 1171 non
2706 1123 2833 1171 sunt
2858 1116 2909 1169 in
2934 1112 3127 1169 humili
3144 1112 3246 1167 ista
3267 1120 3446 1178 terra,
3469 1108 3644 1165 sedin

2033 1210 2273 1275 excelso,
2301 1209 2406 1267 hoc
2434 1219 2541 1276 est,
2577 1209 2629 1265 in
2656 1208 2839 1282 regnis
2861 1208 3149 1264 cmlorum.
3179 1205 3433 1276 Denique
3456 1201 3645 1259 videte

2032 1302 2160 1375 quid
2200 1303 2360 1359 dicat.

2104 1395 2255 1451 Beati
2283 1396 2375 1468 qui
2403 1394 2637 1451 habitant
2659 1396 2714 1449 in
2736 1394 2887 1449 domo
2919 1404 3032 1450 tua.
3063 1392 3119 1448 ln
3146 1389 3503 1448 tabernaculo
3524 1403 3643 1446 non

2032 1485 2362 1552 habitamus,
2397 1485 2495 1541 sed
2533 1485 2967 1556 peregrinamur.
3000 1483 3071 1539 Et
3103 1483 3154 1538 in
3185 1483 3329 1538 atrio
3371 1480 3642 1553 quamdiu

2031 1596 2243 1651 sumus,
2279 1595 2386 1637 non
2422 1579 2749 1646 habitamus,
2785 1577 2882 1635 sed
2910 1577 3342 1649 peregrinamur.
3374 1577 3451 1632 De
3478 1574 3645 1631 atriis

2032 1675 2179 1730 enim
2210 1672 2507 1730 transimus
2544 1672 2599 1727 in
2625 1671 2868 1727 domum.
2909 1669 3046 1726 Cum
3098 1678 3279 1727 autem
3316 1671 3643 1726 venerimus

323 1782 427 1837 per
456 1775 721 1832 mutatur,
765 1775 823 1822 et
856 1766 966 1820 huc
991 1766 1229 1836 illucque
1270 1765 1620 1821 transfertur.
1651 1764 1922 1821 Caeterum
1956 1774 2004 1835 Β
2030 1765 2083 1821 ἱη
2113 1766 2357 1833 domum,
2380 1764 2508 1836 quid
2540 1763 2785 1819 dicitur?
2813 1761 2964 1818 Beati
3002 1764 3090 1833 qui
3114 1761 3352 1816 habitant
3378 1762 3430 1816 in
3472 1761 3665 1835 domo,

325 1860 464 1913 atria
497 1874 605 1915 non
653 1867 783 1913 sunt
827 1857 1049 1928 quidem
1091 1858 1311 1923 domus,
1345 1857 1443 1913 sed
1491 1866 1669 1913 tamen
1719 1856 1927 1914 habent

323 1952 507 2020 aliqua
545 1951 925 2023 fundamenta,
960 1960 1016 2007 et
1040 1952 1109 2007 de
1133 1952 1275 2006 atrio
1300 1950 1568 2006 intramus
1593 1951 1646 2005 in
1677 1950 1919 2005 domum.

323 2044 435 2100 lste
463 2060 595 2116 ergo
642 2046 880 2116 primum
927 2044 1281 2102 tabernacula
1310 2043 1609 2111 desiderat,
1642 2053 1697 2099 et
1736 2052 1923 2115 postea

322 2139 529 2204 deﬁcit,
558 2147 614 2196 et
636 2154 821 2195 amore
847 2138 1080 2195 tabescit
1109 2148 1169 2194 ut
1191 2138 1372 2194 videat
1392 2136 1552 2204 atria,
1587 2146 1781 2193 etcum
1805 2138 1924 2194 fue-

320 2234 395 2288 rit
417 2232 468 2286 itt
491 2231 650 2298 atrio,
679 2239 809 2287 tunc
828 2232 989 2287 dicit:
1015 2230 1166 2286 Beati
1194 2232 1282 2303 qui
1313 2230 1548 2285 habitant
1573 2231 1628 2284 in
1646 2230 1919 2287 domotua.

396 2322 498 2379 Cor
540 2338 714 2377 meum
756 2332 804 2378 et
844 2339 967 2378 caro
1003 2339 1116 2378 mea
1141 2323 1526 2377 exsultaverunt
1552 2323 1604 2377 in
1637 2322 1805 2378 Deum
1849 2324 1925 2377 ui-

323 2430 465 2470 uum.
499 2413 729 2470 Difﬁcile
756 2425 840 2471 est
861 2425 1036 2470 utcor
1062 2423 1118 2471 et
1138 2430 1268 2470 caro
1296 2414 1529 2485 alicujus
1552 2414 1607 2469 in
1629 2430 1925 2473 commune

322 2508 694 2564 consentiant.
734 2508 791 2565 Si
820 2508 967 2564 enim
993 2508 1291 2564 secundum
1334 2508 1659 2580 Apostolum
1695 2510 1922 2580 spiritus

320 2609 529 2672 pugnat
552 2609 746 2657 contra
768 2612 1027 2666 carnem,
1047 2608 1103 2656 et
1130 2616 1262 2656 caro
1293 2609 1485 2656 contra
1517 2601 1766 2671 spiritum
1792 2598 1922 2673 (Ga-

321 2694 415 2747 lat.
444 2693 504 2764 v)
532 2712 545 2746 :
576 2692 851 2765 quomodo
897 2692 985 2749 hic
1026 2692 1181 2760 dicit,
1211 2707 1307 2749 cor
1336 2708 1515 2750 meum
1543 2702 1600 2748 et
1640 2709 1773 2750 caro
1800 2709 1917 2749 mea

321 2789 652 2845 exsultavit?
679 2789 793 2844 lloc
844 2806 949 2846 non
984 2797 1170 2860 potest
1198 2788 1415 2858 dicere,
1466 2788 1571 2845 nisi
1613 2788 1707 2846 ille
1740 2788 1830 2861 qui
1860 2790 1914 2844 in

320 2898 565 2939 amorem
607 2882 699 2938 Dei
732 2891 840 2937 tota
872 2890 1056 2938 mente
1084 2881 1300 2938 deﬁxus
1335 2890 1442 2939 est.
1476 2882 1579 2937 Cor
1619 2898 1826 2947 meum,
1870 2892 1920 2937 et

317 2992 440 3031 caro
468 2991 601 3030 mea.
630 2973 765 3031 Illud
796 2983 882 3032 est
905 2974 1051 3047 quod
1083 2974 1216 3032 dicit
1239 2983 1297 3031 et
1324 2976 1377 3030 in
1407 2977 1516 3033 alio
1547 2976 1669 3031 loco
1704 2994 1717 3029 :
1748 2974 1919 3031 sitivit

316 3068 373 3123 in
405 3077 457 3123 te
487 3068 664 3122 anima
698 3083 837 3136 mea,
869 3083 1034 3140 quam
1064 3066 1443 3136 multipliciter
1481 3067 1575 3123 tibi
1617 3082 1747 3122 caro
1794 3081 1917 3122 mea

2024 1870 2154 1914 tua:
2187 1858 2392 1914 Domus
2417 1873 2539 1929 quae
2570 1856 2741 1912 habet
2779 1855 3523 1923 fundamentum.‘Quoniam
3559 1855 3643 1912 de

2024 1952 2191 2009 domo
2213 1951 2370 2008 nobis
2397 1951 2547 2007 exire
2571 1966 2679 2007 non
2706 1949 2856 2017 licet,
2887 1949 2956 2005 de
2977 1950 3129 2005 atriis
3152 1950 3301 2005 licet.

2096 2044 2290 2101 Beatus
2311 2045 2388 2099 oir
2409 2047 2563 2117 cujus
2594 2051 2669 2097 est
2713 2040 2976 2097 auxilium
3014 2041 3108 2097 abs
3136 2049 3204 2095 te.
3252 2040 3362 2098 Nos
3401 2039 3636 2112 quidem

2026 2138 2403 2195 desideramus
2437 2135 2789 2191 tabernacula
2827 2144 2885 2190 et
2914 2134 3053 2190 atria
3086 2144 3140 2190 et
3176 2132 3399 2189 domum
3449 2142 3631 2198 tuam,

2025 2231 2123 2288 sed
2147 2231 2251 2288 hoc
2276 2230 2454 2301 ipsum
2487 2239 2548 2285 ut
2572 2243 2773 2299 capere
2803 2230 3079 2299 possimus
3100 2273 3115 2299 ,
3147 2243 3256 2284 non
3296 2236 3381 2284 est
3406 2226 3637 2284 virtutis

2026 2329 2255 2391 nostrae,
2285 2320 2384 2377 sed
2418 2319 2611 2375 auxilii
2643 2319 2743 2376 tui.
2776 2320 3112 2376 Ascensiones
3141 2320 3193 2373 in
3216 2320 3370 2374 corde
3389 2336 3486 2375 suo
3513 2321 3639 2375 dis-

2024 2415 2218 2487 posuit.
2276 2415 2411 2482 Quis
2440 2414 2713 2485 diSposuit
2758 2414 3118 2470 ascensiones
3162 2413 3220 2469 itt
3269 2413 3437 2470 corde
3478 2413 3633 2469 suo?

2000 2509 2230 2583 ‘Beatus
2256 2509 2342 2565 vir
2360 2509 2519 2579 cujus
2549 2519 2632 2565 est
2658 2508 2930 2564 auxilium
2959 2525 2989 2563 a
3016 2507 3285 2563 Domino:
3315 2507 3406 2563 ille
3433 2506 3636 2579 dispo-

2024 2606 2133 2661 suit
2162 2605 2515 2660 ascensiones
2546 2604 2599 2658 in
2642 2603 2811 2658 corde
2854 2616 2979 2658 suo.
3022 2600 3361 2673 Quicumque
3397 2612 3632 2658 sanctus

2022 2705 2131 2764 est,
2157 2695 2407 2767 quotidie
2438 2696 2495 2751 in
2528 2696 2713 2766 priora
2741 2694 3073 2759 extenditur,
3113 2702 3168 2751 et
3210 2694 3632 2766 praeteritorum

2023 2791 2389 2847 obliviscitur.
2450 2790 2753 2861 Pmpterea
2822 2788 3080 2845 dicuntur
3122 2796 3179 2845 et
3241 2788 3297 2844 in
3350 2787 3633 2844 Psalterio

2024 2886 2217 2955 psalmi
2260 2883 2528 2957 graduum
2558 2882 2905 2956 quindecim,
2936 2893 2994 2940 et
3023 2885 3237 2956 primus
3268 2884 3504 2940 dicitur:
3533 2883 3629 2940 Ad

2022 2980 2317 3036 Dominum
2348 2994 2469 3036 cum
2500 2977 2802 3034 tribularer
2833 2978 3091 3033 clamavi.
3122 2976 3192 3034 Et
3233 2979 3288 3033 in
3328 2977 3570 3034 secundo
3608 2997 3628 3033 :

2021 3072 2220 3128 Levavi
2240 3074 2429 3128 oculos
2451 3086 2606 3127 meos
2636 3071 2690 3127 in
2720 3079 2957 3138 montes,
2983 3070 3127 3127 unde
3142 3070 3332 3127 veniet
3349 3068 3627 3127 auxilium

321 3158 497 3232 (Psal.
529 3160 687 3230 un)!
723 3158 828 3215 Ista
861 3168 943 3214 est
969 3174 1100 3213 caro
1136 3173 1256 3229 qua:
1282 3158 1560 3215 desiderat
1606 3159 1914 3226 Dominum,
1945 3152 1992 3217 C
2024 3167 2177 3222 mihi.
2223 3164 2292 3221 Et
2338 3165 2393 3222 in
2424 3169 2587 3227 tertio
2620 3183 2634 3221 :
2661 3164 2906 3221 Lanatus
2933 3180 3054 3221 sum
3096 3165 3152 3221 in
3186 3164 3274 3221 his
3313 3181 3434 3235 qua:
3465 3165 3625 3223 dicta

316 3254 388 3309 de
428 3268 531 3323 qua
561 3254 614 3307 in
643 3253 750 3307 alio
780 3252 903 3308 loco
943 3238 1145 3308 dicitur
1182 3270 1193 3306 :
1228 3254 1293 3308 Et
1333 3254 1537 3310 videbit
1579 3254 1759 3311 omnis
1786 3269 1917 3311 caro

315 3347 560 3402 salutare
589 3345 684 3401 Dei
717 3344 873 3416 (1εαὶ.
906 3348 1021 3415 xL).
1054 3345 1146 3400 Illa
1177 3355 1358 3402 autem
1389 3362 1517 3405 caro
1544 3348 1613 3404 de
1642 3364 1746 3420 qua
1773 3349 1915 3405 dici-

315 3446 406 3492 tur
437 3455 448 3489 :
476 3435 668 3493 Omnis
697 3451 831 3492 caro
877 3435 1059 3492 fenum
1091 3437 1287 3511 (Eccli.
1324 3440 1464 3512 xtv),
1499 3455 1607 3497 non
1636 3439 1919 3497 desiderat

317 3531 631 3589 Dominum.
661 3529 765 3587 Cor
787 3547 959 3586 meum
981 3540 1028 3587 et
1054 3548 1177 3587 caro
1204 3534 1491 3590 ntea.V'ide
1517 3534 1646 3589 milii
1678 3534 1916 3607 aliquem

316 3624 710 3690 abstinentem,
741 3624 833 3695 qui
861 3633 1090 3680 mortem
1122 3628 1306 3680 carnis
1336 3643 1470 3696 sum,
1503 3628 1717 3683 lucrum
1766 3636 1919 3699 putat

317 3718 516 3772 animae
539 3730 672 3771 suae.
698 3714 829 3772 Haec
858 3724 1040 3771 autem
1074 3717 1256 3773 carnis
1282 3728 1409 3773 sunt
1428 3718 1655 3788 jejunio,
1681 3728 1737 3775 et
1776 3719 1918 3791 inju-

312 3807 433 3864 rie.
463 3807 710 3878 Denique
740 3816 794 3863 et
822 3808 1116 3877 Apostolus
1144 3809 1273 3880 quid
1301 3809 1464 3865 dicit?
1489 3810 1660 3879 Quem
1698 3810 1920 3868 tradidit

317 3904 536 3961 Satanae
566 3902 618 3957 in
649 3901 924 3958 interitum
956 3903 1168 3970 carnis,
1220 3914 1278 3959 ut
1321 3904 1547 3974 spiritus
1593 3904 1777 3962 salvus
1824 3906 1919 3962 ﬁat

315 3996 361 4057 il
386 3996 506 4052 Cor.
528 3993 606 4068 v).
638 3995 751 4051 Nisi
778 4010 910 4051 caro
932 4006 1147 4052 mortua
1180 3996 1367 4066 fuerit,
1396 3997 1627 4069 spiritus
1655 3999 1915 4057 viviﬁcari

314 4107 425 4147 non
475 4099 679 4161 potest.
721 4089 1017 4159 Propterea
1050 4091 1186 4147 dicit
1225 4100 1282 4147 et
1327 4094 1661 4163 Apostolus:
1691 4094 1917 4163 Quando

315 4184 592 4250 inﬁrmor,
629 4190 755 4238 tunc
777 4182 973 4239 fortior
1000 4197 1118 4239 sum
1140 4182 1339 4257 (llCor.
1370 4184 1490 4258 xu).
1514 4184 1835 4243 Consideret
1855 4202 1917 4245 se

315 4277 700 4347 unusquisque
738 4276 956 4347 quando
986 4277 1195 4348 jejunio
1232 4278 1413 4333 lassus
1438 4287 1603 4335 estet
1629 4281 1911 4338 defectus:

315 4368 595 4440 quomodo
623 4369 808 4424 anima
840 4370 1041 4441 vigeat,
1069 4371 1351 4441 quomodo
1382 4371 1520 4427 nihil
1564 4373 1714 4430 aliud
1762 4390 1917 4432 meus

316 4465 426 4521 nisi
471 4464 541 4520 de
588 4463 701 4520 Deo
744 4465 1057 4521 considerat
1092 4484 1103 4519 :
1135 4467 1414 4537 quomodo
1457 4484 1674 4539 semper
1721 4470 1912 4542 dicat,

314 4573 473 4628 quam
500 4556 691 4611 dilecta
710 4559 1044 4613 tabernacula
1068 4567 1180 4627 tua,
1210 4559 1433 4616 Domine
1452 4562 1738 4617 virtutum!

396 4648 604 4705 Etenim
626 4667 806 4721 passer
833 4650 1027 4706 invenit
1054 4652 1152 4706 sibi
1183 4654 1418 4722 domum,
1450 4663 1498 4709 et
1535 4664 1706 4711 turtur
1736 4657 1913 4712 nidum

258 4792 263 4797 .
315 4744 416 4800 sibi
446 4743 532 4798 ubi
559 4750 784 4816 reponat
816 4744 993 4812 pullos
1021 4761 1161 4801 suos.
1186 4744 1389 4801 Altaria
1424 4756 1530 4815 tua,
1570 4747 1790 4804 Domine
1811 4750 1915 4805 vir-

318 4846 514 4904 tutum,
543 4853 637 4893 rea:
675 4852 841 4903 meus,
871 4847 919 4891 et
945 4835 1086 4892 Deus
1124 4854 1290 4894 meus.
1338 4839 1563 4896 Interim
1594 4842 1914 4912 simpliciter

308 4929 764 5002 interpretemur.
782 4928 974 4986 Videte
994 4930 1122 5002 quid
1142 4931 1323 4987 dicat:
1350 4932 1631 5001 Desidero,
1663 4934 1908 5007 Domine,

310 5031 521 5078 mtcrna
555 5022 904 5079 tabernacula
938 5030 1027 5077 tua
1062 5040 1074 5075 :
1108 5024 1422 5093 concupiscit
1456 5034 1507 5079 et
1537 5025 1711 5095 deﬁcit
1735 5028 1910 5083 animo

309 5131 428 5170 mea
458 5116 514 5170 in
534 5117 673 5171 atria
694 5114 923 5172 Domini.
948 5116 1146 5173 Sedem
1172 5118 1408 5189 aliquam
1438 5126 1492 5174 et
1526 5119 1770 5175 nidulum
1792 5122 1911 5177 ani-

307 5222 415 5263 ma:
444 5224 602 5276 metu,
628 5218 683 5265 et
712 5209 930 5279 corpori
955 5224 1076 5266 meo
1091 5209 1292 5267 habere
1314 5210 1585 5268 desidero.
1617 5212 1765 5271 Aves
1787 5230 1908 5286 qua:

303 5299 481 5360 libere
524 5304 630 5360 huc
659 5314 823 5375 atque
864 5304 1001 5360 illuc
1044 5314 1345 5377 vagantur:
1380 5312 1561 5363 tamen
1612 5302 1899 5379 postquam

304 5395 637 5465 volaverint,
654 5396 858 5452 habent
887 5398 1063 5454 locum
1081 5408 1138 5454 et
1161 5397 1377 5454 nidulos
1400 5390 1490 5455 ubi
1518 5400 1898 5471 requiescant:

304 5500 512 5562 quanto
542 5492 714 5562 magis
744 5492 924 5547 anima
954 5508 1099 5559 mea,
1126 5501 1183 5549 et
1209 5508 1338 5549 caro
1361 5508 1480 5549 mea
1510 5493 1672 5550 debet
1691 5495 1796 5550 sibi
1821 5496 1898 5551 lo-

300 5595 426 5637 cum
452 5597 799 5654 prmparare,
826 5583 917 5638 ubi
949 5584 1117 5655 possit
1150 5586 1527 5656 requiescere!
1560 5585 1713 5642 Nunc
1739 5587 1899 5644 altius

300 5672 506 5745 aliquid
550 5674 933 5733 ascendamus.
984 5676 1040 5732 in
1073 5676 1306 5733 Domino
1334 5677 1550 5735 conﬁdo
1582 5697 1593 5730 :
1624 5679 1898 5749 quomodo

293 5765 479 5826 dicitis
506 5770 700 5828 animae
726 5786 884 5840 meae,
912 5772 1241 5845 transmigra
1280 5774 1333 5831 in
1367 5782 1581 5832 montes
1601 5775 1743 5832 sicut
1770 5790 1895 5847 pas-

2021 3267 2152 3315 sunt
2179 3255 2332 3323 mihi,
2367 3266 2423 3312 et
2443 3272 2665 3329 semper
2693 3256 2962 3327 procedit,
2989 3266 3046 3313 et
3074 3257 3309 3327 prolicit,
3336 3267 3392 3313 et
3421 3272 3625 3314 ascen-

2021 3352 2101 3410 dit
2122 3352 2175 3407 itt
2205 3350 2545 3407 sublimiora.
2569 3350 2724 3419 Quod
2752 3349 2906 3420 dicit,
2926 3350 3029 3407 hoc
3051 3358 3171 3408 est:
3191 3350 3531 3406 Ascanione:
3556 3352 3625 3406 in

2019 3447 2173 3502 corde
2199 3463 2293 3502 suo
2340 3446 2593 3518 disposuit
2624 3461 2643 3501 :
2672 3444 2826 3502 Felix
2851 3453 2939 3503 est
2965 3445 3058 3517 qui
3091 3445 3338 3517 quotidie
3372 3446 3619 3517 proﬁcit,

2020 3540 2113 3611 qui
2146 3555 2253 3595 non
2284 3539 2600 3594 considerat
2618 3537 2746 3609 quid
2768 3537 2886 3592 heri
2912 3537 3127 3607 fecerit,
3160 3537 3258 3595 sed
3288 3537 3418 3610 quid
3449 3538 3625 3595 hodie

2018 3632 2224 3703 faciat,
2273 3641 2328 3686 ut
2359 3630 2630 3702 proﬁciat.
2664 3629 2898 3686 Sanctus
2945 3630 3297 3687 ascensiones
3346 3632 3403 3687 in
3446 3632 3624 3689 cordo

2019 3739 2121 3781 suo
2144 3725 2317 3795 ponit,
2352 3733 2605 3795 peccator
2631 3722 3047 3780 descensiones.
3070 3722 3357 3792 Quomodo
3371 3725 3463 3795 qui
3485 3739 3621 3782 san-

2018 3826 2140 3874 ctus
2184 3827 2299 3886 est,
2342 3816 2589 3889 quotidie
2621 3816 2881 3888 proﬁcit:
2915 3818 2992 3873 ita
3035 3818 3130 3888 qui
3175 3830 3432 3889 peccator
3486 3829 3621 3887 est,

2019 3909 2263 3981 quotidie
2298 3908 2591 3965 decrescit.
2624 3907 2818 3964 Beatus
2848 3909 2925 3963 οὖν
2953 3912 3044 3980 qui
3079 3908 3310 3982 disponit
3346 3911 3620 3966 ascensio-

2019 4020 2110 4060 nes
2152 4004 2205 4058 in
2235 4002 2406 4058 corde.
2441 4001 2638 4058 Videte
2676 4002 3128 4071 consequentiam
3173 4001 3613 4072 Scripturarutn.

2018 4093 2087 4150 In
2116 4092 2249 4149 ualle
2274 4094 2625 4165 lacryntarum
2644 4094 2697 4147 in
2723 4092 2837 4147 loco
2856 4109 3006 4163 quem
3033 4093 3224 4165 posuit.
3252 4092 3354 4150 Ubi
3383 4093 3616 4160 dicitur.

2016 4189 2070 4243 in
2118 4187 2286 4250 valle.
2333 4201 2560 4243 necesse
2589 4194 2680 4243 est
2706 4194 2770 4241 ut
2796 4187 3107 4244 econtrario
3140 4186 3517 4258 intelligamus
3554 4196 3620 4245 et

2018 4292 2285 4338 montem.
2340 4280 2484 4353 Ergo
2533 4280 2868 4352 quicumque
2907 4279 3153 4355 disponit
3175 4279 3528 4338 ascensiones
3552 4280 3614 4338 in

2019 4373 2187 4431 corde
2217 4388 2346 4441 suo,
2401 4372 2496 4428 ubi
2546 4371 2757 4443 positus
2784 4372 2907 4427 est?
2947 4371 3017 4426 In
3051 4370 3186 4427 calle
3232 4372 3610 4445 lacrymarum.

2020 4466 2443 4524 Cousidcremus
2483 4466 2627 4537 quod
2659 4466 2712 4521 in
2762 4465 2905 4521 valle
2953 4480 3164 4533 sumus,
3203 4481 3310 4522 non
3337 4481 3527 4524 sumus
3554 4469 3615 4524 in

1939 4548 1993 4609 D
2019 4569 2224 4627 monte,
2253 4574 2368 4614 non
2398 4573 2586 4615 sumus
2616 4559 2671 4613 in
2702 4557 2959 4629 paradiso
2992 4576 3005 4612 :
3039 4572 3142 4614 nec
3169 4557 3227 4614 in
3258 4559 3497 4628 paradisi
3523 4560 3611 4618 al-

2018 4652 2277 4719 titudine,
2307 4651 2405 4707 sed
2431 4651 2484 4706 in
2528 4650 2839 4707 humilitate
2866 4659 3049 4719 terrae,
3080 4650 3389 4709 maledicta:
3418 4662 3611 4723 terra,

2016 4747 2324 4805 maledicta:
2363 4761 2487 4817 quae
2536 4744 2696 4801 nobis
2746 4743 2980 4800 tribulos
3012 4753 3069 4800 et
3113 4745 3296 4816 spinas
3348 4757 3615 4817 generat,

2014 4856 2137 4914 quae
2166 4841 2322 4897 cibus
2361 4838 2633 4911 serpentis
2661 4832 2768 4905 est,
2810 4837 2879 4894 de
2919 4852 3025 4909 qua
3054 4838 3256 4895 dicitur
3286 4836 3356 4892 ad
3383 4837 3560 4894 Adam
3588 4857 3606 4893 :

2014 4933 2186 4992 Terra
2216 4947 2297 5001 es,
2328 4941 2385 4989 et
2410 4932 2463 4987 in
2495 4941 2695 4989 terram
2725 4929 2854 4987 ibis.
2881 4930 3150 5000 Quamdiu
3172 4944 3308 5001 ergo
3333 4944 3526 4985 sumus
3552 4930 3613 4987 in

2012 5028 2155 5086 valle
2175 5027 2563 5097 lacrytnarum,
2588 5040 2694 5081 non
2716 5023 2990 5080 debemus
3012 5022 3216 5089 ridere,
3239 5021 3338 5078 sed
3363 5022 3610 5093 plorare.

2011 5120 2306 5190 Pr0pterea
2331 5116 2466 5175 dicit
2488 5128 2545 5176 et
2569 5117 2836 5174 Dominus
2868 5134 2883 5171 :
2911 5117 3061 5173 Beati
3083 5114 3303 5183 ﬂentes,
3344 5116 3470 5187 quia
3499 5115 3611 5187 ipsi

2008 5212 2265 5270 ridebunt
2288 5211 2508 5286 (Matth.
2533 5211 2610 5284 v).
2635 5210 2854 5266 Interim
2877 5224 3008 5282 ergo
3028 5208 3154 5264 dum
3175 5223 3368 5265 sumus
3383 5210 3437 5264 in
3460 5208 3612 5266 valle

2009 5305 2398 5377 lacrymarum,
2421 5305 2674 5361 saeculum
2690 5303 2794 5358 hoc
2817 5303 3182 5375 lacrymarutn
3203 5308 3311 5370 est,
3340 5317 3449 5356 non
3471 5316 3613 5373 gau-

2008 5396 2108 5454 dii.
2138 5396 2257 5454 Non
2287 5397 2549 5453 debemus
2577 5396 2775 5463 ridere,
2801 5394 3062 5463 quoniam
3107 5393 3211 5449 hoc
3241 5393 3509 5449 saeculum
3549 5405 3613 5453 et

2009 5492 2116 5549 hoc
2149 5505 2362 5564 tempus
2391 5492 2756 5564 lacrymarum
2784 5499 2892 5559 est,
2939 5488 3078 5546 illud
3116 5487 3322 5559 gaudii.
3371 5485 3442 5545 In
3469 5488 3613 5555 valle

2007 5586 2358 5658 lacrumarum
2386 5585 2441 5640 in
2466 5584 2577 5640 loco
2610 5599 2760 5657 quem
2790 5583 2981 5653 posuit.
3010 5579 3152 5649 Quid
3177 5589 3264 5637 est
3293 5579 3439 5652 quod
3462 5582 3613 5638 dici-

2006 5690 2096 5737 tur
2133 5696 2146 5734 :
2174 5680 2230 5735 in
2260 5679 2374 5735 loco
2402 5694 2553 5751 quem
2590 5677 2782 5751 posuit.
2810 5675 2879 5732 In
2907 5677 3048 5744 loco,
3075 5675 3181 5734 hoc
3208 5684 3317 5745 est,
3361 5677 3416 5732 in
3454 5678 3607 5735 valle

2002 5776 2391 5847 lacrymarum.
2419 5770 2487 5830 In
2503 5774 2615 5830 loco
2637 5788 2790 5845 quem
2810 5772 3002 5844 posuit.
3025 5769 3171 5830 Deus
3193 5784 3296 5828 nos
3322 5769 3509 5841 posuit
3529 5772 3601 5831 ad
