3954 6340
233 361 371 417 1073

1109 358 1540 417 BREVIARIUM
1581 357 1645 414 IN
1688 356 2018 416 PSALMOS.
2065 355 2315 415 PSALM.
2356 359 2643 417 LXXXIV.

3387 359 3527 417 1074

227 486 529 546 certamen,
561 482 623 531 ut
660 489 876 545 semper
902 478 955 529 in
994 472 1098 530 hoc
1124 489 1448 545 pugnemus.
1477 473 1661 530 Locus
1691 488 1822 543 ergo
1849 473 1905 535 Α
1927 473 2168 532 Joannes
2198 476 2343 531 inter
2365 491 2559 534 omnes
2579 477 2833 533 homines
2866 477 3040 547 major
3062 485 3167 533 est.
3195 476 3265 532 Et
3284 476 3329 532 si
3360 476 3527 532 vultis

226 569 348 636 iste,
381 570 487 625 hoc
513 579 618 639 est,
639 570 800 625 vallis
840 569 1229 641 lacrymarum,
1260 584 1369 625 non
1397 577 1483 625 est
1510 569 1679 639 pacis,
1714 582 1825 623 non

224 671 309 721 est
328 663 662 729 securitatis,
697 662 796 719 sed
826 662 1145 718 certaminis
1174 671 1336 732 atque
1364 661 1653 717 bellorum.

297 757 506 813 Etenim
526 758 913 813 benedictiones
937 758 1079 812 dabit
1106 758 1395 830 legislator.
1413 757 1571 815 Dicat
1593 757 1821 829 aliquis:

228 849 294 907 In
333 850 470 907 valle
508 851 879 924 lacrymarum,
913 853 968 906 in
997 850 1113 907 loco
1138 868 1287 924 quem
1318 853 1529 923 potuit,
1576 852 1642 907 ad
1693 866 1826 922 ago-

228 959 373 1011 nem,
400 941 506 999 hoc
521 951 627 1014 est,
651 943 719 999 ad
745 951 1024 1001 certamen
1053 958 1247 1014 :quare
1271 945 1451 1015 posuit
1474 943 1541 999 ad
1563 943 1825 1012 agonem?

227 1050 395 1108 quare
460 1050 701 1107 pugnare
766 1051 868 1092 nos
919 1035 1139 1093 voluit?
1187 1035 1493 1107 Respondit
1551 1035 1657 1091 sibi
1722 1035 1823 1106 ipsi

231 1128 522 1185 Psalmista
541 1170 556 1195 ,
585 1137 640 1184 et
665 1128 799 1185 dicit
828 1146 842 1184 :
875 1128 1172 1199 Propterea
1214 1129 1266 1183 in
1301 1128 1422 1183 loco
1449 1129 1553 1183 isto
1578 1142 1822 1199 pugnare

228 1235 330 1277 nos
359 1221 558 1289 voluit,
591 1229 651 1277 ut
679 1222 854 1293 possit
887 1222 1129 1278 tribuere
1157 1236 1405 1279 coronas.
1435 1220 1644 1276 Etenim
1673 1222 1825 1276 bene-

227 1314 476 1369 dictiones
507 1314 653 1369 dabit
694 1314 1010 1389 Legislator.
1032 1315 1158 1393 Iste
1189 1313 1496 1385 Legislator
1520 1358 1534 1383 ,
1583 1313 1687 1369 hoc
1717 1321 1821 1379 est,

227 1404 557 1478 agonotheta
586 1417 795 1471 noster.
830 1417 1117 1478 propterea
1142 1422 1242 1463 nos
1269 1421 1508 1478 pugnare
1540 1406 1735 1469 voluit.
1768 1415 1826 1462 ut

228 1512 329 1554 nos
356 1498 535 1568 possit
579 1497 924 1555 benedicere.
955 1498 1154 1555 Videte
1190 1499 1659 1568 consequentiam.
1691 1496 1825 1566 Quae

228 1600 358 1647 sunt
378 1599 563 1646 autem
583 1590 991 1647 benedictiones
1011 1591 1164 1646 istius
1177 1588 1557 1661 agnnothetze‘l
1576 1587 1736 1644 Ibunt
1759 1588 1826 1644 de

228 1685 418 1739 virtute
439 1685 501 1739 in
523 1686 781 1741 uirtutem.
817 1684 915 1740 llic
934 1687 1178 1752 vincunt,
1206 1694 1267 1739 ut
1296 1683 1368 1739 ibi
1386 1690 1742 1739 coronentur.
1763 1680 1823 1738 Si

230 1778 318 1834 hic
347 1779 432 1834 vir
462 1778 617 1835 fortis
664 1779 1002 1849 apparuerit,
1033 1780 1104 1834 ibi
1136 1779 1414 1835 robustior
1446 1776 1538 1841 lit,
1580 1776 1727 1831 ibunt
1758 1777 1823 1830 de

1929 568 2092 635 scire,
2123 569 2240 639 ipse
2265 578 2352 626 est
2396 570 2779 649 angelusqlste
2815 580 3000 627 autem
3050 561 3143 642 qui
3174 570 3228 626 in
3255 577 3403 625 terra
3426 584 3527 625 an-

1929 661 2084 732 gelus
2105 672 2209 726 est.
2226 662 2278 719 in
2311 665 2575 721 oculorum
2602 681 2769 737 regno
2801 664 3133 721 novissimus
3160 674 3265 733 est,
3289 666 3395 719 hoc
3417 671 3525 730 est,

1927 756 1997 813 ab
2018 757 2225 827 angelis
2252 758 2434 813 minor
2463 769 2569 815 est.
2591 760 2694 829 Qui
2727 769 2909 816 autem
2933 758 3190 815 minimus
3221 767 3308 815 est
3336 759 3391 815 in
3420 773 3520 815 re-

1927 863 2033 919 gno
2060 849 2347 918 cmlorum,
2373 851 2475 907 hoc
2512 861 2621 922 est,
2652 852 2900 924 angelus,
2928 851 3101 920 major
3150 858 3235 905 est
3274 850 3342 906 ab
3388 850 3514 917 isto,

1928 942 2019 1012 qui
2053 942 2105 996 iu
2147 949 2291 999 terra
2335 945 2589 1000 omnibus
2618 946 2793 1016 major
2820 954 2925 1001 est.
2957 946 3070 1002 lloc
3109 951 3193 1000 est
3222 958 3353 1016 ergo
3379 944 3528 1014 quod

1928 1049 2073 1091 nunc
2105 1036 2369 1106 propheta
2398 1038 2534 1094 dicit
2562 1038 2749 1113 :Elegi
2772 1039 3004 1113 abjeetus
3029 1053 3138 1093 esse
3163 1037 3218 1091 in
3244 1036 3397 1094 domo
3424 1035 3526 1090 Dei

1929 1130 2050 1193 mei,
2084 1129 2185 1184 hoc
2211 1139 2318 1196 est,
2364 1132 2546 1188 minus
2575 1147 2701 1189 esse
2756 1132 2901 1187 volui
2944 1132 2999 1186 in
3030 1145 3203 1200 regno
3234 1130 3523 1198 caelorum,

1927 1234 2087 1290 quam
2129 1220 2183 1275 in
2233 1220 2340 1276 isto
2372 1223 2578 1278 sreculo
2616 1222 2845 1294 primus.
2899 1222 3051 1295 Elegi
3076 1221 3306 1295 abjectus
3335 1220 3523 1276 essein

1927 1317 2081 1372 domo
2103 1317 2203 1373 Dei
2227 1318 2349 1386 mei,
2392 1336 2548 1389 quam
2576 1319 2812 1375 habitare
2839 1321 2893 1374 in
2922 1318 3265 1380 tabernaculis
3289 1326 3530 1390 peccato-

1926 1428 2065 1466 rum.
2097 1412 2475 1469 Tabernacula
2524 1430 2630 1469 non
2686 1413 2891 1469 habent
2946 1412 3379 1477 fundamentum,
3429 1408 3530 1466 sed

1928 1512 2331 1574 pertranseunt.
2364 1506 2568 1562 Tamen
2620 1505 2711 1577 qui
2761 1513 3014 1576 peccator
3059 1512 3173 1572 est,
3224 1516 3521 1573 numquam

1927 1597 2115 1653 incolit
2147 1606 2372 1667 terram,
2394 1597 2489 1654 sed
2525 1596 2795 1653 inhabitat
2824 1605 2879 1651 et
2901 1596 3161 1666 possidet.

2003 1689 2140 1755 Quia
2169 1689 2577 1744 misericordiam
2615 1698 2665 1743 et
2702 1689 2976 1744 veritatem
3017 1686 3188 1759 diligit
3221 1685 3381 1741 Deus.
3409 1686 3529 1740 Duo

1926 1781 2101 1852 diligit
2123 1783 2270 1838 Deus
2296 1798 2309 1835 :
2343 1782 2772 1838 misericordiam
2804 1791 2859 1839 et
2880 1782 3192 1837 veritatem.
3219 1780 3279 1836 Si
3314 1788 3526 1834 tantum

227 1872 417 1925 virtute
446 1873 502 1926 in
527 1876 789 1929 virtutem.
836 1871 982 1943 Ergo
1011 1872 1116 1927 nisi
1147 1871 1235 1927 hic
1267 1850 1619 1927 habuerimus
1653 1869 1827 1925 virtu-
1854 1862 1905 1924 B
1931 1850 2242 1930 misericors
2255 1884 2620 1943 esset,omnes
2641 1889 2739 1929 nos
2768 1873 2837 1929 ad
2864 1881 3085 1943 peccata
3107 1870 3526 1943 provocaret.Si

232 1977 338 2026 tem
368 1985 385 2024 :
419 1968 494 2023 ibi
541 1967 797 2023 virtutem
825 1966 1088 2036 majorem
1123 1965 1333 2022 habere
1368 1982 1477 2022 non
1507 1979 1815 2037 possumus.

232 2062 419 2133 Neque
441 2060 592 2117 enim
619 2059 778 2126 dixit,
800 2058 956 2116 ibunt
971 2059 1040 2133 de
1064 2058 1436 2115 imbecillitate
1456 2059 1512 2115 in
1529 2059 1787 2115 virtutem
1811 2076 1823 2110 ε

233 2153 350 2221 sed,
380 2154 530 2209 ibunt
556 2152 623 2207 de
648 2153 839 2207 virtute
864 2152 918 2207 in
948 2153 1212 2206 uirtutem.
1239 2151 1333 2209 Vis
1368 2152 1443 2209 ibi
1474 2166 1596 2210 esse
1628 2150 1826 2207 fortis?

234 2250 376 2304 Ante
420 2247 508 2304 hic
557 2255 680 2302 esto
728 2245 905 2302 fortis.
935 2244 1029 2300 Vis
1059 2246 1129 2301 ibi
1153 2246 1443 2302 coronari?
1491 2245 1589 2302 llic
1619 2259 1821 2317 pugna.

237 2341 397 2399 Ibunt
443 2342 508 2396 de
537 2324 725 2396 uirtute
751 2341 806 2395 in
830 2340 1091 2395 virtutem.
1144 2338 1444 2397 Possumus
1474 2348 1528 2397 et
1560 2342 1720 2396 aliter
1748 2339 1831 2396 di-

234 2452 399 2495 cere:
425 2436 678 2494 Christus
705 2435 801 2493 Dei
823 2435 1024 2501 virtus,
1045 2445 1101 2492 et
1127 2436 1219 2493 Dei
1255 2436 1528 2508 sapientia
1557 2436 1599 2508 (1
1616 2435 1736 2490 Cor.
1762 2435 1827 2507 ι).

235 2530 336 2600 Qui
366 2529 458 2587 hic
482 2529 732 2585 habuerit
752 2529 1033 2595 virtutem,
1063 2537 1115 2584 et
1147 2529 1218 2584 ibi
1250 2530 1469 2585 habebit
1515 2529 1693 2598 ipsam
1717 2528 1830 2582 vir-

238 2633 427 2679 tutem.
460 2623 621 2679 Ibunt
666 2623 731 2677 de
753 2623 940 2678 virtute
968 2621 1022 2677 in
1051 2622 1313 2678 virtutem.
1358 2622 1499 2691 Quid
1548 2621 1831 2677 habebunt

237 2716 375 2774 lucri
405 2732 527 2773 cum
557 2716 722 2773 ierint
747 2716 813 2773 de
840 2716 1039 2773 virtute
1069 2718 1124 2772 in
1154 2716 1454 2774 virtutem?
1481 2716 1621 2786 Quid
1660 2716 1829 2771 habe-

237 2809 369 2867 bunt
399 2810 643 2882 praemii?
674 2807 951 2887 Videbitur
980 2808 1121 2865 Deus
1146 2809 1360 2865 deorum
1406 2811 1460 2864 in
1493 2808 1646 2865 Sion.
1680 2805 1834 2864 Beati

238 2905 443 2961 mundo
472 2903 661 2971 corde,
704 2905 962 2977 quoniam
994 2904 1095 2975 ipsi
1127 2904 1295 2959 Deum
1326 2903 1583 2959 videbunt
1604 2899 1826 2972 (Matth.

237 2996 331 3069 v):
368 2996 583 3055 Sufficit
627 2996 957 3064 victoribus,
991 2997 1185 3053 suflicit
1215 2997 1297 3053 eis
1338 2997 1433 3068 qui
1460 3002 1836 3067 pugnaverunt

238 3076 404 3145 facies
430 3088 653 3145 Christi.
687 3089 855 3145 Deum
883 3088 1096 3153 videre,
1131 3089 1336 3144 inllnita
1372 3103 1573 3143 corona
1598 3094 1702 3143 est.
1740 3086 1832 3141 Vi-

239 3184 444 3241 debitur
484 3183 624 3239 Deus
652 3184 871 3239 deorum
919 3184 976 3237 in
1009 3182 1160 3238 Sion.
1203 3181 1416 3252 Quanta
1469 3181 1657 3237 laetitia
1708 3188 1831 3247 est,

1931 1978 2138 2025 tantum
2156 1970 2435 2025 veritatem
2459 1970 2729 2039 diligeret,
2752 1983 2910 2024 nemo
2933 1982 3085 2039 spem
3113 1966 3342 2022 haberet
3361 1963 3529 2037 potni-

1931 2061 2137 2118 tentim.
2166 2062 2461 2131 Propterea
2505 2062 2613 2116 duo
2642 2060 2859 2132 quaerit,
2892 2068 2953 2115 ut
2980 2075 3045 2115 ex
3094 2060 3265 2115 altero
3292 2057 3523 2114 alterum

1931 2164 2219 2225 temperet.
2247 2155 2303 2212 Si
2336 2162 2592 2225 peccator
2621 2169 2702 2221 es,
2736 2153 2862 2209 audi
2894 2151 3302 2208 misericordem
3334 2149 3525 2215 Deum,

1932 2260 1988 2307 et
2017 2250 2124 2305 noli
2158 2250 2478 2321 desperare,
2525 2248 2621 2305 sed
2648 2263 2746 2319 age
2769 2246 3169 2319 paenitentiam.
3205 2245 3263 2302 Si
3291 2259 3419 2301 vero
3445 2244 3526 2313 jn-

1932 2352 2048 2400 stus
2098 2358 2180 2410 es,
2210 2343 2318 2398 noli
2351 2342 2626 2413 negligens
2654 2357 2796 2407 esse,
2830 2341 2951 2411 quia
2982 2340 3122 2396 Deus
3143 2338 3386 2395 clemens
3405 2347 3488 2393 est
3513 2354 3529 2392 :

1932 2436 2184 2508 quoniam
2208 2436 2352 2492 Deus
2379 2445 2434 2492 et
2453 2437 2626 2506 justus
2650 2444 2753 2503 est,
2784 2445 2838 2490 et
2869 2434 3148 2489 veritatem
3170 2433 3364 2503 diligit.
3392 2431 3531 2486 Cra-

1935 2533 2061 2585 tiam
2085 2540 2134 2585 et
2158 2530 2378 2604 gloriam
2398 2529 2541 2584 dabit
2564 2527 2844 2583 Dominus.
2878 2526 2998 2583 Non
3027 2526 3184 2588 dixit.
3221 2526 3447 2598 gloriam
3478 2533 3534 2580 et

1932 2624 2160 2696 gratiam
2188 2623 2339 2679 dabit
2369 2639 2383 2689 ;
2417 2622 2511 2678 sed
2556 2621 2722 2684 dixit.
2780 2621 3009 2692 gratiam
3040 2627 3096 2675 et
3120 2618 3348 2689 gloriam
3383 2614 3535 2672 dabit

1938 2715 2216 2772 Dominus.
2251 2714 2486 2771 Primum
2514 2713 2681 2767 donat
2706 2720 2945 2783 peccata,
2976 2718 3032 2766 et
3069 2718 3251 2781 postea
3280 2718 3527 2764 coronat.

2009 2806 2134 2862 Non
2159 2806 2378 2879 privabit
2407 2805 2554 2860 bonis
2593 2820 2679 2860 eos
2706 2804 2797 2876 qui
2826 2801 3094 2857 ambulant
3125 2802 3179 2855 in
3208 2800 3528 2856 innocentia.

1938 2899 2131 2956 Melius
2163 2900 2323 2956 habet
2346 2898 2401 2954 in
2436 2898 2693 2965 Hebraeo,
2740 2899 2795 2951 in
2828 2896 3164 2969 perfectione.
3216 2892 3532 2950 Innocentis

1937 2994 2082 3050 enim
2115 3009 2221 3050 non
2248 3001 2332 3049 est
2353 2991 2593 3063 perfecta
2618 2992 2792 3046 virtus
2821 2989 3114 3061 ;quoniam
3137 2988 3231 3059 qui
3266 2986 3531 3041 innocens

1939 3093 2046 3151 est,
2099 3084 2205 3140 nisi
2263 3084 2512 3140 habuerit
2569 3082 2945 3154 prudentiam,
2999 3096 3108 3136 non
3160 3090 3241 3135 est
3273 3076 3534 3150 perfectae

1938 3187 2432 3247 consummatteque
2478 3177 2713 3233 virtutis.
2762 3176 3057 3246 Propterea
3105 3173 3239 3229 dicit
3282 3170 3534 3228 etiamin

238 3287 437 3347 quanta
466 3276 724 3334 felicitate
745 3277 824 3334 ire
847 3276 915 3333 de
941 3279 1144 3332 virtute
1171 3247 1523 3340 in'virtntem,
1549 3272 1725 3330 ethoc
1749 3273 1832 3343 ip-
1863 3247 1912 3313 (ἶ
1943 3270 2239 3342 Evangelio
2264 3287 2276 3324 :
2310 3270 2498 3325 Estote
2540 3268 2837 3339 prudentes
2861 3277 2922 3323 ut
2950 3274 3258 3337 serpentes,
3288 3275 3346 3320 et
3401 3264 3536 3318 sim-

240 3385 357 3427 sum
376 3370 577 3427 habere
599 3372 904 3442 prtemium,
925 3379 986 3427 ut
1003 3369 1278 3428 Christum
1291 3369 1475 3425 videre
1496 3369 1833 3425 mereamurl

309 3461 587 3519 Protector
608 3472 781 3520 noster
811 3464 1003 3537 aspice,
1039 3461 1206 3527 Deus,
1233 3472 1284 3518 et
1330 3462 1526 3536 respice
1556 3463 1610 3516 in
1651 3461 1837 3533 faciem

242 3554 437 3612 Christi
463 3557 562 3615 tui.
592 3555 788 3613 Videte
816 3555 946 3627 quid
995 3555 1180 3611 dicat:
1216 3554 1286 3609 Et
1329 3556 1525 3626 respice
1552 3555 1608 3609 in
1652 3556 1838 3626 facient

244 3648 437 3707 Christi
464 3651 561 3704 tui.
584 3649 652 3704 Et
672 3649 999 3721 deprecatur
1030 3649 1215 3714 homo,
1239 3657 1300 3704 ut
1330 3656 1487 3719 pater
1515 3646 1747 3717 aspiciat
1780 3646 1836 3701 in

243 3741 435 3800 faciem
494 3744 616 3801 lilii.
671 3743 779 3800 Sed
829 3742 951 3799 vide
996 3742 1123 3814 quid
1179 3741 1344 3798 dicat.
1402 3740 1668 3809 Quoniam
1702 3739 1841 3795 dixit

242 3837 543 3909 Apostolus
574 3858 589 3895 :
621 3838 703 3894 An
745 3837 1184 3910 experimentum
1232 3834 1479 3906 quaeritis
1519 3832 1637 3903 eius
1667 3832 1837 3903 quiin

244 3946 334 3988 me
362 3931 603 4002 loquitur
623 3929 872 3987 Christus
901 3929 974 4004 (ll
1005 3928 1126 3983 Cor.
1178 3924 1350 3997 xm)?
1379 3926 1445 3981 Et
1475 3939 1689 3980 rursum
1722 3923 1841 3995 ipse

244 4022 500 4081 Salvator
527 4023 669 4079 dixit
698 4040 711 4076 :
740 4022 842 4091 Qui
873 4037 969 4078 vos
1015 4020 1241 4091 recepit,
1277 4034 1362 4073 me
1392 4018 1585 4087 recipit
1617 4015 1836 4090 (Matth.

244 4116 304 4189 x)
333 4118 358 4171 ‘l
389 4116 535 4183 Ergo
574 4115 680 4172 hoc
730 4123 814 4171 est
860 4113 1004 4186 quod
1032 4113 1166 4169 dicit
1200 4130 1212 4166 :
1258 4112 1468 4183 reSpice
1525 4110 1580 4166 in
1628 4125 1751 4166 nos.
1780 4111 1838 4166 In

246 4210 407 4267 nobis
428 4209 572 4266 enim
596 4210 822 4282 respicis
846 4208 1012 4263 lilium
1042 4217 1215 4272 tuum,
1239 4207 1330 4278 qui
1356 4206 1563 4261 habitat
1582 4206 1633 4261 in
1661 4205 1840 4261 nobis.

324 4302 462 4369 Quia
492 4302 686 4357 melior
709 4310 782 4357 est
806 4301 917 4356 dies
944 4317 1049 4355 una
1077 4300 1132 4354 in
1159 4300 1308 4354 atriis
1332 4300 1455 4357 tuis.
1495 4298 1684 4355 Videte
1713 4297 1843 4371 quid

245 4393 394 4449 dicat
429 4412 441 4447 :
473 4394 603 4449 Dies
643 4410 769 4448 una.
814 4392 975 4448 Putat
1024 4390 1220 4462 aliquis
1268 4390 1349 4446 sic
1389 4390 1842 4461 intelligendum:

246 4486 449 4543 Melius
477 4486 609 4541 mihi
641 4487 809 4542 estin
853 4500 1021 4557 regno
1072 4483 1334 4540 caelorum
1367 4497 1559 4553 parum
1610 4483 1842 4554 habere,

245 4594 413 4651 quam
447 4577 537 4634 hic
576 4578 890 4646 totum,hoc
910 4584 1015 4646 est,
1049 4577 1101 4632 in
1127 4576 1231 4632 isto
1259 4576 1477 4632 sreculo.
1509 4577 1603 4633 Est
1630 4576 1844 4649 quidem

1943 3363 2109 3435 plices
2132 3371 2191 3416 ut
2215 3362 2479 3418 columbze
2509 3360 2729 3432 (Matth.
2754 3359 2835 3431 x).
2886 3359 3107 3414 Domine
3145 3360 3414 3413 virtutum.
3440 3354 3537 3410 Vi-

1940 3458 2065 3515 dete
2087 3457 2215 3529 quid
2244 3457 2411 3525 dicat,
2445 3455 2662 3510 Domine
2684 3455 2946 3510 virtutum.
2989 3452 3136 3523 Ergo
3163 3449 3380 3522 quando
3409 3462 3537 3519 pec-

1941 3559 2059 3619 cata
2088 3553 2264 3623 aliqua
2296 3550 2558 3607 habemus
2586 3549 2639 3604 in
2656 3547 2998 3603 nobis:Deus
3019 3545 3109 3616 qui
3145 3544 3400 3600 Dominus
3425 3541 3534 3596 vir-

1939 3654 2115 3702 tutum
2141 3654 2245 3712 est,
2279 3660 2384 3699 non
2414 3654 2496 3701 est
2520 3643 2782 3698 Dominus
2829 3649 3017 3697 noster
3046 3656 3061 3705 ;
3111 3639 3236 3711 quia
3270 3637 3534 3693 Dominus

1941 3756 2050 3795 non
2074 3746 2158 3796 est
2180 3746 2544 3810 peccatorum,
2564 3736 2658 3792 sed
2672 3736 2965 3805 jnstorum.
2989 3732 3182 3789 Beatus
3199 3734 3276 3787 vir
3292 3732 3380 3800 qui
3403 3748 3530 3803 spe-

1941 3841 2025 3888 rat
2046 3834 2099 3886 in
2128 3841 2191 3885 te.
2217 3830 2313 3886 Ille
2339 3839 2521 3901 sperat
2546 3830 2598 3884 in
2633 3827 2989 3898 Domino,qui
3007 3823 3392 3882 conscientiam
3422 3838 3533 3877 non

1943 3922 2102 3979 habet
2121 3932 2485 3994 peccatorum,
2507 3921 2597 3991 qui
2625 3920 2814 3976 oculos
2838 3918 3038 3975 liberos
3050 3916 3116 3973 ad
3138 3916 3338 3974 cmlum
3362 3916 3527 3970 levat.

1943 4014 2049 4072 Iste
2075 4024 2273 4086 sperat,
2289 4015 2377 4086 qui
2396 4014 2500 4070 scit
2520 4029 2626 4067 non
2647 4010 2936 4068 offendisse
2948 4025 3007 4066 se
3032 4009 3314 4066 Dominum
3337 4021 3525 4072 suum;

1941 4110 2029 4168 cui
2053 4118 2137 4167 est
2164 4108 2333 4180 gloria
2360 4108 2413 4163 in
2443 4106 2639 4163 saecula
2692 4105 3032 4161 saeculorum.
3065 4105 3261 4160 Amen.

2416 4241 2733 4300 PSALMUS
2770 4240 2857 4298 LX
2869 4239 3065 4297 XXIV.

1948 4376 2015 4433 In
2044 4377 2201 4447 ﬁnem
2232 4374 2458 4443 ﬁliorum
2485 4372 2635 4447 core.
2661 4370 2909 4447 Psalmus
2951 4364 3244 4447 hoc_tit‘ulo
3267 4372 3535 4447 prtermis-

2019 4434 2127 4504 tur.
2154 4434 2495 4517 Frequenter
2518 4444 2655 4511 dixi,
2680 4443 3009 4517 ubicumque
3041 4434 3228 4517 titulus
3269 4434 3375 4503 est,
3399 4435 3535 4517 ﬁlio-

2020 4537 2135 4577 rum
2165 4506 2315 4584 Coré,
2344 4517 2474 4573 nihil
2504 4506 2657 4569 triste
2686 4523 2789 4579 est,
2823 4506 3163 4584 sed'semper
3189 4510 3393 4584 laetum.
3418 4506 3539 4584 ’[τί-

2026 4592 2167 4647 stitia
2200 4578 2342 4645 enim
2376 4589 2563 4658 patris,
2591 4578 2822 4658 filiorum
2855 4578 3411 4658 gattd‘io‘consolatur.
3435 4578 3539 4633 De-

244 4638 307 4727 έι
330 4672 431 4726 ista
450 4670 805 4740 intelligentia
833 4686 939 4726 non
954 4671 1114 4726 mala.
1135 4671 1241 4728 Sed
1259 4686 1355 4727 nos
1373 4638 1717 4729 dicamusz-Si
1735 4687 1851 4742 pos-
1880 4638 1931 4699 Β
2027 4638 2776 4742 il‘i'tl'll—eﬁiiiliellllé—[iIlia!!!“
2834 4638 3540 4742 TEL083'6i9f,,“AI{i£‘}[“‘I_‘{°

246 4776 341 4823 set
366 4766 506 4836 fieri,
521 4773 579 4820 ut
605 4765 799 4836 aliquis
828 4781 933 4821 una
955 4765 1043 4821 die
1071 4773 1219 4822 esset
1240 4766 1291 4820 in
1309 4780 1473 4836 regno
1494 4766 1777 4828 caelorum.
1796 4773 1852 4822 et

250 4868 449 4933 postea
480 4858 939 4929 przecipitaretur,
970 4866 1118 4914 recte
1142 4857 1345 4914 diceret
1381 4877 1393 4911 :
1421 4855 1612 4912 Melius
1644 4867 1716 4912 est
1742 4858 1851 4912 dies

248 4969 368 5007 una
388 4953 441 5006 in
469 4952 617 5006 atriis
638 4951 759 5005 tuis.
785 4948 939 5005 Nunc
969 4964 1097 5005 vero
1125 4949 1268 5021 quod
1298 4948 1430 5005 dicit
1451 4964 1552 5004 una
1580 4948 1719 5017 dies,
1750 4949 1854 5006 hoc

248 5054 373 5110 est,
402 5044 544 5116 quod
575 5043 704 5100 dicit
744 5042 799 5099 in
824 5056 989 5114 regno
1016 5042 1297 5098 ctelorum.
1323 5040 1441 5099 Una
1472 5040 1563 5096 illa
1601 5040 1717 5097 dies
1744 5057 1852 5099 non

249 5137 426 5195 habet
465 5145 677 5193 noctem
704 5144 761 5192 et
800 5136 1076 5202 tenebras,
1105 5135 1199 5191 sed
1242 5150 1457 5206 semper
1490 5135 1579 5190 lux
1609 5143 1712 5191 est.
1750 5135 1854 5202 Qui

249 5247 399 5304 ergo
420 5246 526 5287 una
551 5231 641 5286 die
663 5231 716 5286 in
739 5244 905 5302 regno
930 5229 1197 5287 cmlorum
1218 5228 1398 5297 fuerit,
1427 5243 1642 5299 semper
1663 5228 1732 5283 ibi
1753 5237 1856 5285 est.

333 5325 489 5399 Elegi
529 5324 763 5397 abjectus
796 5339 904 5379 esse
932 5324 987 5378 in
1014 5322 1171 5377 domo
1202 5321 1297 5376 Dei
1345 5321 1468 5387 mei,
1496 5322 1665 5393 magis
1704 5337 1859 5390 quam

248 5418 504 5477 habitare
532 5418 588 5472 in
638 5416 985 5472 tabernaculis
1032 5423 1381 5489 peccatorum.
1428 5412 1544 5469 Hoc
1596 5412 1857 5483 estquod

247 5517 428 5575 etiam
462 5512 714 5571 Salvator
740 5512 814 5566 ait
834 5511 901 5568 de
926 5509 1135 5567 Joanne
1166 5526 1180 5564 :
1211 5511 1402 5578 Amen,
1433 5523 1593 5563 amen
1614 5507 1739 5564 dico
1767 5524 1859 5564 vo-

250 5610 377 5673 bis,
429 5605 686 5678 quoniam
716 5606 860 5661 inter
891 5610 1046 5659 natos
1073 5603 1357 5658 mulierum
1415 5617 1523 5657 non
1574 5612 1657 5658 est
1682 5601 1866 5672 major

245 5702 479 5761 Joanne
509 5698 743 5768 Baptista
764 5694 978 5765 (Matth.
1013 5693 1114 5766 xi).
1144 5693 1351 5752 Deinde
1379 5694 1519 5750 dixit
1545 5712 1558 5748 :
1587 5692 1715 5764 quia
1744 5694 1865 5767 ipse

247 5804 354 5858 est
378 5793 631 5867 angelus.
665 5791 731 5848 Et
771 5790 973 5849 deinde
999 5790 1137 5848 dixit
1165 5809 1180 5848 :
1214 5790 1316 5859 Qui
1346 5799 1528 5847 autem
1580 5791 1757 5846 minor
1782 5798 1868 5847 est

246 5893 318 5951 in
355 5901 530 5960 regno
549 5883 835 5955 caelorum,
855 5885 1031 5956 major
1048 5891 1131 5943 est
1150 5881 1266 5941 illo.
1282 5880 1490 5940 Sensus
1516 5880 1591 5940 ibi
1619 5883 1721 5941 iste
1741 5888 1826 5940 est
1850 5898 1863 5937 :

2028 4722 2347 4790 inveneritis
2369 4722 2605 4791 titulum,
2638 4728 2868 4798 ﬁliorum
2895 4722 3048 4785 Core,
3079 4722 3211 4798 nihil
3244 4723 3404 4777 triste
3454 4736 3542 4775 re-

2031 4804 2276 4876 perietis.
2304 4795 2765 4876 Frequenter‘dixi
2787 4795 2946 4862 Core,
2979 4795 3122 4876 quod
3154 4796 3543 4876 interpretatur

2032 4862 2283 4931 Calvaria:
2310 4862 2464 4928 locus
2493 4890 2505 4925 :
2542 4884 2765 4944 necesse
2805 4879 2890 4944 est
2918 4862 3222 4944 ιιιζιίιειιιιῐιΔ
3237 4862 3439 4944 aliquid
3463 4862 3543 4944 si-

2028 4946 2271 5017 gniticet.
2309 4945 2554 5017 Denique
2580 4942 2701 5017 qu_is
2733 4949 2822 5017 εει
2850 4940 2953 5017 is_te
2968 4937 3154 5017 Core?
3183 4935 3284 5003 Qui
3306 4933 3545 5017 dederi-

2033 5003 2136 5074 Eho
2170 5003 2500 5072 ascendebat
2528 5014 2578 5067 in
2598 5003 2840 5068 'Betliel.
2873 5010 3060 5066 Bethel
3086 5008 3267 5062 domus
3297 5004 3414 5060 Dei.
3452 5003 3545 5057 Di-

2031 5090 2262 5160 ligenter
2281 5086 2727 5160 animadvertite.
2750 5083 3087 5160 Quicumque
3111 5080 3164 5133 in
3193 5076 3411 5160 J‘ericho
3438 5084 3546 5139 est,

2034 5152 2099 5217 εἴ
2114 5161 2225 5215 vult
2278 5157 2358 5213 ire
2387 5156 2451 5210 ad
2479 5156 2703 5211 domum
2754 5152 2869 5218 Dei,
2905 5164 3127 5205 necesse
3154 5156 3239 5203 est
3273 5156 3334 5202 nt
3360 5160 3547 5202 ascen-

2034 5232 2145 5288 dat.
2172 5231 2312 5300 Ergo
2329 5228 2398 5285 de
2422 5225 2639 5300 Jericho
2659 5223 2799 5300 Core
2817 5232 3022 5300 no_ste_r,
3039 5221 3157 5300 hoc
3171 5226 3277 5286 est,
3294 5218 3546 5300 Elisaeus.

2034 5288 2283 5359 ascendit
2330 5303 2384 5355 in
2410 5299 2630 5354 domum
2662 5295 2758 5351 Dei
2785 5295 2838 5350 in
2867 5291 3080 5358 Bethel,
3110 5299 3165 5345 et
3194 5288 3548 5361 egrediuntur

2037 5375 2104 5430 de
2134 5372 2345 5435 Bethel.
2372 5372 2475 5427 hoc
2502 5380 2607 5433 est,
2630 5367 2699 5423 de
2730 5366 2891 5420 domo
2920 5363 3168 5435 Deithoc
3194 5359 3298 5431 est,
3320 5359 3389 5435 de
3419 5375 3549 5430 syn-

2038 5460 2204 5517 agoga
2257 5430 2359 5517 ubi
2388 5442 2534 5517 prius
2586 5430 2765 5517 fuerat
2806 5436 2999 5517 domus
3021 5433 3161 5517 _De_i,
3191 5430 3546 5517 egrediuntur

2039 5504 2191 5587 pueri
2224 5504 2751 5587 quadragintauduo,
2799 5516 2854 5587 et
2905 5504 3553 5587 illu.dun‘t_Elis:eum‘et

2040 5570 2182 5644 'Cbre
2196 5570 2466 5653 nbstrumv,
2492 5592 2547 5639 et
2565 5570 2783 5653 dicunt:
2798 5575 3062 5641 Ascende,
3082 5573 3275 5653 Calve;
3291 5570 3547 5653 ascende.

2038 5659 2221 5715 Calve.
2254 5658 2350 5714 Ille
2393 5643 2543 5711 venit
2571 5652 2638 5708 ad
2669 5652 2891 5707 domum
2934 5663 3109 5715 suam,
3143 5655 3197 5702 et
3238 5643 3551 5715 irridetura

2044 5714 2281 5802 parvulis
2306 5727 2515 5785 Bethel.
2574 5725 2777 5780 Verum
2809 5722 3042 5802 Elisaeus
3065 5714 3175 5802 ille
3216 5714 3551 5802 patientissi-

2042 5786 2183 5871 inus,
2209 5802 2300 5872 qui
2333 5804 2869 5872 propterea_venerat
2900 5790 3172 5872 inABetbel
3195 5786 3547 5872 utsalvare‘t,
3581 5835 3595 5853 ,

2041 5857 2277 5946 respexit
2300 5857 2358 5930 se
2389 5857 2716 5941 aliquando:
2740 5865 3003 5937 respexit,
3046 5870 3102 5919 et
3123 5859 3289 5931 jussit
3315 5857 3383 5914 de
3412 5857 3553 5914 saltu
