3954 6340
427 334 565 389 1075
634 348 639 353 ·

1211 328 1554 384 ΑΡΡΕΝῘΠΧ
1598 329 1688 383 AD
1724 329 1969 386 TOMUI
2005 325 2119 384 εει
2142 328 2367 385 TlMUM
2407 329 2466 385 8.
2510 328 2920 385 lllEliO\YMl.

3586 332 3719 391 1076

497 450 649 505 exire
665 448 801 503 duos
821 445 1853 515 ursos,etinterfecemntquadraginta
1869 445 2009 500 duos
2036 443 2375 513 Agehamus
2422 446 2794 502 misericordia
2829 487 2844 511 ,
2912 455 3195 517 propterea
3254 447 3407 503 venit
3449 448 3713 505 Salvator.

502 536 699 585 pueros
732 519 822 590 (lV
851 518 983 591 Reg.
1014 518 1095 589 tt).
1137 517 1229 573 Sic
1264 527 1321 591 et
1366 518 1624 591 Dominus
1672 529 1880 591 noster,
1909 517 2016 591 hoc

498 605 603 659 est,
635 587 822 646 noster
848 587 1011 651 Core.
1044 587 1168 644 eum
1203 589 1441 642 venisset
1471 588 1522 643 iu
1581 588 1792 653 Bethel,
1831 598 1885 641 et
1908 587 2022 642 vel-

498 665 567 718 let
599 662 918 719 ascendere.
947 661 1137 715 irrisus
1160 676 1187 713 a
1221 660 1479 728 parvulis.
1512 660 1667 728 jubet
1695 661 1852 714 exire
1883 659 2021 715 duos

497 749 682 799 ursos,
717 735 818 788 hoc
844 743 949 793 est,
982 732 1374 801 Vespasianum
1405 742 1458 785 et
1487 732 1689 797 Titum,
1711 742 1762 787 et
1794 731 2022 787 interfe-

496 815 690 861 cerunt
737 804 1096 875 quadraginta
1141 802 1278 858 duos
1332 817 1551 872 pueros.
1610 804 1711 870 Qui
1771 813 1903 875 sunt
1930 802 2017 875 isti

496 873 851 945 quadraginta
903 873 965 929 et
1001 874 1107 929 duo
1150 878 1301 942 pueri
1344 874 1366 926 ?
1409 875 1491 945 Al)
1539 888 1765 928 ascensu
1813 873 2018 929 Christi

498 964 666 1015 usque
710 947 775 1001 ad
815 946 1225 1000 suhvcrsioucm
1272 944 1574 1000 Jerusalem
1609 988 1622 1011 ,
1660 945 2014 1014 quadraginta

496 1030 548 1079 et
579 1020 691 1073 duo
712 1018 841 1073 anni
886 1030 1031 1072 sunt.
1070 1016 1368 1085 Diligenter
1394 1018 1642 1083 asuicite.
1672 1026 1727 1072 et
1747 1017 1827 1071 sic
1870 1020 2019 1071 iuve-

494 1092 678 1145 nietis.
710 1091 864 1144 Dedit
897 1096 1074 1155 itaque
1132 1089 1236 1141 illis
1266 1089 1442 1143 locum
1495 1088 1832 1157 pmnilentite
1879 1104 2017 1158 qua-

494 1163 735 1231 dragint't
765 1171 819 1216 et
842 1160 980 1231 duos
1005 1175 1177 1231 annos
1203 1171 1320 1225 post
1350 1160 1809 1231 resurrectionem
1838 1174 2013 1223 suam,

496 1228 617 1287 cuni
645 1233 709 1287 ad
741 1230 929 1287 Bcthel
980 1228 1317 1285 ascenderet.
1358 1229 1464 1285 Sed
1494 1231 1749 1297 quoniam
1780 1229 1855 1285 illi
1888 1230 2015 1284 irri-

494 1304 734 1358 dchztut:
769 1303 1034 1363 Aerende.
1057 1301 1252 1366 Calve;
1289 1302 1542 1367 ascende,
1574 1300 1775 1368 Calve;
1807 1302 2015 1373 egressi

495 1386 620 1430 sunt
647 1375 754 1429 duo
779 1376 913 1438 ursi,
943 1383 995 1428 et
1028 1374 1387 1429 intefeceruut
1413 1373 1555 1427 illos.

492 1467 832 1531 Benedixisti,
883 1465 1126 1534 Domine,
1152 1474 1340 1518 terram
1371 1474 1534 1518 tuam.
1571 1465 1645 1520 De
1664 1463 1905 1520 adventu
1932 1463 2016 1520 di-

418 1562 559 1616 citur
583 1559 905 1616 Salvatoris.
957 1558 1070 1612 lloc
1099 1559 1319 1626 proprie
1365 1555 1667 1611 secundum
1711 1555 2011 1612 historiam.

417 1653 693 1708 Czeterum
717 1649 1017 1706 secundum
1051 1649 1433 1719 tmpologiam,
1466 1663 1591 1704 cum
1621 1649 1923 1705 dixerimus
1946 1649 2015 1705 de

422 1744 671 1808 historia,
708 1752 894 1814 postea
922 1742 1190 1797 dicemus.
1236 1740 1580 1809 Benediaisti,
1637 1741 1881 1807 Domine,
1912 1752 2015 1798 ter-

2195 535 2419 591 Audiam
2443 537 2567 607 quid
2592 538 2837 608 loquatur
2868 538 2921 592 in
2949 554 3030 592 me
3061 535 3316 592 Dominus
3348 534 3509 593 Deus.
3567 538 3720 617 Multi

2124 639 2314 698 putant
2343 630 2565 699 quando
2599 631 2834 699 loquitur
2885 632 3100 702 Moyses
3149 641 3201 686 et
3232 631 3405 687 dicit:
3440 631 3559 688 huic
3586 632 3717 691 dicit

2124 718 2412 788 Dominus,
2443 733 2499 775 et
2539 721 2726 789 lsaias,
2757 732 2813 777 et
2842 724 3051 788 caeteri,
3098 730 3156 778 et
3186 738 3310 778 cum
3341 723 3544 781 dicitur
3574 742 3589 778 :
3622 724 3720 782 Fa-

2122 821 2267 867 ctum
2302 823 2387 867 est
2419 813 2643 869 verbum
2694 814 2907 870 Domini
2959 815 3027 870 ad
3056 814 3275 881 Isaiam,
3307 816 3427 872 sive
3479 816 3551 871 ad
3585 818 3717 875 Eze-

2120 901 2267 959 chiel
2312 905 2678 975 prophetam;
2711 906 2968 977 quoniam
3015 906 3319 963 forinsecus
3371 922 3558 964 sermo
3600 910 3711 980 tiat,

2119 1003 2175 1050 et
2197 1011 2294 1065 per
2325 998 2455 1053 istas
2506 1012 2669 1053 aures
2713 997 2901 1054 audiat
2932 999 3196 1070 propheta
3221 999 3364 1070 quod
3396 1000 3640 1072 loquitur
3679 1018 3711 1059 a

2120 1087 2387 1144 Domino:
2415 1089 2536 1145 Non
2577 1101 2661 1144 est
2694 1091 2788 1146 ita.
2842 1090 3089 1162 Denique
3141 1102 3197 1148 et
3226 1092 3490 1148 Dominus
3529 1102 3719 1151 noster

2119 1180 2249 1251 quid
2302 1180 2538 1249 loquitur
2580 1183 2646 1237 ad
2679 1182 2983 1240 Pharisteos
3031 1193 3085 1241 et
3115 1183 3379 1240 .ludaeos?
3429 1186 3521 1255 qui
3556 1185 3719 1243 habet

2118 1288 2280 1330 aures
2305 1275 2561 1331 audiendi
2590 1276 2773 1331 audiat
2801 1275 2955 1349 (Luc.
2978 1276 3119 1349 vm).
3150 1276 3219 1332 Et
3245 1277 3411 1333 Isaias
3431 1279 3512 1332 ait
3546 1294 3562 1331 :
3616 1279 3718 1333 Do-

2120 1368 2299 1421 minus
2327 1367 2532 1422 addidit
2559 1367 2694 1423 mihi
2722 1369 3019 1424 auriculam
3061 1366 3217 1440 (lsai.
3246 1369 3325 1438 ν).
3365 1367 3559 1424 Videte
3588 1368 3716 1439 quid

2118 1459 2267 1515 dicat
2298 1477 2311 1514 :
2341 1460 2604 1516 Dominus
2644 1459 2856 1515 addidit
2890 1460 3025 1516 mihi
3070 1460 3392 1516 auriculam.
3441 1460 3731 1528 Quoniam'

2118 1566 2226 1608 non
2262 1552 2530 1608 habebam
2557 1553 2702 1608 illam
2717 1553 3019 1608 auriculam
3043 1568 3164 1623 qua:
3196 1554 3249 1608 in
3273 1552 3445 1608 corde
3466 1562 3551 1607 est
3576 1569 3592 1619 ;
3620 1553 3716 1608 ad-

2118 1647 2253 1701 didit
2292 1646 2425 1702 mihi
2459 1654 2518 1701 nt
2546 1646 2642 1702 Dei
2676 1647 2877 1715 possim
2905 1647 3099 1704 audire
3128 1663 3434 1705 sermones.
3478 1650 3549 1706 Et
3573 1664 3715 1709 nune

2117 1755 2251 1808 ergo
2306 1739 2571 1811 propheta
2623 1740 3008 1813 quodcumque
3061 1744 3232 1810 audit,
3265 1743 3422 1800 audit
3446 1744 3499 1800 in
3524 1745 3712 1802 corde.

419 1855 532 1893 ram
557 1850 719 1892 ruant.
760 1837 876 1892 Hoc
897 1836 1133 1891 diximus
1155 1835 1226 1891 de
1254 1836 1488 1891 adventu
1513 1834 1829 1891 Salvatoris.
1854 1835 2018 1892 Terra
2049 1835 2099 1898 B
2126 1834 2358 1903 Quando
2386 1836 2528 1889 enim
2572 1836 2871 1891 clamamus
2917 1837 2971 1892 iu
2999 1838 3259 1893 cordibus
3308 1839 3536 1905 nostris,
3577 1839 3714 1896 abba

417 1949 538 2000 qutc
563 1943 616 1988 te
638 1930 963 1995 oﬁ‘enderat,
997 1945 1119 2000 quae
1153 1928 1478 1984 idololatriis
1504 1926 1683 1983 fuerat
1711 1927 2010 1998 inquinata,

420 2037 471 2081 te
515 2025 768 2080 veniente
798 2024 1002 2080 salvata
1054 2030 1157 2077 est.
1210 2020 1562 2087 Benedixisti,
1624 2020 1875 2083 Domine,
1907 2028 2016 2076 ter-

414 2135 530 2174 ram
566 2129 733 2171 tuam.
770 2115 1032 2183 Loquitur
1059 2123 1311 2184 peccator
1340 2123 1524 2181 postea
1562 2112 1775 2168 veniam
1820 2126 2013 2169 conse-

416 2221 596 2269 cutus.
632 2209 970 2270 Beuedixisti,
1002 2206 1248 2273 Domine,
1306 2215 1499 2261 terram
1524 2214 1686 2260 Mam.
1718 2204 1872 2261 Licet
1912 2206 2009 2261 tri-

416 2306 575 2359 bulos
607 2314 659 2358 et
697 2304 882 2368 spinas
910 2301 1175 2369 attulerit,
1209 2310 1388 2356 tamen
1413 2308 1667 2355 creatura
1708 2306 1802 2354 tua
1825 2307 1933 2369 est,
1955 2307 2010 2355 et

412 2398 538 2452 ideo
566 2397 766 2450 salvata
798 2403 904 2450 est.
930 2393 1168 2447 Avertisti
1198 2392 1550 2462 captivitatem
1573 2390 1760 2447 Iacob.
1802 2391 2005 2448 Eorum

410 2490 502 2559 qui
530 2488 586 2543 in
614 2486 830 2541 tlhristo
860 2485 1229 2540 crediderunt.
1260 2485 1503 2539 Avertisti
1525 2485 1883 2555 captivitatem
1908 2484 2008 2540 Ja-

409 2582 523 2635 cob.
555 2580 892 2651 Quicumque
920 2579 974 2634 in
1008 2579 1242 2649 pereatis
1268 2587 1376 2647 est,
1401 2591 1594 2648 captus
1625 2588 1860 2635 tenetur.

490 2674 751 2729 Remisisti
772 2675 1099 2745 iniquitatem
1120 2673 1282 2745 plebis
1307 2681 1430 2728 tute.
1451 2673 1564 2729 Non
1583 2681 1807 2743 propter
1832 2687 2000 2742 opera

410 2786 623 2833 eorum,
652 2768 748 2824 sed
781 2778 1005 2839 propter
1031 2765 1461 2822 misericordiam
1490 2776 1636 2822 tuam
1668 2766 1884 2821 salvasti
1909 2781 2005 2835 po-

408 2864 594 2933 pulum
624 2871 797 2916 tttttm.
828 2861 891 2914 Et
930 2861 1182 2930 aperuisti
1208 2861 1382 2916 omnia
1410 2872 1623 2933 peccata
1668 2878 1865 2914 eorum.
1900 2859 2005 2916 lis-

408 2970 515 3025 que
573 2954 638 3009 ad
690 2953 851 3008 linem
893 2952 962 3007 de
1004 2950 1234 3006 adventu
1292 2951 1585 3006 Salvatoris
1614 2953 1853 3020 psalmus
1893 2961 2001 3017 est,

407 3050 549 3103 sicut
580 3046 756 3111 dixit,
809 3046 1182 3102 misericordia
1236 3056 1290 3100 et
1341 3045 1557 3099 veritas.
1615 3044 1999 3100 Verumtamen

408 3155 577 3209 prope
605 3142 857 3194 timentes
883 3152 1007 3192 eum
1029 3137 1265 3191 salutare
1297 3134 1485 3205 ipsius,
1510 3145 1564 3188 ut
1591 3135 1854 3190 inhabitet
1876 3135 1997 3206 glo-

2118 1935 2292 1997 pater,
2322 1938 2378 1983 et
2411 1927 2620 1983 clamor
2640 1928 2732 1983 ille
2759 1928 2960 1984 silentii
2984 1940 3156 1997 est,et
3180 1930 3467 1986 silentium
3490 1932 3714 1990 auditur

2117 2036 2145 2075 a
2181 2021 2447 2077 Domino:
2481 2023 2560 2078 sic
2592 2030 2649 2078 et
2672 2023 2934 2079 Dominus
2954 2023 3193 2094 loquitur
3212 2024 3279 2079 ad
3310 2041 3408 2080 cor
3436 2037 3707 2096 uestrum,

2115 2116 2258 2184 quod
2285 2115 2502 2181 clamat,
2535 2116 2676 2173 abba
2706 2126 2879 2186 pater.
2910 2115 3038 2172 Ideo
3087 2132 3217 2187 ergo
3248 2133 3389 2172 nunc
3420 2117 3552 2173 dicit
3581 2134 3707 2189 pro-

2115 2206 2276 2279 pheta
2305 2226 2318 2263 :
2351 2208 2579 2264 Audiam
2614 2210 2740 2281 quid
2770 2210 3015 2279 loquatur
3059 2211 3216 2264 inme
3256 2208 3516 2266 Dominus
3548 2211 3707 2267 Deus.

2113 2300 2245 2357 Tale
2299 2301 2427 2371 quid
2484 2312 2540 2357 et
2600 2302 2818 2358 Abacuc
2884 2304 3144 2372 pr0pheta
3199 2302 3381 2358 dicit:
3433 2303 3607 2361 Stabo
3654 2304 3707 2361 in

2113 2395 2605 2466 contemplatione,
2656 2410 2712 2452 et
2748 2396 2961 2452 videam
3013 2397 3142 2468 quid
3194 2397 3521 2466 respondeat
3578 2396 3707 2457 mibi

2112 2487 2403 2554 Dominus,
2435 2498 2489 2545 et
2516 2489 2646 2559 quid
2688 2490 3047 2559 respondeam
3092 2491 3160 2545 ad
3192 2506 3316 2546 eum
3358 2492 3381 2562 (
3408 2489 3571 2545 Abae.
3603 2508 3641 2547 ιι
3661 2490 3703 2564 ).

2110 2579 2180 2634 Et
2233 2581 2449 2634 audiam
2506 2582 2633 2653 quid
2698 2582 2938 2652 loquatur
2964 2583 3020 2637 in
3084 2598 3163 2637 me
3222 2582 3478 2638 Dominus
3544 2582 3702 2640 Deus.

2111 2670 2254 2741 Ergo
2276 2678 2332 2725 et
2356 2670 2458 2726 hoc
2478 2672 2620 2742 quod
2651 2672 2786 2728 dicit
2814 2689 2827 2728 :
2858 2673 3083 2727 Audiam
3112 2673 3236 2744 quid
3266 2674 3516 2747 loquatur
3546 2676 3601 2729 in
3628 2691 3703 2731 me

2110 2763 2367 2820 Dominus
2399 2763 2540 2821 Deus
2565 2782 2581 2820 :
2607 2768 2848 2838 loquitur
2876 2767 2930 2822 in
2958 2767 3144 2835 corde,
3164 2768 3402 2839 loquitur
3432 2769 3489 2823 in
3512 2784 3699 2825 sensu.

2114 2854 2286 2911 Vultis
2316 2857 2458 2911 scire
2490 2858 2670 2926 qualis
2708 2858 2781 2913 sit
2818 2857 3027 2913 clamor
3064 2858 3286 2914 cordis?
3333 2858 3509 2914 Vultis
3559 2858 3699 2917 scire

2106 2947 2362 3016 quoniam
2411 2948 2618 3004 clamor
2657 2950 2800 3021 apud
2847 2950 3018 3006 Deum
3053 2967 3157 3005 non
3192 2952 3369 3017 vocis,
3396 2951 3492 3008 sed
3524 2952 3697 3024 lacry-

2106 3055 2316 3096 marum
2360 3043 2486 3099 est?
2521 3043 2722 3099 Dicitur
2754 3045 2805 3099 in
2851 3045 3356 3101 Lamentatiuaihus
3400 3045 3693 3103 Jeremiaz:

2107 3131 2220 3187 Non
2252 3135 2417 3189 tacuit
2444 3136 2643 3205 pupilla
2665 3137 2807 3190 oculi
2841 3138 2946 3192 mei
2966 3137 3189 3208 (Thrrn.
3218 3138 3306 3209 ιι).
3331 3138 3591 3206 Quoniam
3616 3140 3699 3194 lo-

408 3236 486 3291 ria
515 3237 572 3290 in
598 3244 743 3290 terra
771 3243 975 3287 nostra.
1011 3231 1147 3286 Vere
1171 3231 1315 3287 enim
1333 3230 1502 3299 gloria
1534 3230 1624 3284 Dei
1660 3229 1920 3283 habitavit
1945 3229 1999 3284 in
2026 3222 2072 3285 Β
2107 3235 2294 3297 quetur
2320 3243 2500 3298 parem
2532 3229 2585 3282 ia
2605 3229 2801 3300 plebem
2829 3247 2997 3285 suam.
3020 3231 3243 3301 PrOpsie
3274 3230 3475 3286 dicitur
3505 3232 3609 3289 hoc
3627 3232 3695 3289 de

407 3337 549 3381 terra
614 3333 801 3379 nostra
833 3365 848 3389 ,
904 3332 960 3377 et
1022 3322 1218 3378 deinde
1280 3321 1486 3391 iustitia
1545 3322 1613 3376 de
1666 3321 1811 3377 coelo
1867 3336 1997 3391 pro-

407 3419 604 3486 spexit.
645 3418 857 3471 Etenim
888 3414 1148 3469 Dominus
1180 3412 1329 3469 dabit
1376 3413 1786 3483 benignitatem.
1822 3414 1996 3481 Quam

402 3510 843 3579 benignitatem?
882 3508 1049 3567 Terra
1100 3518 1282 3563 nostra
1342 3507 1493 3563 dedit
1540 3510 1771 3562 fructum
1813 3523 1994 3564 suum.

403 3601 593 3671 Maria,
616 3614 761 3657 terra
775 3609 979 3668 nostra,
1006 3615 1135 3657 caro
1156 3613 1362 3669 nostra,
1384 3599 1537 3654 dedit
1564 3600 1795 3656 fructum
1816 3617 1994 3657 suum.

402 3692 622 3749 Iustitia
668 3702 797 3749 ante
840 3708 964 3749 eum
994 3692 1305 3748 ambulavit.
1339 3693 1554 3748 Iustum
1586 3691 1821 3748 fructum
1846 3693 1998 3753 dedit

400 3795 545 3841 terra
570 3787 746 3855 virgo.
795 3786 909 3840 Hoc
950 3785 1162 3840 interim
1208 3784 1445 3840 diximus
1484 3784 1779 3841 secundum
1827 3786 1994 3840 histo-

401 3880 538 3934 riam
567 3898 579 3933 :
608 3894 750 3934 nunc
778 3879 1024 3935 dicamus
1061 3877 1359 3934 scetmdum
1393 3878 1752 3948 tropologiam
1779 3897 1792 3934 :
1821 3879 1998 3934 Remi-

399 3974 517 4028 sisti
541 3974 865 4045 iniquitatem
889 3972 1052 4043 plebis
1073 3982 1195 4028 ture.
1225 3971 1397 4029 Nemo
1436 3972 1681 4035 dimittit,
1718 3973 1820 4027 nisi
1847 3971 1992 4042 quod

399 4063 648 4120 debetur.
684 4064 951 4134 υνδε-αἰειί
979 4064 1158 4118 omnia
1181 4072 1390 4134 peccata
1440 4079 1643 4119 eorum.
1696 4062 1993 4122 Virtmibus

397 4157 661 4226 operuisti
687 4195 703 4222 ,
738 4166 794 4211 et
825 4165 1107 4226 propterea
1150 4167 1365 4226 peccata
1407 4170 1512 4210 non
1553 4166 1764 4227 parent.
1819 4161 1896 4212 Ac
1946 4157 1993 4213 si

397 4250 641 4305 diceret:
675 4247 1021 4318 lniquitatem
1040 4248 1527 4319 operuistijustitia
1553 4266 1568 4314 ;
1599 4249 1990 4320 impudicitiam

394 4343 657 4413 aperuisti
704 4342 990 4407 castitate;
1040 4343 1378 4413 nigredinem
1435 4343 1700 4410 aperuisti
1730 4344 1988 4402 candore.

469 4432 727 4508 Hitigasti
759 4448 960 4489 onmem
1004 4436 1141 4489 iram
1183 4444 1325 4489 tuam
1351 4451 1370 4489 :
1406 4436 1635 4490 avertisti
1654 4435 1715 4490 ab
1741 4437 1822 4490 ira
1850 4436 1992 4491 indi-

393 4530 655 4598 gnationis
686 4537 804 4582 tuae.
832 4525 1079 4582 Converte
1106 4544 1218 4594 nos,
1249 4526 1389 4583 Deus
1417 4528 1646 4583 solutum
1670 4538 1987 4599 nostrarum,

2108 3318 2314 3388 populo
2350 3318 2688 3388 Judzeorum,
2737 3322 2827 3392 qui
2874 3322 2931 3378 in
2958 3322 3234 3379 Christum
3266 3323 3525 3380 credituri
3548 3335 3694 3385 sunt.

2102 3412 2215 3468 Hoc
2239 3421 2326 3470 est
2350 3414 2416 3469 de
2437 3416 2670 3471 adventu
2701 3416 2923 3472 Christi.
2953 3417 3159 3473 Dicitur
3186 3427 3245 3475 et
3287 3420 3355 3474 de
3380 3418 3485 3474 lidc
3512 3419 3693 3490 pepuli

2099 3506 2332 3571 Judaici,
2363 3506 2467 3563 hoc
2492 3517 2598 3574 est,
2623 3509 2690 3564 de
2732 3511 3016 3580 apostolis,
3042 3518 3101 3567 et
3125 3511 3449 3583 quicumque
3472 3520 3693 3582 aposto~

2099 3596 2167 3652 lis
2215 3597 2582 3654 crediderunt.
2608 3600 2870 3668 Quoniam
2910 3602 3159 3672 loquetur
3182 3618 3370 3672 paccio
3398 3602 3453 3658 in
3482 3604 3690 3672 plebem

2099 3703 2273 3744 suam.
2306 3688 2415 3744 Pax
2446 3705 2550 3745 nou
2585 3691 2801 3760 dicitur,
2834 3694 2935 3748 nisi
2975 3694 3189 3764 quando
3220 3695 3419 3752 bellum
3446 3713 3550 3750 non
3583 3703 3687 3753 est.

2174 3778 2241 3835 Et
2277 3796 2431 3854 super
2464 3793 2672 3838 sanctos
2702 3801 2823 3839 suos
2850 3793 2900 3840 et
2928 3790 2982 3841 in
3006 3803 3090 3840 eos
3114 3787 3206 3859 qui
3232 3797 3600 3843 convertuntur
3624 3788 3692 3843 tul

2094 3890 2209 3929 cor.
2252 3874 2368 3930 Hoc
2406 3884 2511 3942 est,
2558 3876 2650 3947 qui
2690 3876 2932 3948 primum
2962 3879 3335 3949 sequebantur
3360 3895 3605 3947 carnem,
3637 3888 3691 3936 et

2099 3975 2286 4037 postea
2329 3976 2720 4024 convertuntur
2757 3968 2824 4024 ad
2854 3984 2972 4025 cor.
3007 3968 3078 4027 Ut
3100 3973 3285 4027 sciatis
3313 3973 3439 4041 quia
3466 3988 3566 4043 pro
3594 3973 3690 4029 Ju-

2099 4059 2234 4117 daiis
2262 4059 2460 4116 dicitur
2488 4061 2589 4117 iste
2618 4062 2940 4131 versiculus,
2972 4064 3075 4120 hoc
3104 4076 3210 4129 est,
3246 4066 3313 4121 dc
3334 4065 3423 4122 his
3450 4067 3546 4138 qui
3573 4082 3691 4123 ere—

2098 4152 2354 4209 diderunt
2390 4154 2442 4208 in
2489 4153 2829 4211 Salvatorem
2867 4174 2879 4209 :
2910 4157 3089 4213 videte
3120 4160 3369 4229 exempla
3398 4176 3518 4230 qua:
3549 4160 3690 4216 dixi-

2094 4261 2237 4301 mus.
2270 4245 2380 4302 Fac
2414 4237 2553 4302 mihi
2582 4247 2827 4304 Judaeum
2860 4249 3042 4320 legere
3070 4249 3393 4317 Leviticurn,
3427 4261 3483 4308 et
3505 4252 3687 4307 omnia

2094 4336 2185 4393 illa
2210 4349 2551 4395 sacramenta
2579 4355 2703 4411 quae
2732 4343 2935 4410 scripta
2964 4342 3107 4409 sunt,
3132 4352 3188 4399 et
3208 4344 3483 4415 quomodo
3511 4346 3690 4418 lepro-

2096 4442 2189 4483 sus
2234 4430 2534 4501 ingreditur
2576 4434 2629 4487 in
2656 4448 3014 4505 synagogam,
3047 4434 3319 4505 quomodo
3360 4438 3559 4507 gallina
3587 4438 3689 4493 tol-

2092 4520 2225 4575 litur
2267 4531 2325 4577 et
2366 4522 2728 4594 obtorquetur
2770 4525 2846 4581 illi
2879 4526 3102 4582 collum.
3151 4527 3355 4585 Deinde
3395 4530 3593 4586 dicitur
3619 4530 3687 4591 de

393 4629 503 4675 etc.
535 4619 727 4676 Videte
753 4619 882 4691 quid
932 4620 1075 4675 dicat
1105 4638 1119 4675 :
1153 4620 1233 4675 Tu
1262 4619 1408 4692 quod
1439 4621 1492 4676 in
1525 4629 1578 4676 te
1608 4620 1729 4687 fuit,
1760 4637 1988 4678 aversus
2010 4611 2065 4672 Ι)
2091 4613 2354 4685 sanguine
2397 4618 2670 4687 quomodo
2713 4631 3036 4692 aspergatur
3082 4640 3095 4675 :
3139 4620 3338 4679 dicitur
3376 4623 3448 4680 de
3489 4640 3629 4697 aqua
3664 4644 3677 4680 :

394 4724 456 4766 es
481 4710 548 4767 ab
592 4708 679 4765 ira
720 4720 943 4780 propter
974 4710 1322 4767 clementiam
1365 4721 1534 4766 tuam.
1569 4711 1819 4768 Conoem
1865 4731 1982 4783 nos,
2088 4707 2290 4764 dicitur
2327 4708 2398 4766 de
2438 4711 2675 4783 hyssopo
2718 4731 2731 4766 :
2777 4714 2975 4770 dicitur
3023 4717 3187 4773 etiam
3228 4719 3507 4789 quomodo
3538 4722 3685 4775 sciu-

392 4794 558 4857 Deus.
591 4801 671 4857 Tu
723 4816 948 4858 aversas
999 4803 1068 4858 ab
1099 4802 1201 4869 ira,
1244 4818 1344 4860 nos
1389 4806 1637 4861 avertisti
1666 4820 1693 4858 a
1718 4808 1982 4877 peccatis.
2088 4799 2290 4858 dantur
2334 4802 2416 4859 illi
2454 4806 2804 4877 vestimenta,
2830 4816 2892 4864 et
2924 4810 3006 4867 sic
3034 4811 3333 4883 ingreditur
3357 4814 3413 4871 in
3454 4831 3686 4889 synago-

389 4890 638 4947 Couverte
688 4909 803 4960 nos,
854 4892 995 4949 Deus
1022 4894 1258 4949 solutum
1282 4904 1598 4951 nostrarum.
1648 4895 1828 4963 Quare
1874 4914 1981 4955 non
2082 4908 2208 4964 gam
2248 4896 2340 4953 ille
2377 4898 2468 4968 qui
2506 4899 2759 4970 leprosos
2794 4900 2989 4959 fuerat.
3022 4904 3080 4962 Si
3106 4908 3410 4964 secundum
3441 4910 3681 4968 litteram

387 4983 548 5050 dixit,
572 4985 768 5040 salutis
793 4992 1018 5053 nostrae,
1066 4985 1160 5041 sed
1190 4985 1418 5041 solutum
1459 4997 1774 5043 moti-arum.
1805 4989 1862 5046 Si
1888 5006 1983 5048 se-
2084 4984 2351 5059 legamus,
2386 4991 2521 5062 quid
2552 4993 2711 5048 nobis
2746 4994 2971 5065 prode<t
2993 4998 3138 5069 quod
3168 5000 3436 5072 legimus?
3467 5003 3529 5061 Si
3551 5019 3683 5062 veno

386 5078 495 5135 mel
524 5093 895 5149 peccat-emus,
916 5092 1024 5134 una
1050 5079 1422 5150 indigeremus
1446 5082 1645 5163 salute.
1670 5083 1832 5141 Multa
1850 5101 1979 5157 pec-
2085 5085 2332 5140 conversi
2373 5084 2636 5142 fuerimus
2676 5088 2745 5144 ad
2770 5106 2891 5158 cor,
2913 5092 2964 5147 si
3003 5094 3362 5164 spiritaliter
3389 5098 3679 5161 intellexe-

385 5172 629 5226 cavimus
662 5188 676 5225 :
702 5179 996 5241 propterea
1025 5171 1213 5227 multis
1242 5171 1546 5244 indigemus
1590 5177 1878 5235 salutibus.
2084 5179 2255 5233 rimus
2290 5197 2302 5232 :
2335 5179 2641 5238 videbimus
2664 5184 2926 5253 quoniam
2954 5186 3211 5257 leprosos
3238 5205 3351 5245 non
3384 5203 3571 5262 potest
3601 5194 3684 5249 in-

452 5261 620 5326 Deus,
645 5271 699 5317 ta
721 5268 996 5318 conversus
1013 5264 1301 5333 viviﬁaobis
1324 5281 1442 5342 nos.
1460 5265 1730 5333 Quamdiu
1749 5285 1880 5341 ergo
1906 5270 1973 5327 ad
2078 5278 2227 5327 trare
2263 5271 2330 5327 ad
2368 5275 2629 5344 populum
2677 5277 2809 5346 Dei,
2836 5279 2942 5337 nisi
2984 5281 3315 5337 scindantur
3349 5286 3680 5343 vestimenta

380 5360 481 5411 nos
511 5354 773 5410 Dominus
800 5369 908 5411 non
931 5357 1291 5426 convertitur,
1320 5359 1517 5415 mortui
1546 5375 1753 5417 sumus.
2076 5363 2217 5435 ejus,
2246 5367 2346 5421 nisi
2379 5367 2761 5442 quodcumque
2778 5373 3027 5430 clausum
3054 5375 3544 5436 lueritreveletur.
3569 5381 3681 5439 De-

450 5446 677 5505 Ostende
732 5450 879 5504 nobis
911 5491 926 5517 ,
952 5448 1171 5507 Domine
1196 5494 1210 5520 ,
1252 5453 1661 5510 misericordiam
1707 5465 1871 5525 tuam,
1919 5467 1971 5512 et
2077 5456 2243 5528 nique
2273 5459 2476 5528 videte,
2504 5464 2761 5532 quoniam
2791 5464 2895 5520 iste
2924 5467 3174 5536 leprosus
3204 5470 3304 5525 nisi
3334 5473 3679 5545 pet-sangui-

375 5541 616 5641 salutare.
652 5550 796 5641 tuum
845 5542 977 5641 ἰραῂ
1002 5544 1172 5600 nobis.
1220 5546 1375 5641 Quod
1449 5545 1697 5641 Salvator
1742 5549 1970 5606 descen-
2074 5564 2199 5606 nem
2232 5561 2298 5609 et
2325 5569 2539 5626 aquam,
2572 5566 2627 5612 et
2665 5555 2986 5629 hyssopum,
3026 5577 3135 5617 non
3175 5562 3482 5634 ingreditur
3513 5541 3675 5641 siua-

373 5634 496 5729 dit,
544 5634 913 5691 misericordia
937 5635 1041 5692 'Dei
1078 5648 1189 5694 est.
1248 5638 1363 5694 Non
1412 5639 1655 5696 venisset
1700 5642 1966 5713 medicus,
2069 5658 2287 5715 angam.
2328 5645 2476 5718 Ergo
2517 5658 2573 5704 et
2614 5658 2670 5704 tu
2700 5650 2795 5721 qui
2826 5666 2997 5724 usque
3030 5653 3189 5711 hodie
3220 5655 3470 5726 lepnosus
3492 5634 3670 5729 luisti,

375 5728 481 5784 nisi
517 5736 846 5801 aegrotarent
869 5729 1113 5801 plurimi.
1146 5731 1410 5801 Quoniam
1464 5734 1802 5806 aegretabant
1851 5734 1968 5808 plu-
2069 5750 2179 5792 non
2204 5738 2510 5807 apparebat
2536 5739 2684 5812 lepra
2704 5749 2799 5797 tua
2822 5751 3115 5817 antequam
3143 5748 3362 5805 venires
3386 5750 3455 5806 ad
3484 5766 3669 5809 sacer.-

377 5819 497 5874 risui
532 5859 547 5883 ,
623 5829 908 5891 propterea
967 5823 1117 5879 venit
1160 5822 1430 5881 medicus.
1474 5823 1754 5894 Quoniam
1827 5828 1966 5886 iadi-
2066 5828 2272 5887 dotem.
2306 5830 2699 5906 Sedquouiam
2723 5836 2927 5894 venisti
2960 5830 3037 5895 ad
3062 5839 3666 5915 sacerdotem,dissuit
