3954 6340
215 337 342 396 ΙίΓΠ

1098 326 1525 387 BREVIARIUM
1566 326 1631 384 ΙΝ
1668 322 2004 382 PSALHUS.
2047 321 2294 377 PSALM.
2336 321 2615 379 LXXXV;

3359 316 3499 375 {078

213 451 463 510 sacerdos
503 449 822 507 vestimenta
852 456 963 511 tua,
1004 453 1061 500 et
1100 442 1246 514 quod
1279 448 1480 497 tectum
1511 437 1796 495 videbatur
1821 439 1876 502 Λ
1899 445 2037 489 terra
2060 443 2175 491 orta
2198 447 2295 504 est,
2325 435 2426 492 hoc
2453 443 2559 503 est,
2579 436 2849 493 Salvator.
2876 439 2944 494 Et
2973 455 3188 496 rursum
3216 457 3232 498 :
3264 440 3502 513 Etjusti-

214 555 263 601 et
295 559 489 601 sanum
526 557 674 609 esse,
711 538 952 596 ostendit
999 537 1295 607 leprosum.
1343 532 1536 590 Omnia
1581 538 1801 600 peccata
1902 530 1977 584 tia
2005 529 2070 584 de
2098 528 2223 584 creto
2251 528 2780 599 prospcatitJustitia
2808 533 2926 601 ipse
2950 531 3205 589 Salvator
3228 538 3330 588 est.
3354 531 3507 600 Quo-

214 648 296 695 tua
326 650 384 696 et
414 639 623 710 lepram
659 645 806 692 tuam
835 631 1017 704 posuit
1041 639 1170 707 ante
1194 628 1387 685 oculos
1416 635 1560 692 tuos,
1589 635 1643 679 et
1674 623 1801 680 ideo

216 744 264 790 te
314 733 534 790 reducit
582 732 638 787 in
689 740 1018 801 synagogam
1078 724 1170 778 Dei
1231 738 1328 793 per
1379 717 1699 790 sanguinem
1750 724 1808 773 et

218 842 426 899 aquam.
475 826 580 882 Per
618 822 964 893 sanguinem,
1014 832 1109 889 per
1146 814 1456 887 passionem
1493 809 1721 876 Christi,
1753 819 1810 897 et

221 891 311 991 per
346 931 563 989 aquam,
611 891 1104 988 per—baptismum.
1140 908 1283 978 Ergo
1313 912 1440 977 post
1478 904 1687 975 lepram
1718 891 1808 956 sa-

219 1014 331 1071 nari
366 1027 480 1069 non
520 1010 749 1082 poteris,
791 1006 893 1062 nisi
922 1021 1018 1077 per
1058 1004 1372 1074 passionem
1400 996 1605 1054 Christi
1628 1005 1685 1051 et
1714 1010 1813 1065 per

219 1105 567 1175 baptismum.
616 1101 685 1156 Et
723 1114 847 1155 cum
895 1097 1000 1152 hoc
1042 1094 1263 1159 feceris,
1304 1091 1506 1147 dicitur
1546 1099 1601 1143 ct
1627 1086 1758 1143 illud
1793 1105 1806 1140 :

223 1198 486 1267 Asperges
513 1208 601 1249 me
629 1192 866 1265 hyssopo
892 1198 949 1245 et
990 1186 1297 1242 mundabor
1332 1201 1346 1237 :
1382 1181 1589 1238 lavahis
1619 1195 1728 1250 me,
1760 1187 1818 1235 et

224 1304 385 1359 super
434 1289 614 1341 nivem
654 1282 950 1339 dealbabor
996 1278 1169 1351 (Psal.
1212 1276 1288 1349 ι).
1331 1275 1514 1346 Usque
1559 1273 1720 1329 hodie
1760 1271 1817 1328 in

225 1382 456 1453 Egypto
483 1392 545 1435 es
578 1395 592 1431 :
623 1376 881 1448 quamdiu
924 1388 1032 1428 non
1076 1370 1294 1426 veneris
1321 1366 1390 1423 ad
1418 1364 1736 1437 sanguinem
1766 1369 1822 1418 ct

226 1473 287 1528 ad
312 1486 534 1543 aquam,
565 1468 771 1525 salvari
802 1482 908 1522 non
953 1463 1177 1535 poteris.
1217 1460 1311 1517 Vis
1338 1469 1399 1515 ut
1425 1455 1822 1543 exterminator

228 1566 314 1636 qui
362 1532 639 1619 interiecit
675 1532 998 1631 Egyptum,
1047 1570 1154 1610 non
1204 1563 1258 1610 te
1302 1549 1624 1607 interﬁciat?
1666 1532 1825 1604 Tolle

230 1661 546 1732 hyssopum,
571 1655 784 1725 iutinge
810 1654 862 1707 iu
890 1648 1178 1721 sanguine,
1202 1661 1431 1717 asperge
1464 1652 1647 1714 postes
1678 1649 1820 1695 tuos.

231 1752 635 1809 Esterminator
674 1762 799 1804 cum
833 1745 1040 1800 viderit
1068 1741 1387 1811 sanguinem
1419 1739 1473 1793 iu
1505 1739 1683 1796 fronte
1711 1743 1824 1800 tua,

1907 622 2069 678 modo
2092 623 2160 679 de
2184 633 2325 679 terra
2348 631 2467 679 orta
2491 623 2613 679 est?
2635 624 2919 692 Quomodo
2939 626 3006 683 de
3026 628 3168 683 creto
3192 625 3504 698 prospexit?

1908 717 1989 773 De
2028 725 2163 773 terra
2206 727 2320 774 orta
2362 728 2468 785 est,
2516 721 2660 791 quod
2706 721 2870 778 homo
2906 734 3064 777 natus
3102 731 3186 778 est
3224 740 3240 783 ;
3281 724 3344 777 de
3378 721 3505 778 creta

1912 812 2195 881 prospexit,
2235 813 2495 883 quoniam
2542 813 2685 870 Deus
2722 829 2937 884 semper
2978 816 3033 871 in
3071 816 3229 872 cretis
3264 825 3374 881 est,
3401 814 3507 870 hoc

1913 912 2020 972 est,
2046 915 2205 961 natus
2231 907 2450 978 quidem
2482 917 2566 964 est
2591 908 2663 964 de
2691 918 2830 964 terra
2865 926 2881 967 :
2911 909 3011 965 sed
3041 909 3136 965 ille
3161 910 3248 980 qui
3272 910 3341 965 de
3366 918 3509 964 terra

1915 1004 2074 1053 natus
2114 1007 2220 1066 est,
2250 1013 2467 1070 semper
2511 1000 2566 1055 in
2594 1001 2735 1057 creto
2762 1010 2867 1068 est,
2902 1002 3005 1057 hoc
3033 1009 3138 1065 est.
3170 1001 3254 1057 sic
3282 1014 3511 1072 appare-

1914 1093 2012 1148 bat
2051 1091 2109 1147 in
2157 1094 2336 1161 terris,
2389 1104 2448 1149 ut
2492 1096 2693 1152 emtum
2743 1110 2855 1151 non
2898 1096 3332 1167 derelinqueret.
3371 1095 3513 1149 Deus
3552 1152 3559 1155 _

1918 1183 2062 1239 enim
2107 1183 2305 1254 ubique
2354 1187 2629 1255 prospexit
2672 1202 2686 1242 :
2737 1187 2995 1257 quoniam
3034 1186 3213 1242 donec
3243 1184 3514 1256 peccaba-

1920 1291 2062 1342 mus,
2091 1276 2373 1332 avertebat
2404 1278 2592 1333 oculos
2614 1294 2744 1333 suos
2772 1294 2803 1334 a
2834 1278 3012 1334 nobis.
3037 1278 3197 1346 Quod
3224 1278 3378 1345 dicit,
3410 1276 3519 1331 hoc

1918 1378 2005 1425 est
2033 1386 2046 1424 :
2074 1367 2284 1424 Iustum
2314 1378 2402 1425 est
2427 1379 2485 1424 ut
2510 1369 2710 1440 ﬁgulus
2738 1370 3063 1427 misereatur
3088 1369 3350 1442 operibus
3376 1368 3515 1431 suis,

1925 1474 1982 1521 ut
2006 1476 2194 1536 pastor
2217 1465 2544 1521 misereatur
2562 1467 2715 1537 gregi
2743 1480 2862 1522 suo.
2891 1465 3000 1521 Nos
3026 1464 3257 1537 populus
3283 1463 3404 1535 ejus
3428 1477 3521 1518 su-

1926 1574 2069 1626 mus,
2113 1572 2212 1613 nos
2249 1565 2497 1614 creatura
2537 1561 2657 1629 ejus
2691 1573 2899 1613 sumus.
2944 1557 3239 1629 Propterea
3281 1570 3414 1626 ergo
3450 1553 3522 1611 de

1928 1662 2069 1709 terra
2097 1661 2251 1707 ortus
2280 1660 2387 1719 est,
2417 1660 2473 1707 et
2496 1651 2565 1706 de
2593 1652 2733 1708 coelo
2761 1651 3066 1722 prospexit,
3094 1658 3153 1705 ut
3181 1648 3404 1719 impleat
3435 1647 3527 1723 ju-_

1928 1744 2133 1801 Stitiam
2174 1761 2349 1815 suam,
2394 1754 2451 1802 et
2491 1746 2815 1801 misereatur
2854 1744 3011 1816 operi
3039 1757 3164 1799 suo.
3199 1744 3437 1813 Denique
3462 1750 3526 1798 ut

231 1844 489 1902 accedere
532 1857 641 1898 non
690 1839 912 1910 poterit
948 1836 1063 1892 Ηοο
1106 1844 1280 1890 mlum
1309 1845 1481 1904 quare
1508 1829 1660 1886 dixi?
1689 1828 1825 1897 Quia
1855 1830 1905 1891 B
1931 1837 2116 1893 sciatis
2139 1839 2399 1910 quoniam
2424 1838 2635 1908 iustitia
2666 1853 2777 1894 non
2803 1836 3183 1893 crudelitatem
3210 1843 3393 1901 sonat,
3425 1834 3525 1891 sed

230 1936 490 2008 scriptum
519 1940 607 1991 est
634 1950 649 1987 :
678 1930 746 1987 Et
776 1931 828 1984 in
854 1946 940 1985 eos
967 1929 1055 2000 qui
1076 1933 1445 1983 convertuntur
1463 1922 1532 1977 ad
1551 1938 1661 1976 cor.
1686 1920 1829 1992 Ergo

235 2045 337 2085 non
367 2028 572 2100 poterit
594 2026 736 2082 Deus
764 2023 911 2095 loqui
937 2036 1127 2094 pacem
1162 2018 1304 2090 plebi
1337 2032 1470 2081 sum,
1500 2015 1603 2070 nisi
1627 2015 1711 2070 eis
1736 2014 1827 2084 qui

234 2126 625 2176 convertuntur
656 2116 722 2171 ad
750 2130 865 2172 cur.

310 2210 671 2267 Verumtamen
720 2224 878 2278 prope
928 2207 1160 2259 timentes
1213 2218 1331 2257 eum
1370 2200 1602 2256 salutare
1641 2198 1826 2271 ipsius.

234 2302 473 2360 OSIeudo
514 2302 657 2356 viam
690 2298 885 2354 salutis
909 2338 924 2363 ,
955 2297 1029 2352 do
1059 2293 1514 2361 misericordiam,
1544 2293 1675 2349 licet
1708 2306 1833 2347 uec-

237 2397 359 2452 dnm
384 2404 758 2451 conversuses
781 2393 847 2447 ad
876 2408 998 2448 cor:
1036 2399 1217 2446 tamen
1248 2397 1528 2458 exSpecto,
1554 2386 1624 2443 do
1655 2386 1831 2443 locum

238 2488 591 2560 paenitentiae.
613 2488 682 2542 Et
699 2486 802 2541 hoc
827 2494 1001 2541 totum
1028 2484 1154 2555 quid
1167 2492 1270 2539 est.
1300 2482 1368 2537 Ut
1393 2481 1645 2536 inhabitet
1667 2480 1835 2553 gloria

239 2583 290 2635 in
331 2590 469 2634 terra
489 2588 692 2633 nostra.
727 2576 1019 2649 Propterea
1052 2586 1103 2630 te
1126 2575 1192 2631 ad
1220 2574 1598 2646 pteniteutiam
1627 2581 1785 2628 vocat
1818 2590 1833 2628 :

240 2682 297 2729 ut
324 2672 415 2743 qui
448 2672 697 2742 leprosus
728 2684 853 2726 eras
874 2712 889 2736 ,
917 2669 1125 2723 habeas
1156 2668 1427 2738 lmSpitem
1458 2666 1761 2721 Christum.

308 2764 679 2821 Misericordia
718 2773 765 2818 et
805 2765 989 2819 veritas
1029 2762 1359 2818 obviaverunt
1394 2761 1520 2825 sibi,
1557 2760 1766 2833 justitia
1791 2767 1839 2813 et

243 2875 346 2930 pax
376 2858 625 2913 osculata
652 2866 792 2911 sunt.
822 2855 866 2910 Ο
892 2870 1061 2926 quam.
1084 2857 1348 2927 praeclara
1380 2854 1646 2930 amicitia!
1683 2851 1840 2907 Mise-

241 2948 470 3006 ricordia
498 2958 546 3003 et
572 2949 762 3004 veritas
792 2946 1125 3002 obviaverunt
1153 2948 1272 3002 sibi.
1297 2945 1562 3002 Peccator
1588 2920 1648 3001 es
1675 2963 1688 2999 :
1717 2943 1840 2999 audi

241 3045 368 3116 quid
413 3042 580 3111 dicat,
623 3043 999 3099 misericordia.
1031 3044 1265 3098 Sanctus
1310 3058 1370 3098 es
1402 3061 1415 3098 :
1450 3040 1576 3097 audi
1602 3040 1728 3110 quid
1759 3038 1845 3093 dio

244 3146 351 3204 cat,
386 3145 432 3190 et
460 3136 668 3192 veritas.
701 3135 814 3192 Nec
844 3137 892 3192 si
920 3145 1177 3207 peccator
1206 3151 1288 3202 es,
1324 3135 1584 3205 desperes
1618 3152 1631 3188 :
1666 3149 1768 3190 nec
1796 3133 1843 3188 si

1930 1930 2382 1999 misericordiam,
2416 1929 2595 1985 videte
2621 1930 2749 2001 quid
2780 1930 2928 1985 dicat
2959 1947 2972 1986 :

2003 2020 2213 2075 Etenim
2235 2020 2490 2076 Dominus
2510 2021 2651 2076 dabit
2676 2020 3061 2095 benignitatem.
3089 2019 3381 2091 Propterea
3404 2029 3529 2088 pro.

1926 2119 2111 2187 spexit
2136 2116 2203 2171 de
2227 2116 2389 2183 coelo,
2416 2125 2474 2171 ut
2494 2116 2824 2172 misereatur
2850 2114 3107 2186 cperibus
3136 2115 3271 2169 suis.
3297 2111 3367 2167 Et
3390 2121 3533 2167 terra

1933 2219 2110 2264 nostra
2146 2208 2289 2263 dabit
2332 2209 2561 2280 fructum
2596 2224 2769 2262 suum.
2799 2206 3016 2263 Veritas
3042 2204 3257 2276 quidem
3284 2204 3353 2259 de
3378 2212 3527 2259 terra

1935 2314 2053 2357 orta
2096 2309 2201 2380 est.
2236 2302 2348 2356 Iloc
2371 2301 2445 2371 de
2472 2301 2773 2372 prseterito.
2804 2298 2959 2354 Nunc
2984 2299 3053 2354 de
3081 2297 3262 2352 futuro
3288 2296 3490 2352 dicitur
3515 2310 3533 2350 :

1939 2393 2009 2449 Et
2037 2402 2177 2449 terra
2199 2403 2375 2448 nostra
2392 2392 2534 2447 dabit
2556 2393 2783 2462 fructum
2808 2407 2979 2447 suam.
3004 2389 3185 2445 Nolite
3198 2388 3494 2458 desware
3517 2402 3532 2442 :

1937 2489 2082 2560 quod
2115 2488 2287 2544 semel
2318 2495 2504 2543 natum
2532 2499 2616 2543 est
2640 2501 2708 2543 ex
2732 2486 2920 2552 Maria,
2940 2482 3191 2555 quotidie
3214 2493 3272 2539 et
3299 2484 3354 2538 in
3380 2482 3539 2537 nobis

1940 2584 2199 2639 nascitur.
2226 2579 2300 2636 Et
2340 2591 2478 2637 terra
2509 2592 2688 2637 nostra
2713 2580 2855 2635 dabit
2887 2581 3114 2640 fructum
3140 2594 3312 2634 suurn.
3341 2578 3409 2632 Et
3436 2591 3540 2632 nos

1942 2692 2229 2748 possumus
2254 2690 2445 2746 parere
2465 2674 2761 2739 Christum,
2779 2674 2823 2730 si
2837 2671 3180 2729 volumus.Et
3201 2682 3337 2727 terra
3365 2681 3541 2729 nostra

1943 2769 2085 2824 dabit
2110 2770 2337 2838 fructum
2364 2783 2541 2831 suum,
2570 2766 2761 2836 dequo
2776 2767 2869 2821 liat
2886 2765 3125 2823 celestis
3148 2765 3327 2833 panis,
3342 2765 3413 2819 de
3428 2776 3542 2833 quo

1945 2861 2141 2916 dicitur
2164 2860 2300 2932 :Ego
2314 2874 2432 2915 sum
2448 2859 2718 2929 pauis,qui
2730 2858 2801 2914 de
2818 2860 2960 2914 ctelo
2977 2858 3232 2915 descendi
3253 2854 3536 2929 (locum).

1945 2954 2073 3011 Hac
2092 2952 2310 3025 quidem
2341 2951 2521 3008 omnia
2559 2952 2795 3007 diximus
2816 2950 2884 3005 de
2910 2947 3285 3005 misericordia
3310 2947 3546 3011 Domini,

1947 3048 2201 3118 quoniam
2226 3054 2511 3115 propterea
2527 3045 2677 3099 venit
2695 3052 2760 3098 ut
2778 3043 3017 3098 salvaret
3042 3043 3336 3096 humanum
3356 3053 3550 3110 genus.

1952 3139 2334 3197 Verumtamen
2359 3139 2502 3196 scire
2545 3137 3104 3208 debemus,quoniam
3139 3137 3253 3207 ipse
3274 3133 3549 3205 judicatu-

240 3234 419 3302 justus
448 3245 531 3295 es,
560 3229 874 3300 superbius.
910 3228 1167 3285 Dicamus
1196 3229 1356 3284 aliter
1380 3248 1399 3290 ;
1434 3229 1548 3284 Duo
1577 3239 1701 3283 sunt
1727 3243 1844 3285 cre-
1873 3210 1919 3274 Ο
1952 3250 2044 3291 rus
2064 3244 2147 3291 est
2172 3236 2331 3291 vivos
2360 3244 2415 3290 et
2443 3241 2709 3299 mortuos,
2739 3233 2854 3303 ipse
2874 3233 3059 3287 veniet
3074 3229 3144 3285 ad
3168 3228 3452 3294 judicium.

248 3322 442 3378 dentes
470 3320 657 3392 populi
691 3338 705 3376 :
738 3336 877 3376 unus
904 3320 976 3376 de
1005 3322 1247 3393 gentium
1278 3320 1502 3392 populo,
1533 3332 1587 3376 et
1617 3320 1756 3375 alius
1779 3320 1848 3378 de

248 3416 583 3473 Judaeorum.
634 3415 840 3473 Iudaeis
885 3417 1276 3487 repromissum
1323 3428 1408 3473 est
1453 3417 1594 3487 quod
1642 3416 1852 3473 veniret

250 3510 505 3567 Salvator
555 3527 568 3562 :
622 3507 781 3564 nobis
820 3518 999 3564 autem
1029 3508 1123 3580 qui
1154 3508 1398 3565 extranei
1426 3524 1646 3565 eramus
1672 3523 1702 3563 a
1733 3509 1854 3581 lege

254 3604 375 3670 Dei,
401 3618 511 3658 non
539 3613 623 3658 εει
653 3603 1071 3674 repromissum.
1108 3602 1476 3658 Misericordia
1508 3601 1669 3674 igitur
1694 3611 1779 3658 est
1799 3603 1855 3658 in

256 3699 456 3770 populo
487 3697 791 3770 gentilium,
819 3698 1023 3753 veritas
1047 3697 1099 3751 iu
1127 3696 1328 3768 populo
1347 3695 1660 3752 Judmorum
1689 3712 1703 3750 :
1729 3696 1857 3766 quia

258 3791 403 3863 quod
442 3788 835 3862 repromissum
871 3799 990 3855 est,
1023 3788 1193 3848 venit,
1226 3785 1330 3843 hoc
1368 3799 1472 3855 est,
1505 3786 1648 3858 quod
1672 3802 1857 3858 reproo

262 3883 489 3938 missum
513 3890 616 3947 est,
640 3880 908 3952 patribus,
934 3880 1035 3935 hoc
1062 3879 1365 3950 completur
1389 3877 1441 3932 in
1472 3878 1616 3933 liliis.
1643 3875 1863 3934 Iustitia

264 3983 310 4027 et
322 3970 1036 4042 paxosculatazsuntﬂidete
1062 3970 1189 4041 quid
1219 3968 1366 4025 diCat
1394 3987 1406 4022 :
1437 3967 1653 4023 Iustitia
1680 3977 1730 4023 et
1758 3984 1864 4041 pax

270 4065 517 4121 osculata:
533 4073 676 4120 sunt.
702 4063 881 4134 Ipsum
913 4072 994 4119 est
1015 4062 1157 4134 quod
1178 4076 1342 4133 supra
1367 4060 1503 4117 dixit
1528 4076 1539 4112 :
1567 4059 1867 4115 Misericor-

272 4154 358 4210 dia
377 4164 426 4210 et
456 4155 660 4210 veritas.
679 4152 1042 4209 Misericordia
1072 4154 1246 4224 ipsum
1269 4162 1355 4208 est
1378 4151 1521 4223 quod
1539 4160 1592 4207 et
1618 4167 1717 4221 pax
1740 4166 1870 4207 :ve-

275 4255 406 4310 ritas
448 4262 630 4310 autem
680 4255 853 4324 ipsum
882 4259 966 4307 est
985 4251 1127 4322 quod
1157 4260 1213 4306 et
1236 4250 1466 4322 justitia.
1495 4248 1552 4306 Si
1576 4248 1701 4320 quid
1723 4248 1870 4304 enim

279 4346 341 4401 ad
358 4361 545 4418 pacem
565 4344 817 4416 pertinet,
845 4344 945 4399 hoc
972 4351 1026 4399 et
1050 4343 1116 4398 ad
1141 4340 1585 4407 miscricordiam,
1601 4349 1654 4396 et
1678 4340 1725 4396 si
1744 4339 1871 4411 quid

279 4440 346 4497 ad
371 4438 791 4503 veritatem,hoc
818 4437 884 4493 ad
900 4436 1387 4510 justitiam.Videte
1410 4451 1538 4507 ergo
1561 4433 1684 4505 quid
1700 4432 1872 4488 dicat:

281 4530 494 4588 Iustitia
518 4540 565 4587 et
597 4546 699 4601 pax
722 4529 1032 4585 deosculata:
1060 4536 1200 4595 sunt,
1233 4527 1337 4583 hoc
1360 4537 1466 4596 est,
1505 4524 1875 4582 misericordia

284 4635 339 4683 et
367 4625 569 4682 veritas
621 4623 914 4679 amicitiam
950 4623 1210 4691 fecerunt,
1246 4622 1350 4677 hoc
1382 4629 1484 4690 est,
1515 4629 1572 4676 et
1596 4618 1877 4692 gentilium
1905 4606 1960 4667 D

290 4720 518 4793 populus
541 4727 597 4774 et
622 4716 932 4774 Judaeorum
961 4716 1062 4774 sub
1084 4732 1190 4772 uno
1213 4724 1429 4787 pastore
1452 4715 1676 4769 Christo
1703 4722 1805 4768 est.

363 4812 569 4868 Veritas
610 4810 673 4865 de
715 4819 853 4865 terra
891 4816 1004 4865 orta
1033 4816 1124 4864 est.
1162 4807 1271 4879 Ego
1298 4822 1416 4863 sum
1447 4807 1553 4871 via,
1584 4815 1640 4861 et
1668 4805 1797 4874 vita,
1832 4811 1889 4861 et

295 4908 496 4965 veritas
523 4902 706 4976 (Joan.
754 4902 889 4976 xiv).
925 4901 1017 4958 Ille
1062 4902 1153 4974 qui
1193 4901 1344 4967 dicit,
1389 4914 1491 4972 ego
1516 4914 1634 4954 smn
1660 4896 1886 4966 veritas,

298 4999 366 5057 de
389 5006 533 5055 terra
563 5006 716 5054 ortus
744 5007 844 5052 est.
873 4995 1009 5065 Qua:
1035 5003 1119 5050 est
1149 4995 1246 5048 ista
1280 4995 1479 5049 veritas
1511 5008 1630 5062 quae
1654 4992 1721 5047 de
1749 5001 1890 5046 terra

300 5102 416 5150 orta
454 5099 561 5150 est.
606 5090 770 5148 Exiet
809 5091 956 5160 virga
989 5089 1057 5145 de
1089 5088 1269 5144 radice
1294 5086 1471 5152 Jesse,
1504 5095 1556 5141 et
1584 5086 1681 5141 llos
1711 5083 1778 5141 de
1809 5099 1893 5139 ra-

306 5185 425 5244 dice
461 5185 582 5256 ejus
620 5184 767 5241 exiet
797 5181 952 5257 (Isai.
981 5180 1081 5254 ιι).
1119 5181 1185 5237 Et
1210 5182 1262 5235 in
1296 5180 1405 5235 alio
1430 5179 1555 5235 loco
1585 5198 1596 5232 :
1631 5177 1896 5246 Quoniam

311 5274 449 5337 Deus
492 5287 747 5351 operatus
791 5285 875 5333 est
920 5276 1149 5332 salutem
1196 5274 1251 5331 in
1303 5271 1483 5329 medio
1532 5282 1690 5328 terra:
1722 5267 1898 5344 (Psai.

305 5372 514 5445 Lxxm).
563 5370 704 5440 Quid
748 5369 918 5437 dicis,
964 5367 1297 5433 Manichaee,
1340 5366 1429 5437 qui
1477 5378 1639 5436 negas
1678 5374 1901 5419 carnem

308 5465 566 5520 habuisse
593 5461 980 5520 Salvatorem?
1020 5461 1156 5517 Ecce
1188 5459 1407 5528 veritas,
1439 5456 1487 5511 id
1520 5465 1620 5521 est,
1655 5454 1903 5511 Salvator

312 5558 377 5612 de
402 5544 577 5621 terra,
618 5554 723 5610 hoc
761 5562 865 5619 est,
893 5552 962 5609 de
998 5551 1163 5607 Maria
1194 5562 1347 5609 ortus
1377 5557 1481 5606 est.
1517 5547 1579 5602 Et
1600 5547 1811 5619 justitia
1841 5545 1906 5600 de

315 5650 440 5704 caelo
468 5648 751 5723 prospexit.
785 5646 994 5709 Justnm
1023 5645 1169 5701 enim
1199 5653 1337 5713 erat,
1371 5652 1430 5698 ut
1456 5641 1709 5698 Salvator
1739 5638 1908 5694 mise-

316 5750 531 5798 reretur
580 5740 777 5811 pupulo
819 5753 937 5794 suo.
973 5736 1167 5792 Videte
1196 5736 1321 5808 quid
1355 5734 1499 5791 dicat
1532 5752 1544 5788 :
1578 5733 1623 5788 Ο
1645 5731 1797 5803 justa
1824 5730 1913 5801 ju-

326 5836 464 5893 dicia
508 5835 605 5892 Dei
653 5843 709 5893 et
752 5829 1217 5905 iuinvestigabiles
1262 5829 1363 5885 vim
1405 5829 1561 5901 eius!
1616 5824 1814 5881 Veritus
1852 5824 1915 5879 de

2020 3331 2238 3387 Iustitia
2263 3337 2382 3385 ante
2405 3344 2525 3383 eum
2552 3326 2868 3390 ambulabit,
2896 3334 2946 3379 et
2971 3331 3122 3395 ponet
3153 3325 3207 3377 in
3233 3323 3318 3377 uia
3342 3336 3549 3393 gressus

1952 3443 2094 3482 suos.
2136 3425 2316 3481 Nolite
2353 3424 2688 3494 negligentes
2730 3436 2875 3477 esse.
2902 3418 3119 3473 Iustitia
3147 3427 3270 3471 ante
3295 3430 3411 3470 eum
3437 3428 3556 3467 ans-

1956 3520 2167 3586 bulabit,
2211 3527 2260 3573 et
2306 3526 2458 3588 ponet
2497 3517 2550 3570 in
2579 3517 2659 3568 ria
2686 3530 2890 3586 gressus
2915 3529 3059 3567 suos.
3094 3510 3286 3567 Videte
3315 3506 3446 3579 quid
3474 3505 3564 3560 di-

1956 3621 2066 3678 cat,
2114 3625 2317 3681 gressus
2363 3624 2484 3663 suos
2525 3623 2544 3661 :
2585 3606 2672 3661 ubi
2720 3622 2828 3661 non
2872 3614 2998 3660 sunt
3039 3602 3287 3672 lapides,
3314 3598 3408 3657 ubi
3450 3612 3561 3654 non

1959 3717 2086 3762 sunt
2115 3705 2375 3775 spiutcet
2404 3703 2613 3768 tribuli,
2642 3701 2732 3757 ubi
2757 3700 2983 3770 aqualis
3006 3707 3091 3753 est
3114 3697 3226 3760 vis,
3255 3694 3344 3750 ubi
3372 3693 3565 3748 ambu-

1965 3802 2076 3855 lare
2108 3810 2312 3867 potest,
2356 3798 2448 3852 ubi
2496 3812 2601 3850 non
2636 3803 2816 3864 potest
2855 3792 3174 3862 impingere.
3211 3790 3276 3844 Et
3305 3802 3406 3844 nos
3434 3798 3566 3856 ergo

1962 3894 2231 3949 iaciamus
2256 3893 2311 3947 in
2352 3891 2519 3948 corde
2544 3897 2733 3944 nostro
2770 3886 2913 3941 viam
2948 3885 3216 3949 Domino;
3249 3882 3319 3938 de
3348 3895 3454 3950 qua
3477 3879 3567 3935 vis

1967 3988 2246 4043 laborabat
2286 3994 2342 4041 et
2386 3985 2649 4045 Joannes,
2691 3988 2750 4037 et
2772 3981 3050 4035 clamabat
3079 3979 3134 4032 in
3160 3989 3372 4037 eremo.
3400 3981 3461 4027 ut
3488 3970 3572 4039 h-

1969 4094 2218 4137 ceremus
2246 4078 2386 4133 viam
2417 4076 2643 4131 Domino
2669 4071 2852 4145 (Matt.
2882 4070 2985 4142 ιιι).
3016 4069 3158 4137 Ergo
3186 4077 3244 4123 et
3272 4081 3417 4121 nunc
3434 4064 3575 4120 diei-

1974 4187 2060 4231 tur
2090 4191 2107 4232 ;
2140 4173 2208 4228 Et
2236 4181 2387 4244 ponet
2428 4173 2483 4226 in
2508 4172 2591 4225 via
2618 4184 2827 4243 gressus
2855 4182 2996 4221 suos.
3030 4163 3131 4220 Ubi
3173 4162 3379 4217 invenit
3403 4161 3569 4226 viam,

1976 4267 2239 4323 ambulat.
2284 4264 2437 4322 Licet
2475 4273 2603 4318 ante
2648 4259 2982 4317 habebamus
3024 4256 3208 4326 spinas
3236 4261 3294 4309 et
3318 4252 3571 4317 tribulos,
3614 4294 3623 4297 -

1978 4363 2104 4419 licet
2142 4371 2200 4418 et
2240 4359 2481 4430 lapides,
2528 4357 2727 4413 dicitur
2767 4354 2926 4410 nobis
2965 4353 3021 4407 in
3052 4349 3187 4405 Isaia
3220 4364 3237 4406 :
3270 4347 3337 4402 Et
3364 4344 3575 4414 lapides

1980 4456 2050 4512 de
2075 4455 2161 4511 via
2192 4452 2438 4526 projicite
2467 4449 2601 4524 (Isa.
2634 4449 2791 4519 ms).
2826 4446 2938 4501 Hoc
2967 4454 3152 4499 autem
3182 4448 3471 4513 propterea
3491 4438 3576 4492 di-

1983 4550 2055 4606 cit
2090 4566 2106 4608 :
2147 4563 2218 4605 ne
2243 4562 2365 4602 cum
2397 4545 2631 4601 voluerit
2657 4538 3017 4597 deambulare
3043 4537 3098 4590 in
3123 4535 3210 4589 via
3238 4545 3444 4597 nostra,
3476 4531 3578 4585 ins—

1987 4644 2169 4713 pingat
2198 4640 2388 4710 pedem
2416 4652 2597 4693 suum.
2622 4634 2852 4706 Lapides
2879 4631 2973 4703 qui
3002 4630 3058 4686 in
3084 4629 3172 4684 vis
3201 4636 3349 4697 sunt,
3370 4633 3429 4680 ct
3454 4638 3582 4694 pre-

1983 4735 2078 4806 jici
2116 4734 2400 4805 jubentur,
2450 4736 2671 4800 peccata
2712 4737 2901 4782 nosu'a
2926 4733 3076 4780 sunt.
3104 4721 3223 4778 Non
3255 4719 3496 4775 ambulat
3525 4716 3579 4773 in

1987 4829 2155 4886 corde
2195 4834 2386 4883 nostro
2419 4821 2688 4892 Christus,
2729 4822 2777 4875 si
2821 4829 3105 4889 peccatum
3146 4811 3365 4885 aliquod
3398 4810 3580 4877 luerit,

1992 4925 2173 4980 statim
2200 4919 2446 4990 impingit
2472 4918 2526 4973 in
2541 4915 2764 4986 lapides.
2780 4910 2850 4966 Et
2866 4921 3016 4983 ponet
3037 4912 3091 4964 in
3113 4909 3195 4963 uia
3215 4921 3419 4979 gressus
3443 4918 3588 4969 suos.

1996 5018 2280 5073 Faciamus
2300 5013 2443 5068 viam
2470 5051 2486 5076 ,
2516 5019 2572 5066 et
2603 5015 2770 5078 ponet
2798 5006 2851 5060 in
2881 5004 2965 5059 via
2993 5015 3216 5073 gressus
3243 5012 3375 5053 suos
3408 4995 3589 5059 destas,

2001 5110 2087 5165 cui
2131 5109 2198 5162 sit
2220 5104 2390 5177 gloria
2421 5112 2476 5158 et
2502 5102 2678 5155 honor
2704 5097 2760 5153 in
2784 5095 2983 5153 saecula
3016 5092 3364 5148 saeculorum.
3394 5089 3590 5142 Amen.

2496 5214 2811 5290 esamtus
2848 5209 3107 5269 Lxxxv.
3240 5277 3271 5290 ί,
3351 5285 3363 5290 _

2010 5299 2191 5353 Oratio
2237 5293 2423 5350 David.
2464 5290 2568 5345 Iste
2606 5289 2846 5360 psalmus
2898 5296 3082 5360 vocem
3128 5285 3370 5360 continet
3422 5285 3598 5331 nostri

2078 5348 2388 5425 Mediaitoﬁris
2428 5348 2691 5416 venien'tis
2729 5357 2795 5412 ad
2845 5355 3172 5425 passionem.
3216 5348 3272 5404 In
3324 5349 3429 5404 line
3468 5361 3600 5402 vero

2081 5438 2248 5511 ipsius
2281 5436 2555 5507 preplicta:
2587 5437 2733 5485 tenet
2756 5426 3075 5481 orationem.

2083 5531 2309 5599 Inclina,
2344 5522 2584 5590 Domine,
2616 5534 2795 5575 aurem
2827 5527 2988 5584 utam,
3019 5522 3065 5568 et
3094 5511 3284 5569 exaudi
3314 5526 3394 5564 me
3425 5526 3441 5563 :
3473 5524 3602 5581 quo-

2015 5626 2155 5679 niam
2196 5630 2402 5677 sanctus
2446 5632 2579 5671 sum.
2628 5613 2788 5669 Juxta
2818 5607 3162 5680 fragilitatem
3194 5602 3455 5673 assumpti
3484 5615 3607 5656 cor-

2016 5719 2167 5789 poris
2193 5714 2260 5771 ad
2291 5714 2506 5770 Patrem
2548 5706 2720 5764 fundit
2746 5705 3069 5761 orationem.
3097 5697 3405 5757 Secundum
3435 5696 3610 5753 deita-

2022 5825 2129 5872 tem
2174 5828 2304 5870 vero
2350 5815 2593 5866 sanctum
2634 5819 2694 5861 se
2733 5801 2890 5869 dicit,
2925 5799 3064 5858 sicut
3093 5795 3368 5871 quondam
3398 5794 3613 5851 dixerat
