  <div class='ocr_page' id='page_1' title='image "/cluster/home/n/w/nwhite01/storage/ocr_20150623/26/hvd.32044015471402/545.png"; bbox 0 0 3954 6340; ppageno 0'>
   <div class='ocr_carea' id='block_1_1' title="bbox 390 322 525 383">
    <p class='ocr_par' dir='ltr' id='par_1_1' title="bbox 390 322 525 383">
     <span class='ocr_line' id='line_1_1' title="bbox 390 322 525 383; baseline -0.022 0"><span class='ocrx_word' id='word_1_1' title='bbox 390 322 525 383; x_wconf 72' lang='grc' dir='ltr'><strong>1οἳ9</strong></span> 
     </span>
    </p>
   </div>
   <div class='ocr_carea' id='block_1_2' title="bbox 1184 311 2878 377">
    <p class='ocr_par' dir='ltr' id='par_1_2' title="bbox 1184 311 2878 377">
     <span class='ocr_line' id='line_1_2' title="bbox 1184 311 2878 377; baseline -0.005 -1"><span class='ocrx_word' id='word_1_2' title='bbox 1184 314 1531 377; x_wconf 77' lang='lat' dir='ltr'><strong>APPENDIX</strong></span> <span class='ocrx_word' id='word_1_3' title='bbox 1572 316 1663 372; x_wconf 85' lang='lat' dir='ltr'><strong>AD</strong></span> <span class='ocrx_word' id='word_1_4' title='bbox 1701 314 1945 373; x_wconf 72' lang='lat' dir='ltr'><strong>TOMUM</strong></span> <span class='ocrx_word' id='word_1_5' title='bbox 1982 312 2335 371; x_wconf 79' lang='lat' dir='ltr'><strong>SEPTIMUM</strong></span> <span class='ocrx_word' id='word_1_6' title='bbox 2371 312 2428 370; x_wconf 91' lang='lat' dir='ltr'><strong>S.</strong></span> <span class='ocrx_word' id='word_1_7' title='bbox 2471 311 2878 371; x_wconf 76' lang='lat' dir='ltr'><strong>HIERONYMI.</strong></span> 
     </span>
    </p>
   </div>
   <div class='ocr_carea' id='block_1_3' title="bbox 3534 303 3671 367">
    <p class='ocr_par' dir='ltr' id='par_1_3' title="bbox 3534 303 3671 367">
     <span class='ocr_line' id='line_1_3' title="bbox 3534 303 3671 367; baseline -0.022 0"><span class='ocrx_word' id='word_1_8' title='bbox 3534 303 3671 367; x_wconf 78' lang='grc'><strong>1080</strong></span> 
     </span>
    </p>
   </div>
   <div class='ocr_carea' id='block_1_4' title="bbox 384 428 3673 515">
    <p class='ocr_par' dir='ltr' id='par_1_4' title="bbox 384 428 3673 515">
     <span class='ocr_line' id='line_1_4' title="bbox 384 428 3673 515; baseline -0.005 -17"><span class='ocrx_word' id='word_1_9' title='bbox 384 443 452 498; x_wconf 90' lang='lat' dir='ltr'><strong>ad</strong></span> <span class='ocrx_word' id='word_1_10' title='bbox 476 442 691 515; x_wconf 73' lang='lat' dir='ltr'><strong>Moysen</strong></span> <span class='ocrx_word' id='word_1_11' title='bbox 720 458 735 497; x_wconf 88' lang='lat'><strong>:</strong></span> <span class='ocrx_word' id='word_1_12' title='bbox 766 439 946 500; x_wconf 90' lang='lat' dir='ltr'><strong>Sancti</strong></span> <span class='ocrx_word' id='word_1_13' title='bbox 971 448 1175 503; x_wconf 83' lang='lat' dir='ltr'><strong>estote,</strong></span> <span class='ocrx_word' id='word_1_14' title='bbox 1207 438 1459 510; x_wconf 87' lang='lat' dir='ltr'><strong>quoniam</strong></span> <span class='ocrx_word' id='word_1_15' title='bbox 1491 451 1592 509; x_wconf 87' lang='lat' dir='ltr'><strong>ego</strong></span> <span class='ocrx_word' id='word_1_16' title='bbox 1613 445 1834 492; x_wconf 87' lang='lat' dir='ltr'><strong>sanctus</strong></span> <span class='ocrx_word' id='word_1_17' title='bbox 1855 447 1978 489; x_wconf 87' lang='lat' dir='ltr'><strong>sum</strong></span> <span class='ocrx_word' id='word_1_18' title='bbox 2006 434 2053 497; x_wconf 79' lang='grc' dir='ltr'><strong>Α</strong></span> <span class='ocrx_word' id='word_1_19' title='bbox 2085 431 2286 505; x_wconf 92' lang='lat' dir='ltr'><strong>populo</strong></span> <span class='ocrx_word' id='word_1_20' title='bbox 2315 431 2579 503; x_wconf 89' lang='lat' dir='ltr'><strong>propheta</strong></span> <span class='ocrx_word' id='word_1_21' title='bbox 2610 441 2781 502; x_wconf 85' lang='lat' dir='ltr'><strong>rogat.</strong></span> <span class='ocrx_word' id='word_1_22' title='bbox 2829 429 2938 487; x_wconf 92' lang='lat' dir='ltr'><strong>Sed</strong></span> <span class='ocrx_word' id='word_1_23' title='bbox 2978 436 3032 485; x_wconf 91' lang='lat' dir='ltr'><strong>ct</strong></span> <span class='ocrx_word' id='word_1_24' title='bbox 3070 445 3171 485; x_wconf 86' lang='lat' dir='ltr'><strong>nos</strong></span> <span class='ocrx_word' id='word_1_25' title='bbox 3207 442 3529 500; x_wconf 88' lang='lat' dir='ltr'><strong>precamur,</strong></span> <span class='ocrx_word' id='word_1_26' title='bbox 3563 428 3673 484; x_wconf 85' lang='lat' dir='ltr'><strong>Do-</strong></span> 
     </span>
    </p>
   </div>
   <div class='ocr_carea' id='block_1_5' title="bbox 390 529 1981 607">
    <p class='ocr_par' dir='ltr' id='par_1_5' title="bbox 390 529 1981 607">
     <span class='ocr_line' id='line_1_5' title="bbox 390 529 1981 607; baseline -0.006 -16"><span class='ocrx_word' id='word_1_27' title='bbox 390 535 533 607; x_wconf 82' lang='lat' dir='ltr'><strong>(Lev.</strong></span> <span class='ocrx_word' id='word_1_28' title='bbox 558 550 646 591; x_wconf 79' lang='lat' dir='ltr'><strong>xix</strong></span> <span class='ocrx_word' id='word_1_29' title='bbox 674 546 723 591; x_wconf 88' lang='lat' dir='ltr'><strong>et</strong></span> <span class='ocrx_word' id='word_1_30' title='bbox 744 535 857 606; x_wconf 84' lang='lat' dir='ltr'><strong>xx).</strong></span> <span class='ocrx_word' id='word_1_31' title='bbox 876 533 1089 591; x_wconf 84' lang='lat' dir='ltr'><strong>Salvum</strong></span> <span class='ocrx_word' id='word_1_32' title='bbox 1118 536 1202 604; x_wconf 78' lang='lat' dir='ltr'><strong>[ac</strong></span> <span class='ocrx_word' id='word_1_33' title='bbox 1230 547 1433 588; x_wconf 88' lang='lat' dir='ltr'><strong>servum</strong></span> <span class='ocrx_word' id='word_1_34' title='bbox 1462 540 1628 601; x_wconf 86' lang='lat' dir='ltr'><strong>tuum,</strong></span> <span class='ocrx_word' id='word_1_35' title='bbox 1654 529 1791 584; x_wconf 89' lang='lat' dir='ltr'><strong>Deus</strong></span> <span class='ocrx_word' id='word_1_36' title='bbox 1819 544 1981 594; x_wconf 87' lang='lat' dir='ltr'><strong>meus,</strong></span> 
     </span>
    </p>
   </div>
   <div class='ocr_carea' id='block_1_6' title="bbox 385 619 1985 701">
    <p class='ocr_par' dir='ltr' id='par_1_6' title="bbox 385 619 1985 701">
     <span class='ocr_line' id='line_1_6' title="bbox 385 619 1985 701; baseline -0.006 -16"><span class='ocrx_word' id='word_1_37' title='bbox 385 638 674 701; x_wconf 72' lang='lat' dir='ltr'><strong>sperantem</strong></span> <span class='ocrx_word' id='word_1_38' title='bbox 691 630 742 683; x_wconf 92' lang='lat' dir='ltr'><strong>in</strong></span> <span class='ocrx_word' id='word_1_39' title='bbox 755 636 821 683; x_wconf 89' lang='lat' dir='ltr'><strong>te.</strong></span> <span class='ocrx_word' id='word_1_40' title='bbox 839 626 1081 682; x_wconf 75' lang='lat' dir='ltr'><strong>Miserere</strong></span> <span class='ocrx_word' id='word_1_41' title='bbox 1091 627 1210 692; x_wconf 81' lang='lat' dir='ltr'><strong>mei,</strong></span> <span class='ocrx_word' id='word_1_42' title='bbox 1229 624 1466 691; x_wconf 90' lang='lat' dir='ltr'><strong>Domine,</strong></span> <span class='ocrx_word' id='word_1_43' title='bbox 1481 625 1725 695; x_wconf 88' lang='lat' dir='ltr'><strong>quoniam</strong></span> <span class='ocrx_word' id='word_1_44' title='bbox 1736 623 1804 677; x_wconf 86' lang='lat' dir='ltr'><strong>ad</strong></span> <span class='ocrx_word' id='word_1_45' title='bbox 1820 633 1866 675; x_wconf 88' lang='lat' dir='ltr'><strong>te</strong></span> <span class='ocrx_word' id='word_1_46' title='bbox 1876 619 1985 677; x_wconf 87' lang='lat' dir='ltr'><strong>cla-</strong></span> 
     </span>
    </p>
   </div>
   <div class='ocr_carea' id='block_1_7' title="bbox 385 716 1983 790">
    <p class='ocr_par' dir='ltr' id='par_1_7' title="bbox 385 716 1983 790">
     <span class='ocr_line' id='line_1_7' title="bbox 385 716 1983 790; baseline -0.006 -12"><span class='ocrx_word' id='word_1_47' title='bbox 385 725 519 779; x_wconf 85' lang='lat' dir='ltr'><strong>mavi</strong></span> <span class='ocrx_word' id='word_1_48' title='bbox 541 733 645 778; x_wconf 87' lang='lat' dir='ltr'><strong>tota</strong></span> <span class='ocrx_word' id='word_1_49' title='bbox 667 723 766 777; x_wconf 87' lang='lat' dir='ltr'><strong>die.</strong></span> <span class='ocrx_word' id='word_1_50' title='bbox 797 722 1047 777; x_wconf 85' lang='lat' dir='ltr'><strong>Formam</strong></span> <span class='ocrx_word' id='word_1_51' title='bbox 1074 720 1218 776; x_wconf 88' lang='lat' dir='ltr'><strong>servi</strong></span> <span class='ocrx_word' id='word_1_52' title='bbox 1248 718 1517 789; x_wconf 86' lang='lat' dir='ltr'><strong>suscepit,</strong></span> <span class='ocrx_word' id='word_1_53' title='bbox 1540 733 1700 790; x_wconf 90' lang='lat' dir='ltr'><strong>quam</strong></span> <span class='ocrx_word' id='word_1_54' title='bbox 1741 717 1795 771; x_wconf 89' lang='lat' dir='ltr'><strong>in</strong></span> <span class='ocrx_word' id='word_1_55' title='bbox 1835 716 1983 771; x_wconf 89' lang='lat' dir='ltr'><strong>omni</strong></span> 
     </span>
    </p>
   </div>
   <div class='ocr_carea' id='block_1_8' title="bbox 384 808 1981 887">
    <p class='ocr_par' dir='ltr' id='par_1_8' title="bbox 384 808 1981 887">
     <span class='ocr_line' id='line_1_8' title="bbox 384 808 1981 887; baseline -0.006 -15"><span class='ocrx_word' id='word_1_56' title='bbox 384 825 628 886; x_wconf 88' lang='lat' dir='ltr'><strong>tempore</strong></span> <span class='ocrx_word' id='word_1_57' title='bbox 642 815 923 887; x_wconf 63' lang='lat' dir='ltr'><strong>praesentis</strong></span> <span class='ocrx_word' id='word_1_58' title='bbox 940 815 1063 869; x_wconf 65' lang='lat' dir='ltr'><strong>vitae</strong></span> <span class='ocrx_word' id='word_1_59' title='bbox 1081 813 1280 869; x_wconf 83' lang='lat' dir='ltr'><strong>salvari</strong></span> <span class='ocrx_word' id='word_1_60' title='bbox 1301 810 1686 884; x_wconf 85' lang='lat' dir='ltr'><strong>precatur.Scit</strong></span> <span class='ocrx_word' id='word_1_61' title='bbox 1698 810 1840 866; x_wconf 89' lang='lat' dir='ltr'><strong>enim</strong></span> <span class='ocrx_word' id='word_1_62' title='bbox 1860 808 1981 879; x_wconf 82' lang='lat' dir='ltr'><strong>quia</strong></span> 
     </span>
    </p>
   </div>
   <div class='ocr_carea' id='block_1_9' title="bbox 383 905 1907 981">
    <p class='ocr_par' dir='ltr' id='par_1_9' title="bbox 383 905 1907 981">
     <span class='ocr_line' id='line_1_9' title="bbox 383 905 1907 981; baseline -0.008 -12"><span class='ocrx_word' id='word_1_63' title='bbox 383 912 506 970; x_wconf 82' lang='lat' dir='ltr'><strong>etsi</strong></span> <span class='ocrx_word' id='word_1_64' title='bbox 531 911 753 981; x_wconf 90' lang='lat' dir='ltr'><strong>spiritus</strong></span> <span class='ocrx_word' id='word_1_65' title='bbox 777 916 1057 981; x_wconf 88' lang='lat' dir='ltr'><strong>promptus</strong></span> <span class='ocrx_word' id='word_1_66' title='bbox 1080 916 1184 974; x_wconf 90' lang='lat' dir='ltr'><strong>est,</strong></span> <span class='ocrx_word' id='word_1_67' title='bbox 1212 922 1339 963; x_wconf 90' lang='lat' dir='ltr'><strong>caro</strong></span> <span class='ocrx_word' id='word_1_68' title='bbox 1364 915 1542 962; x_wconf 91' lang='lat' dir='ltr'><strong>autem</strong></span> <span class='ocrx_word' id='word_1_69' title='bbox 1570 905 1782 960; x_wconf 90' lang='lat' dir='ltr'><strong>inlirma</strong></span> <span class='ocrx_word' id='word_1_70' title='bbox 1804 913 1907 960; x_wconf 86' lang='lat' dir='ltr'><strong>cst.</strong></span> 
     </span>
    </p>
   </div>
   <div class='ocr_carea' id='block_1_10' title="bbox 454 997 1983 1073">
    <p class='ocr_par' dir='ltr' id='par_1_10' title="bbox 454 997 1983 1073">
     <span class='ocr_line' id='line_1_10' title="bbox 454 997 1983 1073; baseline -0.004 -16"><span class='ocrx_word' id='word_1_71' title='bbox 454 1002 692 1073; x_wconf 67' lang='lat' dir='ltr'><strong>Laeti/ica</strong></span> <span class='ocrx_word' id='word_1_72' title='bbox 719 1002 942 1057; x_wconf 87' lang='lat' dir='ltr'><strong>animam</strong></span> <span class='ocrx_word' id='word_1_73' title='bbox 969 1001 1102 1056; x_wconf 96' lang='lat' dir='ltr'><strong>servi</strong></span> <span class='ocrx_word' id='word_1_74' title='bbox 1143 1000 1235 1055; x_wconf 89' lang='lat' dir='ltr'><strong>tui.</strong></span> <span class='ocrx_word' id='word_1_75' title='bbox 1269 1002 1309 1056; x_wconf 84' lang='grc' dir='ltr'>Α</span> <span class='ocrx_word' id='word_1_76' title='bbox 1357 997 1796 1054; x_wconf 86' lang='lat' dir='ltr'><strong>tribulationibus</strong></span> <span class='ocrx_word' id='word_1_77' title='bbox 1844 1011 1983 1067; x_wconf 73' lang='lat' dir='ltr'><strong>prte-</strong></span> 
     </span>
    </p>
   </div>
   <div class='ocr_carea' id='block_1_11' title="bbox 382 1092 1983 1162">
    <p class='ocr_par' dir='ltr' id='par_1_11' title="bbox 382 1092 1983 1162">
     <span class='ocr_line' id='line_1_11' title="bbox 382 1092 1983 1162; baseline -0.006 -9"><span class='ocrx_word' id='word_1_78' title='bbox 382 1099 631 1155; x_wconf 86' lang='lat' dir='ltr'><strong>sentibus</strong></span> <span class='ocrx_word' id='word_1_79' title='bbox 654 1107 926 1153; x_wconf 69' lang='lat' dir='ltr'><strong>maestam.</strong></span> <span class='ocrx_word' id='word_1_80' title='bbox 953 1096 1089 1162; x_wconf 93' lang='lat' dir='ltr'><strong>Quia</strong></span> <span class='ocrx_word' id='word_1_81' title='bbox 1115 1096 1183 1149; x_wconf 87' lang='lat' dir='ltr'><strong>ad</strong></span> <span class='ocrx_word' id='word_1_82' title='bbox 1207 1103 1275 1161; x_wconf 87' lang='lat' dir='ltr'><strong>te,</strong></span> <span class='ocrx_word' id='word_1_83' title='bbox 1308 1092 1543 1161; x_wconf 81' lang='lat' dir='ltr'><strong>Domine,</strong></span> <span class='ocrx_word' id='word_1_84' title='bbox 1571 1092 1796 1146; x_wconf 89' lang='lat' dir='ltr'><strong>animam</strong></span> <span class='ocrx_word' id='word_1_85' title='bbox 1816 1106 1983 1144; x_wconf 83' lang='lat' dir='ltr'><strong>meam</strong></span> 
     </span>
    </p>
   </div>
   <div class='ocr_carea' id='block_1_12' title="bbox 380 1187 1552 1247">
    <p class='ocr_par' dir='ltr' id='par_1_12' title="bbox 380 1187 1552 1247">
     <span class='ocr_line' id='line_1_12' title="bbox 380 1187 1552 1247; baseline -0.003 -4"><span class='ocrx_word' id='word_1_86' title='bbox 380 1190 551 1247; x_wconf 77' lang='lat' dir='ltr'><strong>levavi</strong></span> <span class='ocrx_word' id='word_1_87' title='bbox 577 1208 595 1245; x_wconf 89' lang='lat'><em>:</em></span> <span class='ocrx_word' id='word_1_88' title='bbox 625 1191 701 1246; x_wconf 82' lang='lat' dir='ltr'><strong>Ad</strong></span> <span class='ocrx_word' id='word_1_89' title='bbox 734 1200 785 1247; x_wconf 90' lang='lat' dir='ltr'><strong>te</strong></span> <span class='ocrx_word' id='word_1_90' title='bbox 814 1205 937 1245; x_wconf 87' lang='lat' dir='ltr'><strong>eam</strong></span> <span class='ocrx_word' id='word_1_91' title='bbox 963 1188 1279 1245; x_wconf 87' lang='lat' dir='ltr'><strong>resuscitari</strong></span> <span class='ocrx_word' id='word_1_92' title='bbox 1300 1187 1552 1243; x_wconf 82' lang='lat' dir='ltr'><strong>credens.</strong></span> 
     </span>
    </p>
   </div>
   <div class='ocr_carea' id='block_1_13' title="bbox 456 1275 1983 1349">
    <p class='ocr_par' dir='ltr' id='par_1_13' title="bbox 456 1275 1983 1349">
     <span class='ocr_line' id='line_1_13' title="bbox 456 1275 1983 1349; baseline -0.006 -11"><span class='ocrx_word' id='word_1_93' title='bbox 456 1282 594 1349; x_wconf 91' lang='lat' dir='ltr'><strong>Quia</strong></span> <span class='ocrx_word' id='word_1_94' title='bbox 634 1292 711 1348; x_wconf 89' lang='lat' dir='ltr'><strong>tu,</strong></span> <span class='ocrx_word' id='word_1_95' title='bbox 755 1281 994 1347; x_wconf 84' lang='lat' dir='ltr'><strong>Domine,</strong></span> <span class='ocrx_word' id='word_1_96' title='bbox 1034 1280 1206 1336; x_wconf 89' lang='lat' dir='ltr'><strong>suavis</strong></span> <span class='ocrx_word' id='word_1_97' title='bbox 1234 1290 1282 1334; x_wconf 86' lang='lat' dir='ltr'><strong>et</strong></span> <span class='ocrx_word' id='word_1_98' title='bbox 1311 1279 1465 1346; x_wconf 88' lang='lat' dir='ltr'><strong>mitis,</strong></span> <span class='ocrx_word' id='word_1_99' title='bbox 1497 1287 1542 1331; x_wconf 89' lang='lat' dir='ltr'><strong>et</strong></span> <span class='ocrx_word' id='word_1_100' title='bbox 1583 1276 1759 1331; x_wconf 66' lang='lat' dir='ltr'><strong>multa:</strong></span> <span class='ocrx_word' id='word_1_101' title='bbox 1783 1275 1983 1330; x_wconf 89' lang='lat' dir='ltr'><strong>miseri-</strong></span> 
     </span>
    </p>
   </div>
   <div class='ocr_carea' id='block_1_14' title="bbox 380 1368 1981 1442">
    <p class='ocr_par' dir='ltr' id='par_1_14' title="bbox 380 1368 1981 1442">
     <span class='ocr_line' id='line_1_14' title="bbox 380 1368 1981 1442; baseline -0.005 -11"><span class='ocrx_word' id='word_1_102' title='bbox 380 1377 574 1431; x_wconf 80' lang='lat' dir='ltr'><strong>cordia:</strong></span> <span class='ocrx_word' id='word_1_103' title='bbox 616 1372 851 1430; x_wconf 88' lang='lat' dir='ltr'><strong>omnibus</strong></span> <span class='ocrx_word' id='word_1_104' title='bbox 879 1372 1234 1430; x_wconf 81' lang='lat' dir='ltr'><strong>invocantibus</strong></span> <span class='ocrx_word' id='word_1_105' title='bbox 1262 1382 1329 1427; x_wconf 90' lang='lat' dir='ltr'><strong>te.</strong></span> <span class='ocrx_word' id='word_1_106' title='bbox 1356 1371 1456 1426; x_wconf 89' lang='lat' dir='ltr'><strong>llis</strong></span> <span class='ocrx_word' id='word_1_107' title='bbox 1497 1370 1588 1442; x_wconf 86' lang='lat' dir='ltr'><strong>qui</strong></span> <span class='ocrx_word' id='word_1_108' title='bbox 1638 1379 1690 1425; x_wconf 92' lang='lat' dir='ltr'><strong>te</strong></span> <span class='ocrx_word' id='word_1_109' title='bbox 1731 1368 1800 1424; x_wconf 91' lang='lat' dir='ltr'><strong>de</strong></span> <span class='ocrx_word' id='word_1_110' title='bbox 1845 1382 1981 1438; x_wconf 89' lang='lat' dir='ltr'><strong>puro</strong></span> 
     </span>
    </p>
   </div>
   <div class='ocr_carea' id='block_1_15' title="bbox 380 1460 1981 1537">
    <p class='ocr_par' dir='ltr' id='par_1_15' title="bbox 380 1460 1981 1537">
     <span class='ocr_line' id='line_1_15' title="bbox 380 1460 1981 1537; baseline -0.004 -15"><span class='ocrx_word' id='word_1_111' title='bbox 380 1467 547 1524; x_wconf 86' lang='lat' dir='ltr'><strong>corde</strong></span> <span class='ocrx_word' id='word_1_112' title='bbox 572 1468 846 1535; x_wconf 90' lang='lat' dir='ltr'><strong>invocant,</strong></span> <span class='ocrx_word' id='word_1_113' title='bbox 872 1468 1058 1523; x_wconf 85' lang='lat' dir='ltr'><strong>mitem</strong></span> <span class='ocrx_word' id='word_1_114' title='bbox 1089 1476 1141 1522; x_wconf 90' lang='lat' dir='ltr'><strong>te</strong></span> <span class='ocrx_word' id='word_1_115' title='bbox 1171 1464 1406 1537; x_wconf 65' lang='lat' dir='ltr'><strong>praebes,</strong></span> <span class='ocrx_word' id='word_1_116' title='bbox 1434 1473 1489 1520; x_wconf 89' lang='lat' dir='ltr'><strong>et</strong></span> <span class='ocrx_word' id='word_1_117' title='bbox 1516 1461 1792 1533; x_wconf 86' lang='lat' dir='ltr'><strong>copiosam</strong></span> <span class='ocrx_word' id='word_1_118' title='bbox 1824 1460 1981 1516; x_wconf 88' lang='lat' dir='ltr'><strong>mise-</strong></span> 
     </span>
    </p>
   </div>
   <div class='ocr_carea' id='block_1_16' title="bbox 379 1560 1070 1631">
    <p class='ocr_par' dir='ltr' id='par_1_16' title="bbox 379 1560 1070 1631">
     <span class='ocr_line' id='line_1_16' title="bbox 379 1560 1070 1631; baseline -0.006 -14"><span class='ocrx_word' id='word_1_119' title='bbox 379 1560 774 1627; x_wconf 79' lang='lat' dir='ltr'><strong>ricordiameis</strong></span> <span class='ocrx_word' id='word_1_120' title='bbox 801 1560 1070 1631; x_wconf 83' lang='lat' dir='ltr'><strong>indulges.</strong></span> 
     </span>
    </p>
   </div>
   <div class='ocr_carea' id='block_1_17' title="bbox 452 1648 1962 1723">
    <p class='ocr_par' dir='ltr' id='par_1_17' title="bbox 452 1648 1962 1723">
     <span class='ocr_line' id='line_1_17' title="bbox 452 1648 1962 1723; baseline -0.004 -16"><span class='ocrx_word' id='word_1_121' title='bbox 452 1652 678 1708; x_wconf 83' lang='lat' dir='ltr'><strong>Auribus</strong></span> <span class='ocrx_word' id='word_1_122' title='bbox 726 1653 951 1723; x_wconf 79' lang='lat' dir='ltr'><strong>percipe,</strong></span> <span class='ocrx_word' id='word_1_123' title='bbox 1007 1649 1244 1718; x_wconf 85' lang='lat' dir='ltr'><strong>Domine,</strong></span> <span class='ocrx_word' id='word_1_124' title='bbox 1297 1648 1583 1704; x_wconf 88' lang='lat' dir='ltr'><strong>orationem</strong></span> <span class='ocrx_word' id='word_1_125' title='bbox 1626 1662 1812 1713; x_wconf 86' lang='lat' dir='ltr'><strong>meam,</strong></span> <span class='ocrx_word' id='word_1_126' title='bbox 1854 1653 1962 1702; x_wconf 91' lang='lat' dir='ltr'><strong>etc.</strong></span> 
     </span>
    </p>
   </div>
   <div class='ocr_carea' id='block_1_18' title="bbox 378 1744 987 1815">
    <p class='ocr_par' dir='ltr' id='par_1_18' title="bbox 378 1744 987 1815">
     <span class='ocr_line' id='line_1_18' title="bbox 378 1744 987 1815; baseline -0.005 -15"><span class='ocrx_word' id='word_1_127' title='bbox 378 1744 646 1813; x_wconf 86' lang='lat' dir='ltr'><strong>Quoniam</strong></span> <span class='ocrx_word' id='word_1_128' title='bbox 668 1746 816 1814; x_wconf 84' lang='lat' dir='ltr'><strong>justa</strong></span> <span class='ocrx_word' id='word_1_129' title='bbox 844 1751 987 1815; x_wconf 89' lang='lat' dir='ltr'><strong>peto.</strong></span> 
     </span>
    </p>
   </div>
   <div class='ocr_carea' id='block_1_19' title="bbox 2087 523 3674 599">
    <p class='ocr_par' dir='ltr' id='par_1_19' title="bbox 2087 523 3674 599">
     <span class='ocr_line' id='line_1_19' title="bbox 2087 523 3674 599; baseline -0.003 -16"><span class='ocrx_word' id='word_1_130' title='bbox 2087 528 2264 596; x_wconf 90' lang='lat' dir='ltr'><strong>mine,</strong></span> <span class='ocrx_word' id='word_1_131' title='bbox 2294 536 2351 583; x_wconf 90' lang='lat' dir='ltr'><strong>ut</strong></span> <span class='ocrx_word' id='word_1_132' title='bbox 2374 525 2553 583; x_wconf 81' lang='lat' dir='ltr'><strong>crucis</strong></span> <span class='ocrx_word' id='word_1_133' title='bbox 2587 536 2691 582; x_wconf 64' lang='lat' dir='ltr'><strong>tua:</strong></span> <span class='ocrx_word' id='word_1_134' title='bbox 2720 526 2879 599; x_wconf 85' lang='lat' dir='ltr'><strong>signo</strong></span> <span class='ocrx_word' id='word_1_135' title='bbox 2915 526 3114 594; x_wconf 89' lang='lat' dir='ltr'><strong>tutati,</strong></span> <span class='ocrx_word' id='word_1_136' title='bbox 3156 533 3323 594; x_wconf 83' lang='lat' dir='ltr'><strong>atque</strong></span> <span class='ocrx_word' id='word_1_137' title='bbox 3369 523 3491 593; x_wconf 86' lang='lat' dir='ltr'><strong>ejus</strong></span> <span class='ocrx_word' id='word_1_138' title='bbox 3535 538 3674 593; x_wconf 67' lang='lat' dir='ltr'><strong>prte-</strong></span> 
     </span>
    </p>
   </div>
   <div class='ocr_carea' id='block_1_20' title="bbox 2084 614 3679 685">
    <p class='ocr_par' dir='ltr' id='par_1_20' title="bbox 2084 614 3679 685">
     <span class='ocr_line' id='line_1_20' title="bbox 2084 614 3679 685; baseline -0.004 -9"><span class='ocrx_word' id='word_1_139' title='bbox 2084 620 2227 677; x_wconf 88' lang='lat' dir='ltr'><strong>sidio</strong></span> <span class='ocrx_word' id='word_1_140' title='bbox 2253 620 2540 685; x_wconf 85' lang='lat' dir='ltr'><strong>custoditi,</strong></span> <span class='ocrx_word' id='word_1_141' title='bbox 2575 614 2887 676; x_wconf 75' lang='lat' dir='ltr'><strong>mereamur</strong></span> <span class='ocrx_word' id='word_1_142' title='bbox 2916 619 2986 673; x_wconf 90' lang='lat' dir='ltr'><strong>ab</strong></span> <span class='ocrx_word' id='word_1_143' title='bbox 3014 617 3273 674; x_wconf 89' lang='lat' dir='ltr'><strong>omnibus</strong></span> <span class='ocrx_word' id='word_1_144' title='bbox 3307 616 3518 672; x_wconf 84' lang='lat' dir='ltr'><strong>diaboli</strong></span> <span class='ocrx_word' id='word_1_145' title='bbox 3548 614 3679 671; x_wconf 81' lang='lat' dir='ltr'><strong>insi-</strong></span> 
     </span>
    </p>
   </div>
   <div class='ocr_carea' id='block_1_21' title="bbox 2085 711 3680 785">
    <p class='ocr_par' dir='ltr' id='par_1_21' title="bbox 2085 711 3680 785">
     <span class='ocr_line' id='line_1_21' title="bbox 2085 711 3680 785; baseline -0.004 -17"><span class='ocrx_word' id='word_1_146' title='bbox 2085 712 2189 769; x_wconf 81' lang='lat' dir='ltr'><strong>diis</strong></span> <span class='ocrx_word' id='word_1_147' title='bbox 2216 713 2437 769; x_wconf 88' lang='lat' dir='ltr'><strong>liberari</strong></span> <span class='ocrx_word' id='word_1_148' title='bbox 2464 731 2474 767; x_wconf 94' lang='lat'>:</span> <span class='ocrx_word' id='word_1_149' title='bbox 2499 713 2623 785; x_wconf 91' lang='lat' dir='ltr'><strong>quia</strong></span> <span class='ocrx_word' id='word_1_150' title='bbox 2648 712 2739 768; x_wconf 88' lang='lat' dir='ltr'><strong>tibi</strong></span> <span class='ocrx_word' id='word_1_151' title='bbox 2763 722 2846 767; x_wconf 88' lang='lat' dir='ltr'><strong>est</strong></span> <span class='ocrx_word' id='word_1_152' title='bbox 2866 711 3043 767; x_wconf 84' lang='lat' dir='ltr'><strong>honor</strong></span> <span class='ocrx_word' id='word_1_153' title='bbox 3058 720 3111 766; x_wconf 88' lang='lat' dir='ltr'><strong>et</strong></span> <span class='ocrx_word' id='word_1_154' title='bbox 3133 711 3306 783; x_wconf 90' lang='lat' dir='ltr'><strong>gloria</strong></span> <span class='ocrx_word' id='word_1_155' title='bbox 3325 724 3448 764; x_wconf 91' lang='lat' dir='ltr'><strong>cum</strong></span> <span class='ocrx_word' id='word_1_156' title='bbox 3470 718 3680 763; x_wconf 64' lang='lat' dir='ltr'><strong>aeterno</strong></span> 
     </span>
    </p>
   </div>
   <div class='ocr_carea' id='block_1_22' title="bbox 2086 800 3675 878">
    <p class='ocr_par' dir='ltr' id='par_1_22' title="bbox 2086 800 3675 878">
     <span class='ocr_line' id='line_1_22' title="bbox 2086 800 3675 878; baseline -0.004 -18"><span class='ocrx_word' id='word_1_157' title='bbox 2086 805 2247 861; x_wconf 81' lang='lat' dir='ltr'><strong>Patre</strong></span> <span class='ocrx_word' id='word_1_158' title='bbox 2274 813 2330 861; x_wconf 86' lang='lat' dir='ltr'><strong>et</strong></span> <span class='ocrx_word' id='word_1_159' title='bbox 2354 804 2562 878; x_wconf 89' lang='lat' dir='ltr'><strong>Spiritu</strong></span> <span class='ocrx_word' id='word_1_160' title='bbox 2583 812 2775 861; x_wconf 88' lang='lat' dir='ltr'><strong>sancto</strong></span> <span class='ocrx_word' id='word_1_161' title='bbox 2798 804 2853 859; x_wconf 89' lang='lat' dir='ltr'><strong>in</strong></span> <span class='ocrx_word' id='word_1_162' title='bbox 2876 804 3074 859; x_wconf 71' lang='lat' dir='ltr'><strong>smcula</strong></span> <span class='ocrx_word' id='word_1_163' title='bbox 3099 803 3448 859; x_wconf 65' lang='lat' dir='ltr'><strong>saeculorum.</strong></span> <span class='ocrx_word' id='word_1_164' title='bbox 3477 800 3675 856; x_wconf 82' lang='lat' dir='ltr'><strong>Amen.</strong></span> 
     </span>
    </p>
   </div>
   <div class='ocr_carea' id='block_1_23' title="bbox 2548 922 3196 982">
    <p class='ocr_par' dir='ltr' id='par_1_23' title="bbox 2548 922 3196 982">
     <span class='ocr_line' id='line_1_23' title="bbox 2548 922 3196 982; baseline -0.011 0"><span class='ocrx_word' id='word_1_165' title='bbox 2548 923 2870 982; x_wconf 57' lang='lat' dir='ltr'><strong>PSALNIUS</strong></span> <span class='ocrx_word' id='word_1_166' title='bbox 2908 922 3196 979; x_wconf 80' lang='lat' dir='ltr'><strong>LXXXVI.</strong></span> 
     </span>
    </p>
   </div>
   <div class='ocr_carea' id='block_1_24' title="bbox 2088 991 3680 1069">
    <p class='ocr_par' dir='ltr' id='par_1_24' title="bbox 2088 991 3680 1069">
     <span class='ocr_line' id='line_1_24' title="bbox 2088 991 3680 1069; baseline -0.006 -15"><span class='ocrx_word' id='word_1_167' title='bbox 2088 999 2330 1054; x_wconf 87' lang='lat' dir='ltr'><strong>Psalmus</strong></span> <span class='ocrx_word' id='word_1_168' title='bbox 2365 998 2568 1053; x_wconf 85' lang='lat' dir='ltr'><strong>Cuntici</strong></span> <span class='ocrx_word' id='word_1_169' title='bbox 2596 997 2721 1069; x_wconf 80' lang='lat' dir='ltr'><strong>ﬁliis</strong></span> <span class='ocrx_word' id='word_1_170' title='bbox 2748 994 2897 1051; x_wconf 83' lang='lat' dir='ltr'><strong>Core.</strong></span> <span class='ocrx_word' id='word_1_171' title='bbox 2932 997 3079 1051; x_wconf 87' lang='lat' dir='ltr'><strong>Inter</strong></span> <span class='ocrx_word' id='word_1_172' title='bbox 3112 994 3377 1069; x_wconf 72' lang='lat' dir='ltr'><strong>psalmum</strong></span> <span class='ocrx_word' id='word_1_173' title='bbox 3408 1000 3463 1069; x_wconf 66' lang='lat' dir='ltr'><strong>et</strong></span> <span class='ocrx_word' id='word_1_174' title='bbox 3493 991 3680 1046; x_wconf 85' lang='lat' dir='ltr'><strong>canti-</strong></span> 
     </span>
    </p>
   </div>
   <div class='ocr_carea' id='block_1_25' title="bbox 2152 1063 3681 1141">
    <p class='ocr_par' dir='ltr' id='par_1_25' title="bbox 2152 1063 3681 1141">
     <span class='ocr_line' id='line_1_25' title="bbox 2152 1063 3681 1141; baseline -0.005 -17"><span class='ocrx_word' id='word_1_175' title='bbox 2152 1087 2276 1132; x_wconf 78' lang='lat' dir='ltr'><strong>cum</strong></span> <span class='ocrx_word' id='word_1_176' title='bbox 2312 1071 2441 1141; x_wconf 91' lang='lat' dir='ltr'><strong>quid</strong></span> <span class='ocrx_word' id='word_1_177' title='bbox 2475 1063 2732 1137; x_wconf 74' lang='lat' dir='ltr'><strong>interest,</strong></span> <span class='ocrx_word' id='word_1_178' title='bbox 2775 1072 3094 1137; x_wconf 81' lang='lat' dir='ltr'><strong>frequenter</strong></span> <span class='ocrx_word' id='word_1_179' title='bbox 3132 1065 3246 1120; x_wconf 79' lang='lat' dir='ltr'><strong>dixi</strong></span> <span class='ocrx_word' id='word_1_180' title='bbox 3280 1083 3292 1117; x_wconf 87' lang='lat'>:</span> <span class='ocrx_word' id='word_1_181' title='bbox 3328 1063 3681 1141; x_wconf 78' lang='lat' dir='ltr'><strong>Psalmus_ex</strong></span> 
     </span>
    </p>
   </div>
   <div class='ocr_carea' id='block_1_26' title="bbox 2156 1132 3683 1204">
    <p class='ocr_par' dir='ltr' id='par_1_26' title="bbox 2156 1132 3683 1204">
     <span class='ocr_line' id='line_1_26' title="bbox 2156 1132 3683 1204; baseline -0.007 -6"><span class='ocrx_word' id='word_1_182' title='bbox 2156 1132 2423 1198; x_wconf 65' lang='lat' dir='ltr'><strong>Psalte&#39;rio</strong></span> <span class='ocrx_word' id='word_1_183' title='bbox 2450 1141 2652 1197; x_wconf 91' lang='lat' dir='ltr'><strong>dicitur</strong></span> <span class='ocrx_word' id='word_1_184' title='bbox 2682 1159 2693 1194; x_wconf 89' lang='lat'><strong>:</strong></span> <span class='ocrx_word' id='word_1_185' title='bbox 2721 1132 3009 1194; x_wconf 72' lang='lat' dir='ltr'><strong>Canticum</strong></span> <span class='ocrx_word' id='word_1_186' title='bbox 3040 1153 3176 1192; x_wconf 87' lang='lat' dir='ltr'><strong>vero</strong></span> <span class='ocrx_word' id='word_1_187' title='bbox 3206 1151 3273 1191; x_wconf 83' lang='lat' dir='ltr'><strong>ex</strong></span> <span class='ocrx_word' id='word_1_188' title='bbox 3304 1148 3438 1190; x_wconf 89' lang='lat' dir='ltr'><strong>voce</strong></span> <span class='ocrx_word' id='word_1_189' title='bbox 3466 1132 3683 1204; x_wconf 78' lang='lat' dir='ltr'><strong>profer-</strong></span> 
     </span>
    </p>
   </div>
   <div class='ocr_carea' id='block_1_27' title="bbox 2158 1204 3681 1276">
    <p class='ocr_par' dir='ltr' id='par_1_27' title="bbox 2158 1204 3681 1276">
     <span class='ocr_line' id='line_1_27' title="bbox 2158 1204 3681 1276; baseline -0.005 -9"><span class='ocrx_word' id='word_1_190' title='bbox 2158 1222 2265 1269; x_wconf 85' lang='lat' dir='ltr'><strong>tur.</strong></span> <span class='ocrx_word' id='word_1_191' title='bbox 2304 1213 2555 1268; x_wconf 84' lang='lat' dir='ltr'><strong>Psalmus</strong></span> <span class='ocrx_word' id='word_1_192' title='bbox 2600 1210 2840 1268; x_wconf 84' lang='lat' dir='ltr'><strong>relertur</strong></span> <span class='ocrx_word' id='word_1_193' title='bbox 2890 1211 2955 1263; x_wconf 93' lang='lat' dir='ltr'><strong>ad</strong></span> <span class='ocrx_word' id='word_1_194' title='bbox 3009 1223 3240 1276; x_wconf 89' lang='lat' dir='ltr'><strong>manus,</strong></span> <span class='ocrx_word' id='word_1_195' title='bbox 3293 1206 3395 1261; x_wconf 92' lang='lat' dir='ltr'><strong>hoc</strong></span> <span class='ocrx_word' id='word_1_196' title='bbox 3438 1214 3559 1274; x_wconf 89' lang='lat' dir='ltr'><strong>est,</strong></span> <span class='ocrx_word' id='word_1_197' title='bbox 3609 1204 3681 1261; x_wconf 89' lang='lat' dir='ltr'><strong>ad</strong></span> 
     </span>
    </p>
   </div>
   <div class='ocr_carea' id='block_1_28' title="bbox 2155 1281 3105 1353">
    <p class='ocr_par' dir='ltr' id='par_1_28' title="bbox 2155 1281 3105 1353">
     <span class='ocr_line' id='line_1_28' title="bbox 2155 1281 3105 1353; baseline -0.008 -12"><span class='ocrx_word' id='word_1_198' title='bbox 2155 1301 2319 1353; x_wconf 86' lang='lat' dir='ltr'><strong>opera</strong></span> <span class='ocrx_word' id='word_1_199' title='bbox 2357 1304 2368 1338; x_wconf 90' lang='lat'><strong>:</strong></span> <span class='ocrx_word' id='word_1_200' title='bbox 2400 1286 2672 1340; x_wconf 87' lang='lat' dir='ltr'><strong>canticum</strong></span> <span class='ocrx_word' id='word_1_201' title='bbox 2715 1283 2782 1337; x_wconf 90' lang='lat' dir='ltr'><strong>ad</strong></span> <span class='ocrx_word' id='word_1_202' title='bbox 2814 1281 3105 1337; x_wconf 86' lang='lat' dir='ltr'><strong>theoriam.</strong></span> 
     </span>
    </p>
   </div>
   <div class='ocr_carea' id='block_1_29' title="bbox 2158 1368 3686 1449">
    <p class='ocr_par' dir='ltr' id='par_1_29' title="bbox 2158 1368 3686 1449">
     <span class='ocr_line' id='line_1_29' title="bbox 2158 1368 3686 1449; baseline -0.006 -16"><span class='ocrx_word' id='word_1_203' title='bbox 2158 1377 2524 1433; x_wconf 83' lang='lat' dir='ltr'><strong>Fundamenta</strong></span> <span class='ocrx_word' id='word_1_204' title='bbox 2550 1378 2660 1449; x_wconf 83' lang='lat' dir='ltr'><strong>ejus</strong></span> <span class='ocrx_word' id='word_1_205' title='bbox 2691 1376 2745 1431; x_wconf 90' lang='lat' dir='ltr'><strong>in</strong></span> <span class='ocrx_word' id='word_1_206' title='bbox 2773 1374 3033 1429; x_wconf 85' lang='lat' dir='ltr'><strong>montibus</strong></span> <span class='ocrx_word' id='word_1_207' title='bbox 3055 1375 3274 1428; x_wconf 85' lang='lat' dir='ltr'><strong>sanctis.</strong></span> <span class='ocrx_word' id='word_1_208' title='bbox 3310 1371 3428 1428; x_wconf 86' lang='lat' dir='ltr'><strong>Non</strong></span> <span class='ocrx_word' id='word_1_209' title='bbox 3475 1368 3686 1441; x_wconf 71' lang='lat' dir='ltr'><strong>prardi-</strong></span> 
     </span>
    </p>
   </div>
   <div class='ocr_carea' id='block_1_30' title="bbox 2083 1464 3684 1542">
    <p class='ocr_par' dir='ltr' id='par_1_30' title="bbox 2083 1464 3684 1542">
     <span class='ocr_line' id='line_1_30' title="bbox 2083 1464 3684 1542; baseline -0.006 -14"><span class='ocrx_word' id='word_1_210' title='bbox 2083 1471 2162 1529; x_wconf 86' lang='lat' dir='ltr'><strong>xit</strong></span> <span class='ocrx_word' id='word_1_211' title='bbox 2192 1472 2380 1542; x_wconf 85' lang='lat' dir='ltr'><strong>cujus;</strong></span> <span class='ocrx_word' id='word_1_212' title='bbox 2411 1480 2466 1527; x_wconf 91' lang='lat' dir='ltr'><strong>et</strong></span> <span class='ocrx_word' id='word_1_213' title='bbox 2492 1470 2629 1525; x_wconf 89' lang='lat' dir='ltr'><strong>dixit</strong></span> <span class='ocrx_word' id='word_1_214' title='bbox 2675 1489 2689 1523; x_wconf 89' lang='lat'><strong>:</strong></span> <span class='ocrx_word' id='word_1_215' title='bbox 2741 1468 3108 1524; x_wconf 81' lang='lat' dir='ltr'><strong>Fundamenta</strong></span> <span class='ocrx_word' id='word_1_216' title='bbox 3157 1470 3269 1540; x_wconf 82' lang='lat' dir='ltr'><strong>ejus</strong></span> <span class='ocrx_word' id='word_1_217' title='bbox 3315 1467 3372 1521; x_wconf 89' lang='lat' dir='ltr'><strong>in</strong></span> <span class='ocrx_word' id='word_1_218' title='bbox 3417 1464 3684 1519; x_wconf 80' lang='lat' dir='ltr'><strong>montibus</strong></span> 
     </span>
    </p>
   </div>
   <div class='ocr_carea' id='block_1_31' title="bbox 2080 1558 3681 1637">
    <p class='ocr_par' dir='ltr' id='par_1_31' title="bbox 2080 1558 3681 1637">
     <span class='ocr_line' id='line_1_31' title="bbox 2080 1558 3681 1637; baseline -0.004 -16"><span class='ocrx_word' id='word_1_219' title='bbox 2080 1568 2296 1622; x_wconf 82' lang='lat' dir='ltr'><strong>sanctis.</strong></span> <span class='ocrx_word' id='word_1_220' title='bbox 2322 1566 2422 1635; x_wconf 87' lang='lat' dir='ltr'><strong>Qui</strong></span> <span class='ocrx_word' id='word_1_221' title='bbox 2455 1566 2723 1637; x_wconf 83' lang='lat' dir='ltr'><strong>loquitur,</strong></span> <span class='ocrx_word' id='word_1_222' title='bbox 2767 1564 3032 1635; x_wconf 87' lang='lat' dir='ltr'><strong>propheta</strong></span> <span class='ocrx_word' id='word_1_223' title='bbox 3062 1572 3167 1619; x_wconf 94' lang='lat' dir='ltr'><strong>est.</strong></span> <span class='ocrx_word' id='word_1_224' title='bbox 3201 1561 3327 1617; x_wconf 86' lang='lat' dir='ltr'><strong>Filii</strong></span> <span class='ocrx_word' id='word_1_225' title='bbox 3359 1571 3487 1617; x_wconf 91' lang='lat' dir='ltr'><strong>sunt</strong></span> <span class='ocrx_word' id='word_1_226' title='bbox 3512 1558 3681 1616; x_wconf 88' lang='lat' dir='ltr'><strong>Core.</strong></span> 
     </span>
    </p>
   </div>
   <div class='ocr_carea' id='block_1_32' title="bbox 2080 1652 3685 1730">
    <p class='ocr_par' dir='ltr' id='par_1_32' title="bbox 2080 1652 3685 1730">
     <span class='ocr_line' id='line_1_32' title="bbox 2080 1652 3685 1730; baseline -0.005 -15"><span class='ocrx_word' id='word_1_227' title='bbox 2080 1659 2222 1716; x_wconf 81' lang='lat' dir='ltr'><strong>Core</strong></span> <span class='ocrx_word' id='word_1_228' title='bbox 2266 1659 2393 1730; x_wconf 89' lang='lat' dir='ltr'><strong>quid</strong></span> <span class='ocrx_word' id='word_1_229' title='bbox 2436 1660 2862 1728; x_wconf 86' lang='lat' dir='ltr'><strong>interpretatur,</strong></span> <span class='ocrx_word' id='word_1_230' title='bbox 2908 1655 3225 1727; x_wconf 83' lang='lat' dir='ltr'><strong>frequenter</strong></span> <span class='ocrx_word' id='word_1_231' title='bbox 3273 1654 3391 1709; x_wconf 86' lang='lat' dir='ltr'><strong>dixi</strong></span> <span class='ocrx_word' id='word_1_232' title='bbox 3427 1673 3440 1709; x_wconf 90' lang='lat'>:</span> <span class='ocrx_word' id='word_1_233' title='bbox 3483 1652 3685 1709; x_wconf 84' lang='lat' dir='ltr'><strong>Calva-</strong></span> 
     </span>
    </p>
   </div>
   <div class='ocr_carea' id='block_1_33' title="bbox 2080 1747 3686 1821">
    <p class='ocr_par' dir='ltr' id='par_1_33' title="bbox 2080 1747 3686 1821">
     <span class='ocr_line' id='line_1_33' title="bbox 2080 1747 3686 1821; baseline -0.004 -14"><span class='ocrx_word' id='word_1_234' title='bbox 2080 1754 2195 1821; x_wconf 90' lang='lat' dir='ltr'><strong>ria,</strong></span> <span class='ocrx_word' id='word_1_235' title='bbox 2243 1751 2349 1807; x_wconf 89' lang='lat' dir='ltr'><strong>hoc</strong></span> <span class='ocrx_word' id='word_1_236' title='bbox 2383 1760 2467 1807; x_wconf 88' lang='lat' dir='ltr'><strong>est</strong></span> <span class='ocrx_word' id='word_1_237' title='bbox 2511 1750 2607 1806; x_wconf 84' lang='lat' dir='ltr'><strong>lilii</strong></span> <span class='ocrx_word' id='word_1_238' title='bbox 2648 1749 3091 1806; x_wconf 74' lang='lat' dir='ltr'><strong>resurrecuonis.</strong></span> <span class='ocrx_word' id='word_1_239' title='bbox 3133 1747 3497 1803; x_wconf 82' lang='lat' dir='ltr'><strong>Fundamenta</strong></span> <span class='ocrx_word' id='word_1_240' title='bbox 3526 1750 3686 1819; x_wconf 85' lang='lat' dir='ltr'><strong>ejus,</strong></span> 
     </span>
    </p>
   </div>
   <div class='ocr_carea' id='block_1_34' title="bbox 446 1832 1972 1921">
    <p class='ocr_par' dir='ltr' id='par_1_34' title="bbox 446 1832 1967 1904">
     <span class='ocr_line' id='line_1_34' title="bbox 446 1832 1967 1904; baseline -0.005 -11"><span class='ocrx_word' id='word_1_241' title='bbox 446 1837 512 1893; x_wconf 91' lang='lat' dir='ltr'><strong>In</strong></span> <span class='ocrx_word' id='word_1_242' title='bbox 544 1839 629 1894; x_wconf 86' lang='lat' dir='ltr'><strong>die</strong></span> <span class='ocrx_word' id='word_1_243' title='bbox 658 1838 1005 1894; x_wconf 74' lang='lat' dir='ltr'><strong>tribulationis</strong></span> <span class='ocrx_word' id='word_1_244' title='bbox 1034 1853 1177 1892; x_wconf 65' lang='lat' dir='ltr'><strong>uteie.</strong></span> <span class='ocrx_word' id='word_1_245' title='bbox 1199 1835 1311 1891; x_wconf 81' lang='lat' dir='ltr'><strong>Hoc</strong></span> <span class='ocrx_word' id='word_1_246' title='bbox 1340 1844 1445 1901; x_wconf 89' lang='lat' dir='ltr'><strong>est,</strong></span> <span class='ocrx_word' id='word_1_247' title='bbox 1480 1834 1532 1889; x_wconf 89' lang='lat' dir='ltr'><strong>in</strong></span> <span class='ocrx_word' id='word_1_248' title='bbox 1558 1833 1651 1889; x_wconf 88' lang='lat' dir='ltr'><strong>die</strong></span> <span class='ocrx_word' id='word_1_249' title='bbox 1679 1832 1967 1904; x_wconf 87' lang='lat' dir='ltr'><strong>passionis.</strong></span> 
     </span>
    </p>
   </div>
   <div class='ocr_carea' id='block_1_35' title="bbox 2084 1832 3686 1921">
    <p class='ocr_par' dir='ltr' id='par_1_35' title="bbox 2084 1841 3686 1921">
     <span class='ocr_line' id='line_1_35' title="bbox 2084 1841 3686 1921; baseline -0.004 -21"><span class='ocrx_word' id='word_1_250' title='bbox 2084 1847 2197 1901; x_wconf 82' lang='lat' dir='ltr'><strong>sive</strong></span> <span class='ocrx_word' id='word_1_251' title='bbox 2254 1845 2384 1911; x_wconf 88' lang='lat' dir='ltr'><strong>Dei,</strong></span> <span class='ocrx_word' id='word_1_252' title='bbox 2439 1845 2553 1900; x_wconf 84' lang='lat' dir='ltr'><strong>sive</strong></span> <span class='ocrx_word' id='word_1_253' title='bbox 2607 1852 2756 1899; x_wconf 90' lang='lat' dir='ltr'><strong>certe</strong></span> <span class='ocrx_word' id='word_1_254' title='bbox 2805 1842 3084 1921; x_wconf 58' lang='lat' dir='ltr'><strong>Ecclesim.</strong></span> <span class='ocrx_word' id='word_1_255' title='bbox 3138 1841 3271 1910; x_wconf 76' lang='lat' dir='ltr'><strong>Quae</strong></span> <span class='ocrx_word' id='word_1_256' title='bbox 3319 1850 3445 1896; x_wconf 90' lang='lat' dir='ltr'><strong>sunt</strong></span> <span class='ocrx_word' id='word_1_257' title='bbox 3494 1849 3686 1895; x_wconf 83' lang='lat' dir='ltr'><strong>autem</strong></span> 
     </span>
    </p>
   </div>
   <div class='ocr_carea' id='block_1_36' title="bbox 380 1923 1980 1994">
    <p class='ocr_par' dir='ltr' id='par_1_36' title="bbox 380 1923 1980 1994">
     <span class='ocr_line' id='line_1_36' title="bbox 380 1923 1980 1994; baseline -0.004 -8"><span class='ocrx_word' id='word_1_258' title='bbox 380 1930 610 1986; x_wconf 85' lang='lat' dir='ltr'><strong>Clamavi</strong></span> <span class='ocrx_word' id='word_1_259' title='bbox 637 1931 707 1985; x_wconf 85' lang='lat' dir='ltr'><strong>ad</strong></span> <span class='ocrx_word' id='word_1_260' title='bbox 735 1940 803 1987; x_wconf 88' lang='lat' dir='ltr'><strong>te.</strong></span> <span class='ocrx_word' id='word_1_261' title='bbox 838 1930 913 1986; x_wconf 89' lang='lat' dir='ltr'><strong>De</strong></span> <span class='ocrx_word' id='word_1_262' title='bbox 939 1944 1123 1985; x_wconf 88' lang='lat' dir='ltr'><strong>cruce.</strong></span> <span class='ocrx_word' id='word_1_263' title='bbox 1157 1928 1296 1994; x_wconf 90' lang='lat' dir='ltr'><strong>Quia</strong></span> <span class='ocrx_word' id='word_1_264' title='bbox 1321 1925 1580 1983; x_wconf 71' lang='lat' dir='ltr'><strong>exaudiui</strong></span> <span class='ocrx_word' id='word_1_265' title='bbox 1608 1941 1707 1979; x_wconf 89' lang='lat' dir='ltr'><strong>me.</strong></span> <span class='ocrx_word' id='word_1_266' title='bbox 1731 1923 1802 1981; x_wconf 89' lang='lat' dir='ltr'><strong>Ut</strong></span> <span class='ocrx_word' id='word_1_267' title='bbox 1832 1938 1980 1980; x_wconf 89' lang='lat' dir='ltr'><strong>com-</strong></span> 
     </span>
    </p>
   </div>
   <div class='ocr_carea' id='block_1_37' title="bbox 376 2022 1664 2092">
    <p class='ocr_par' dir='ltr' id='par_1_37' title="bbox 376 2022 1664 2092">
     <span class='ocr_line' id='line_1_37' title="bbox 376 2022 1664 2092; baseline -0.006 -11"><span class='ocrx_word' id='word_1_268' title='bbox 376 2025 691 2082; x_wconf 88' lang='lat' dir='ltr'><strong>mendatum</strong></span> <span class='ocrx_word' id='word_1_269' title='bbox 722 2024 817 2081; x_wconf 86' lang='lat' dir='ltr'><strong>tibi</strong></span> <span class='ocrx_word' id='word_1_270' title='bbox 845 2024 1160 2080; x_wconf 86' lang='lat' dir='ltr'><strong>restitueres</strong></span> <span class='ocrx_word' id='word_1_271' title='bbox 1180 2022 1434 2092; x_wconf 87' lang='lat' dir='ltr'><strong>spiritum</strong></span> <span class='ocrx_word' id='word_1_272' title='bbox 1460 2034 1664 2077; x_wconf 91' lang='lat' dir='ltr'><strong>meum.</strong></span> 
     </span>
    </p>
   </div>
   <div class='ocr_carea' id='block_1_38' title="bbox 451 2111 1982 2180">
    <p class='ocr_par' dir='ltr' id='par_1_38' title="bbox 451 2111 1982 2180">
     <span class='ocr_line' id='line_1_38' title="bbox 451 2111 1982 2180; baseline -0.007 -5"><span class='ocrx_word' id='word_1_273' title='bbox 451 2119 574 2175; x_wconf 89' lang='lat' dir='ltr'><strong>Non</strong></span> <span class='ocrx_word' id='word_1_274' title='bbox 613 2130 687 2175; x_wconf 88' lang='lat' dir='ltr'><strong>est</strong></span> <span class='ocrx_word' id='word_1_275' title='bbox 722 2119 907 2175; x_wconf 86' lang='lat' dir='ltr'><strong>similis</strong></span> <span class='ocrx_word' id='word_1_276' title='bbox 944 2119 1017 2173; x_wconf 89' lang='lat' dir='ltr'><strong>tui</strong></span> <span class='ocrx_word' id='word_1_277' title='bbox 1052 2118 1107 2171; x_wconf 88' lang='lat' dir='ltr'><strong>in</strong></span> <span class='ocrx_word' id='word_1_278' title='bbox 1137 2116 1260 2180; x_wconf 86' lang='lat' dir='ltr'><strong>diis,</strong></span> <span class='ocrx_word' id='word_1_279' title='bbox 1301 2111 1545 2179; x_wconf 87' lang='lat' dir='ltr'><strong>Domine,</strong></span> <span class='ocrx_word' id='word_1_280' title='bbox 1587 2121 1635 2167; x_wconf 91' lang='lat' dir='ltr'><strong>et</strong></span> <span class='ocrx_word' id='word_1_281' title='bbox 1660 2128 1766 2167; x_wconf 85' lang='lat' dir='ltr'><strong>non</strong></span> <span class='ocrx_word' id='word_1_282' title='bbox 1795 2121 1871 2167; x_wconf 82' lang='lat' dir='ltr'><strong>est</strong></span> <span class='ocrx_word' id='word_1_283' title='bbox 1900 2128 1982 2166; x_wconf 84' lang='lat' dir='ltr'><strong>se-</strong></span> 
     </span>
    </p>
   </div>
   <div class='ocr_carea' id='block_1_39' title="bbox 375 2202 1981 2285">
    <p class='ocr_par' dir='ltr' id='par_1_39' title="bbox 375 2202 1981 2285">
     <span class='ocr_line' id='line_1_39' title="bbox 375 2202 1981 2285; baseline -0.007 -17"><span class='ocrx_word' id='word_1_284' title='bbox 375 2212 602 2268; x_wconf 87' lang='lat' dir='ltr'><strong>cundum</strong></span> <span class='ocrx_word' id='word_1_285' title='bbox 644 2228 800 2285; x_wconf 86' lang='lat' dir='ltr'><strong>opera</strong></span> <span class='ocrx_word' id='word_1_286' title='bbox 839 2222 949 2265; x_wconf 88' lang='lat' dir='ltr'><strong>tua.</strong></span> <span class='ocrx_word' id='word_1_287' title='bbox 980 2208 1097 2265; x_wconf 86' lang='lat' dir='ltr'><strong>Non</strong></span> <span class='ocrx_word' id='word_1_288' title='bbox 1127 2208 1395 2280; x_wconf 87' lang='lat' dir='ltr'><strong>reperitur</strong></span> <span class='ocrx_word' id='word_1_289' title='bbox 1420 2206 1473 2261; x_wconf 83' lang='lat' dir='ltr'><strong>in</strong></span> <span class='ocrx_word' id='word_1_290' title='bbox 1502 2202 1809 2261; x_wconf 86' lang='lat' dir='ltr'><strong>simulacris</strong></span> <span class='ocrx_word' id='word_1_291' title='bbox 1848 2217 1981 2274; x_wconf 85' lang='lat' dir='ltr'><strong>geu-</strong></span> 
     </span>
    </p>
   </div>
   <div class='ocr_carea' id='block_1_40' title="bbox 380 2286 1395 2377">
    <p class='ocr_par' dir='ltr' id='par_1_40' title="bbox 380 2286 1395 2377">
     <span class='ocr_line' id='line_1_40' title="bbox 380 2286 1395 2377; baseline -0.006 -15"><span class='ocrx_word' id='word_1_292' title='bbox 380 2307 538 2375; x_wconf 90' lang='lat' dir='ltr'><strong>tium,</strong></span> <span class='ocrx_word' id='word_1_293' title='bbox 568 2306 659 2377; x_wconf 89' lang='lat' dir='ltr'><strong>qui</strong></span> <span class='ocrx_word' id='word_1_294' title='bbox 691 2306 770 2361; x_wconf 87' lang='lat' dir='ltr'><strong>sic</strong></span> <span class='ocrx_word' id='word_1_295' title='bbox 797 2305 968 2375; x_wconf 85' lang='lat' dir='ltr'><strong>possit</strong></span> <span class='ocrx_word' id='word_1_296' title='bbox 994 2313 1055 2359; x_wconf 89' lang='lat' dir='ltr'><strong>ut</strong></span> <span class='ocrx_word' id='word_1_297' title='bbox 1082 2311 1137 2358; x_wconf 91' lang='lat' dir='ltr'><strong>tu</strong></span> <span class='ocrx_word' id='word_1_298' title='bbox 1158 2286 1395 2373; x_wconf 86' lang='lat' dir='ltr'><strong>operari.</strong></span> 
     </span>
    </p>
   </div>
   <div class='ocr_carea' id='block_1_41' title="bbox 452 2390 1975 2470">
    <p class='ocr_par' dir='ltr' id='par_1_41' title="bbox 452 2390 1975 2470">
     <span class='ocr_line' id='line_1_41' title="bbox 452 2390 1975 2470; baseline -0.005 -16"><span class='ocrx_word' id='word_1_299' title='bbox 452 2397 642 2453; x_wconf 87' lang='lat' dir='ltr'><strong>Omnes</strong></span> <span class='ocrx_word' id='word_1_300' title='bbox 672 2410 845 2470; x_wconf 87' lang='lat' dir='ltr'><strong>gentes</strong></span> <span class='ocrx_word' id='word_1_301' title='bbox 872 2412 1220 2469; x_wconf 84' lang='lat' dir='ltr'><strong>quascumque</strong></span> <span class='ocrx_word' id='word_1_302' title='bbox 1256 2394 1449 2466; x_wconf 77' lang='lat' dir='ltr'><strong>fecisti,</strong></span> <span class='ocrx_word' id='word_1_303' title='bbox 1484 2393 1684 2449; x_wconf 88' lang='lat' dir='ltr'><strong>venient</strong></span> <span class='ocrx_word' id='word_1_304' title='bbox 1713 2401 1760 2446; x_wconf 89' lang='lat' dir='ltr'><strong>et</strong></span> <span class='ocrx_word' id='word_1_305' title='bbox 1788 2390 1975 2447; x_wconf 84' lang='lat' dir='ltr'><strong>adora-</strong></span> 
     </span>
    </p>
   </div>
   <div class='ocr_carea' id='block_1_42' title="bbox 383 2487 1975 2561">
    <p class='ocr_par' dir='ltr' id='par_1_42' title="bbox 383 2487 1975 2561">
     <span class='ocr_line' id='line_1_42' title="bbox 383 2487 1975 2561; baseline -0.006 -12"><span class='ocrx_word' id='word_1_306' title='bbox 383 2494 506 2550; x_wconf 85' lang='lat' dir='ltr'><strong>bunt</strong></span> <span class='ocrx_word' id='word_1_307' title='bbox 550 2509 721 2548; x_wconf 90' lang='lat' dir='ltr'><strong>coram</strong></span> <span class='ocrx_word' id='word_1_308' title='bbox 769 2501 840 2561; x_wconf 89' lang='lat' dir='ltr'><strong>te,</strong></span> <span class='ocrx_word' id='word_1_309' title='bbox 887 2490 1135 2559; x_wconf 87' lang='lat' dir='ltr'><strong>Domine,</strong></span> <span class='ocrx_word' id='word_1_310' title='bbox 1180 2499 1285 2547; x_wconf 90' lang='lat' dir='ltr'><strong>etc.</strong></span> <span class='ocrx_word' id='word_1_311' title='bbox 1333 2489 1437 2544; x_wconf 86' lang='lat' dir='ltr'><strong>Per</strong></span> <span class='ocrx_word' id='word_1_312' title='bbox 1473 2488 1785 2559; x_wconf 88' lang='lat' dir='ltr'><strong>passionem</strong></span> <span class='ocrx_word' id='word_1_313' title='bbox 1829 2487 1975 2543; x_wconf 88' lang='lat' dir='ltr'><strong>enim</strong></span> 
     </span>
    </p>
   </div>
   <div class='ocr_carea' id='block_1_43' title="bbox 375 2582 1977 2661">
    <p class='ocr_par' dir='ltr' id='par_1_43' title="bbox 375 2582 1977 2661">
     <span class='ocr_line' id='line_1_43' title="bbox 375 2582 1977 2661; baseline -0.005 -15"><span class='ocrx_word' id='word_1_314' title='bbox 375 2605 555 2647; x_wconf 87' lang='lat' dir='ltr'><strong>meam</strong></span> <span class='ocrx_word' id='word_1_315' title='bbox 601 2598 935 2661; x_wconf 77' lang='lat' dir='ltr'><strong>cognoscent</strong></span> <span class='ocrx_word' id='word_1_316' title='bbox 974 2586 1396 2659; x_wconf 79' lang='lat' dir='ltr'><strong>magnitudinem</strong></span> <span class='ocrx_word' id='word_1_317' title='bbox 1432 2585 1652 2641; x_wconf 89' lang='lat' dir='ltr'><strong>virtutis</strong></span> <span class='ocrx_word' id='word_1_318' title='bbox 1676 2592 1806 2639; x_wconf 67' lang='lat' dir='ltr'><strong>tute.</strong></span> <span class='ocrx_word' id='word_1_319' title='bbox 1842 2582 1977 2639; x_wconf 82' lang='lat' dir='ltr'><strong>Hinc</strong></span> 
     </span>
    </p>
   </div>
   <div class='ocr_carea' id='block_1_44' title="bbox 378 2680 938 2753">
    <p class='ocr_par' dir='ltr' id='par_1_44' title="bbox 378 2680 938 2753">
     <span class='ocr_line' id='line_1_44' title="bbox 378 2680 938 2753; baseline 0 -16"><span class='ocrx_word' id='word_1_320' title='bbox 378 2681 642 2753; x_wconf 89' lang='lat' dir='ltr'><strong>propheta</strong></span> <span class='ocrx_word' id='word_1_321' title='bbox 675 2680 938 2752; x_wconf 88' lang='lat' dir='ltr'><strong>loquitur.</strong></span> 
     </span>
    </p>
   </div>
   <div class='ocr_carea' id='block_1_45' title="bbox 450 2760 1974 2845">
    <p class='ocr_par' dir='ltr' id='par_1_45' title="bbox 450 2760 1974 2845">
     <span class='ocr_line' id='line_1_45' title="bbox 450 2760 1974 2845; baseline -0.004 -14"><span class='ocrx_word' id='word_1_322' title='bbox 450 2775 628 2832; x_wconf 86' lang='lat' dir='ltr'><strong>Deduc</strong></span> <span class='ocrx_word' id='word_1_323' title='bbox 669 2791 771 2845; x_wconf 91' lang='lat' dir='ltr'><strong>me,</strong></span> <span class='ocrx_word' id='word_1_324' title='bbox 800 2774 1035 2842; x_wconf 82' lang='lat' dir='ltr'><strong>Domine,</strong></span> <span class='ocrx_word' id='word_1_325' title='bbox 1063 2774 1119 2830; x_wconf 90' lang='lat' dir='ltr'><strong>in</strong></span> <span class='ocrx_word' id='word_1_326' title='bbox 1148 2774 1232 2830; x_wconf 90' lang='lat' dir='ltr'><strong>via</strong></span> <span class='ocrx_word' id='word_1_327' title='bbox 1261 2760 1368 2843; x_wconf 74' lang='lat' dir='ltr'><strong>tua,</strong></span> <span class='ocrx_word' id='word_1_328' title='bbox 1394 2782 1441 2829; x_wconf 88' lang='lat' dir='ltr'><strong>et</strong></span> <span class='ocrx_word' id='word_1_329' title='bbox 1464 2771 1729 2845; x_wconf 81' lang='lat' dir='ltr'><strong>ingrediar</strong></span> <span class='ocrx_word' id='word_1_330' title='bbox 1757 2772 1809 2827; x_wconf 92' lang='lat' dir='ltr'><strong>in</strong></span> <span class='ocrx_word' id='word_1_331' title='bbox 1839 2770 1974 2826; x_wconf 85' lang='lat' dir='ltr'><strong>veri-</strong></span> 
     </span>
    </p>
   </div>
   <div class='ocr_carea' id='block_1_46' title="bbox 376 2864 1973 2936">
    <p class='ocr_par' dir='ltr' id='par_1_46' title="bbox 376 2864 1973 2936">
     <span class='ocr_line' id='line_1_46' title="bbox 376 2864 1973 2936; baseline -0.004 -10"><span class='ocrx_word' id='word_1_332' title='bbox 376 2879 481 2926; x_wconf 84' lang='lat' dir='ltr'><strong>tate</strong></span> <span class='ocrx_word' id='word_1_333' title='bbox 518 2879 630 2926; x_wconf 86' lang='lat' dir='ltr'><strong>tua.</strong></span> <span class='ocrx_word' id='word_1_334' title='bbox 665 2870 721 2925; x_wconf 90' lang='lat' dir='ltr'><strong>Si</strong></span> <span class='ocrx_word' id='word_1_335' title='bbox 750 2869 894 2925; x_wconf 92' lang='lat' dir='ltr'><strong>enim</strong></span> <span class='ocrx_word' id='word_1_336' title='bbox 924 2883 1011 2924; x_wconf 90' lang='lat' dir='ltr'><strong>me</strong></span> <span class='ocrx_word' id='word_1_337' title='bbox 1042 2867 1109 2923; x_wconf 89' lang='lat' dir='ltr'><strong>ad</strong></span> <span class='ocrx_word' id='word_1_338' title='bbox 1133 2867 1407 2923; x_wconf 86' lang='lat' dir='ltr'><strong>Christum</strong></span> <span class='ocrx_word' id='word_1_339' title='bbox 1434 2874 1607 2936; x_wconf 91' lang='lat' dir='ltr'><strong>tuum,</strong></span> <span class='ocrx_word' id='word_1_340' title='bbox 1637 2864 1728 2936; x_wconf 88' lang='lat' dir='ltr'><strong>qui</strong></span> <span class='ocrx_word' id='word_1_341' title='bbox 1756 2873 1840 2921; x_wconf 90' lang='lat' dir='ltr'><strong>est</strong></span> <span class='ocrx_word' id='word_1_342' title='bbox 1866 2864 1973 2930; x_wconf 87' lang='lat' dir='ltr'><strong>via,</strong></span> 
     </span>
    </p>
   </div>
   <div class='ocr_carea' id='block_1_47' title="bbox 376 2958 1975 3029">
    <p class='ocr_par' dir='ltr' id='par_1_47' title="bbox 376 2958 1975 3029">
     <span class='ocr_line' id='line_1_47' title="bbox 376 2958 1975 3029; baseline -0.005 -12"><span class='ocrx_word' id='word_1_343' title='bbox 376 2960 636 3029; x_wconf 75' lang='lat' dir='ltr'><strong>deducas,</strong></span> <span class='ocrx_word' id='word_1_344' title='bbox 660 2960 804 3016; x_wconf 92' lang='lat' dir='ltr'><strong>nulla</strong></span> <span class='ocrx_word' id='word_1_345' title='bbox 828 2975 915 3016; x_wconf 93' lang='lat' dir='ltr'><strong>me</strong></span> <span class='ocrx_word' id='word_1_346' title='bbox 937 2960 1149 3015; x_wconf 77' lang='lat' dir='ltr'><strong>fallacia</strong></span> <span class='ocrx_word' id='word_1_347' title='bbox 1170 2959 1444 3016; x_wconf 89' lang='lat' dir='ltr'><strong>retinebit.</strong></span> <span class='ocrx_word' id='word_1_348' title='bbox 1462 2958 1686 3014; x_wconf 76' lang='lat' dir='ltr'><strong>Laetetur</strong></span> <span class='ocrx_word' id='word_1_349' title='bbox 1704 2973 1794 3012; x_wconf 87' lang='lat' dir='ltr'><strong>cor</strong></span> <span class='ocrx_word' id='word_1_350' title='bbox 1808 2972 1975 3011; x_wconf 84' lang='lat' dir='ltr'><strong>meum</strong></span> 
     </span>
    </p>
   </div>
   <div class='ocr_carea' id='block_1_48' title="bbox 373 3052 1975 3111">
    <p class='ocr_par' dir='ltr' id='par_1_48' title="bbox 373 3052 1975 3111">
     <span class='ocr_line' id='line_1_48' title="bbox 373 3052 1975 3111; baseline -0.004 -1"><span class='ocrx_word' id='word_1_351' title='bbox 373 3065 430 3110; x_wconf 85' lang='lat' dir='ltr'><strong>ut</strong></span> <span class='ocrx_word' id='word_1_352' title='bbox 459 3056 633 3111; x_wconf 88' lang='lat' dir='ltr'><strong>timeat</strong></span> <span class='ocrx_word' id='word_1_353' title='bbox 662 3072 846 3111; x_wconf 87' lang='lat' dir='ltr'><strong>nomen</strong></span> <span class='ocrx_word' id='word_1_354' title='bbox 877 3054 1188 3111; x_wconf 87' lang='lat' dir='ltr'><strong>tuum.Cum</strong></span> <span class='ocrx_word' id='word_1_355' title='bbox 1211 3069 1242 3109; x_wconf 89' lang='lat' dir='ltr'><strong>a</strong></span> <span class='ocrx_word' id='word_1_356' title='bbox 1274 3067 1509 3110; x_wconf 62' lang='lat' dir='ltr'><strong>maerore</strong></span> <span class='ocrx_word' id='word_1_357' title='bbox 1534 3052 1829 3106; x_wconf 77' lang='lat' dir='ltr'><strong>facinorum</strong></span> <span class='ocrx_word' id='word_1_358' title='bbox 1851 3064 1975 3105; x_wconf 88' lang='lat' dir='ltr'><strong>eru-</strong></span> 
     </span>
    </p>
   </div>
   <div class='ocr_carea' id='block_1_49' title="bbox 376 3144 1780 3217">
    <p class='ocr_par' dir='ltr' id='par_1_49' title="bbox 376 3144 1780 3217">
     <span class='ocr_line' id='line_1_49' title="bbox 376 3144 1780 3217; baseline -0.004 -14"><span class='ocrx_word' id='word_1_359' title='bbox 376 3157 462 3203; x_wconf 86' lang='lat' dir='ltr'><strong>tus</strong></span> <span class='ocrx_word' id='word_1_360' title='bbox 492 3147 665 3214; x_wconf 90' lang='lat' dir='ltr'><strong>l&#39;uero,</strong></span> <span class='ocrx_word' id='word_1_361' title='bbox 700 3156 827 3204; x_wconf 88' lang='lat' dir='ltr'><strong>tunc</strong></span> <span class='ocrx_word' id='word_1_362' title='bbox 854 3148 905 3202; x_wconf 92' lang='lat' dir='ltr'><strong>in</strong></span> <span class='ocrx_word' id='word_1_363' title='bbox 937 3156 988 3202; x_wconf 90' lang='lat' dir='ltr'><strong>te</strong></span> <span class='ocrx_word' id='word_1_364' title='bbox 1014 3148 1199 3203; x_wconf 80' lang='lat' dir='ltr'><strong>laetitia</strong></span> <span class='ocrx_word' id='word_1_365' title='bbox 1227 3145 1489 3217; x_wconf 88' lang='lat' dir='ltr'><strong>spirituali</strong></span> <span class='ocrx_word' id='word_1_366' title='bbox 1510 3144 1780 3217; x_wconf 88' lang='lat' dir='ltr'><strong>gaudebo.</strong></span> 
     </span>
    </p>
   </div>
   <div class='ocr_carea' id='block_1_50' title="bbox 2083 1933 3687 2004">
    <p class='ocr_par' dir='ltr' id='par_1_50' title="bbox 2083 1933 3687 2004">
     <span class='ocr_line' id='line_1_50' title="bbox 2083 1933 3687 2004; baseline -0.002 -12"><span class='ocrx_word' id='word_1_367' title='bbox 2083 1937 2459 2004; x_wconf 77' lang='lat' dir='ltr'><strong>fundamenta,</strong></span> <span class='ocrx_word' id='word_1_368' title='bbox 2518 1935 2622 1992; x_wconf 85' lang='lat' dir='ltr'><strong>nisi</strong></span> <span class='ocrx_word' id='word_1_369' title='bbox 2684 1936 2881 2001; x_wconf 85' lang='lat' dir='ltr'><strong>Pater,</strong></span> <span class='ocrx_word' id='word_1_370' title='bbox 2941 1946 2995 1991; x_wconf 94' lang='lat' dir='ltr'><strong>et</strong></span> <span class='ocrx_word' id='word_1_371' title='bbox 3051 1934 3262 2000; x_wconf 82' lang='lat' dir='ltr'><strong>Filius,</strong></span> <span class='ocrx_word' id='word_1_372' title='bbox 3321 1943 3377 1989; x_wconf 93' lang='lat' dir='ltr'><strong>et</strong></span> <span class='ocrx_word' id='word_1_373' title='bbox 3435 1933 3687 2003; x_wconf 72' lang='lat' dir='ltr'><strong>Spiritus</strong></span> 
     </span>
    </p>
   </div>
   <div class='ocr_carea' id='block_1_51' title="bbox 2082 2027 3682 2100">
    <p class='ocr_par' dir='ltr' id='par_1_51' title="bbox 2082 2027 3682 2100">
     <span class='ocr_line' id='line_1_51' title="bbox 2082 2027 3682 2100; baseline -0.003 -15"><span class='ocrx_word' id='word_1_374' title='bbox 2082 2030 2338 2085; x_wconf 82' lang='lat' dir='ltr'><strong>sanctus?</strong></span> <span class='ocrx_word' id='word_1_375' title='bbox 2363 2029 2492 2085; x_wconf 67' lang='lat' dir='ltr'><strong>Haec</strong></span> <span class='ocrx_word' id='word_1_376' title='bbox 2514 2043 2642 2100; x_wconf 78' lang='lat' dir='ltr'><strong>ergo</strong></span> <span class='ocrx_word' id='word_1_377' title='bbox 2665 2027 3020 2085; x_wconf 79' lang='lat' dir='ltr'><strong>fundamenta</strong></span> <span class='ocrx_word' id='word_1_378' title='bbox 3044 2029 3151 2083; x_wconf 83' lang='lat' dir='ltr'><strong>non</strong></span> <span class='ocrx_word' id='word_1_379' title='bbox 3180 2035 3310 2083; x_wconf 89' lang='lat' dir='ltr'><strong>sunt</strong></span> <span class='ocrx_word' id='word_1_380' title='bbox 3333 2028 3387 2081; x_wconf 87' lang='lat' dir='ltr'><strong>in</strong></span> <span class='ocrx_word' id='word_1_381' title='bbox 3415 2027 3682 2093; x_wconf 88' lang='lat' dir='ltr'><strong>vallibus,</strong></span> 
     </span>
    </p>
   </div>
   <div class='ocr_carea' id='block_1_52' title="bbox 2082 2121 3688 2192">
    <p class='ocr_par' dir='ltr' id='par_1_52' title="bbox 2082 2121 3688 2192">
     <span class='ocr_line' id='line_1_52' title="bbox 2082 2121 3688 2192; baseline -0.002 -13"><span class='ocrx_word' id='word_1_382' title='bbox 2082 2123 2178 2179; x_wconf 88' lang='lat' dir='ltr'><strong>sed</strong></span> <span class='ocrx_word' id='word_1_383' title='bbox 2205 2132 2332 2179; x_wconf 89' lang='lat' dir='ltr'><strong>sunt</strong></span> <span class='ocrx_word' id='word_1_384' title='bbox 2371 2124 2423 2178; x_wconf 93' lang='lat' dir='ltr'><strong>in</strong></span> <span class='ocrx_word' id='word_1_385' title='bbox 2471 2124 2748 2179; x_wconf 87' lang='lat' dir='ltr'><strong>montibus</strong></span> <span class='ocrx_word' id='word_1_386' title='bbox 2769 2168 2784 2192; x_wconf 95' lang='lat'><strong>,</strong></span> <span class='ocrx_word' id='word_1_387' title='bbox 2819 2132 2875 2179; x_wconf 89' lang='lat' dir='ltr'><strong>et</strong></span> <span class='ocrx_word' id='word_1_388' title='bbox 2905 2137 3013 2178; x_wconf 90' lang='lat' dir='ltr'><strong>non</strong></span> <span class='ocrx_word' id='word_1_389' title='bbox 3043 2122 3101 2177; x_wconf 88' lang='lat' dir='ltr'><strong>in</strong></span> <span class='ocrx_word' id='word_1_390' title='bbox 3130 2121 3407 2177; x_wconf 88' lang='lat' dir='ltr'><strong>montibus</strong></span> <span class='ocrx_word' id='word_1_391' title='bbox 3449 2121 3688 2192; x_wconf 86' lang='lat' dir='ltr'><strong>quibus-</strong></span> 
     </span>
    </p>
   </div>
   <div class='ocr_carea' id='block_1_53' title="bbox 2082 2213 3684 2288">
    <p class='ocr_par' dir='ltr' id='par_1_53' title="bbox 2082 2213 3684 2288">
     <span class='ocr_line' id='line_1_53' title="bbox 2082 2213 3684 2288; baseline -0.004 -15"><span class='ocrx_word' id='word_1_392' title='bbox 2082 2232 2346 2288; x_wconf 87' lang='lat' dir='ltr'><strong>cumque,</strong></span> <span class='ocrx_word' id='word_1_393' title='bbox 2376 2215 2473 2272; x_wconf 88' lang='lat' dir='ltr'><strong>scd</strong></span> <span class='ocrx_word' id='word_1_394' title='bbox 2500 2216 2553 2271; x_wconf 91' lang='lat' dir='ltr'><strong>in</strong></span> <span class='ocrx_word' id='word_1_395' title='bbox 2578 2217 2857 2273; x_wconf 89' lang='lat' dir='ltr'><strong>montibus</strong></span> <span class='ocrx_word' id='word_1_396' title='bbox 2880 2216 3108 2272; x_wconf 73' lang='lat' dir='ltr'><strong>Sanctis.</strong></span> <span class='ocrx_word' id='word_1_397' title='bbox 3138 2214 3403 2286; x_wconf 87' lang='lat' dir='ltr'><strong>Loquitur</strong></span> <span class='ocrx_word' id='word_1_398' title='bbox 3427 2213 3640 2269; x_wconf 83' lang='lat' dir='ltr'><strong>Paulus</strong></span> <span class='ocrx_word' id='word_1_399' title='bbox 3670 2232 3684 2267; x_wconf 90' lang='lat'><strong>:</strong></span> 
     </span>
    </p>
   </div>
   <div class='ocr_carea' id='block_1_54' title="bbox 2081 2303 3687 2381">
    <p class='ocr_par' dir='ltr' id='par_1_54' title="bbox 2081 2303 3687 2381">
     <span class='ocr_line' id='line_1_54' title="bbox 2081 2303 3687 2381; baseline -0.003 -17"><span class='ocrx_word' id='word_1_400' title='bbox 2081 2310 2246 2380; x_wconf 84' lang='lat' dir='ltr'><strong>Quasi</strong></span> <span class='ocrx_word' id='word_1_401' title='bbox 2312 2310 2529 2381; x_wconf 81' lang='lat' dir='ltr'><strong>sapiens</strong></span> <span class='ocrx_word' id='word_1_402' title='bbox 2575 2309 2915 2366; x_wconf 87' lang='lat' dir='ltr'><strong>architectus</strong></span> <span class='ocrx_word' id='word_1_403' title='bbox 2970 2308 3385 2365; x_wconf 82' lang='lat' dir='ltr'><strong>fundamentum</strong></span> <span class='ocrx_word' id='word_1_404' title='bbox 3445 2307 3608 2376; x_wconf 88' lang='lat' dir='ltr'><strong>posui</strong></span> <span class='ocrx_word' id='word_1_405' title='bbox 3644 2303 3687 2378; x_wconf 82' lang='grc' dir='ltr'><strong>(Ι</strong></span> 
     </span>
    </p>
   </div>
   <div class='ocr_carea' id='block_1_55' title="bbox 2082 2399 3687 2475">
    <p class='ocr_par' dir='ltr' id='par_1_55' title="bbox 2082 2399 3687 2475">
     <span class='ocr_line' id='line_1_55' title="bbox 2082 2399 3687 2475; baseline -0.004 -15"><span class='ocrx_word' id='word_1_406' title='bbox 2082 2403 2203 2461; x_wconf 86' lang='lat' dir='ltr'><strong>Cor.</strong></span> <span class='ocrx_word' id='word_1_407' title='bbox 2238 2403 2341 2475; x_wconf 84' lang='lat' dir='ltr'><strong>tu),</strong></span> <span class='ocrx_word' id='word_1_408' title='bbox 2373 2405 2477 2460; x_wconf 89' lang='lat' dir='ltr'><strong>hoc</strong></span> <span class='ocrx_word' id='word_1_409' title='bbox 2504 2413 2591 2462; x_wconf 91' lang='lat' dir='ltr'><strong>est</strong></span> <span class='ocrx_word' id='word_1_410' title='bbox 2618 2404 2777 2459; x_wconf 87' lang='lat' dir='ltr'><strong>tidem</strong></span> <span class='ocrx_word' id='word_1_411' title='bbox 2801 2404 3111 2459; x_wconf 78' lang='lat' dir='ltr'><strong>Trinitatis.</strong></span> <span class='ocrx_word' id='word_1_412' title='bbox 3148 2402 3390 2474; x_wconf 83' lang='lat' dir='ltr'><strong>Denique</strong></span> <span class='ocrx_word' id='word_1_413' title='bbox 3432 2399 3601 2465; x_wconf 86' lang='lat' dir='ltr'><strong>dicit,</strong></span> <span class='ocrx_word' id='word_1_414' title='bbox 3630 2406 3687 2453; x_wconf 91' lang='lat' dir='ltr'><strong>et</strong></span> 
     </span>
    </p>
   </div>
   <div class='ocr_carea' id='block_1_56' title="bbox 2081 2495 3688 2573">
    <p class='ocr_par' dir='ltr' id='par_1_56' title="bbox 2081 2495 3688 2573">
     <span class='ocr_line' id='line_1_56' title="bbox 2081 2495 3688 2573; baseline -0.006 -15"><span class='ocrx_word' id='word_1_415' title='bbox 2081 2502 2135 2558; x_wconf 91' lang='lat' dir='ltr'><strong>in</strong></span> <span class='ocrx_word' id='word_1_416' title='bbox 2165 2501 2274 2557; x_wconf 91' lang='lat' dir='ltr'><strong>alio</strong></span> <span class='ocrx_word' id='word_1_417' title='bbox 2303 2501 2425 2557; x_wconf 92' lang='lat' dir='ltr'><strong>loco</strong></span> <span class='ocrx_word' id='word_1_418' title='bbox 2459 2521 2471 2557; x_wconf 90' lang='lat'>:</span> <span class='ocrx_word' id='word_1_419' title='bbox 2507 2500 2919 2573; x_wconf 83' lang='lat' dir='ltr'><strong>Exspectabam</strong></span> <span class='ocrx_word' id='word_1_420' title='bbox 2944 2503 3090 2555; x_wconf 77' lang='lat' dir='ltr'><strong>enim</strong></span> <span class='ocrx_word' id='word_1_421' title='bbox 3136 2499 3415 2555; x_wconf 81' lang='lat' dir='ltr'><strong>civitatem</strong></span> <span class='ocrx_word' id='word_1_422' title='bbox 3466 2495 3688 2550; x_wconf 86' lang='lat' dir='ltr'><strong>haben-</strong></span> 
     </span>
    </p>
   </div>
   <div class='ocr_carea' id='block_1_57' title="bbox 2081 2590 3688 2668">
    <p class='ocr_par' dir='ltr' id='par_1_57' title="bbox 2081 2590 3688 2668">
     <span class='ocr_line' id='line_1_57' title="bbox 2081 2590 3688 2668; baseline -0.006 -14"><span class='ocrx_word' id='word_1_423' title='bbox 2081 2606 2191 2654; x_wconf 90' lang='lat' dir='ltr'><strong>tem</strong></span> <span class='ocrx_word' id='word_1_424' title='bbox 2229 2596 2631 2653; x_wconf 79' lang='lat' dir='ltr'><strong>lundamenta:</strong></span> <span class='ocrx_word' id='word_1_425' title='bbox 2680 2597 2837 2668; x_wconf 85' lang='lat' dir='ltr'><strong>cujus</strong></span> <span class='ocrx_word' id='word_1_426' title='bbox 2886 2598 3082 2652; x_wconf 79' lang='lat' dir='ltr'><strong>artifex</strong></span> <span class='ocrx_word' id='word_1_427' title='bbox 3127 2605 3184 2650; x_wconf 90' lang='lat' dir='ltr'><strong>et</strong></span> <span class='ocrx_word' id='word_1_428' title='bbox 3221 2592 3480 2649; x_wconf 90' lang='lat' dir='ltr'><strong>conditor</strong></span> <span class='ocrx_word' id='word_1_429' title='bbox 3530 2590 3688 2645; x_wconf 78' lang='lat' dir='ltr'><strong>Deus</strong></span> 
     </span>
    </p>
   </div>
   <div class='ocr_carea' id='block_1_58' title="bbox 2082 2687 3687 2765">
    <p class='ocr_par' dir='ltr' id='par_1_58' title="bbox 2082 2687 3687 2765">
     <span class='ocr_line' id='line_1_58' title="bbox 2082 2687 3687 2765; baseline -0.002 -19"><span class='ocrx_word' id='word_1_430' title='bbox 2082 2690 2270 2763; x_wconf 83' lang='lat' dir='ltr'><strong>(Hebr.</strong></span> <span class='ocrx_word' id='word_1_431' title='bbox 2315 2690 2391 2765; x_wconf 87' lang='lat' dir='ltr'><strong>xt)</strong></span> <span class='ocrx_word' id='word_1_432' title='bbox 2430 2710 2441 2743; x_wconf 89' lang='lat'>:</span> <span class='ocrx_word' id='word_1_433' title='bbox 2484 2690 2847 2746; x_wconf 84' lang='lat' dir='ltr'><strong>Fundamenta</strong></span> <span class='ocrx_word' id='word_1_434' title='bbox 2894 2693 3006 2763; x_wconf 84' lang='lat' dir='ltr'><strong>ejus</strong></span> <span class='ocrx_word' id='word_1_435' title='bbox 3048 2690 3103 2745; x_wconf 91' lang='lat' dir='ltr'><strong>in</strong></span> <span class='ocrx_word' id='word_1_436' title='bbox 3150 2687 3406 2744; x_wconf 88' lang='lat' dir='ltr'><strong>montibus</strong></span> <span class='ocrx_word' id='word_1_437' title='bbox 3460 2688 3687 2743; x_wconf 86' lang='lat' dir='ltr'><strong>sanctis.</strong></span> 
     </span>
    </p>
   </div>
   <div class='ocr_carea' id='block_1_59' title="bbox 2080 2782 3688 2856">
    <p class='ocr_par' dir='ltr' id='par_1_59' title="bbox 2080 2782 3688 2856">
     <span class='ocr_line' id='line_1_59' title="bbox 2080 2782 3688 2856; baseline -0.002 -18"><span class='ocrx_word' id='word_1_438' title='bbox 2080 2783 2205 2840; x_wconf 88' lang='lat' dir='ltr'><strong>Ideo</strong></span> <span class='ocrx_word' id='word_1_439' title='bbox 2235 2782 2369 2838; x_wconf 84' lang='lat' dir='ltr'><strong>dixit</strong></span> <span class='ocrx_word' id='word_1_440' title='bbox 2394 2785 2446 2838; x_wconf 90' lang='lat' dir='ltr'><strong>in</strong></span> <span class='ocrx_word' id='word_1_441' title='bbox 2474 2783 2731 2839; x_wconf 90' lang='lat' dir='ltr'><strong>montibus</strong></span> <span class='ocrx_word' id='word_1_442' title='bbox 2757 2785 2947 2839; x_wconf 84' lang='lat' dir='ltr'><strong>sanctis</strong></span> <span class='ocrx_word' id='word_1_443' title='bbox 2979 2799 2996 2837; x_wconf 92' lang='lat'><em>:</em></span> <span class='ocrx_word' id='word_1_444' title='bbox 3025 2784 3152 2856; x_wconf 88' lang='lat' dir='ltr'><strong>quia</strong></span> <span class='ocrx_word' id='word_1_445' title='bbox 3175 2790 3301 2838; x_wconf 86' lang='lat' dir='ltr'><strong>sunt</strong></span> <span class='ocrx_word' id='word_1_446' title='bbox 3327 2791 3383 2838; x_wconf 88' lang='lat' dir='ltr'><strong>et</strong></span> <span class='ocrx_word' id='word_1_447' title='bbox 3406 2782 3496 2835; x_wconf 85' lang='lat' dir='ltr'><strong>alii</strong></span> <span class='ocrx_word' id='word_1_448' title='bbox 3522 2795 3688 2835; x_wconf 86' lang='lat' dir='ltr'><strong>mon-</strong></span> 
     </span>
    </p>
   </div>
   <div class='ocr_carea' id='block_1_60' title="bbox 2081 2871 3689 2946">
    <p class='ocr_par' dir='ltr' id='par_1_60' title="bbox 2081 2871 3689 2946">
     <span class='ocr_line' id='line_1_60' title="bbox 2081 2871 3689 2946; baseline -0.006 -13"><span class='ocrx_word' id='word_1_449' title='bbox 2081 2885 2162 2933; x_wconf 89' lang='lat' dir='ltr'><strong>tes</strong></span> <span class='ocrx_word' id='word_1_450' title='bbox 2209 2892 2316 2932; x_wconf 91' lang='lat' dir='ltr'><strong>non</strong></span> <span class='ocrx_word' id='word_1_451' title='bbox 2358 2877 2555 2932; x_wconf 89' lang='lat' dir='ltr'><strong>sancti.</strong></span> <span class='ocrx_word' id='word_1_452' title='bbox 2607 2876 2852 2946; x_wconf 88' lang='lat' dir='ltr'><strong>Denique</strong></span> <span class='ocrx_word' id='word_1_453' title='bbox 2906 2874 3107 2931; x_wconf 90' lang='lat' dir='ltr'><strong>dicitur</strong></span> <span class='ocrx_word' id='word_1_454' title='bbox 3153 2875 3207 2929; x_wconf 93' lang='lat' dir='ltr'><strong>in</strong></span> <span class='ocrx_word' id='word_1_455' title='bbox 3258 2874 3441 2929; x_wconf 88' lang='lat' dir='ltr'><strong>Isaia:</strong></span> <span class='ocrx_word' id='word_1_456' title='bbox 3498 2871 3689 2941; x_wconf 89' lang='lat' dir='ltr'><strong>Super</strong></span> 
     </span>
    </p>
   </div>
   <div class='ocr_carea' id='block_1_61' title="bbox 2081 2961 3686 3041">
    <p class='ocr_par' dir='ltr' id='par_1_61' title="bbox 2081 2961 3686 3041">
     <span class='ocr_line' id='line_1_61' title="bbox 2081 2961 3686 3041; baseline -0.006 -15"><span class='ocrx_word' id='word_1_457' title='bbox 2081 2979 2323 3027; x_wconf 89' lang='lat' dir='ltr'><strong>montem</strong></span> <span class='ocrx_word' id='word_1_458' title='bbox 2355 2971 2707 3026; x_wconf 89' lang='lat' dir='ltr'><strong>tenebrosum</strong></span> <span class='ocrx_word' id='word_1_459' title='bbox 2743 2970 2919 3025; x_wconf 84' lang='lat' dir='ltr'><strong>levate</strong></span> <span class='ocrx_word' id='word_1_460' title='bbox 2951 2969 3167 3041; x_wconf 86' lang='lat' dir='ltr'><strong>signum</strong></span> <span class='ocrx_word' id='word_1_461' title='bbox 3213 2964 3369 3038; x_wconf 87' lang='lat' dir='ltr'><strong>(Isai.</strong></span> <span class='ocrx_word' id='word_1_462' title='bbox 3415 2962 3558 3037; x_wconf 86' lang='lat' dir='ltr'><strong>xm).</strong></span> <span class='ocrx_word' id='word_1_463' title='bbox 3614 2961 3686 3018; x_wconf 84' lang='lat' dir='ltr'><strong>Et</strong></span> 
     </span>
    </p>
   </div>
   <div class='ocr_carea' id='block_1_62' title="bbox 2080 3062 3688 3132">
    <p class='ocr_par' dir='ltr' id='par_1_62' title="bbox 2080 3062 3688 3132">
     <span class='ocr_line' id='line_1_62' title="bbox 2080 3062 3688 3132; baseline -0.005 -13"><span class='ocrx_word' id='word_1_464' title='bbox 2080 3062 2133 3119; x_wconf 92' lang='lat' dir='ltr'><strong>in</strong></span> <span class='ocrx_word' id='word_1_465' title='bbox 2178 3065 2284 3119; x_wconf 89' lang='lat' dir='ltr'><strong>alio</strong></span> <span class='ocrx_word' id='word_1_466' title='bbox 2337 3063 2458 3119; x_wconf 87' lang='lat' dir='ltr'><strong>loco</strong></span> <span class='ocrx_word' id='word_1_467' title='bbox 2506 3063 2710 3119; x_wconf 76' lang='lat' dir='ltr'><strong>dicitur</strong></span> <span class='ocrx_word' id='word_1_468' title='bbox 2761 3082 2771 3117; x_wconf 92' lang='lat'>:</span> <span class='ocrx_word' id='word_1_469' title='bbox 2816 3063 2948 3132; x_wconf 87' lang='lat' dir='ltr'><strong>Quis</strong></span> <span class='ocrx_word' id='word_1_470' title='bbox 2993 3077 3053 3118; x_wconf 89' lang='lat' dir='ltr'><strong>es</strong></span> <span class='ocrx_word' id='word_1_471' title='bbox 3085 3070 3177 3129; x_wconf 91' lang='lat' dir='ltr'><strong>tu,</strong></span> <span class='ocrx_word' id='word_1_472' title='bbox 3213 3073 3374 3115; x_wconf 89' lang='lat' dir='ltr'><strong>mons</strong></span> <span class='ocrx_word' id='word_1_473' title='bbox 3416 3066 3688 3127; x_wconf 86' lang='lat' dir='ltr'><strong>corrupte</strong></span> 
     </span>
    </p>
   </div>
   <div class='ocr_carea' id='block_1_63' title="bbox 2080 3149 3687 3230">
    <p class='ocr_par' dir='ltr' id='par_1_63' title="bbox 2080 3149 3687 3230">
     <span class='ocr_line' id='line_1_63' title="bbox 2080 3149 3687 3230; baseline -0.006 -18"><span class='ocrx_word' id='word_1_474' title='bbox 2080 3156 2267 3230; x_wconf 79' lang='lat' dir='ltr'><strong>(Zacli.</strong></span> <span class='ocrx_word' id='word_1_475' title='bbox 2321 3157 2446 3229; x_wconf 77' lang='lat' dir='ltr'><strong>tv)?</strong></span> <span class='ocrx_word' id='word_1_476' title='bbox 2502 3157 2713 3212; x_wconf 85' lang='lat' dir='ltr'><strong>Dicitur</strong></span> <span class='ocrx_word' id='word_1_477' title='bbox 2738 3164 2794 3212; x_wconf 90' lang='lat' dir='ltr'><strong>et</strong></span> <span class='ocrx_word' id='word_1_478' title='bbox 2823 3156 2878 3211; x_wconf 91' lang='lat' dir='ltr'><strong>iu</strong></span> <span class='ocrx_word' id='word_1_479' title='bbox 2927 3153 3167 3211; x_wconf 83' lang='lat' dir='ltr'><strong>Jcremia</strong></span> <span class='ocrx_word' id='word_1_480' title='bbox 3202 3172 3213 3206; x_wconf 91' lang='lat'>:</span> <span class='ocrx_word' id='word_1_481' title='bbox 3249 3153 3401 3208; x_wconf 87' lang='lat' dir='ltr'><strong>Dicat</strong></span> <span class='ocrx_word' id='word_1_482' title='bbox 3443 3149 3687 3205; x_wconf 88' lang='lat' dir='ltr'><strong>Domino</strong></span> 
     </span>
    </p>
   </div>
   <div class='ocr_carea' id='block_1_64' title="bbox 448 3229 1972 3321">
    <p class='ocr_par' dir='ltr' id='par_1_64' title="bbox 448 3237 1972 3309">
     <span class='ocr_line' id='line_1_64' title="bbox 448 3237 1972 3309; baseline -0.003 -11"><span class='ocrx_word' id='word_1_483' title='bbox 448 3240 741 3309; x_wconf 83' lang='lat' dir='ltr'><strong>Conﬁtcbor</strong></span> <span class='ocrx_word' id='word_1_484' title='bbox 782 3240 894 3307; x_wconf 90' lang='lat' dir='ltr'><strong>tibi,</strong></span> <span class='ocrx_word' id='word_1_485' title='bbox 946 3238 1167 3295; x_wconf 87' lang='lat' dir='ltr'><strong>Domine</strong></span> <span class='ocrx_word' id='word_1_486' title='bbox 1215 3237 1354 3295; x_wconf 89' lang='lat' dir='ltr'><strong>Deus</strong></span> <span class='ocrx_word' id='word_1_487' title='bbox 1382 3254 1545 3304; x_wconf 89' lang='lat' dir='ltr'><strong>meus,</strong></span> <span class='ocrx_word' id='word_1_488' title='bbox 1586 3239 1640 3292; x_wconf 89' lang='lat' dir='ltr'><strong>in</strong></span> <span class='ocrx_word' id='word_1_489' title='bbox 1681 3247 1787 3292; x_wconf 88' lang='lat' dir='ltr'><strong>toto</strong></span> <span class='ocrx_word' id='word_1_490' title='bbox 1824 3238 1972 3293; x_wconf 82' lang='lat' dir='ltr'><strong>corde</strong></span> 
     </span>
    </p>
   </div>
   <div class='ocr_carea' id='block_1_65' title="bbox 2084 3229 3686 3321">
    <p class='ocr_par' dir='ltr' id='par_1_65' title="bbox 2084 3241 3686 3321">
     <span class='ocr_line' id='line_1_65' title="bbox 2084 3241 3686 3321; baseline -0.006 -17"><span class='ocrx_word' id='word_1_491' title='bbox 2084 3250 2197 3305; x_wconf 91' lang='lat' dir='ltr'><strong>Deo</strong></span> <span class='ocrx_word' id='word_1_492' title='bbox 2214 3260 2398 3305; x_wconf 86' lang='lat' dir='ltr'><strong>vestro</strong></span> <span class='ocrx_word' id='word_1_493' title='bbox 2416 3249 2644 3321; x_wconf 87' lang='lat' dir='ltr'><strong>gloriam</strong></span> <span class='ocrx_word' id='word_1_494' title='bbox 2663 3292 2676 3314; x_wconf 93' lang='lat'><strong>,</strong></span> <span class='ocrx_word' id='word_1_495' title='bbox 2703 3257 2993 3318; x_wconf 86' lang='lat' dir='ltr'><strong>antequam</strong></span> <span class='ocrx_word' id='word_1_496' title='bbox 3018 3245 3299 3301; x_wconf 84' lang='lat' dir='ltr'><strong>oll‘endant</strong></span> <span class='ocrx_word' id='word_1_497' title='bbox 3318 3243 3488 3314; x_wconf 88' lang='lat' dir='ltr'><strong>pedes</strong></span> <span class='ocrx_word' id='word_1_498' title='bbox 3508 3241 3686 3297; x_wconf 78' lang='lat' dir='ltr'><strong>vesui</strong></span> 
     </span>
    </p>
   </div>
   <div class='ocr_carea' id='block_1_66' title="bbox 376 3329 1979 3405">
    <p class='ocr_par' dir='ltr' id='par_1_66' title="bbox 376 3329 1979 3405">
     <span class='ocr_line' id='line_1_66' title="bbox 376 3329 1979 3405; baseline -0.004 -15"><span class='ocrx_word' id='word_1_499' title='bbox 376 3351 490 3390; x_wconf 85' lang='lat' dir='ltr'><strong>meo</strong></span> <span class='ocrx_word' id='word_1_500' title='bbox 521 3351 540 3389; x_wconf 90' lang='lat'><em>:</em></span> <span class='ocrx_word' id='word_1_501' title='bbox 568 3343 614 3388; x_wconf 86' lang='lat' dir='ltr'><strong>et</strong></span> <span class='ocrx_word' id='word_1_502' title='bbox 642 3333 944 3405; x_wconf 88' lang='lat' dir='ltr'><strong>glori/icabo</strong></span> <span class='ocrx_word' id='word_1_503' title='bbox 972 3348 1157 3386; x_wconf 86' lang='lat' dir='ltr'><strong>nomen</strong></span> <span class='ocrx_word' id='word_1_504' title='bbox 1193 3342 1337 3385; x_wconf 87' lang='lat' dir='ltr'><strong>tuum</strong></span> <span class='ocrx_word' id='word_1_505' title='bbox 1366 3331 1419 3385; x_wconf 89' lang='lat' dir='ltr'><strong>in</strong></span> <span class='ocrx_word' id='word_1_506' title='bbox 1440 3340 1710 3397; x_wconf 67' lang='lat' dir='ltr'><strong>veternum,</strong></span> <span class='ocrx_word' id='word_1_507' title='bbox 1735 3339 1839 3387; x_wconf 84' lang='lat' dir='ltr'><strong>etc.</strong></span> <span class='ocrx_word' id='word_1_508' title='bbox 1867 3329 1979 3386; x_wconf 89' lang='lat' dir='ltr'><strong>Cur</strong></span> 
     </span>
    </p>
   </div>
   <div class='ocr_carea' id='block_1_67' title="bbox 374 3422 1978 3490">
    <p class='ocr_par' dir='ltr' id='par_1_67' title="bbox 374 3422 1978 3490">
     <span class='ocr_line' id='line_1_67' title="bbox 374 3422 1978 3490; baseline -0.002 -7"><span class='ocrx_word' id='word_1_509' title='bbox 374 3426 704 3484; x_wconf 78' lang='lat' dir='ltr'><strong>conﬁteatur</strong></span> <span class='ocrx_word' id='word_1_510' title='bbox 730 3424 938 3479; x_wconf 91' lang='lat' dir='ltr'><strong>nomini</strong></span> <span class='ocrx_word' id='word_1_511' title='bbox 979 3424 1215 3490; x_wconf 90' lang='lat' dir='ltr'><strong>Domini,</strong></span> <span class='ocrx_word' id='word_1_512' title='bbox 1246 3433 1343 3479; x_wconf 91' lang='lat' dir='ltr'><strong>aut</strong></span> <span class='ocrx_word' id='word_1_513' title='bbox 1371 3422 1603 3479; x_wconf 89' lang='lat' dir='ltr'><strong>honoret</strong></span> <span class='ocrx_word' id='word_1_514' title='bbox 1629 3439 1776 3489; x_wconf 88' lang='lat' dir='ltr'><strong>eum,</strong></span> <span class='ocrx_word' id='word_1_515' title='bbox 1806 3425 1978 3480; x_wconf 87' lang='lat' dir='ltr'><strong>versi-</strong></span> 
     </span>
    </p>
   </div>
   <div class='ocr_carea' id='block_1_68' title="bbox 376 3517 1328 3592">
    <p class='ocr_par' dir='ltr' id='par_1_68' title="bbox 376 3517 1328 3592">
     <span class='ocr_line' id='line_1_68' title="bbox 376 3517 1328 3592; baseline -0.002 -15"><span class='ocrx_word' id='word_1_516' title='bbox 376 3522 532 3577; x_wconf 89' lang='lat' dir='ltr'><strong>culus</strong></span> <span class='ocrx_word' id='word_1_517' title='bbox 556 3535 798 3592; x_wconf 87' lang='lat' dir='ltr'><strong>sequens</strong></span> <span class='ocrx_word' id='word_1_518' title='bbox 822 3518 1067 3590; x_wconf 76' lang='lat' dir='ltr'><strong>exponit,</strong></span> <span class='ocrx_word' id='word_1_519' title='bbox 1093 3517 1283 3573; x_wconf 85' lang='lat' dir='ltr'><strong>dicens</strong></span> <span class='ocrx_word' id='word_1_520' title='bbox 1313 3533 1328 3575; x_wconf 85' lang='lat'><strong>:</strong></span> 
     </span>
    </p>
   </div>
   <div class='ocr_carea' id='block_1_69' title="bbox 447 3612 1974 3689">
    <p class='ocr_par' dir='ltr' id='par_1_69' title="bbox 447 3612 1974 3689">
     <span class='ocr_line' id='line_1_69' title="bbox 447 3612 1974 3689; baseline -0.001 -18"><span class='ocrx_word' id='word_1_521' title='bbox 447 3616 709 3689; x_wconf 83' lang='lat' dir='ltr'><strong>Eripuisti</strong></span> <span class='ocrx_word' id='word_1_522' title='bbox 752 3615 979 3671; x_wconf 89' lang='lat' dir='ltr'><strong>animam</strong></span> <span class='ocrx_word' id='word_1_523' title='bbox 1021 3630 1191 3669; x_wconf 87' lang='lat' dir='ltr'><strong>meam</strong></span> <span class='ocrx_word' id='word_1_524' title='bbox 1231 3630 1295 3669; x_wconf 81' lang='lat' dir='ltr'><strong>ea:</strong></span> <span class='ocrx_word' id='word_1_525' title='bbox 1332 3615 1534 3686; x_wconf 76' lang='lat' dir='ltr'><strong>inferno</strong></span> <span class='ocrx_word' id='word_1_526' title='bbox 1569 3614 1826 3685; x_wconf 81' lang='lat' dir='ltr'><strong>inferiori.</strong></span> <span class='ocrx_word' id='word_1_527' title='bbox 1856 3612 1974 3670; x_wconf 90' lang='lat' dir='ltr'><strong>Non</strong></span> 
     </span>
    </p>
   </div>
   <div class='ocr_carea' id='block_1_70' title="bbox 377 3707 1973 3784">
    <p class='ocr_par' dir='ltr' id='par_1_70' title="bbox 377 3707 1973 3784">
     <span class='ocr_line' id='line_1_70' title="bbox 377 3707 1973 3784; baseline -0.004 -16"><span class='ocrx_word' id='word_1_528' title='bbox 377 3712 523 3784; x_wconf 89' lang='lat' dir='ltr'><strong>quod</strong></span> <span class='ocrx_word' id='word_1_529' title='bbox 545 3711 653 3767; x_wconf 92' lang='lat' dir='ltr'><strong>duo</strong></span> <span class='ocrx_word' id='word_1_530' title='bbox 675 3709 884 3767; x_wconf 83' lang='lat' dir='ltr'><strong>inferna</strong></span> <span class='ocrx_word' id='word_1_531' title='bbox 907 3709 1039 3775; x_wconf 90' lang='lat' dir='ltr'><strong>sint,</strong></span> <span class='ocrx_word' id='word_1_532' title='bbox 1064 3707 1160 3763; x_wconf 90' lang='lat' dir='ltr'><strong>sed</strong></span> <span class='ocrx_word' id='word_1_533' title='bbox 1185 3708 1288 3764; x_wconf 86' lang='lat' dir='ltr'><strong>iste</strong></span> <span class='ocrx_word' id='word_1_534' title='bbox 1314 3708 1649 3778; x_wconf 90' lang='lat' dir='ltr'><strong>superiorem</strong></span> <span class='ocrx_word' id='word_1_535' title='bbox 1679 3707 1973 3777; x_wconf 82' lang='lat' dir='ltr'><strong>infernum,</strong></span> 
     </span>
    </p>
   </div>
   <div class='ocr_carea' id='block_1_71' title="bbox 374 3792 1977 3879">
    <p class='ocr_par' dir='ltr' id='par_1_71' title="bbox 374 3792 1977 3879">
     <span class='ocr_line' id='line_1_71' title="bbox 374 3792 1977 3879; baseline -0.004 -18"><span class='ocrx_word' id='word_1_536' title='bbox 374 3812 658 3879; x_wconf 87' lang='lat' dir='ltr'><strong>peceatum</strong></span> <span class='ocrx_word' id='word_1_537' title='bbox 702 3804 845 3859; x_wconf 90' lang='lat' dir='ltr'><strong>dixit</strong></span> <span class='ocrx_word' id='word_1_538' title='bbox 875 3819 890 3858; x_wconf 90' lang='lat'>:</span> <span class='ocrx_word' id='word_1_539' title='bbox 920 3801 1232 3858; x_wconf 83' lang='lat' dir='ltr'><strong>inferiorem</strong></span> <span class='ocrx_word' id='word_1_540' title='bbox 1277 3815 1431 3867; x_wconf 89' lang='lat' dir='ltr'><strong>vero,</strong></span> <span class='ocrx_word' id='word_1_541' title='bbox 1462 3802 1664 3871; x_wconf 88' lang='lat' dir='ltr'><strong>quiest</strong></span> <span class='ocrx_word' id='word_1_542' title='bbox 1690 3792 1855 3856; x_wconf 85' lang='lat' dir='ltr'><strong>verus</strong></span> <span class='ocrx_word' id='word_1_543' title='bbox 1895 3801 1977 3855; x_wconf 86' lang='lat' dir='ltr'><strong>in-</strong></span> 
     </span>
    </p>
   </div>
   <div class='ocr_carea' id='block_1_72' title="bbox 375 3893 1976 3971">
    <p class='ocr_par' dir='ltr' id='par_1_72' title="bbox 375 3893 1976 3971">
     <span class='ocr_line' id='line_1_72' title="bbox 375 3893 1976 3971; baseline -0.003 -16"><span class='ocrx_word' id='word_1_544' title='bbox 375 3902 583 3967; x_wconf 81' lang='lat' dir='ltr'><strong>ternus,</strong></span> <span class='ocrx_word' id='word_1_545' title='bbox 629 3898 683 3955; x_wconf 91' lang='lat' dir='ltr'><strong>in</strong></span> <span class='ocrx_word' id='word_1_546' title='bbox 715 3914 823 3971; x_wconf 91' lang='lat' dir='ltr'><strong>quo</strong></span> <span class='ocrx_word' id='word_1_547' title='bbox 867 3908 1189 3969; x_wconf 88' lang='lat' dir='ltr'><strong>peccatores</strong></span> <span class='ocrx_word' id='word_1_548' title='bbox 1231 3896 1578 3951; x_wconf 89' lang='lat' dir='ltr'><strong>damnantur.</strong></span> <span class='ocrx_word' id='word_1_549' title='bbox 1614 3893 1819 3950; x_wconf 88' lang='lat' dir='ltr'><strong>Laudat</strong></span> <span class='ocrx_word' id='word_1_550' title='bbox 1846 3910 1976 3966; x_wconf 88' lang='lat' dir='ltr'><strong>ergo</strong></span> 
     </span>
    </p>
   </div>
   <div class='ocr_carea' id='block_1_73' title="bbox 378 3989 1977 4061">
    <p class='ocr_par' dir='ltr' id='par_1_73' title="bbox 378 3989 1977 4061">
     <span class='ocr_line' id='line_1_73' title="bbox 378 3989 1977 4061; baseline -0.008 -7"><span class='ocrx_word' id='word_1_551' title='bbox 378 3997 451 4054; x_wconf 88' lang='lat' dir='ltr'><strong>ob</strong></span> <span class='ocrx_word' id='word_1_552' title='bbox 474 3995 577 4052; x_wconf 88' lang='lat' dir='ltr'><strong>hoc</strong></span> <span class='ocrx_word' id='word_1_553' title='bbox 598 3993 1027 4052; x_wconf 84' lang='lat' dir='ltr'><strong>misericordiam</strong></span> <span class='ocrx_word' id='word_1_554' title='bbox 1050 3992 1290 4059; x_wconf 88' lang='lat' dir='ltr'><strong>Domini,</strong></span> <span class='ocrx_word' id='word_1_555' title='bbox 1317 3989 1462 4061; x_wconf 91' lang='lat' dir='ltr'><strong>quod</strong></span> <span class='ocrx_word' id='word_1_556' title='bbox 1489 3989 1558 4045; x_wconf 90' lang='lat' dir='ltr'><strong>sit</strong></span> <span class='ocrx_word' id='word_1_557' title='bbox 1584 3995 1771 4046; x_wconf 89' lang='lat' dir='ltr'><strong>erutus</strong></span> <span class='ocrx_word' id='word_1_558' title='bbox 1791 4004 1821 4044; x_wconf 89' lang='lat' dir='ltr'><strong>a</strong></span> <span class='ocrx_word' id='word_1_559' title='bbox 1849 4003 1977 4060; x_wconf 88' lang='lat' dir='ltr'><strong>sup-</strong></span> 
     </span>
    </p>
   </div>
   <div class='ocr_carea' id='block_1_74' title="bbox 375 4086 1098 4161">
    <p class='ocr_par' dir='ltr' id='par_1_74' title="bbox 375 4086 1098 4161">
     <span class='ocr_line' id='line_1_74' title="bbox 375 4086 1098 4161; baseline -0.008 -15"><span class='ocrx_word' id='word_1_560' title='bbox 375 4089 541 4161; x_wconf 87' lang='lat' dir='ltr'><strong>plicio</strong></span> <span class='ocrx_word' id='word_1_561' title='bbox 575 4088 849 4145; x_wconf 78' lang='lat' dir='ltr'><strong>inferioris</strong></span> <span class='ocrx_word' id='word_1_562' title='bbox 878 4086 1098 4144; x_wconf 77' lang='lat' dir='ltr'><strong>inferni.</strong></span> 
     </span>
    </p>
   </div>
   <div class='ocr_carea' id='block_1_75' title="bbox 449 4176 1969 4254">
    <p class='ocr_par' dir='ltr' id='par_1_75' title="bbox 449 4176 1969 4254">
     <span class='ocr_line' id='line_1_75' title="bbox 449 4176 1969 4254; baseline -0.002 -19"><span class='ocrx_word' id='word_1_563' title='bbox 449 4180 589 4238; x_wconf 89' lang='lat' dir='ltr'><strong>Deus</strong></span> <span class='ocrx_word' id='word_1_564' title='bbox 612 4224 626 4249; x_wconf 94' lang='lat'><strong>,</strong></span> <span class='ocrx_word' id='word_1_565' title='bbox 656 4181 823 4254; x_wconf 83' lang='lat' dir='ltr'><strong>iniqui</strong></span> <span class='ocrx_word' id='word_1_566' title='bbox 849 4182 1247 4235; x_wconf 66' lang='lat' dir='ltr'><strong>insurrexerunt</strong></span> <span class='ocrx_word' id='word_1_567' title='bbox 1274 4176 1523 4232; x_wconf 85' lang='lat' dir='ltr'><strong>adversus</strong></span> <span class='ocrx_word' id='word_1_568' title='bbox 1554 4193 1635 4231; x_wconf 88' lang='lat' dir='ltr'><strong>me</strong></span> <span class='ocrx_word' id='word_1_569' title='bbox 1664 4192 1684 4232; x_wconf 89' lang='lat'><strong><em>:</em></strong></span> <span class='ocrx_word' id='word_1_570' title='bbox 1712 4186 1760 4232; x_wconf 90' lang='lat' dir='ltr'><strong>et</strong></span> <span class='ocrx_word' id='word_1_571' title='bbox 1807 4193 1969 4249; x_wconf 80' lang='lat' dir='ltr'><strong>syna-</strong></span> 
     </span>
    </p>
   </div>
   <div class='ocr_carea' id='block_1_76' title="bbox 376 4269 1972 4352">
    <p class='ocr_par' dir='ltr' id='par_1_76' title="bbox 376 4269 1972 4352">
     <span class='ocr_line' id='line_1_76' title="bbox 376 4269 1972 4352; baseline -0.004 -20"><span class='ocrx_word' id='word_1_572' title='bbox 376 4294 512 4352; x_wconf 75' lang='lat' dir='ltr'><strong>goga</strong></span> <span class='ocrx_word' id='word_1_573' title='bbox 542 4275 824 4347; x_wconf 89' lang='lat' dir='ltr'><strong>potentium</strong></span> <span class='ocrx_word' id='word_1_574' title='bbox 847 4273 1164 4345; x_wconf 75' lang='lat' dir='ltr'><strong>quwsierunt</strong></span> <span class='ocrx_word' id='word_1_575' title='bbox 1187 4270 1416 4325; x_wconf 89' lang='lat' dir='ltr'><strong>animam</strong></span> <span class='ocrx_word' id='word_1_576' title='bbox 1449 4286 1634 4325; x_wconf 87' lang='lat' dir='ltr'><strong>meam.</strong></span> <span class='ocrx_word' id='word_1_577' title='bbox 1681 4269 1972 4335; x_wconf 76' lang='lat' dir='ltr'><strong>Vitiorum,</strong></span> 
     </span>
    </p>
   </div>
   <div class='ocr_carea' id='block_1_77' title="bbox 376 4361 1976 4434">
    <p class='ocr_par' dir='ltr' id='par_1_77' title="bbox 376 4361 1976 4434">
     <span class='ocr_line' id='line_1_77' title="bbox 376 4361 1976 4434; baseline -0.003 -11"><span class='ocrx_word' id='word_1_578' title='bbox 376 4382 475 4424; x_wconf 87' lang='lat' dir='ltr'><strong>seu</strong></span> <span class='ocrx_word' id='word_1_579' title='bbox 504 4366 924 4422; x_wconf 65' lang='lat' dir='ltr'><strong>daemoniorum.</strong></span> <span class='ocrx_word' id='word_1_580' title='bbox 955 4363 1075 4418; x_wconf 88' lang='lat' dir='ltr'><strong>Non</strong></span> <span class='ocrx_word' id='word_1_581' title='bbox 1103 4377 1170 4419; x_wconf 88' lang='lat' dir='ltr'><strong>ex</strong></span> <span class='ocrx_word' id='word_1_582' title='bbox 1203 4376 1435 4432; x_wconf 86' lang='lat' dir='ltr'><strong>persona</strong></span> <span class='ocrx_word' id='word_1_583' title='bbox 1465 4361 1673 4420; x_wconf 89' lang='lat' dir='ltr'><strong>Christi</strong></span> <span class='ocrx_word' id='word_1_584' title='bbox 1704 4362 1822 4419; x_wconf 71' lang='lat' dir='ltr'><strong>hazc</strong></span> <span class='ocrx_word' id='word_1_585' title='bbox 1847 4377 1976 4434; x_wconf 87' lang='lat' dir='ltr'><strong>pro-</strong></span> 
     </span>
    </p>
   </div>
   <div class='ocr_carea' id='block_1_78' title="bbox 378 4453 1975 4531">
    <p class='ocr_par' dir='ltr' id='par_1_78' title="bbox 378 4453 1975 4531">
     <span class='ocr_line' id='line_1_78' title="bbox 378 4453 1975 4531; baseline -0.004 -15"><span class='ocrx_word' id='word_1_586' title='bbox 378 4461 544 4531; x_wconf 91' lang='lat' dir='ltr'><strong>pheta</strong></span> <span class='ocrx_word' id='word_1_587' title='bbox 598 4458 877 4530; x_wconf 88' lang='lat' dir='ltr'><strong>loquitur,</strong></span> <span class='ocrx_word' id='word_1_588' title='bbox 937 4454 1033 4512; x_wconf 90' lang='lat' dir='ltr'><strong>sed</strong></span> <span class='ocrx_word' id='word_1_589' title='bbox 1091 4454 1416 4526; x_wconf 86' lang='lat' dir='ltr'><strong>intelligitur</strong></span> <span class='ocrx_word' id='word_1_590' title='bbox 1476 4453 1547 4511; x_wconf 89' lang='lat' dir='ltr'><strong>de</strong></span> <span class='ocrx_word' id='word_1_591' title='bbox 1568 4454 1791 4512; x_wconf 63' lang='lat' dir='ltr'><strong>ludatis.</strong></span> <span class='ocrx_word' id='word_1_592' title='bbox 1850 4454 1975 4510; x_wconf 91' lang='lat' dir='ltr'><strong>Non</strong></span> 
     </span>
    </p>
   </div>
   <div class='ocr_carea' id='block_1_79' title="bbox 2079 3335 3685 3411">
    <p class='ocr_par' dir='ltr' id='par_1_79' title="bbox 2079 3335 3685 3411">
     <span class='ocr_line' id='line_1_79' title="bbox 2079 3335 3685 3411; baseline -0.006 -16"><span class='ocrx_word' id='word_1_593' title='bbox 2079 3341 2147 3395; x_wconf 84' lang='lat' dir='ltr'><strong>ad</strong></span> <span class='ocrx_word' id='word_1_594' title='bbox 2197 3351 2411 3398; x_wconf 91' lang='lat' dir='ltr'><strong>montes</strong></span> <span class='ocrx_word' id='word_1_595' title='bbox 2457 3342 2781 3397; x_wconf 52' lang='lat' dir='ltr'><strong>tenebrosos</strong></span> <span class='ocrx_word' id='word_1_596' title='bbox 2827 3338 3043 3411; x_wconf 87' lang='lat' dir='ltr'><strong>(Jerem.</strong></span> <span class='ocrx_word' id='word_1_597' title='bbox 3092 3336 3234 3411; x_wconf 87' lang='lat' dir='ltr'><strong>xm).</strong></span> <span class='ocrx_word' id='word_1_598' title='bbox 3287 3335 3497 3391; x_wconf 80' lang='lat' dir='ltr'><strong>Videtis</strong></span> <span class='ocrx_word' id='word_1_599' title='bbox 3542 3348 3685 3403; x_wconf 82' lang='lat' dir='ltr'><strong>ergo</strong></span> 
     </span>
    </p>
   </div>
   <div class='ocr_carea' id='block_1_80' title="bbox 2078 3424 3791 3505">
    <p class='ocr_par' dir='ltr' id='par_1_80' title="bbox 2078 3424 3791 3505">
     <span class='ocr_line' id='line_1_80' title="bbox 2078 3424 3791 3505; baseline -0.007 -16"><span class='ocrx_word' id='word_1_600' title='bbox 2078 3435 2203 3505; x_wconf 90' lang='lat' dir='ltr'><strong>quia</strong></span> <span class='ocrx_word' id='word_1_601' title='bbox 2252 3441 2382 3490; x_wconf 87' lang='lat' dir='ltr'><strong>sunt</strong></span> <span class='ocrx_word' id='word_1_602' title='bbox 2426 3442 2482 3489; x_wconf 89' lang='lat' dir='ltr'><strong>et</strong></span> <span class='ocrx_word' id='word_1_603' title='bbox 2510 3441 2726 3489; x_wconf 88' lang='lat' dir='ltr'><strong>montes</strong></span> <span class='ocrx_word' id='word_1_604' title='bbox 2774 3431 3090 3495; x_wconf 88' lang='lat' dir='ltr'><strong>tenebrosi,</strong></span> <span class='ocrx_word' id='word_1_605' title='bbox 3138 3438 3192 3485; x_wconf 91' lang='lat' dir='ltr'><strong>et</strong></span> <span class='ocrx_word' id='word_1_606' title='bbox 3222 3428 3427 3483; x_wconf 91' lang='lat' dir='ltr'><strong>dicitur</strong></span> <span class='ocrx_word' id='word_1_607' title='bbox 3454 3424 3619 3481; x_wconf 89' lang='lat' dir='ltr'><strong>nobis</strong></span> <span class='ocrx_word' id='word_1_608' title='bbox 3649 3440 3679 3480; x_wconf 91' lang='lat' dir='ltr'><strong>a</strong></span> <span class='ocrx_word' id='word_1_609' title='bbox 3782 3468 3791 3477; x_wconf 86' lang='lat'><strong>.</strong></span> 
     </span>
    </p>
   </div>
   <div class='ocr_carea' id='block_1_81' title="bbox 2079 3518 3685 3595">
    <p class='ocr_par' dir='ltr' id='par_1_81' title="bbox 2079 3518 3685 3595">
     <span class='ocr_line' id='line_1_81' title="bbox 2079 3518 3685 3595; baseline -0.006 -13"><span class='ocrx_word' id='word_1_610' title='bbox 2079 3525 2314 3583; x_wconf 86' lang='lat' dir='ltr'><strong>Jeremia</strong></span> <span class='ocrx_word' id='word_1_611' title='bbox 2334 3568 2348 3592; x_wconf 93' lang='lat'><strong>,</strong></span> <span class='ocrx_word' id='word_1_612' title='bbox 2382 3534 2442 3581; x_wconf 90' lang='lat' dir='ltr'><strong>ut</strong></span> <span class='ocrx_word' id='word_1_613' title='bbox 2469 3525 2662 3581; x_wconf 90' lang='lat' dir='ltr'><strong>demus</strong></span> <span class='ocrx_word' id='word_1_614' title='bbox 2692 3525 2921 3595; x_wconf 86' lang='lat' dir='ltr'><strong>gloriam</strong></span> <span class='ocrx_word' id='word_1_615' title='bbox 2952 3525 3069 3579; x_wconf 89' lang='lat' dir='ltr'><strong>Deo</strong></span> <span class='ocrx_word' id='word_1_616' title='bbox 3092 3567 3107 3591; x_wconf 97' lang='lat'><strong>,</strong></span> <span class='ocrx_word' id='word_1_617' title='bbox 3155 3532 3449 3593; x_wconf 89' lang='lat' dir='ltr'><strong>antequam</strong></span> <span class='ocrx_word' id='word_1_618' title='bbox 3498 3518 3685 3574; x_wconf 77' lang='lat' dir='ltr'><strong>olIen-</strong></span> 
     </span>
    </p>
   </div>
   <div class='ocr_carea' id='block_1_82' title="bbox 2081 3612 3683 3695">
    <p class='ocr_par' dir='ltr' id='par_1_82' title="bbox 2081 3612 3683 3695">
     <span class='ocr_line' id='line_1_82' title="bbox 2081 3612 3683 3695; baseline -0.004 -21"><span class='ocrx_word' id='word_1_619' title='bbox 2081 3618 2211 3695; x_wconf 88' lang='lat' dir='ltr'><strong>dant</strong></span> <span class='ocrx_word' id='word_1_620' title='bbox 2239 3619 2407 3689; x_wconf 88' lang='lat' dir='ltr'><strong>pedes</strong></span> <span class='ocrx_word' id='word_1_621' title='bbox 2435 3620 2610 3674; x_wconf 90' lang='lat' dir='ltr'><strong>nostri</strong></span> <span class='ocrx_word' id='word_1_622' title='bbox 2656 3617 2722 3673; x_wconf 90' lang='lat' dir='ltr'><strong>ad</strong></span> <span class='ocrx_word' id='word_1_623' title='bbox 2768 3627 2985 3673; x_wconf 88' lang='lat' dir='ltr'><strong>montes</strong></span> <span class='ocrx_word' id='word_1_624' title='bbox 3032 3616 3379 3672; x_wconf 87' lang='lat' dir='ltr'><strong>tenebrosos.</strong></span> <span class='ocrx_word' id='word_1_625' title='bbox 3425 3613 3481 3670; x_wconf 91' lang='lat' dir='ltr'><strong>Si</strong></span> <span class='ocrx_word' id='word_1_626' title='bbox 3530 3612 3683 3669; x_wconf 89' lang='lat' dir='ltr'><strong>enim</strong></span> 
     </span>
    </p>
   </div>
   <div class='ocr_carea' id='block_1_83' title="bbox 2079 3708 3682 3785">
    <p class='ocr_par' dir='ltr' id='par_1_83' title="bbox 2079 3708 3682 3785">
     <span class='ocr_line' id='line_1_83' title="bbox 2079 3708 3682 3785; baseline -0.004 -17"><span class='ocrx_word' id='word_1_627' title='bbox 2079 3712 2246 3783; x_wconf 89' lang='lat' dir='ltr'><strong>pedes</strong></span> <span class='ocrx_word' id='word_1_628' title='bbox 2276 3714 2453 3769; x_wconf 92' lang='lat' dir='ltr'><strong>nostri</strong></span> <span class='ocrx_word' id='word_1_629' title='bbox 2486 3713 2821 3785; x_wconf 85' lang='lat' dir='ltr'><strong>impegerint</strong></span> <span class='ocrx_word' id='word_1_630' title='bbox 2870 3712 3108 3766; x_wconf 84' lang='lat' dir='ltr'><strong>ad&#39;illos</strong></span> <span class='ocrx_word' id='word_1_631' title='bbox 3152 3719 3400 3775; x_wconf 84' lang='lat' dir='ltr'><strong>montes,</strong></span> <span class='ocrx_word' id='word_1_632' title='bbox 3447 3708 3682 3779; x_wconf 85' lang='lat' dir='ltr'><strong>gloriam</strong></span> 
     </span>
    </p>
   </div>
   <div class='ocr_carea' id='block_1_84' title="bbox 2081 3804 3681 3879">
    <p class='ocr_par' dir='ltr' id='par_1_84' title="bbox 2081 3804 3681 3879">
     <span class='ocr_line' id='line_1_84' title="bbox 2081 3804 3681 3879; baseline -0.001 -18"><span class='ocrx_word' id='word_1_633' title='bbox 2081 3808 2308 3864; x_wconf 91' lang='lat' dir='ltr'><strong>Domino</strong></span> <span class='ocrx_word' id='word_1_634' title='bbox 2356 3807 2490 3865; x_wconf 91' lang='lat' dir='ltr'><strong>dare</strong></span> <span class='ocrx_word' id='word_1_635' title='bbox 2530 3823 2635 3864; x_wconf 89' lang='lat' dir='ltr'><strong>non</strong></span> <span class='ocrx_word' id='word_1_636' title='bbox 2684 3822 2997 3878; x_wconf 91' lang='lat' dir='ltr'><strong>possumus.</strong></span> <span class='ocrx_word' id='word_1_637' title='bbox 3051 3805 3420 3861; x_wconf 81' lang='lat' dir='ltr'><strong>Fundamenta</strong></span> <span class='ocrx_word' id='word_1_638' title='bbox 3462 3808 3582 3879; x_wconf 87' lang='lat' dir='ltr'><strong>ejus</strong></span> <span class='ocrx_word' id='word_1_639' title='bbox 3625 3804 3681 3859; x_wconf 88' lang='lat' dir='ltr'><strong>in</strong></span> 
     </span>
    </p>
   </div>
   <div class='ocr_carea' id='block_1_85' title="bbox 2077 3898 3681 3971">
    <p class='ocr_par' dir='ltr' id='par_1_85' title="bbox 2077 3898 3681 3971">
     <span class='ocr_line' id='line_1_85' title="bbox 2077 3898 3681 3971; baseline -0.002 -17"><span class='ocrx_word' id='word_1_640' title='bbox 2077 3902 2337 3955; x_wconf 88' lang='lat' dir='ltr'><strong>montibus</strong></span> <span class='ocrx_word' id='word_1_641' title='bbox 2366 3901 2577 3955; x_wconf 87' lang='lat' dir='ltr'><strong>sanctis.</strong></span> <span class='ocrx_word' id='word_1_642' title='bbox 2610 3901 2757 3969; x_wconf 87' lang='lat' dir='ltr'><strong>Quos</strong></span> <span class='ocrx_word' id='word_1_643' title='bbox 2784 3914 2886 3955; x_wconf 86' lang='lat' dir='ltr'><strong>nos</strong></span> <span class='ocrx_word' id='word_1_644' title='bbox 2917 3914 3209 3971; x_wconf 87' lang='lat' dir='ltr'><strong>possumus</strong></span> <span class='ocrx_word' id='word_1_645' title='bbox 3250 3898 3434 3955; x_wconf 85' lang='lat' dir='ltr'><strong>dicere</strong></span> <span class='ocrx_word' id='word_1_646' title='bbox 3476 3898 3681 3954; x_wconf 62' lang='lat' dir='ltr'><strong>lunds-</strong></span> 
     </span>
    </p>
   </div>
   <div class='ocr_carea' id='block_1_86' title="bbox 2080 3991 3681 4062">
    <p class='ocr_par' dir='ltr' id='par_1_86' title="bbox 2080 3991 3681 4062">
     <span class='ocr_line' id='line_1_86' title="bbox 2080 3991 3681 4062; baseline -0.001 -15"><span class='ocrx_word' id='word_1_647' title='bbox 2080 3992 2309 4048; x_wconf 85' lang='lat' dir='ltr'><strong>menta?</strong></span> <span class='ocrx_word' id='word_1_648' title='bbox 2339 3992 2657 4062; x_wconf 82' lang='lat' dir='ltr'><strong>Apostolos.</strong></span> <span class='ocrx_word' id='word_1_649' title='bbox 2708 3992 2767 4047; x_wconf 85' lang='lat' dir='ltr'><strong>In</strong></span> <span class='ocrx_word' id='word_1_650' title='bbox 2800 3993 2907 4047; x_wconf 90' lang='lat' dir='ltr'><strong>illis</strong></span> <span class='ocrx_word' id='word_1_651' title='bbox 2938 4001 3097 4048; x_wconf 89' lang='lat' dir='ltr'><strong>erant</strong></span> <span class='ocrx_word' id='word_1_652' title='bbox 3130 3991 3481 4047; x_wconf 81' lang='lat' dir='ltr'><strong>fundamenta</strong></span> <span class='ocrx_word' id='word_1_653' title='bbox 3539 4010 3551 4045; x_wconf 91' lang='lat'><strong>:</strong></span> <span class='ocrx_word' id='word_1_654' title='bbox 3605 3991 3681 4046; x_wconf 90' lang='lat' dir='ltr'><strong>ibi</strong></span> 
     </span>
    </p>
   </div>
   <div class='ocr_carea' id='block_1_87' title="bbox 2079 4084 3685 4156">
    <p class='ocr_par' dir='ltr' id='par_1_87' title="bbox 2079 4084 3685 4156">
     <span class='ocr_line' id='line_1_87' title="bbox 2079 4084 3685 4156; baseline 0.001 -18"><span class='ocrx_word' id='word_1_655' title='bbox 2079 4084 2315 4155; x_wconf 90' lang='lat' dir='ltr'><strong>primum</strong></span> <span class='ocrx_word' id='word_1_656' title='bbox 2347 4085 2523 4155; x_wconf 88' lang='lat' dir='ltr'><strong>posita</strong></span> <span class='ocrx_word' id='word_1_657' title='bbox 2554 4094 2638 4141; x_wconf 88' lang='lat' dir='ltr'><strong>est</strong></span> <span class='ocrx_word' id='word_1_658' title='bbox 2665 4084 2802 4141; x_wconf 85' lang='lat' dir='ltr'><strong>lides</strong></span> <span class='ocrx_word' id='word_1_659' title='bbox 2834 4084 3091 4141; x_wconf 66' lang='lat' dir='ltr'><strong>Ecclesia:</strong></span> <span class='ocrx_word' id='word_1_660' title='bbox 3114 4130 3128 4156; x_wconf 93' lang='lat'><strong>,</strong></span> <span class='ocrx_word' id='word_1_661' title='bbox 3160 4094 3216 4140; x_wconf 88' lang='lat' dir='ltr'><strong>et</strong></span> <span class='ocrx_word' id='word_1_662' title='bbox 3248 4085 3319 4139; x_wconf 93' lang='lat' dir='ltr'><strong>ibi</strong></span> <span class='ocrx_word' id='word_1_663' title='bbox 3354 4084 3685 4140; x_wconf 79' lang='lat' dir='ltr'><strong>fundamen-</strong></span> 
     </span>
    </p>
   </div>
   <div class='ocr_carea' id='block_1_88' title="bbox 2081 4176 3681 4249">
    <p class='ocr_par' dir='ltr' id='par_1_88' title="bbox 2081 4176 3681 4249">
     <span class='ocr_line' id='line_1_88' title="bbox 2081 4176 3681 4249; baseline 0 -17"><span class='ocrx_word' id='word_1_664' title='bbox 2081 4186 2132 4231; x_wconf 89' lang='lat' dir='ltr'><strong>ta</strong></span> <span class='ocrx_word' id='word_1_665' title='bbox 2162 4185 2289 4232; x_wconf 90' lang='lat' dir='ltr'><strong>sunt</strong></span> <span class='ocrx_word' id='word_1_666' title='bbox 2332 4176 2527 4248; x_wconf 86' lang='lat' dir='ltr'><strong>posita.</strong></span> <span class='ocrx_word' id='word_1_667' title='bbox 2569 4177 2636 4234; x_wconf 88' lang='lat' dir='ltr'><strong>Et</strong></span> <span class='ocrx_word' id='word_1_668' title='bbox 2682 4179 2806 4249; x_wconf 89' lang='lat' dir='ltr'><strong>quia</strong></span> <span class='ocrx_word' id='word_1_669' title='bbox 2848 4179 3229 4249; x_wconf 89' lang='lat' dir='ltr'><strong>unusquisque</strong></span> <span class='ocrx_word' id='word_1_670' title='bbox 3268 4176 3681 4249; x_wconf 63' lang='lat' dir='ltr'><strong>supersedilicat</strong></span> 
     </span>
    </p>
   </div>
   <div class='ocr_carea' id='block_1_89' title="bbox 2079 4268 3682 4343">
    <p class='ocr_par' dir='ltr' id='par_1_89' title="bbox 2079 4268 3682 4343">
     <span class='ocr_line' id='line_1_89' title="bbox 2079 4268 3682 4343; baseline 0 -18"><span class='ocrx_word' id='word_1_671' title='bbox 2079 4268 2434 4326; x_wconf 82' lang='lat' dir='ltr'><strong>fundamento</strong></span> <span class='ocrx_word' id='word_1_672' title='bbox 2468 4289 2478 4324; x_wconf 94' lang='lat'>:</span> <span class='ocrx_word' id='word_1_673' title='bbox 2512 4270 2653 4326; x_wconf 90' lang='lat' dir='ltr'><strong>alius</strong></span> <span class='ocrx_word' id='word_1_674' title='bbox 2696 4285 2924 4340; x_wconf 90' lang='lat' dir='ltr'><strong>aurum,</strong></span> <span class='ocrx_word' id='word_1_675' title='bbox 2978 4272 3119 4326; x_wconf 88' lang='lat' dir='ltr'><strong>alius</strong></span> <span class='ocrx_word' id='word_1_676' title='bbox 3161 4280 3485 4343; x_wconf 87' lang='lat' dir='ltr'><strong>argentum,</strong></span> <span class='ocrx_word' id='word_1_677' title='bbox 3538 4272 3682 4326; x_wconf 90' lang='lat' dir='ltr'><strong>alius</strong></span> 
     </span>
    </p>
   </div>
   <div class='ocr_carea' id='block_1_90' title="bbox 2077 4362 3680 4437">
    <p class='ocr_par' dir='ltr' id='par_1_90' title="bbox 2077 4362 3680 4437">
     <span class='ocr_line' id='line_1_90' title="bbox 2077 4362 3680 4437; baseline 0 -18"><span class='ocrx_word' id='word_1_678' title='bbox 2077 4362 2288 4434; x_wconf 79' lang='lat' dir='ltr'><strong>lapides</strong></span> <span class='ocrx_word' id='word_1_679' title='bbox 2361 4364 2637 4434; x_wconf 89' lang='lat' dir='ltr'><strong>pretiosos</strong></span> <span class='ocrx_word' id='word_1_680' title='bbox 2693 4383 2705 4419; x_wconf 94' lang='lat'>:</span> <span class='ocrx_word' id='word_1_681' title='bbox 2757 4363 2935 4437; x_wconf 87' lang='lat' dir='ltr'><strong>diligit</strong></span> <span class='ocrx_word' id='word_1_682' title='bbox 2985 4365 3251 4420; x_wconf 88' lang='lat' dir='ltr'><strong>Dominus</strong></span> <span class='ocrx_word' id='word_1_683' title='bbox 3310 4374 3494 4435; x_wconf 85' lang='lat' dir='ltr'><strong>portas</strong></span> <span class='ocrx_word' id='word_1_684' title='bbox 3543 4363 3680 4421; x_wconf 82' lang='lat' dir='ltr'><strong>Sion</strong></span> 
     </span>
    </p>
   </div>
   <div class='ocr_carea' id='block_1_91' title="bbox 2078 4456 3676 4529">
    <p class='ocr_par' dir='ltr' id='par_1_91' title="bbox 2078 4456 3676 4529">
     <span class='ocr_line' id='line_1_91' title="bbox 2078 4456 3676 4529; baseline -0.001 -16"><span class='ocrx_word' id='word_1_685' title='bbox 2078 4471 2245 4528; x_wconf 89' lang='lat' dir='ltr'><strong>super</strong></span> <span class='ocrx_word' id='word_1_686' title='bbox 2270 4457 2456 4513; x_wconf 90' lang='lat' dir='ltr'><strong>omnia</strong></span> <span class='ocrx_word' id='word_1_687' title='bbox 2484 4458 2831 4514; x_wconf 90' lang='lat' dir='ltr'><strong>tabernacula</strong></span> <span class='ocrx_word' id='word_1_688' title='bbox 2858 4457 3051 4514; x_wconf 82' lang='lat' dir='ltr'><strong>Jacob.</strong></span> <span class='ocrx_word' id='word_1_689' title='bbox 3081 4457 3221 4513; x_wconf 84' lang='lat' dir='ltr'><strong>Istas</strong></span> <span class='ocrx_word' id='word_1_690' title='bbox 3253 4467 3437 4529; x_wconf 89' lang='lat' dir='ltr'><strong>portas</strong></span> <span class='ocrx_word' id='word_1_691' title='bbox 3464 4456 3676 4529; x_wconf 88' lang='lat' dir='ltr'><strong>diligit,</strong></span> 
     </span>
    </p>
   </div>
   <div class='ocr_carea' id='block_1_92' title="bbox 377 4549 3681 4626">
    <p class='ocr_par' dir='ltr' id='par_1_92' title="bbox 377 4549 3681 4626">
     <span class='ocr_line' id='line_1_92' title="bbox 377 4549 3681 4626; baseline -0.001 -16"><span class='ocrx_word' id='word_1_692' title='bbox 377 4560 765 4625; x_wconf 79' lang='lat' dir='ltr'><strong>prOposuerunt</strong></span> <span class='ocrx_word' id='word_1_693' title='bbox 797 4550 967 4606; x_wconf 84' lang='lat' dir='ltr'><strong>Deum</strong></span> <span class='ocrx_word' id='word_1_694' title='bbox 995 4558 1117 4604; x_wconf 90' lang='lat' dir='ltr'><strong>ante</strong></span> <span class='ocrx_word' id='word_1_695' title='bbox 1141 4557 1473 4621; x_wconf 87' lang='lat' dir='ltr'><strong>conspectum</strong></span> <span class='ocrx_word' id='word_1_696' title='bbox 1502 4567 1679 4605; x_wconf 89' lang='lat' dir='ltr'><strong>suum.</strong></span> <span class='ocrx_word' id='word_1_697' title='bbox 1713 4549 1975 4607; x_wconf 83' lang='lat' dir='ltr'><strong>Obcaeca-</strong></span> <span class='ocrx_word' id='word_1_698' title='bbox 2007 4622 2031 4626; x_wconf 37' lang='grc' dir='ltr'><strong>ᾼ</strong></span> <span class='ocrx_word' id='word_1_699' title='bbox 2077 4569 2217 4625; x_wconf 89' lang='lat' dir='ltr'><strong>quas</strong></span> <span class='ocrx_word' id='word_1_700' title='bbox 2269 4553 2515 4610; x_wconf 82' lang='lat' dir='ltr'><strong>videmus</strong></span> <span class='ocrx_word' id='word_1_701' title='bbox 2558 4555 2866 4612; x_wconf 82' lang='lat' dir='ltr'><strong>corruisse.</strong></span> <span class='ocrx_word' id='word_1_702' title='bbox 2924 4554 3063 4610; x_wconf 86' lang='lat' dir='ltr'><strong>Istas</strong></span> <span class='ocrx_word' id='word_1_703' title='bbox 3118 4563 3305 4626; x_wconf 87' lang='lat' dir='ltr'><strong>portas</strong></span> <span class='ocrx_word' id='word_1_704' title='bbox 3355 4552 3569 4625; x_wconf 87' lang='lat' dir='ltr'><strong>diligit,</strong></span> <span class='ocrx_word' id='word_1_705' title='bbox 3621 4561 3681 4607; x_wconf 88' lang='lat' dir='ltr'><strong>et</strong></span> 
     </span>
    </p>
   </div>
   <div class='ocr_carea' id='block_1_93' title="bbox 378 4643 1143 4703">
    <p class='ocr_par' dir='ltr' id='par_1_93' title="bbox 378 4643 1143 4703">
     <span class='ocr_line' id='line_1_93' title="bbox 378 4643 1143 4703; baseline -0.009 0"><span class='ocrx_word' id='word_1_706' title='bbox 378 4654 537 4703; x_wconf 86' lang='lat' dir='ltr'><strong>verat</strong></span> <span class='ocrx_word' id='word_1_707' title='bbox 561 4660 660 4701; x_wconf 89' lang='lat' dir='ltr'><strong>eos</strong></span> <span class='ocrx_word' id='word_1_708' title='bbox 689 4643 895 4701; x_wconf 84' lang='lat' dir='ltr'><strong>malitia</strong></span> <span class='ocrx_word' id='word_1_709' title='bbox 926 4657 1143 4701; x_wconf 87' lang='lat' dir='ltr'><strong>eorum.</strong></span> 
     </span>
    </p>
   </div>
   <div class='ocr_carea' id='block_1_94' title="bbox 448 4734 1970 4807">
    <p class='ocr_par' dir='ltr' id='par_1_94' title="bbox 448 4734 1970 4807">
     <span class='ocr_line' id='line_1_94' title="bbox 448 4734 1970 4807; baseline -0.001 -13"><span class='ocrx_word' id='word_1_710' title='bbox 448 4738 518 4794; x_wconf 86' lang='lat' dir='ltr'><strong>Et</strong></span> <span class='ocrx_word' id='word_1_711' title='bbox 573 4746 664 4805; x_wconf 90' lang='lat' dir='ltr'><strong>tu,</strong></span> <span class='ocrx_word' id='word_1_712' title='bbox 717 4737 939 4792; x_wconf 80' lang='lat' dir='ltr'><strong>Domine</strong></span> <span class='ocrx_word' id='word_1_713' title='bbox 980 4734 1124 4792; x_wconf 88' lang='lat' dir='ltr'><strong>Deus</strong></span> <span class='ocrx_word' id='word_1_714' title='bbox 1151 4780 1167 4807; x_wconf 94' lang='lat'><strong>,</strong></span> <span class='ocrx_word' id='word_1_715' title='bbox 1224 4738 1499 4793; x_wconf 87' lang='lat' dir='ltr'><strong>miserator</strong></span> <span class='ocrx_word' id='word_1_716' title='bbox 1523 4746 1572 4793; x_wconf 87' lang='lat' dir='ltr'><strong>et</strong></span> <span class='ocrx_word' id='word_1_717' title='bbox 1616 4737 1910 4792; x_wconf 88' lang='lat' dir='ltr'><strong>misericors</strong></span> <span class='ocrx_word' id='word_1_718' title='bbox 1952 4753 1970 4792; x_wconf 90' lang='lat'><strong><em>:</em></strong></span> 
     </span>
    </p>
   </div>
   <div class='ocr_carea' id='block_1_95' title="bbox 375 4829 1969 4906">
    <p class='ocr_par' dir='ltr' id='par_1_95' title="bbox 375 4829 1969 4906">
     <span class='ocr_line' id='line_1_95' title="bbox 375 4829 1969 4906; baseline -0.001 -19"><span class='ocrx_word' id='word_1_719' title='bbox 375 4834 581 4906; x_wconf 88' lang='lat' dir='ltr'><strong>patiens</strong></span> <span class='ocrx_word' id='word_1_720' title='bbox 616 4840 663 4887; x_wconf 87' lang='lat' dir='ltr'><strong>et</strong></span> <span class='ocrx_word' id='word_1_721' title='bbox 695 4829 873 4885; x_wconf 75' lang='lat' dir='ltr'><strong>multa:</strong></span> <span class='ocrx_word' id='word_1_722' title='bbox 898 4830 1271 4886; x_wconf 76' lang='lat' dir='ltr'><strong>misericordia:</strong></span> <span class='ocrx_word' id='word_1_723' title='bbox 1298 4840 1348 4885; x_wconf 88' lang='lat' dir='ltr'><strong>et</strong></span> <span class='ocrx_word' id='word_1_724' title='bbox 1403 4846 1579 4885; x_wconf 75' lang='lat' dir='ltr'><strong>verax.</strong></span> <span class='ocrx_word' id='word_1_725' title='bbox 1631 4829 1969 4898; x_wconf 82' lang='lat' dir='ltr'><strong>Misericors,</strong></span> 
     </span>
    </p>
   </div>
   <div class='ocr_carea' id='block_1_96' title="bbox 372 4924 1972 4998">
    <p class='ocr_par' dir='ltr' id='par_1_96' title="bbox 372 4924 1972 4998">
     <span class='ocr_line' id='line_1_96' title="bbox 372 4924 1972 4998; baseline -0.002 -13"><span class='ocrx_word' id='word_1_726' title='bbox 372 4943 500 4986; x_wconf 88' lang='lat' dir='ltr'><strong>cum</strong></span> <span class='ocrx_word' id='word_1_727' title='bbox 522 4924 761 4983; x_wconf 90' lang='lat' dir='ltr'><strong>remittis</strong></span> <span class='ocrx_word' id='word_1_728' title='bbox 793 4944 805 4978; x_wconf 88' lang='lat'><strong>:</strong></span> <span class='ocrx_word' id='word_1_729' title='bbox 839 4926 1044 4998; x_wconf 88' lang='lat' dir='ltr'><strong>patiens</strong></span> <span class='ocrx_word' id='word_1_730' title='bbox 1066 4971 1080 4996; x_wconf 93' lang='lat'><strong>,</strong></span> <span class='ocrx_word' id='word_1_731' title='bbox 1125 4939 1248 4981; x_wconf 92' lang='lat' dir='ltr'><strong>cum</strong></span> <span class='ocrx_word' id='word_1_732' title='bbox 1293 4936 1638 4995; x_wconf 89' lang='lat' dir='ltr'><strong>peccatorem</strong></span> <span class='ocrx_word' id='word_1_733' title='bbox 1661 4965 1679 4992; x_wconf 95' lang='lat'><strong>,</strong></span> <span class='ocrx_word' id='word_1_734' title='bbox 1734 4936 1790 4981; x_wconf 91' lang='lat' dir='ltr'><strong>ut</strong></span> <span class='ocrx_word' id='word_1_735' title='bbox 1840 4942 1972 4983; x_wconf 87' lang='lat' dir='ltr'><strong>con-</strong></span> 
     </span>
    </p>
   </div>
   <div class='ocr_carea' id='block_1_97' title="bbox 370 5019 1968 5088">
    <p class='ocr_par' dir='ltr' id='par_1_97' title="bbox 370 5019 1968 5088">
     <span class='ocr_line' id='line_1_97' title="bbox 370 5019 1968 5088; baseline -0.001 -11"><span class='ocrx_word' id='word_1_736' title='bbox 370 5026 617 5077; x_wconf 82' lang='lat' dir='ltr'><strong>vertatur</strong></span> <span class='ocrx_word' id='word_1_737' title='bbox 638 5062 652 5088; x_wconf 92' lang='lat'><strong>,</strong></span> <span class='ocrx_word' id='word_1_738' title='bbox 677 5026 963 5087; x_wconf 81' lang='lat' dir='ltr'><strong>exspectas</strong></span> <span class='ocrx_word' id='word_1_739' title='bbox 988 5036 1000 5071; x_wconf 92' lang='lat'>:</span> <span class='ocrx_word' id='word_1_740' title='bbox 1024 5033 1179 5073; x_wconf 71' lang='lat' dir='ltr'><strong>verax</strong></span> <span class='ocrx_word' id='word_1_741' title='bbox 1202 5057 1217 5083; x_wconf 95' lang='lat'><strong>,</strong></span> <span class='ocrx_word' id='word_1_742' title='bbox 1241 5031 1365 5072; x_wconf 91' lang='lat' dir='ltr'><strong>cum</strong></span> <span class='ocrx_word' id='word_1_743' title='bbox 1393 5019 1661 5087; x_wconf 87' lang='lat' dir='ltr'><strong>promissa</strong></span> <span class='ocrx_word' id='word_1_744' title='bbox 1686 5019 1968 5076; x_wconf 85' lang='lat' dir='ltr'><strong>restitues.</strong></span> 
     </span>
    </p>
   </div>
   <div class='ocr_carea' id='block_1_98' title="bbox 446 5117 1969 5190">
    <p class='ocr_par' dir='ltr' id='par_1_98' title="bbox 446 5117 1969 5190">
     <span class='ocr_line' id='line_1_98' title="bbox 446 5117 1969 5190; baseline 0.001 -17"><span class='ocrx_word' id='word_1_745' title='bbox 446 5117 665 5190; x_wconf 84' lang='lat' dir='ltr'><strong>Respice</strong></span> <span class='ocrx_word' id='word_1_746' title='bbox 690 5118 744 5173; x_wconf 88' lang='lat' dir='ltr'><strong>in</strong></span> <span class='ocrx_word' id='word_1_747' title='bbox 772 5135 881 5187; x_wconf 90' lang='lat' dir='ltr'><strong>me,</strong></span> <span class='ocrx_word' id='word_1_748' title='bbox 912 5128 961 5173; x_wconf 87' lang='lat' dir='ltr'><strong>et</strong></span> <span class='ocrx_word' id='word_1_749' title='bbox 989 5118 1236 5172; x_wconf 81' lang='lat' dir='ltr'><strong>miserere</strong></span> <span class='ocrx_word' id='word_1_750' title='bbox 1259 5117 1361 5171; x_wconf 88' lang='lat' dir='ltr'><strong>mei</strong></span> <span class='ocrx_word' id='word_1_751' title='bbox 1386 5132 1405 5173; x_wconf 91' lang='lat'><strong><em>:</em></strong></span> <span class='ocrx_word' id='word_1_752' title='bbox 1427 5117 1497 5171; x_wconf 86' lang='lat' dir='ltr'><strong>da</strong></span> <span class='ocrx_word' id='word_1_753' title='bbox 1519 5118 1796 5187; x_wconf 87' lang='lat' dir='ltr'><strong>imperium</strong></span> <span class='ocrx_word' id='word_1_754' title='bbox 1822 5126 1969 5174; x_wconf 88' lang='lat' dir='ltr'><strong>tuum</strong></span> 
     </span>
    </p>
   </div>
   <div class='ocr_carea' id='block_1_99' title="bbox 375 5209 1965 5285">
    <p class='ocr_par' dir='ltr' id='par_1_99' title="bbox 375 5209 1965 5285">
     <span class='ocr_line' id='line_1_99' title="bbox 375 5209 1965 5285; baseline 0.002 -20"><span class='ocrx_word' id='word_1_755' title='bbox 375 5225 539 5280; x_wconf 88' lang='lat' dir='ltr'><strong>puero</strong></span> <span class='ocrx_word' id='word_1_756' title='bbox 569 5218 679 5265; x_wconf 90' lang='lat' dir='ltr'><strong>tuo.</strong></span> <span class='ocrx_word' id='word_1_757' title='bbox 707 5209 791 5266; x_wconf 83' lang='lat' dir='ltr'><strong>Ad</strong></span> <span class='ocrx_word' id='word_1_758' title='bbox 819 5209 1231 5282; x_wconf 89' lang='lat' dir='ltr'><strong>repugnandum</strong></span> <span class='ocrx_word' id='word_1_759' title='bbox 1259 5210 1649 5285; x_wconf 81' lang='lat' dir='ltr'><strong>potestatibus</strong></span> <span class='ocrx_word' id='word_1_760' title='bbox 1696 5212 1965 5268; x_wconf 75' lang='lat' dir='ltr'><strong>adversis.</strong></span> 
     </span>
    </p>
   </div>
   <div class='ocr_carea' id='block_1_100' title="bbox 375 5303 1969 5379">
    <p class='ocr_par' dir='ltr' id='par_1_100' title="bbox 375 5303 1969 5379">
     <span class='ocr_line' id='line_1_100' title="bbox 375 5303 1969 5379; baseline 0.001 -18"><span class='ocrx_word' id='word_1_761' title='bbox 375 5303 447 5361; x_wconf 86' lang='lat' dir='ltr'><strong>Et</strong></span> <span class='ocrx_word' id='word_1_762' title='bbox 475 5304 676 5361; x_wconf 86' lang='lat' dir='ltr'><strong>salvum</strong></span> <span class='ocrx_word' id='word_1_763' title='bbox 706 5307 791 5379; x_wconf 77' lang='lat' dir='ltr'><strong>{ac</strong></span> <span class='ocrx_word' id='word_1_764' title='bbox 820 5306 989 5376; x_wconf 78' lang='lat' dir='ltr'><strong>ﬁlium</strong></span> <span class='ocrx_word' id='word_1_765' title='bbox 1012 5304 1223 5361; x_wconf 76' lang='lat' dir='ltr'><strong>ancilla:</strong></span> <span class='ocrx_word' id='word_1_766' title='bbox 1250 5311 1375 5361; x_wconf 73' lang='lat' dir='ltr'><strong>tute.</strong></span> <span class='ocrx_word' id='word_1_767' title='bbox 1434 5304 1701 5363; x_wconf 66' lang='lat' dir='ltr'><strong>Ecclesiae</strong></span> <span class='ocrx_word' id='word_1_768' title='bbox 1723 5346 1738 5374; x_wconf 94' lang='lat'><strong>,</strong></span> <span class='ocrx_word' id='word_1_769' title='bbox 1770 5304 1825 5362; x_wconf 88' lang='lat' dir='ltr'><strong>in</strong></span> <span class='ocrx_word' id='word_1_770' title='bbox 1860 5321 1969 5378; x_wconf 82' lang='lat' dir='ltr'><strong>qua</strong></span> 
     </span>
    </p>
   </div>
   <div class='ocr_carea' id='block_1_101' title="bbox 374 5408 784 5455">
    <p class='ocr_par' dir='ltr' id='par_1_101' title="bbox 374 5408 784 5455">
     <span class='ocr_line' id='line_1_101' title="bbox 374 5408 784 5455; baseline -0.005 -1"><span class='ocrx_word' id='word_1_771' title='bbox 374 5411 495 5454; x_wconf 87' lang='lat' dir='ltr'><strong>sum</strong></span> <span class='ocrx_word' id='word_1_772' title='bbox 538 5408 784 5455; x_wconf 87' lang='lat' dir='ltr'><strong>renatus.</strong></span> 
     </span>
    </p>
   </div>
   <div class='ocr_carea' id='block_1_102' title="bbox 448 5488 1970 5564">
    <p class='ocr_par' dir='ltr' id='par_1_102' title="bbox 448 5488 1970 5564">
     <span class='ocr_line' id='line_1_102' title="bbox 448 5488 1970 5564; baseline 0 -19"><span class='ocrx_word' id='word_1_773' title='bbox 448 5489 564 5546; x_wconf 79' lang='lat' dir='ltr'><strong>Fac</strong></span> <span class='ocrx_word' id='word_1_774' title='bbox 593 5506 793 5547; x_wconf 90' lang='lat' dir='ltr'><strong>mecum</strong></span> <span class='ocrx_word' id='word_1_775' title='bbox 819 5489 1025 5561; x_wconf 83' lang='lat' dir='ltr'><strong>signum</strong></span> <span class='ocrx_word' id='word_1_776' title='bbox 1045 5488 1101 5543; x_wconf 86' lang='lat' dir='ltr'><strong>in</strong></span> <span class='ocrx_word' id='word_1_777' title='bbox 1139 5488 1362 5561; x_wconf 88' lang='lat' dir='ltr'><strong>bonum,</strong></span> <span class='ocrx_word' id='word_1_778' title='bbox 1412 5499 1471 5546; x_wconf 90' lang='lat' dir='ltr'><strong>ut</strong></span> <span class='ocrx_word' id='word_1_779' title='bbox 1516 5490 1723 5547; x_wconf 83' lang='lat' dir='ltr'><strong>videant</strong></span> <span class='ocrx_word' id='word_1_780' title='bbox 1756 5492 1849 5564; x_wconf 87' lang='lat' dir='ltr'><strong>qui</strong></span> <span class='ocrx_word' id='word_1_781' title='bbox 1889 5506 1970 5546; x_wconf 89' lang='lat' dir='ltr'><strong>me</strong></span> 
     </span>
    </p>
   </div>
   <div class='ocr_carea' id='block_1_103' title="bbox 373 5582 1966 5657">
    <p class='ocr_par' dir='ltr' id='par_1_103' title="bbox 373 5582 1966 5657">
     <span class='ocr_line' id='line_1_103' title="bbox 373 5582 1966 5657; baseline 0.001 -18"><span class='ocrx_word' id='word_1_782' title='bbox 373 5584 593 5639; x_wconf 72' lang='lat' dir='ltr'><strong>oderunt</strong></span> <span class='ocrx_word' id='word_1_783' title='bbox 651 5593 702 5638; x_wconf 87' lang='lat' dir='ltr'><strong>et</strong></span> <span class='ocrx_word' id='word_1_784' title='bbox 756 5582 1150 5656; x_wconf 78' lang='lat' dir='ltr'><strong>confundantur</strong></span> <span class='ocrx_word' id='word_1_785' title='bbox 1205 5600 1224 5640; x_wconf 84' lang='lat'><strong>.&#39;</strong></span> <span class='ocrx_word' id='word_1_786' title='bbox 1278 5584 1524 5657; x_wconf 88' lang='lat' dir='ltr'><strong>quoniam</strong></span> <span class='ocrx_word' id='word_1_787' title='bbox 1568 5594 1655 5652; x_wconf 87' lang='lat' dir='ltr'><strong>tu,</strong></span> <span class='ocrx_word' id='word_1_788' title='bbox 1712 5584 1966 5655; x_wconf 88' lang='lat' dir='ltr'><strong>Domine,</strong></span> 
     </span>
    </p>
   </div>
   <div class='ocr_carea' id='block_1_104' title="bbox 372 5674 1964 5749">
    <p class='ocr_par' dir='ltr' id='par_1_104' title="bbox 372 5674 1964 5749">
     <span class='ocr_line' id='line_1_104' title="bbox 372 5674 1964 5749; baseline 0.004 -21"><span class='ocrx_word' id='word_1_789' title='bbox 372 5674 625 5749; x_wconf 84' lang='lat' dir='ltr'><strong>adjuvisti</strong></span> <span class='ocrx_word' id='word_1_790' title='bbox 653 5692 733 5731; x_wconf 88' lang='lat' dir='ltr'><strong>me</strong></span> <span class='ocrx_word' id='word_1_791' title='bbox 752 5717 767 5743; x_wconf 95' lang='lat'><strong>,</strong></span> <span class='ocrx_word' id='word_1_792' title='bbox 794 5686 841 5730; x_wconf 86' lang='lat' dir='ltr'><strong>et</strong></span> <span class='ocrx_word' id='word_1_793' title='bbox 875 5676 1176 5733; x_wconf 87' lang='lat' dir='ltr'><strong>consolatus</strong></span> <span class='ocrx_word' id='word_1_794' title='bbox 1204 5695 1257 5735; x_wconf 89' lang='lat' dir='ltr'><strong>es</strong></span> <span class='ocrx_word' id='word_1_795' title='bbox 1284 5695 1386 5734; x_wconf 87' lang='lat' dir='ltr'><strong>me.</strong></span> <span class='ocrx_word' id='word_1_796' title='bbox 1420 5677 1631 5734; x_wconf 81' lang='lat' dir='ltr'><strong>Muniar</strong></span> <span class='ocrx_word' id='word_1_797' title='bbox 1655 5678 1833 5736; x_wconf 89' lang='lat' dir='ltr'><strong>crucis</strong></span> <span class='ocrx_word' id='word_1_798' title='bbox 1857 5688 1964 5735; x_wconf 59' lang='lat' dir='ltr'><strong>tua:</strong></span> 
     </span>
    </p>
   </div>
   <div class='ocr_carea' id='block_1_105' title="bbox 369 5764 1963 5843">
    <p class='ocr_par' dir='ltr' id='par_1_105' title="bbox 369 5764 1963 5843">
     <span class='ocr_line' id='line_1_105' title="bbox 369 5764 1963 5843; baseline 0.005 -24"><span class='ocrx_word' id='word_1_799' title='bbox 369 5764 561 5837; x_wconf 89' lang='lat' dir='ltr'><strong>signo,</strong></span> <span class='ocrx_word' id='word_1_800' title='bbox 615 5765 760 5837; x_wconf 90' lang='lat' dir='ltr'><strong>quod</strong></span> <span class='ocrx_word' id='word_1_801' title='bbox 816 5767 1087 5839; x_wconf 88' lang='lat' dir='ltr'><strong>videntes,</strong></span> <span class='ocrx_word' id='word_1_802' title='bbox 1140 5777 1442 5839; x_wconf 90' lang='lat' dir='ltr'><strong>potestates</strong></span> <span class='ocrx_word' id='word_1_803' title='bbox 1469 5770 1715 5827; x_wconf 73' lang='lat' dir='ltr'><strong>adversa:</strong></span> <span class='ocrx_word' id='word_1_804' title='bbox 1754 5770 1963 5843; x_wconf 85' lang='lat' dir='ltr'><strong>fugiant</strong></span> 
     </span>
    </p>
   </div>
   <div class='ocr_carea' id='block_1_106' title="bbox 364 5857 1957 5936">
    <p class='ocr_par' dir='ltr' id='par_1_106' title="bbox 364 5857 1957 5936">
     <span class='ocr_line' id='line_1_106' title="bbox 364 5857 1957 5936; baseline 0.006 -24"><span class='ocrx_word' id='word_1_805' title='bbox 364 5857 635 5928; x_wconf 70' lang='lat' dir='ltr'><strong>contusae,</strong></span> <span class='ocrx_word' id='word_1_806' title='bbox 666 5867 723 5917; x_wconf 85' lang='lat' dir='ltr'><strong>et</strong></span> <span class='ocrx_word' id='word_1_807' title='bbox 748 5858 1033 5918; x_wconf 81' lang='lat' dir='ltr'><strong>discedant</strong></span> <span class='ocrx_word' id='word_1_808' title='bbox 1081 5879 1109 5915; x_wconf 88' lang='lat' dir='ltr'><strong>a</strong></span> <span class='ocrx_word' id='word_1_809' title='bbox 1147 5878 1252 5918; x_wconf 86' lang='lat' dir='ltr'><strong>me.</strong></span> <span class='ocrx_word' id='word_1_810' title='bbox 1298 5864 1427 5920; x_wconf 79' lang='lat' dir='ltr'><strong>Haec</strong></span> <span class='ocrx_word' id='word_1_811' title='bbox 1455 5864 1600 5922; x_wconf 88' lang='lat' dir='ltr'><strong>enim</strong></span> <span class='ocrx_word' id='word_1_812' title='bbox 1633 5880 1735 5936; x_wconf 90' lang='lat' dir='ltr'><strong>pro</strong></span> <span class='ocrx_word' id='word_1_813' title='bbox 1764 5874 1957 5922; x_wconf 90' lang='lat' dir='ltr'><strong>nostro</strong></span> 
     </span>
    </p>
   </div>
   <div class='ocr_carea' id='block_1_107' title="bbox 1998 4622 3679 4719">
    <p class='ocr_par' dir='ltr' id='par_1_107' title="bbox 1998 4622 3679 4719">
     <span class='ocr_line' id='line_1_107' title="bbox 1998 4622 3679 4719; baseline -0.001 -16"><span class='ocrx_word' id='word_1_814' title='bbox 1998 4622 2052 4683; x_wconf 79' lang='lat' dir='ltr'><strong>D</strong></span> <span class='ocrx_word' id='word_1_815' title='bbox 2078 4622 2238 4703; x_wconf 80' lang='lat' dir='ltr'><strong>istam</strong></span> <span class='ocrx_word' id='word_1_816' title='bbox 2274 4645 2403 4703; x_wconf 90' lang='lat' dir='ltr'><strong>Sion</strong></span> <span class='ocrx_word' id='word_1_817' title='bbox 2448 4646 2666 4719; x_wconf 90' lang='lat' dir='ltr'><strong>diligit,</strong></span> <span class='ocrx_word' id='word_1_818' title='bbox 2711 4663 2836 4719; x_wconf 69' lang='lat' dir='ltr'><strong>quae</strong></span> <span class='ocrx_word' id='word_1_819' title='bbox 2882 4655 3037 4703; x_wconf 85' lang='lat' dir='ltr'><strong>arata</strong></span> <span class='ocrx_word' id='word_1_820' title='bbox 3083 4622 3169 4702; x_wconf 77' lang='lat' dir='ltr'><strong>est</strong></span> <span class='ocrx_word' id='word_1_821' title='bbox 3212 4647 3355 4703; x_wconf 89' lang='lat' dir='ltr'><strong>sicut</strong></span> <span class='ocrx_word' id='word_1_822' title='bbox 3399 4622 3550 4719; x_wconf 75' lang='lat' dir='ltr'><strong>ager.</strong></span> <span class='ocrx_word' id='word_1_823' title='bbox 3606 4645 3679 4703; x_wconf 85' lang='lat' dir='ltr'><strong>Et</strong></span> 
     </span>
    </p>
   </div>
   <div class='ocr_carea' id='block_1_108' title="bbox 2073 4737 3672 4810">
    <p class='ocr_par' dir='ltr' id='par_1_108' title="bbox 2073 4737 3672 4810">
     <span class='ocr_line' id='line_1_108' title="bbox 2073 4737 3672 4810; baseline -0.002 -15"><span class='ocrx_word' id='word_1_824' title='bbox 2073 4739 2255 4796; x_wconf 86' lang='lat' dir='ltr'><strong>videte</strong></span> <span class='ocrx_word' id='word_1_825' title='bbox 2306 4739 2434 4810; x_wconf 88' lang='lat' dir='ltr'><strong>quid</strong></span> <span class='ocrx_word' id='word_1_826' title='bbox 2486 4738 2675 4795; x_wconf 90' lang='lat' dir='ltr'><strong>dicat:</strong></span> <span class='ocrx_word' id='word_1_827' title='bbox 2739 4739 2923 4810; x_wconf 85' lang='lat' dir='ltr'><strong>Diligit</strong></span> <span class='ocrx_word' id='word_1_828' title='bbox 2968 4737 3229 4793; x_wconf 89' lang='lat' dir='ltr'><strong>Dominus</strong></span> <span class='ocrx_word' id='word_1_829' title='bbox 3278 4747 3453 4810; x_wconf 89' lang='lat' dir='ltr'><strong>portas</strong></span> <span class='ocrx_word' id='word_1_830' title='bbox 3503 4737 3672 4802; x_wconf 87' lang='lat' dir='ltr'><strong>Sion,</strong></span> 
     </span>
    </p>
   </div>
   <div class='ocr_carea' id='block_1_109' title="bbox 2074 4830 3669 4902">
    <p class='ocr_par' dir='ltr' id='par_1_109' title="bbox 2074 4830 3669 4902">
     <span class='ocr_line' id='line_1_109' title="bbox 2074 4830 3669 4902; baseline -0.003 -14"><span class='ocrx_word' id='word_1_831' title='bbox 2074 4849 2232 4902; x_wconf 87' lang='lat' dir='ltr'><strong>super</strong></span> <span class='ocrx_word' id='word_1_832' title='bbox 2260 4833 2435 4887; x_wconf 91' lang='lat' dir='ltr'><strong>omnia</strong></span> <span class='ocrx_word' id='word_1_833' title='bbox 2465 4831 2800 4888; x_wconf 88' lang='lat' dir='ltr'><strong>tabernacula</strong></span> <span class='ocrx_word' id='word_1_834' title='bbox 2826 4830 3013 4888; x_wconf 75' lang='lat' dir='ltr'><strong>Iacob.</strong></span> <span class='ocrx_word' id='word_1_835' title='bbox 3061 4831 3255 4888; x_wconf 82' lang='lat' dir='ltr'><strong>Videte</strong></span> <span class='ocrx_word' id='word_1_836' title='bbox 3293 4831 3422 4902; x_wconf 90' lang='lat' dir='ltr'><strong>quid</strong></span> <span class='ocrx_word' id='word_1_837' title='bbox 3470 4830 3621 4886; x_wconf 87' lang='lat' dir='ltr'><strong>dicat</strong></span> <span class='ocrx_word' id='word_1_838' title='bbox 3656 4850 3669 4884; x_wconf 87' lang='lat'>:</span> 
     </span>
    </p>
   </div>
   <div class='ocr_carea' id='block_1_110' title="bbox 2074 4925 3672 4998">
    <p class='ocr_par' dir='ltr' id='par_1_110' title="bbox 2074 4925 3672 4998">
     <span class='ocr_line' id='line_1_110' title="bbox 2074 4925 3672 4998; baseline -0.002 -13"><span class='ocrx_word' id='word_1_839' title='bbox 2074 4934 2250 4998; x_wconf 89' lang='lat' dir='ltr'><strong>Super</strong></span> <span class='ocrx_word' id='word_1_840' title='bbox 2275 4941 2465 4983; x_wconf 89' lang='lat' dir='ltr'><strong>omnes</strong></span> <span class='ocrx_word' id='word_1_841' title='bbox 2493 4927 2740 4984; x_wconf 88' lang='lat' dir='ltr'><strong>civitates</strong></span> <span class='ocrx_word' id='word_1_842' title='bbox 2770 4926 2969 4994; x_wconf 87' lang='lat' dir='ltr'><strong>Jacob,</strong></span> <span class='ocrx_word' id='word_1_843' title='bbox 3001 4926 3106 4983; x_wconf 90' lang='lat' dir='ltr'><strong>hoc</strong></span> <span class='ocrx_word' id='word_1_844' title='bbox 3132 4936 3249 4997; x_wconf 90' lang='lat' dir='ltr'><strong>est,</strong></span> <span class='ocrx_word' id='word_1_845' title='bbox 3283 4925 3438 4983; x_wconf 76' lang='lat' dir='ltr'><strong>Juda:</strong></span> <span class='ocrx_word' id='word_1_846' title='bbox 3465 4944 3478 4981; x_wconf 92' lang='lat'><strong>:</strong></span> <span class='ocrx_word' id='word_1_847' title='bbox 3507 4927 3672 4983; x_wconf 86' lang='lat' dir='ltr'><strong>istam</strong></span> 
     </span>
    </p>
   </div>
   <div class='ocr_carea' id='block_1_111' title="bbox 2075 5021 3671 5095">
    <p class='ocr_par' dir='ltr' id='par_1_111' title="bbox 2075 5021 3671 5095">
     <span class='ocr_line' id='line_1_111' title="bbox 2075 5021 3671 5095; baseline 0.001 -17"><span class='ocrx_word' id='word_1_848' title='bbox 2075 5032 2282 5078; x_wconf 71' lang='lat' dir='ltr'><strong>tamtum</strong></span> <span class='ocrx_word' id='word_1_849' title='bbox 2315 5023 2491 5094; x_wconf 88' lang='lat' dir='ltr'><strong>diligit</strong></span> <span class='ocrx_word' id='word_1_850' title='bbox 2519 5023 2817 5079; x_wconf 86' lang='lat' dir='ltr'><strong>civitatem.</strong></span> <span class='ocrx_word' id='word_1_851' title='bbox 2854 5023 2920 5078; x_wconf 88' lang='lat' dir='ltr'><strong>Et</strong></span> <span class='ocrx_word' id='word_1_852' title='bbox 2945 5022 3220 5095; x_wconf 89' lang='lat' dir='ltr'><strong>quomodo</strong></span> <span class='ocrx_word' id='word_1_853' title='bbox 3241 5021 3495 5080; x_wconf 88' lang='lat' dir='ltr'><strong>videmus</strong></span> <span class='ocrx_word' id='word_1_854' title='bbox 3526 5022 3671 5079; x_wconf 86' lang='lat' dir='ltr'><strong>alias</strong></span> 
     </span>
    </p>
   </div>
   <div class='ocr_carea' id='block_1_112' title="bbox 2074 5116 3674 5189">
    <p class='ocr_par' dir='ltr' id='par_1_112' title="bbox 2074 5116 3674 5189">
     <span class='ocr_line' id='line_1_112' title="bbox 2074 5116 3674 5189; baseline -0.001 -14"><span class='ocrx_word' id='word_1_855' title='bbox 2074 5133 2142 5175; x_wconf 87' lang='lat' dir='ltr'><strong>ex</strong></span> <span class='ocrx_word' id='word_1_856' title='bbox 2175 5125 2329 5188; x_wconf 89' lang='lat' dir='ltr'><strong>parte</strong></span> <span class='ocrx_word' id='word_1_857' title='bbox 2372 5126 2551 5185; x_wconf 87' lang='lat' dir='ltr'><strong>stare,</strong></span> <span class='ocrx_word' id='word_1_858' title='bbox 2594 5127 2650 5175; x_wconf 90' lang='lat' dir='ltr'><strong>et</strong></span> <span class='ocrx_word' id='word_1_859' title='bbox 2680 5118 2835 5173; x_wconf 80' lang='lat' dir='ltr'><strong>istam</strong></span> <span class='ocrx_word' id='word_1_860' title='bbox 2866 5117 3090 5188; x_wconf 90' lang='lat' dir='ltr'><strong>penitus</strong></span> <span class='ocrx_word' id='word_1_861' title='bbox 3117 5117 3446 5173; x_wconf 84' lang='lat' dir='ltr'><strong>corruisse?</strong></span> <span class='ocrx_word' id='word_1_862' title='bbox 3492 5116 3674 5189; x_wconf 88' lang='lat' dir='ltr'><strong>Lega-</strong></span> 
     </span>
    </p>
   </div>
   <div class='ocr_carea' id='block_1_113' title="bbox 2072 5208 3673 5284">
    <p class='ocr_par' dir='ltr' id='par_1_113' title="bbox 2072 5208 3673 5284">
     <span class='ocr_line' id='line_1_113' title="bbox 2072 5208 3673 5284; baseline 0.001 -17"><span class='ocrx_word' id='word_1_863' title='bbox 2072 5225 2194 5267; x_wconf 88' lang='lat' dir='ltr'><strong>mus</strong></span> <span class='ocrx_word' id='word_1_864' title='bbox 2242 5211 2625 5283; x_wconf 83' lang='lat' dir='ltr'><strong>Apocalypsim</strong></span> <span class='ocrx_word' id='word_1_865' title='bbox 2674 5208 3093 5284; x_wconf 83' lang='lat' dir='ltr'><strong>Joannis_(Cap.</strong></span> <span class='ocrx_word' id='word_1_866' title='bbox 3126 5209 3244 5281; x_wconf 72' lang='lat' dir='ltr'><strong>xxi)</strong></span> <span class='ocrx_word' id='word_1_867' title='bbox 3288 5230 3300 5263; x_wconf 86' lang='lat'><strong>:</strong></span> <span class='ocrx_word' id='word_1_868' title='bbox 3335 5211 3582 5282; x_wconf 88' lang='lat' dir='ltr'><strong>legamus</strong></span> <span class='ocrx_word' id='word_1_869' title='bbox 3611 5220 3673 5268; x_wconf 89' lang='lat' dir='ltr'><strong>et</strong></span> 
     </span>
    </p>
   </div>
   <div class='ocr_carea' id='block_1_114' title="bbox 2075 5300 3666 5376">
    <p class='ocr_par' dir='ltr' id='par_1_114' title="bbox 2075 5300 3666 5376">
     <span class='ocr_line' id='line_1_114' title="bbox 2075 5300 3666 5376; baseline 0.001 -19"><span class='ocrx_word' id='word_1_870' title='bbox 2075 5302 2263 5358; x_wconf 83' lang='lat' dir='ltr'><strong>Isaiam</strong></span> <span class='ocrx_word' id='word_1_871' title='bbox 2292 5300 2445 5376; x_wconf 86' lang='lat' dir='ltr'><strong>(Cap.</strong></span> <span class='ocrx_word' id='word_1_872' title='bbox 2475 5302 2629 5374; x_wconf 73' lang='lat' dir='ltr'><strong>uti).</strong></span> <span class='ocrx_word' id='word_1_873' title='bbox 2660 5302 2759 5360; x_wconf 91' lang='lat' dir='ltr'><strong>Ubi</strong></span> <span class='ocrx_word' id='word_1_874' title='bbox 2786 5303 3088 5359; x_wconf 80' lang='lat' dir='ltr'><strong>:edilicatur</strong></span> <span class='ocrx_word' id='word_1_875' title='bbox 3112 5304 3306 5359; x_wconf 89' lang='lat' dir='ltr'><strong>civitas</strong></span> <span class='ocrx_word' id='word_1_876' title='bbox 3327 5302 3666 5371; x_wconf 85' lang='lat' dir='ltr'><strong>Jerusalem,</strong></span> 
     </span>
    </p>
   </div>
   <div class='ocr_carea' id='block_1_115' title="bbox 2073 5395 3672 5469">
    <p class='ocr_par' dir='ltr' id='par_1_115' title="bbox 2073 5395 3672 5469">
     <span class='ocr_line' id='line_1_115' title="bbox 2073 5395 3672 5469; baseline 0.001 -17"><span class='ocrx_word' id='word_1_877' title='bbox 2073 5406 2127 5452; x_wconf 91' lang='lat' dir='ltr'><strong>et</strong></span> <span class='ocrx_word' id='word_1_878' title='bbox 2149 5395 2437 5453; x_wconf 89' lang='lat' dir='ltr'><strong>duodecim</strong></span> <span class='ocrx_word' id='word_1_879' title='bbox 2468 5406 2641 5467; x_wconf 78' lang='lat' dir='ltr'><strong>portze</strong></span> <span class='ocrx_word' id='word_1_880' title='bbox 2673 5397 2840 5468; x_wconf 76' lang='lat' dir='ltr'><strong>ipsius</strong></span> <span class='ocrx_word' id='word_1_881' title='bbox 2867 5397 3133 5454; x_wconf 88' lang='lat' dir='ltr'><strong>dicuntur</strong></span> <span class='ocrx_word' id='word_1_882' title='bbox 3160 5412 3282 5454; x_wconf 90' lang='lat' dir='ltr'><strong>esse</strong></span> <span class='ocrx_word' id='word_1_883' title='bbox 3306 5398 3376 5455; x_wconf 88' lang='lat' dir='ltr'><strong>de</strong></span> <span class='ocrx_word' id='word_1_884' title='bbox 3401 5397 3672 5469; x_wconf 84' lang='lat' dir='ltr'><strong>lapidibus</strong></span> 
     </span>
    </p>
   </div>
   <div class='ocr_carea' id='block_1_116' title="bbox 2071 5492 3672 5563">
    <p class='ocr_par' dir='ltr' id='par_1_116' title="bbox 2071 5492 3672 5563">
     <span class='ocr_line' id='line_1_116' title="bbox 2071 5492 3672 5563; baseline 0.003 -18"><span class='ocrx_word' id='word_1_885' title='bbox 2071 5492 2332 5562; x_wconf 88' lang='lat' dir='ltr'><strong>pretiosis</strong></span> <span class='ocrx_word' id='word_1_886' title='bbox 2362 5500 2686 5548; x_wconf 79' lang='lat' dir='ltr'><strong>constructae</strong></span> <span class='ocrx_word' id='word_1_887' title='bbox 2704 5533 2719 5559; x_wconf 96' lang='lat'><strong>,</strong></span> <span class='ocrx_word' id='word_1_888' title='bbox 2744 5500 2798 5547; x_wconf 87' lang='lat' dir='ltr'><strong>et</strong></span> <span class='ocrx_word' id='word_1_889' title='bbox 2824 5492 2937 5563; x_wconf 86' lang='lat' dir='ltr'><strong>ipsa</strong></span> <span class='ocrx_word' id='word_1_890' title='bbox 2965 5493 3156 5548; x_wconf 85' lang='lat' dir='ltr'><strong>civitas</strong></span> <span class='ocrx_word' id='word_1_891' title='bbox 3183 5492 3250 5549; x_wconf 91' lang='lat' dir='ltr'><strong>de</strong></span> <span class='ocrx_word' id='word_1_892' title='bbox 3273 5492 3413 5549; x_wconf 67' lang='lat' dir='ltr'><strong>caelo</strong></span> <span class='ocrx_word' id='word_1_893' title='bbox 3436 5493 3672 5550; x_wconf 86' lang='lat' dir='ltr'><strong>descen-</strong></span> 
     </span>
    </p>
   </div>
   <div class='ocr_carea' id='block_1_117' title="bbox 2069 5584 3670 5657">
    <p class='ocr_par' dir='ltr' id='par_1_117' title="bbox 2069 5584 3670 5657">
     <span class='ocr_line' id='line_1_117' title="bbox 2069 5584 3670 5657; baseline 0.001 -16"><span class='ocrx_word' id='word_1_894' title='bbox 2069 5584 2179 5653; x_wconf 91' lang='lat' dir='ltr'><strong>dit,</strong></span> <span class='ocrx_word' id='word_1_895' title='bbox 2209 5595 2263 5642; x_wconf 91' lang='lat' dir='ltr'><strong>et</strong></span> <span class='ocrx_word' id='word_1_896' title='bbox 2287 5586 2542 5642; x_wconf 90' lang='lat' dir='ltr'><strong>dicuntur</strong></span> <span class='ocrx_word' id='word_1_897' title='bbox 2565 5588 2704 5641; x_wconf 91' lang='lat' dir='ltr'><strong>muri</strong></span> <span class='ocrx_word' id='word_1_898' title='bbox 2728 5586 2844 5655; x_wconf 86' lang='lat' dir='ltr'><strong>ejus</strong></span> <span class='ocrx_word' id='word_1_899' title='bbox 2870 5586 3018 5643; x_wconf 86' lang='lat' dir='ltr'><strong>aurei</strong></span> <span class='ocrx_word' id='word_1_900' title='bbox 3038 5628 3053 5653; x_wconf 96' lang='lat'><strong>,</strong></span> <span class='ocrx_word' id='word_1_901' title='bbox 3094 5597 3149 5643; x_wconf 89' lang='lat' dir='ltr'><strong>et</strong></span> <span class='ocrx_word' id='word_1_902' title='bbox 3181 5586 3440 5643; x_wconf 83' lang='lat' dir='ltr'><strong>dicuntur</strong></span> <span class='ocrx_word' id='word_1_903' title='bbox 3472 5586 3670 5657; x_wconf 75' lang='lat' dir='ltr'><strong>platea:</strong></span> 
     </span>
    </p>
   </div>
   <div class='ocr_carea' id='block_1_118' title="bbox 2068 5679 3669 5751">
    <p class='ocr_par' dir='ltr' id='par_1_118' title="bbox 2068 5679 3669 5751">
     <span class='ocr_line' id='line_1_118' title="bbox 2068 5679 3669 5751; baseline 0.001 -16"><span class='ocrx_word' id='word_1_904' title='bbox 2068 5679 2188 5751; x_wconf 85' lang='lat' dir='ltr'><strong>ejus</strong></span> <span class='ocrx_word' id='word_1_905' title='bbox 2237 5687 2424 5734; x_wconf 64' lang='lat' dir='ltr'><strong>stratas</strong></span> <span class='ocrx_word' id='word_1_906' title='bbox 2483 5692 2607 5735; x_wconf 90' lang='lat' dir='ltr'><strong>esse</strong></span> <span class='ocrx_word' id='word_1_907' title='bbox 2670 5679 2997 5751; x_wconf 86' lang='lat' dir='ltr'><strong>smaragdo,</strong></span> <span class='ocrx_word' id='word_1_908' title='bbox 3043 5688 3096 5735; x_wconf 92' lang='lat' dir='ltr'><strong>et</strong></span> <span class='ocrx_word' id='word_1_909' title='bbox 3139 5679 3394 5735; x_wconf 90' lang='lat' dir='ltr'><strong>dicuntur</strong></span> <span class='ocrx_word' id='word_1_910' title='bbox 3438 5679 3669 5751; x_wconf 69' lang='lat' dir='ltr'><strong>singula)</strong></span> 
     </span>
    </p>
   </div>
   <div class='ocr_carea' id='block_1_119' title="bbox 2064 5771 3664 5848">
    <p class='ocr_par' dir='ltr' id='par_1_119' title="bbox 2064 5771 3664 5848">
     <span class='ocr_line' id='line_1_119' title="bbox 2064 5771 3664 5848; baseline 0.002 -21"><span class='ocrx_word' id='word_1_911' title='bbox 2064 5780 2239 5842; x_wconf 79' lang='lat' dir='ltr'><strong>porta:</strong></span> <span class='ocrx_word' id='word_1_912' title='bbox 2262 5786 2329 5827; x_wconf 90' lang='lat' dir='ltr'><strong>ex</strong></span> <span class='ocrx_word' id='word_1_913' title='bbox 2359 5771 2588 5843; x_wconf 85' lang='lat' dir='ltr'><strong>singulis</strong></span> <span class='ocrx_word' id='word_1_914' title='bbox 2611 5771 2875 5844; x_wconf 88' lang='lat' dir='ltr'><strong>lapidibus</strong></span> <span class='ocrx_word' id='word_1_915' title='bbox 2902 5773 3159 5844; x_wconf 89' lang='lat' dir='ltr'><strong>pretiosis</strong></span> <span class='ocrx_word' id='word_1_916' title='bbox 3182 5772 3397 5848; x_wconf 76' lang='lat' dir='ltr'><strong>(Ezecli.</strong></span> <span class='ocrx_word' id='word_1_917' title='bbox 3433 5773 3664 5847; x_wconf 87' lang='lat' dir='ltr'><strong>xxvm).</strong></span> 
     </span>
    </p>
   </div>
   <div class='ocr_carea' id='block_1_120' title="bbox 2063 5863 3663 5940">
    <p class='ocr_par' dir='ltr' id='par_1_120' title="bbox 2063 5863 3663 5940">
     <span class='ocr_line' id='line_1_120' title="bbox 2063 5863 3663 5940; baseline 0.002 -18"><span class='ocrx_word' id='word_1_918' title='bbox 2063 5864 2157 5922; x_wconf 71' lang='lat' dir='ltr'><strong>Hae</strong></span> <span class='ocrx_word' id='word_1_919' title='bbox 2184 5873 2312 5921; x_wconf 89' lang='lat' dir='ltr'><strong>sunt</strong></span> <span class='ocrx_word' id='word_1_920' title='bbox 2340 5875 2467 5924; x_wconf 68' lang='lat' dir='ltr'><strong>tota‘.</strong></span> <span class='ocrx_word' id='word_1_921' title='bbox 2492 5863 2709 5922; x_wconf 88' lang='lat' dir='ltr'><strong>Domini</strong></span> <span class='ocrx_word' id='word_1_922' title='bbox 2738 5866 2967 5936; x_wconf 63' lang='lat' dir='ltr'><strong>divitiae,</strong></span> <span class='ocrx_word' id='word_1_923' title='bbox 2992 5866 3047 5923; x_wconf 81' lang='lat' dir='ltr'><strong>et</strong></span> <span class='ocrx_word' id='word_1_924' title='bbox 3073 5866 3176 5923; x_wconf 88' lang='lat' dir='ltr'><strong>hoc</strong></span> <span class='ocrx_word' id='word_1_925' title='bbox 3204 5867 3375 5940; x_wconf 89' lang='lat' dir='ltr'><strong>diligit</strong></span> <span class='ocrx_word' id='word_1_926' title='bbox 3398 5866 3663 5925; x_wconf 81' lang='lat' dir='ltr'><strong>Dominus</strong></span> 
     </span>
    </p>
   </div>
  </div>
