3954 6340
178 305 302 365 1081

1019 302 1446 364 RREVIARIUM
1488 307 1553 365 IN
1597 304 1928 364 PSALMOS.
1973 307 2226 366 PS‘ALM.
2268 307 2556 365 LXXXVI.

3319 312 3458 369 1082

173 414 302 484 quod
329 421 384 470 et
415 413 696 471 homines?
729 415 990 472 Prohibet
1019 433 1118 474 nos
1148 420 1217 474 ab
1259 420 1512 486 avaritia,
1552 431 1607 476 et
1637 420 1752 490 ipse
1781 421 1832 479 A
1859 421 2234 492 exploratores
2261 422 2502 479 Jericho.
2558 423 2700 479 Duos
2738 423 3119 496 exploratores
3142 467 3156 492 ,
3201 439 3364 481 unum
3385 428 3454 492 _in

173 510 233 566 de
260 510 476 565 avaritia
510 511 743 566 exstruit
763 511 1044 568 civitatem
1064 515 1087 568 ?
1111 513 1274 585 Ergo,
1299 514 1472 587 diligit
1497 513 1752 571 Dominus

175 613 336 674 porta;
382 603 528 660 Sion.
585 603 708 660 Illas
757 613 939 675 portas
986 606 1277 664 duodecim
1344 606 1475 663 Sion
1507 648 1520 671 ,
1571 608 1751 662 mani-

173 699 351 753 festum
399 709 478 752 est
520 700 662 768 quod
693 700 760 756 de
791 701 1054 772 apostolis
1085 703 1327 773 scripsit.
1367 702 1543 771 Super
1573 703 1750 757 omnia

171 790 482 846 tabernacula
532 792 726 861 Jacob,
783 809 948 865 super
997 810 1190 851 omnes
1243 805 1454 850 veteres
1507 805 1747 850 sanctos.

171 887 271 942 Hoc
335 887 548 942 interim
618 889 854 944 diximus
910 889 1206 946 secundum
1267 906 1432 944 unum
1507 899 1744 960 tropum.

172 979 406 1034 Dicamus
459 988 641 1035 autem
693 990 748 1036 et
776 981 940 1038 aliter
978 1000 990 1038 :
1030 981 1209 1053 Diligit
1263 980 1516 1036 Dominus
1573 991 1747 1050 portas

170 1073 306 1128 Sion.
340 1073 463 1128 Mihi
489 1074 747 1130 videntur
775 1084 944 1146 porta:
975 1074 1107 1130 Sion
1157 1089 1281 1130 esse
1308 1075 1561 1130 virtutes.
1593 1073 1745 1130 Sicut

169 1169 301 1225 enim
377 1180 549 1238 porta:
608 1171 806 1225 mortis
868 1180 996 1226 sunt
1046 1172 1179 1226 vitia
1235 1181 1400 1244 atque
1464 1181 1680 1241 peccata
1733 1189 1745 1226 :

166 1264 230 1319 ila
284 1274 450 1334 portre
502 1266 634 1321 Sion
687 1267 942 1321 videntur
987 1266 1118 1320 mihi
1159 1281 1282 1322 esse
1333 1267 1579 1321 virtutes.
1637 1265 1743 1322 De-

167 1357 312 1428 nique
359 1357 490 1412 dicit
538 1358 591 1412 in
632 1357 741 1412 alio
781 1358 902 1414 loco
932 1376 944 1412 :
976 1360 1066 1428 qui
1113 1359 1320 1415 exaltas
1359 1375 1445 1413 me
1477 1359 1544 1413 de
1573 1359 1744 1430 portis

166 1454 338 1508 mortis
367 1452 596 1524 (Psalnt.
640 1454 739 1524 Ix).
791 1455 844 1509 Si
874 1463 1052 1510 autem
1099 1463 1270 1524 porta:
1299 1455 1490 1509 ruortis
1523 1464 1742 1524 peccata

164 1557 276 1604 sunt
328 1567 340 1601 :
393 1563 524 1618 ergo
552 1559 724 1618 portae
767 1548 1071 1604 Jerusalem
1113 1549 1346 1603 virtutes
1390 1556 1536 1602 sunt.
1572 1548 1743 1621 Super

163 1643 319 1696 omnia
363 1641 691 1697 tabernacula
749 1643 934 1696 Jacob.
990 1641 1180 1698 Videte
1225 1642 1499 1713 quomodo
1537 1641 1737 1709 Jacob,

164 1736 381 1802 hoc'est,
437 1747 594 1792 vetus
624 1737 892 1806 populus,
938 1750 1044 1791 non
1087 1737 1256 1793 habet
1297 1737 1737 1803 fundamentum,

162 1845 249 1886 nec
277 1830 494 1886 domum
545 1829 912 1886 fundamentis
959 1831 1222 1901 positam,
1253 1829 1350 1886 sed
1385 1832 1737 1886 tabernacula

161 1940 266 1996 qua:
292 1924 400 1979 cito
430 1932 840 1994 pertranseunt.

221 2015 454 2071 Gloriosa
478 2016 618 2070 dicta
639 2026 760 2071 sunt
780 2021 844 2070 de
875 2026 942 2082 te,
965 2017 1147 2071 civitas
1171 2015 1288 2072 Dei.
1317 2016 1458 2088 Ergo
1472 2016 1576 2073 hoc
1592 2017 1736 2088 quod

158 2106 340 2163 dictum
359 2117 478 2175 est,
504 2109 841 2178 fundamenta
867 2113 978 2181 ejus
1007 2113 1060 2162 in
1086 2109 1345 2164 montibus
1365 2111 1584 2177 sanctis,
1612 2125 1738 2180 pos-

159 2217 324 2258 sumus
350 2213 401 2258 et
434 2202 504 2258 de
526 2203 638 2257 Deo
659 2201 861 2259 dicere.
915 2203 1211 2259 Possumus
1236 2213 1418 2260 autem
1441 2214 1495 2259 et
1523 2206 1624 2260 hoc
1658 2206 1738 2260 di-

158 2310 294 2351 cere:
317 2294 564 2350 Gloriosa
583 2295 722 2349 dicta
744 2305 862 2350 sunt
875 2297 936 2349 de
957 2306 1023 2364 te,
1041 2297 1220 2352 civitas
1237 2295 1355 2350 Dei.
1387 2295 1518 2364 Quin
1531 2306 1613 2352 est
1638 2296 1735 2353 ista

159 2388 326 2442 civitas
347 2387 442 2443 ubi
469 2386 611 2443 dicta
639 2397 765 2441 sunt
789 2387 1061 2458 gloriosa?
1089 2389 1141 2442 In
1166 2387 1422 2442 omnibus
1455 2388 1737 2458 prophetis

157 2477 338 2534 dictum
355 2489 440 2534 est
462 2479 532 2534 de
561 2479 660 2534 hac
681 2480 922 2535 civitate.
951 2479 1119 2535 Isaias
1149 2479 1278 2534 dicit
1305 2499 1316 2535 :
1354 2481 1616 2549 Exsurge,
1639 2497 1736 2536 ex-

158 2586 320 2641 surge,
347 2571 676 2635 Jerusalem,
710 2571 935 2627 induere
979 2572 1352 2626 fortitudinem
1404 2571 1608 2628 brachii
1658 2574 1731 2628 tui

157 2662 292 2734 (lsai.
317 2665 434 2732 ιιι).
467 2663 666 2718 lterqu
689 2663 804 2733 ipse
832 2661 1000 2718 Isaias
1030 2681 1044 2717 :
1074 2665 1186 2734 Ego
1205 2663 1400 2718 civitas
1428 2663 1579 2718 ﬁrma
1603 2707 1616 2730 ,
1658 2666 1735 2720 ci-

156 2757 275 2810 vitas
295 2772 408 2828 qua:
439 2771 546 2811 non
582 2765 947 2828 oppugnatur.
980 2756 1118 2811 Dicit
1145 2767 1199 2812 et
1223 2757 1388 2811 David
1421 2775 1434 2812 :
1469 2756 1734 2812 Fluminis

157 2849 368 2922 impetus
389 2852 631 2907 lmtiﬁcat
657 2853 932 2907 civitatem
961 2852 1051 2907 Dei
1077 2850 1246 2914 (Psal.
1271 2851 1417 2921 xcv).
1454 2852 1521 2906 Et
1547 2851 1598 2906 in
1625 2852 1733 2907 alio

156 2943 294 3000 loco:
329 2945 590 3012 Domine,
639 2945 691 2999 in
722 2946 942 3002 civitate
979 2955 1066 3000 tua
1116 2945 1379 3016 imagines
1408 2961 1595 3001 eorum
1625 2946 1732 3001 dis-

155 3037 336 3105 sipabis
363 3037 545 3104 (Psal.
567 3036 762 3110 Lxxtt).
785 3039 848 3093 Et
871 3039 1122 3094 Salvator
1141 3039 1387 3109 gloriosa
1412 3038 1626 3093 loculus
1647 3047 1730 3093 est

154 3131 212 3188 de
239 3135 331 3190 bac
368 3135 612 3190 civitate.
679 3135 793 3190 Non
827 3144 1005 3206 potest
1033 3133 1294 3190 abscondi
1341 3135 1534 3190 civitas
1563 3150 1730 3206 super

153 3239 368 3285 montem
414 3231 593 3301 posita
625 3229 803 3303 (Matt.
836 3230 914 3302 v).

214 3322 404 3378 Memor
434 3340 526 3377 cro
560 3323 728 3389 Raab,
753 3332 801 3378 et
830 3322 1132 3393 Babylonis,
1162 3324 1431 3376 scientiam
1458 3339 1556 3378 me.
1585 3322 1730 3390 Quo-

154 3415 276 3470 niam
327 3418 469 3472 dixit
519 3437 531 3470 ε
582 3418 812 3488 gloriosa
848 3419 988 3470 dicta
1033 3428 1150 3472 sant
1181 3418 1244 3472 tle
1276 3427 1356 3482 te,
1389 3419 1567 3472 civitas
1598 3419 1725 3486 Dei,

150 3518 197 3563 et
220 3519 392 3565 tamen
425 3514 604 3580 ipsam
636 3511 918 3565 civitatem
950 3509 1254 3566 Ecclesiam
1284 3511 1638 3582 intelligimus
1660 3513 1728 3568 de

149 3603 377 3672 gentibus
401 3612 826 3674 congregatam,
855 3612 1146 3674 propterea
1180 3619 1324 3660 nunc
1347 3605 1416 3660 de
1445 3607 1729 3662 vocatione

148 3695 366 3764 gentium
411 3695 613 3751 dicitur
675 3714 686 3747 :
743 3694 943 3750 Memor
981 3713 1067 3750 ero
1113 3695 1294 3765 Raab,
1347 3708 1393 3752 et
1441 3697 1726 3768 Babylonis

148 3789 394 3844 scientiam
422 3806 523 3844 me.
555 3789 899 3859 Quicumque
927 3801 1181 3859 peccator
1213 3801 1332 3856 est,
1364 3806 1594 3848 securus
1630 3794 1722 3847 sit.

149 3878 384 3937 Dominus
417 3897 633 3938 memor
657 3883 755 3936 luit
781 3883 953 3937 Raab.
989 3884 1256 3949 Securum
1285 3884 1427 3948 dixi,
1462 3886 1506 3938 si
1539 3900 1727 3940 rever-

148 3981 274 4028 tatur
313 3975 378 4028 ad
414 3975 730 4029 Dominum.
772 3975 1040 4028 Caeterum
1090 3975 1358 4030 securitas
1399 3977 1517 4030 sine
1550 3976 1726 4046 lacry-

145 4067 265 4132 mis,
296 4083 404 4123 non
439 4067 604 4123 habet
638 4067 958 4122 remedium.
1010 4066 1212 4122 Mentor
1235 4085 1322 4122 ero
1355 4068 1521 4122 Raab.
1572 4068 1725 4123 Raab

145 4157 274 4214 illius
323 4160 634 4217 meretricis
677 4176 802 4231 quae
831 4160 1070 4230 suscepit
1117 4161 1493 4231 exploratores
1536 4162 1664 4216 Jesu
1707 4179 1722 4216 :

143 4269 251 4325 qua:
291 4264 406 4311 erat
455 4257 509 4311 in
555 4254 772 4311 Jericho
797 4300 810 4322 ,
859 4271 968 4327 quo
1000 4265 1223 4311 venerat
1262 4255 1456 4322 Jesus,
1493 4265 1548 4310 et
1579 4255 1725 4310 misit

143 4347 264 4404 duos
293 4350 672 4420 exploratores
712 4351 932 4407 .lericho
979 4349 1166 4423 (Josae
1197 4354 1278 4421 ιι).
1313 4351 1543 4406 Mundus
1588 4351 1720 4419 istc,

142 4445 220 4512 qui
252 4443 300 4497 in
332 4452 546 4514 septem
596 4443 789 4499 diebus
832 4445 1204 4512 subvertitur,
1251 4444 1364 4499 vult
1413 4444 1724 4500 interﬁcere

143 4535 524 4604 exploratores.
559 4536 630 4592 Et
667 4551 789 4592 cum
822 4535 918 4592 ille
948 4538 1134 4606 cupiat
1173 4537 1483 4592 interﬁcere
1525 4537 1723 4608 explo-

1856 513 2353 581 circumcisionem,
2409 517 2571 571 alium
2600 517 2651 571 in
2677 517 2948 587 gentibus,
2983 517 3204 574 Petrum
3231 527 3287 574 et
3314 518 3454 575 Pau-

1855 605 1989 662 lum.
2017 607 2236 664 Jericho
2267 610 2464 680 qurerit
2493 625 2587 666 eos
2614 610 2872 667 occidere
2902 629 2916 666 :
2949 612 3038 667 illa
3080 627 3174 668 eos
3208 615 3456 684 suscepit

1854 701 2116 756 meretrix
2141 745 2155 768 ,
2200 703 2448 758 Ecclesia
2479 703 2547 758 de
2575 705 2827 774 gentibus
2871 718 3222 778 congregata.
3267 709 3458 764 Credit

1853 793 1906 846 in
1937 793 2122 849 Jesum
2146 835 2160 860 ,
2207 807 2261 851 et
2291 811 2428 867 quos
2461 797 2686 851 volebat
2713 797 2932 853 Jericho
2961 799 3298 866 iuterlicere,
3333 802 3450 872 ipsa

1850 887 2026 941 salvat
2055 887 2110 942 in
2143 889 2358 944 domate
2388 904 2508 944 suo.
2545 890 2608 944 Et
2644 891 2795 960 ponit
2832 907 2928 947 eos
2967 892 3020 946 in
3053 893 3268 950 domate
3306 909 3405 949 suo
3431 937 3447 964 ,

1851 980 1904 1033 in
1947 980 2161 1035 excelsa
2193 982 2297 1036 ﬁde
2335 996 2462 1049 sua,
2492 991 2546 1038 et
2574 983 2862 1039 abscondit
2890 1000 2984 1041 eos
3013 986 3062 1039 in
3094 986 3187 1041 lini
3213 987 3448 1043 calamo.

1849 1071 1998 1128 Licet
2027 1074 2280 1128 meretrix
2311 1074 2414 1140 sit,
2446 1084 2627 1130 tamen
2665 1078 2818 1146 ponit
2850 1092 2944 1132 eos
2996 1078 3046 1131 in
3084 1079 3214 1132 lino.
3252 1078 3446 1135 Linum

1848 1167 2019 1221 multo
2051 1167 2272 1237 labore,
2306 1179 2360 1223 et
2385 1168 2664 1239 diligentia
2708 1172 2762 1224 in
2794 1170 3089 1226 Candorem
3125 1171 3294 1228 venit.
3329 1173 3451 1230 Sci-

1847 1261 1918 1315 tis
1955 1260 2091 1330 ipsi,
2134 1261 2392 1329 quoniam
2441 1261 2607 1315 linuru
2641 1261 2710 1318 de
2753 1272 2894 1318 terra
2929 1264 3204 1330 nascitur,
3239 1274 3291 1319 et
3322 1279 3446 1320 cum

1847 1355 1899 1408 in
1933 1362 2074 1408 terra.
2107 1363 2291 1407 natum
2327 1353 2521 1419 fuerit,
2560 1356 2889 1424 nigrum'est
2919 1375 2931 1410 :
2963 1357 3167 1412 trullam
3203 1359 3444 1428 speciem

1846 1447 2044 1513 habet,
2082 1446 2293 1500 nullum
2327 1463 2504 1501 usum.
2543 1447 2780 1503 Primum
2810 1464 2941 1521 ergo
2985 1449 3197 1504 tollitur
3235 1451 3303 1505 de
3336 1460 3450 1506 ter-

1845 1556 1939 1606 ra,
1991 1541 2285 1612 frangitur,
2318 1540 2520 1596 deinde
2573 1550 2898 1611 torquetur,
2957 1553 3144 1613 postea
3197 1543 3446 1610 lavatur,

1844 1633 2044 1691 deinde
2075 1635 2352 1704 tunditur,
2389 1634 2589 1690 deinde
2620 1636 2876 1705 plectitur
2898 1677 2911 1701 ,
2941 1644 2995 1691 et
3024 1637 3193 1692 multa
3235 1652 3362 1692 cura
3391 1646 3448 1694 ct

1845 1724 2028 1781 labore
2056 1726 2151 1780 vix
2183 1727 2332 1781 venit
2368 1725 2435 1781 ad
2479 1727 2794 1782 candorem.
2861 1727 3009 1798 Ergo
3059 1728 3160 1783 hoc
3209 1728 3443 1801 dicitur,

1769 1809 1816 1870 B
1843 1818 1986 1888 quod
2019 1819 2115 1872 ista
2149 1818 2364 1889 quidem
2410 1821 2673 1874 meretrix
2703 1821 2946 1889 suscepit
2976 1820 3348 1888 exploratores
3382 1822 3439 1877 in

1843 1912 1956 1966 lino
1987 1927 2106 1978 suo,
2140 1919 2200 1965 ut
2228 1912 2305 1966 illi
2335 1913 2720 1980 exploratores
2751 1911 2920 1967 linum
2953 1913 3126 1982 ipsius
3163 1923 3443 1970 verterent

1841 2003 1893 2059 in
1927 2002 2241 2058 candorem.
2284 2002 2422 2071 Quid
2467 2004 2674 2074 igitur?
2721 2005 2821 2059 Dat
2854 2006 2962 2060 illis
3007 2007 3302 2062 consilium
3329 2049 3343 2073 ,
3389 2017 3444 2062 et

1841 2097 1920 2154 sic
1963 2099 2144 2154 dicit:
2180 2099 2508 2169 Exspectate
2553 2099 2636 2154 bis
2683 2099 2854 2155 tribus
2899 2099 3116 2156 diebus.
3156 2101 3276 2156 Non
3327 2111 3444 2157 erat

1841 2208 1948 2247 una
1993 2192 2145 2259 dies,
2198 2209 2307 2248 non
2353 2193 2493 2260 duo,
2553 2193 2659 2249 nisi
2713 2203 2822 2250 tres
2868 2194 3009 2250 dies.
3068 2195 3256 2251 Videte
3310 2195 3441 2266 quid

1839 2285 2006 2341 dicat.
2039 2286 2368 2356 Exspectate
2419 2286 2592 2343 tribus
2626 2286 2840 2343 diebus.
2873 2287 2990 2343 Non
3036 2289 3283 2344 nominat
3325 2297 3441 2346 tres

1841 2394 2068 2447 noctes,
2119 2382 2216 2437 sed
2249 2391 2363 2438 tres
2392 2382 2512 2438 dies
2564 2400 2577 2436 :
2626 2383 2752 2454 quia
2804 2383 3165 2438 illuminatum
3208 2383 3444 2440 habebat

1840 2493 1952 2531 cor.
1988 2477 2058 2532 Et
2085 2477 2281 2532 deinde
2329 2477 2463 2533 dicit
2506 2486 2628 2548 post
2680 2486 2789 2534 tres
2827 2478 2965 2534 dies.
3010 2478 3079 2533 Et
3106 2479 3237 2549 quid
3265 2479 3436 2535 dicit:

1836 2571 2045 2635 Nolite,
2073 2573 2276 2643 inquit,
2304 2573 2384 2629 ire
2429 2588 2524 2644 per
2562 2574 2928 2641 campestria,
2964 2573 3059 2629 scd
3092 2572 3148 2629 in
3175 2583 3436 2632 montana

1837 2665 2204 2721 conscenditc.
2237 2666 2494 2721 Ecclesiae
2516 2667 2664 2721 enim
2693 2666 2827 2722 ﬁdes
2857 2682 2961 2721 non
2985 2677 3073 2722 est
3096 2666 3150 2722 in
3174 2668 3432 2738 vallibus,

1836 2759 1932 2814 sed
1958 2760 2010 2814 in
2037 2761 2314 2816 montibus
2343 2761 2658 2816 constituta.
2687 2759 2906 2822 Jericho
2932 2776 3064 2831 ergo
3088 2771 3276 2830 postea
3305 2764 3437 2819 sub-

1838 2854 2068 2909 vertitur
2111 2855 2180 2909 ab
2208 2855 2374 2922 Jesu,
2421 2864 2476 2912 et
2521 2855 2622 2910 ista
2656 2856 2768 2910 sola
2811 2857 3080 2912 meretrix
3120 2869 3438 2914 reservatur

1835 2945 2148 3002 incolumis.
2177 2947 2318 3018 Ergo
2347 2947 2448 3003 hoc
2477 2947 2676 3002 dicitur
2710 2965 2722 3001 :
2758 2946 2961 3002 Memor
3002 2964 3090 3002 ero
3121 2947 3300 3014 Raab,
3331 2949 3436 3006 hoc

1834 3047 1949 3104 est,
1981 3055 2102 3110 quze
2141 3040 2380 3111 suscepit
2407 3041 2782 3111 exploratores
2815 3055 2998 3106 meos,
3034 3050 3087 3094 et
3112 3057 3215 3112 ego
3247 3042 3301 3095 in
3344 3041 3436 3098 die

1831 3132 2021 3200 judicii
2055 3148 2267 3189 memor
2287 3149 2382 3190 ero
2413 3135 2552 3203 ejus.
2580 3132 2784 3189 Memor
2813 3150 2900 3188 ero
2933 3133 3100 3190 Raab.
3129 3134 3278 3190 Raab
3304 3134 3433 3205 quid

1754 3203 1799 3268 Ο
1835 3226 2280 3295 interpretatur?
2307 3226 2548 3282 diximus
2574 3227 2877 3282 secundum
2921 3226 3209 3281 historiam
3245 3245 3257 3281 :
3289 3203 3438 3282 dica-

1834 3335 1956 3374 mus
1986 3330 2041 3374 et
2071 3320 2373 3376 secundum
2417 3319 2656 3375 nominis
2705 3319 3240 3388 interpretationem.
3273 3318 3434 3374 Juxta

1833 3429 2116 3485 anagogen
2146 3414 2297 3469 Raab
2326 3413 2620 3484 dupliciter
2653 3413 3070 3482 interpretatur.
3108 3412 3214 3467 Ant
3254 3411 3430 3468 inter-

1833 3516 2077 3574 pretatnr
2109 3507 2336 3561 latitudo
2365 3524 2384 3562 :
2411 3516 2504 3561 aut
2541 3515 2690 3562 certe
2731 3505 3128 3574 interpretatur
3163 3505 3433 3572 superbia.

1831 3599 1976 3669 Ergo
2003 3600 2184 3656 videte
2213 3599 2340 3671 quid
2371 3600 2542 3655 dicat.
2593 3600 2689 3654 Illa
2729 3614 2850 3670 qua:
2881 3597 3154 3669 quondam
3187 3598 3434 3652 ambula-

1830 3693 1922 3747 bat
1963 3695 2014 3748 in
2060 3693 2171 3748 lata
2217 3703 2271 3748 et
2311 3694 2546 3763 spatiosa
2593 3693 2677 3746 via
2720 3708 2840 3761 qua:
2890 3692 3038 3746 ducit
3081 3689 3147 3744 ad
3193 3699 3429 3745 mortem

1830 3787 2032 3860 (Matii.
2061 3787 2168 3858 vn)
2204 3806 2216 3840 :
2251 3787 2340 3841 illa
2374 3803 2495 3858 quae
2532 3785 2772 3854 superba
2804 3795 2922 3840 erat
2945 3825 2962 3851 ,
2992 3794 3045 3839 et
3073 3781 3431 3837 habebatim-

1830 3888 2013 3950 petum
2054 3879 2120 3934 ad
2155 3881 2363 3934 ruinam
2386 3922 2400 3944 ,
2437 3888 2621 3948 postea
2656 3893 2921 3933 conversa
2953 3886 3036 3933 est
3067 3877 3119 3930 in
3148 3874 3428 3930 humilita-

1829 3981 1959 4028 tem.
1995 3971 2192 4026 Memor
2219 3988 2308 4025 ero
2340 3971 2485 4025 Raab
2506 4013 2518 4035 ,
2550 3979 2596 4024 et
2644 3969 2944 4039 Babylonis.
2976 3966 3217 4038 Babylon
3257 3967 3428 4020 inter-

1828 4074 2076 4136 pretatur
2096 4062 2552 4136 confasio.Videte
2577 4061 2708 4132 quid
2729 4060 2871 4116 dicat
2901 4079 2914 4114 :
2941 4059 3056 4115 Non
3081 4059 3254 4114 solum
3282 4056 3430 4112 Raab

1830 4174 2041 4213 memor
2087 4174 2214 4226 ero,
2275 4158 2369 4212 sed
2420 4158 2582 4214 etiam
2635 4153 2932 4225 Babylonis
2989 4170 2999 4204 :
3075 4165 3430 4221 qurccumque

1829 4249 2007 4304 anima
2037 4267 2064 4303 a
2098 4250 2244 4305 vitiis
2277 4251 2622 4319 pcccatisque
2654 4245 2878 4302 confusa
2917 4252 3020 4300 est.
3048 4241 3115 4296 Et
3146 4241 3427 4313 Babylonis

1827 4345 2102 4398 scientiam
2132 4360 2230 4397 me.
2261 4342 2454 4398 Videte
2482 4341 2610 4412 quid
2644 4341 2791 4394 dicat
2825 4357 2834 4390 :
2874 4337 3026 4392 Licet
3054 4334 3249 4405 aliquis
3281 4333 3428 4390 Raab

1829 4436 1992 4493 fuerit.
2015 4479 2030 4502 ,
2065 4436 2187 4492 licet
2223 4437 2459 4509 Babylon
2491 4434 2652 4490 fuerit
2685 4452 2696 4487 :
2733 4443 2912 4488 tamen
2942 4444 3160 4485 memor
3186 4444 3282 4484 ero
3309 4429 3421 4498 qui«

1827 4546 2059 4600 cumque
2109 4545 2194 4586 me
2247 4531 2450 4584 scierit.
2510 4529 2650 4597 Ergo
2705 4526 2752 4581 si
2811 4523 3078 4580 fuerimus
3127 4521 3315 4587 Raab,
3374 4530 3428 4576 et

144 4636 366 4694 ratores,
414 4629 535 4684 sola
565 4629 827 4684 meretrix
854 4605 1310 4700 Raabsrrscepit.
1361 4631 1431 4686 Et
1477 4605 2102 4700 suscepitDBabylon,
2153 4623 2316 4680 etiam
2361 4621 2624 4676 debemus
2664 4633 2787 4674 esse
2833 4616 3047 4683 securi.
3093 4625 3149 4671 et
3194 4614 3424 4670 dicere:

141 4735 222 4775 eos
245 4738 348 4778 non
379 4723 433 4778 in
462 4722 707 4778 inferiori
737 4722 876 4787 loco,
905 4721 1003 4777 sed
1041 4723 1094 4777 in
1123 4724 1428 4779 caenaculo.
1463 4725 1719 4780 Dicamus

140 4827 255 4883 ergo
283 4816 523 4884 primum
559 4814 865 4869 secundum
897 4813 1044 4886 quod
1073 4815 1232 4886 vulgo
1263 4815 1464 4870 dicitur
1496 4835 1510 4872 :
1546 4832 1722 4881 neque

138 4905 267 4960 enim
293 4906 565 4962 debemus
603 4914 659 4960 et
685 4905 831 4961 illam
865 4906 1370 4976 interpretationem
1415 4907 1718 4964 dimittere.

138 4994 194 5050 Et
223 4999 466 5068 suscepit
495 5013 590 5054 eos
623 5015 729 5053 non
761 5000 814 5054 in
847 4998 1091 5054 inferiori
1121 4999 1272 5066 loco,
1312 5000 1409 5055 sed
1442 5001 1492 5054 iu
1537 5015 1721 5057 caena—

138 5092 267 5146 culo.
300 5093 356 5147 In
389 5092 633 5156 domate,
670 5093 772 5148 hoc
801 5101 923 5160 est,
961 5093 1015 5148 in
1047 5091 1382 5147 sublimitate
1423 5092 1543 5147 ﬁdei
1573 5109 1719 5160 sum,

139 5191 188 5237 et
210 5184 502 5240 abscondit
529 5200 626 5240 eos
657 5185 710 5240 in
745 5185 889 5251 lino,
923 5184 1024 5239 hoc
1057 5193 1169 5248 est,
1199 5187 1253 5239 in
1276 5195 1434 5256 stupa
1457 5186 1572 5241 lini.
1609 5187 1723 5242 lloc

139 5276 347 5334 interim
405 5279 644 5334 diximus
697 5279 998 5335 secundum
1058 5279 1375 5345 historiam,
1423 5288 1480 5335 et
1523 5281 1722 5337 videtis

137 5369 404 5439 quomodo
427 5371 495 5426 de
514 5372 626 5443 ipsa
653 5370 880 5426 historia
903 5363 1160 5442 paulatim
1185 5371 1252 5426 ad
1280 5372 1506 5442 mystica
1534 5387 1721 5428 ascen-

137 5461 302 5528 dimus
330 5473 694 5520 sacramenta.
730 5463 891 5520 Jesus
918 5463 1060 5532 dux,
1093 5466 1183 5536 qui
1213 5466 1472 5536 populum
1515 5465 1720 5522 eduxe-

139 5564 214 5610 rat
254 5557 321 5612 de
362 5555 602 5629 Ευριο
634 5575 647 5611 :
680 5556 836 5612 Jesus
863 5556 1009 5623 dux,
1053 5559 1143 5629 qui
1174 5558 1569 5630 interpretatur
1597 5558 1720 5614 Sal-

138 5659 296 5714 vator,
332 5651 488 5706 Mose
522 5659 763 5718 mortuo,
805 5660 859 5706 et
896 5651 1109 5722 sepulto
1150 5651 1204 5707 in
1248 5662 1392 5709 terra
1430 5651 1613 5719 Moab,
1665 5652 1718 5708 in

135 5749 270 5798 terra
300 5742 550 5812 Arabiae,
586 5745 690 5800 hoc
719 5754 838 5814 est,
878 5745 1022 5818 Lege
1067 5755 1309 5816 mortua,
1364 5748 1416 5803 in
1470 5747 1718 5818 Evange—

133 5835 254 5893 lium
291 5841 450 5909 cupit
494 5839 754 5897 inducere
796 5840 1054 5911 populum
1106 5855 1289 5896 suum.
1323 5841 1534 5896 Emittit
1574 5840 1714 5898 duos

1822 4717 1962 4772 Deus
1992 4716 2133 4771 dixit
2184 4735 2194 4768 :
2246 4731 2438 4769 memor
2483 4729 2566 4766 ero
2618 4710 2798 4775 Raab,
2853 4718 2900 4763 et
2950 4707 3256 4778 Babylonis.
3312 4704 3421 4761 Sed

1821 4813 2002 4868 videte
2043 4811 2172 4882 quid
2212 4810 2455 4880 sequitur
2488 4827 2499 4861 :
2534 4806 2823 4863 Scientiam
2853 4820 2949 4859 me.
3002 4802 3239 4857 Fuerunt
3264 4798 3418 4854 Raab

1823 4915 1872 4960 et
1905 4903 2146 4975 Babylon
2167 4943 2179 4966 ,
2211 4902 2308 4956 sed
2340 4909 2528 4970 postea
2559 4898 2810 4954 conversi
2834 4905 2959 4950 sunt
2985 4894 3052 4948 ad
3081 4908 3188 4948 me.
3217 4891 3418 4945 Memor

1824 5014 1912 5052 cro
1941 4996 2086 5052 Raab
2128 5003 2176 5048 et
2221 4992 2506 5064 Babylonis
2543 4991 2819 5045 scientiam
2845 5004 2944 5042 me.
2977 4985 3069 5040 Illa
3099 4997 3222 5054 qua:
3248 4996 3426 5053 quou-

1825 5091 1947 5145 dam
1981 5097 2104 5144 erat
2135 5088 2188 5142 in
2221 5085 2503 5140 latitudine
2529 5092 2879 5154 peccatorum
2905 5119 2921 5141 .
2954 5077 3200 5132 ascendit
3232 5084 3420 5145 postea

1825 5182 1890 5236 ad
1923 5180 2238 5236 memoriam
2269 5177 2404 5233 Dei.
2439 5176 2732 5246 llucusquc
2761 5173 2917 5244 quasi
2956 5185 3055 5241 per
3085 5167 3312 5237 mnigma
3345 5166 3425 5221 lo-

1824 5287 1981 5332 cutus
2023 5283 2108 5331 est
2141 5293 2152 5326 :
2188 5288 2332 5328 nunc
2368 5285 2503 5326 vero
2533 5269 2776 5339 apertius
2805 5265 3050 5335 loquitur
3079 5261 3148 5316 ad
3180 5260 3424 5316 vocatio-

1825 5385 1948 5426 nem
1978 5369 2249 5440 gentium.
2291 5364 2487 5420 Videte
2517 5363 2662 5418 enim
2695 5359 2824 5432 quid
2857 5358 3004 5414 dicat
3045 5373 3060 5412 :

1903 5461 2035 5517 Ecce
2065 5459 2367 5530 alienigena:
2393 5465 2441 5511 et
2473 5455 2662 5526 Tyrus,
2689 5463 2736 5506 et
2756 5453 2976 5526 papulas
3009 5449 3346 5518 ΛῗεΙιὶοριιηι,
3373 5446 3427 5501 hi

1825 5561 2039 5630 fuerant
2087 5553 2218 5608 illic.
2269 5551 2622 5622 Alienigenas
2681 5555 2838 5602 vocat
2891 5545 2958 5600 ad
3008 5543 3420 5598 distinctionem

1826 5651 2014 5708 Israel.
2047 5649 2155 5705 Nos
2181 5650 2324 5704 enim
2349 5659 2541 5702 sumus
2567 5643 2909 5713 alienigenae,
2944 5650 2998 5697 et
3018 5641 3216 5711 Tyrus.
3245 5637 3423 5709 Tyrus

1824 5746 2216 5816 interpretatur
2238 5740 2527 5806 tribulatio,
2556 5738 2660 5794 hoc
2682 5745 2786 5805 est,
2818 5753 2905 5790 sor
2931 5753 2949 5790 :
2979 5744 3034 5790 et
3059 5731 3296 5805 populus
3317 5729 3420 5786 ΑΞ·

1819 5840 2065 5910 thi0pum
2094 5838 2268 5910 niger,
2293 5845 2348 5892 et
2378 5836 2431 5890 in
2458 5841 2806 5905 peccatorum
2831 5827 3090 5885 sordibus
3118 5825 3417 5885 involutus.
