3954 6340
406 285 546 340 i085

1206 285 1558 343 APPENDIX
1593 287 1684 343 AD
1723 285 1967 344 'I‘OMUM
2005 284 2354 344 SEPTWUM
2399 286 2455 343 ὃ.
2503 284 2900 344 HIERONYMI.

3564 286 3706 344 1084

407 405 472 458 Et
506 404 730 474 populus
763 405 1094 480 /Etltiopum.
1152 407 1265 462 Hoc
1310 416 1414 474 est,
1457 408 1602 477 quod
1630 405 1838 461 dicitur
1867 423 1878 460 :
1907 403 2006 460 AE-
2037 409 2077 466 Α
2109 405 2276 475 xui)?
2306 406 2372 460 Et
2422 405 2566 475 quod
2597 405 2800 462 Paulus
2831 408 3090 478 loquitur,
3143 407 3382 477 loquitur
3428 405 3706 462 Christus.

409 498 615 568 thiopia
668 501 967 570 przeveniet
1011 516 1205 555 manus
1257 499 1374 570 ejus
1418 501 1526 555 Deo
1569 499 1752 570 (Psal.
1803 499 2002 571 um).

409 588 545 644 Ecce
588 593 916 666 alienigenae,
962 605 1008 646 et
1059 593 1251 664 Tyrus,
1305 603 1350 646 et
1402 593 1624 662 populus
1672 591 2004 663 zE-thiopum.

406 682 559 747 Quoi
589 683 810 752 dicitur,
843 683 946 740 hoc
977 694 1099 740 est:
1128 685 1209 740 llli
1244 687 1334 754 qui
1366 695 1496 742 ante
1517 685 1684 740 alieni
1717 694 1897 754 erant,
1929 685 2008 740 illi

403 788 561 830 erant
595 777 646 830 in
683 776 1029 832 tribulatione
1058 795 1072 834 :
1103 781 1194 849 qui
1228 789 1386 833 erant
1412 778 1568 849 positi
1603 779 1654 833 in
1689 780 1858 836 corde
1885 795 2000 834 ma-

410 866 504 921 ris.
562 867 770 922 Dicitur
799 870 945 924 enim
976 869 1045 925 de
1076 870 1222 942 Tyro
1253 887 1268 925 :
1309 871 1488 941 Tyrus
1528 872 1706 941 posita
1751 871 1805 926 in
1841 871 2012 930 corde

406 961 593 1015 maris.
631 962 714 1016 Illi
747 963 913 1032 igitur
931 965 1021 1036 qui
1050 965 1204 1032 prius
1236 974 1391 1018 erant
1419 965 1472 1020 in
1497 966 1654 1026 mari,
1678 974 1733 1020 et
1759 965 2014 1020 fluctibus

412 1056 804 1122 tundehantnr,
843 1068 1034 1126 postea
1069 1059 1272 1114 inventi
1297 1069 1425 1113 sunt
1454 1060 1506 1113 in
1531 1059 1799 1115 Ecclesia.
1833 1059 1896 1112 Et
1923 1078 2016 1130 po-

413 1151 572 1220 pulus
606 1149 940 1219 JElIiiopttm.
993 1154 1104 1207 Nos
1134 1154 1409 1224 quondam
1452 1154 1745 1225 Ethiopes
1787 1154 2011 1223 fuimus,

415 1243 704 1313 JEihiopes
727 1245 874 1298 vitiis
904 1254 1065 1315 atque
1094 1249 1332 1316 peccatis
1355 1265 1370 1303 :
1394 1249 1652 1317 quoniam
1677 1257 1895 1318 peccata
1919 1263 2017 1304 nos

417 1339 604 1404 nigros
646 1337 911 1403 fecerant,
947 1340 1046 1394 sed
1089 1349 1278 1410 postea
1325 1340 1673 1396 audivimus:
1709 1342 2015 1406 Lavamini,

422 1431 605 1485 mundi
657 1441 836 1486 estote
891 1431 1058 1502 (Isai.
1111 1435 1184 1503 ι).
1219 1435 1286 1488 Et
1317 1435 1594 1490 diximus:
1633 1436 1864 1491 Lavabis
1905 1451 2015 1503 me,

419 1533 472 1578 et
504 1539 672 1593 super
704 1526 883 1580 nivem
932 1527 1231 1580 dealliahor
1264 1531 1280 1596 (
1308 1527 1454 1582 Psal.
1489 1528 1573 1599 ι).
1609 1529 1716 1584 Nos
1747 1545 1877 1600 ergo
1921 1529 2020 1586 ιΕ-

421 1617 635 1685 thiopes
679 1619 818 1672 versi
852 1633 1039 1673 sumus
1068 1620 1118 1673 iu
1156 1619 1476 1675 candorem.
1514 1619 1648 1676 Ecce
1691 1622 2019 1694 alienigenis,

420 1718 465 1762 et
498 1707 692 1780 Tyrus,
721 1719 770 1764 et
797 1711 1022 1781 populus
1055 1711 1392 1781 .I'Etltiopum,
1424 1714 1476 1767 hi
1517 1719 1725 1784 fuerunt
1752 1714 1882 1769 illic.
1922 1715 2020 1771 Ubi

2106 497 2211 566 Qui
2243 498 2389 554 enim
2421 513 2518 554 vos
2545 498 2761 570 recipit,
2795 515 2880 554 me
2903 499 3096 569 recipit
3117 500 3136 568 (
3160 499 3348 553 Matth.
3384 515 3415 553 ι
3436 498 3476 569 ).
3517 498 3708 553 Domi-

2111 606 2214 647 nus
2243 607 2374 662 ergo
2405 601 2591 647 noster
2615 605 2781 663 atque
2815 593 3088 658 Salvator,
3141 601 3331 646 narrat
3361 591 3522 646 nobis
3547 600 3602 645 et
3629 591 3712 645 lo-

2110 685 2318 754 quitur,
2366 684 2420 740 iu
2465 685 2758 754 scripturis
2801 685 3109 755 principum
3155 699 3402 738 suorum.
3449 683 3715 736 Dominus

2113 779 2345 836 narrabit
2374 781 2426 833 in
2454 779 2746 849 διῆρται-ξε
2786 779 3102 850 populorum
3133 777 3229 834 :iu
3253 775 3561 844 Scripturis
3587 790 3719 830 san-

2113 873 2242 927 ctis.
2275 870 2411 940 Qua:
2451 870 2730 939 Scriptura
2778 870 2989 940 populis
3031 870 3287 924 omnibus
3334 867 3560 938 legitur,
3612 865 3720 920 hac

2113 973 2216 1024 est,
2247 972 2306 1016 ut
2333 978 2524 1017 omnes
2553 963 2887 1033 intelligant.
2931 961 3087 1029 Quod
3117 961 3272 1026 dicit,
3306 960 3407 1014 hoc
3431 967 3521 1014 est
3554 977 3568 1012 :
3600 957 3725 1014 Sic-

2116 1065 2178 1111 ut
2221 1057 2568 1126 scripserunt
2598 1056 2852 1125 apostoli,
2900 1055 2979 1110 sic
3032 1065 3088 1110 et
3119 1055 3236 1122 ipse
3280 1054 3579 1118 Dominus,
3616 1054 3723 1108 hoc

2115 1159 2222 1216 est,
2259 1165 2352 1216 per
2376 1147 2666 1217 Evangelia
2689 1162 2786 1203 sua
2811 1150 3023 1203 locutus
3050 1156 3155 1214 est,
3197 1163 3305 1202 non
3337 1156 3399 1201 ut
3444 1147 3605 1216 pauci
3637 1147 3726 1200 in-

2119 1242 2449 1314 telligerent,
2477 1242 2572 1298 sed
2598 1251 2656 1297 tit
2675 1257 2889 1297 omnes.
2918 1241 3071 1296 Plato
3093 1242 3316 1309 scripsit
3341 1242 3393 1294 in
3419 1241 3726 1306 scriptura.

2117 1337 2213 1392 sed
2256 1353 2364 1391 non
2407 1337 2624 1405 scripsit
2657 1337 2892 1406 populis,
2927 1335 3022 1392 sed
3058 1335 3272 1407 paucis.
3317 1333 3417 1388 Vix
3449 1334 3600 1389 enim
3638 1333 3729 1386 in-

2119 1427 2377 1497 telligunt
2405 1437 2520 1483 tres
2553 1428 2824 1483 homines.
2854 1426 2947 1482 Isti
2978 1443 3134 1494 vero,
3171 1427 3278 1482 hoc
3305 1437 3410 1494 est,
3443 1426 3734 1496 principes

2123 1524 2383 1578 Ecclesiae
2409 1531 2466 1577 et
2495 1523 2765 1593 principes
2796 1521 3022 1592 Christi,
3069 1537 3179 1576 non
3213 1521 3552 1591 scripserunt
3593 1535 3736 1590 pau-

2120 1619 2221 1685 cis,
2239 1617 2333 1673 sed
2356 1617 2611 1673 universo
2641 1619 2864 1688 populo.
2893 1616 2957 1671 Et
2979 1618 3294 1688 principum,
3321 1615 3424 1670 hoc
3451 1626 3561 1683 e51,
3593 1629 3737 1685 apo-

2123 1711 2410 1774 stolorum,
2445 1720 2497 1765 et
2527 1709 3024 1780 evangelistarum,
3056 1710 3244 1763 horum
3279 1709 3364 1778 qui
3405 1711 3628 1780 [uerunt
3678 1708 3736 1760 in

419 1799 675 1855 fuerunt?
716 1801 816 1857 Ubi
857 1803 1092 1872 gloriosa
1123 1805 1270 1858 dicta
1301 1814 1427 1858 sunt
1447 1805 1517 1861 de
1544 1816 1613 1870 te,
1638 1806 1827 1862 civitas
1869 1807 1983 1862 Dei.
2057 1795 2103 1855 Β
2129 1822 2210 1860 ea.
2253 1805 2446 1862 Videte
2483 1805 2612 1876 quid
2643 1804 2830 1860 dicat:
2871 1805 2970 1871 Qui
2999 1804 3231 1874 fuerunt,
3263 1818 3372 1859 non
3427 1804 3521 1873 qui
3559 1811 3736 1884 sunt:

497 1892 769 1965 Numquid
794 1895 924 1950 Sion
950 1897 1082 1951 dicet
1107 1897 1281 1960 homo,
1312 1908 1359 1951 et
1386 1899 1538 1954 homo
1564 1910 1718 1955 natus
1742 1911 1817 1956 est
1847 1901 1901 1954 in
1927 1901 2024 1957 ea?

429 1987 785 2054 Septuaginta
819 1989 1148 2059 interpretes
1180 1990 1252 2043 ita
1287 1992 1687 2046 transtulerunt
1715 2009 1729 2046 :
1756 1991 2027 2063 Numquid

425 2080 560 2134 Sion
589 2080 720 2134 dicet
747 2082 940 2136 homo?
967 2083 1304 2152 Spreverunt
1330 2101 1460 2156 ergo
1490 2086 1645 2141 multi
1665 2128 1681 2153 ,
1727 2103 1829 2142 nec
1861 2089 2027 2144 intel-

425 2172 680 2228 lexerunt
704 2177 827 2244 μήτι
867 2180 1008 2238 Σιὼν,
1055 2175 1184 2246 quid
1217 2186 1322 2242 est,
1356 2187 1411 2232 et
1438 2178 1768 2234 addiderunt
1806 2203 1838 2258 ρ
1864 2189 1921 2234 et
1950 2180 2028 2238 le-

425 2276 562 2336 gunt
609 2271 765 2345 μήτιρ
810 2273 930 2324 Σιὼν
976 2271 1084 2346 ἐρεῖ
1127 2267 1414 2346 ἅνθρωπος.
1456 2271 1522 2325 Et
1575 2274 1677 2326 hoc
1732 2283 2027 2342 propterea

428 2361 615 2416 dicunt
641 2378 655 2416 :
682 2363 942 2432 quoniam
974 2363 1219 2433 sequitur
1248 2381 1266 2419 :
1293 2376 1341 2416 et
1364 2364 1517 2419 homo
1559 2377 1711 2420 natus
1753 2375 1828 2419 est
1857 2367 1912 2420 in
1941 2382 2026 2421 ea.

431 2455 803 2526 Speraverunt
829 2457 992 2512 etiam
1028 2459 1097 2511 ita
1126 2459 1328 2514 debere
1350 2458 1455 2513 dici
1483 2477 1493 2512 :
1523 2468 1699 2513 mater
1725 2460 1854 2516 Sion
1887 2460 2033 2516 dicet

433 2547 618 2613 homo,
672 2549 930 2618 qUoniam
967 2550 1110 2604 filius
1156 2564 1317 2606 natus
1360 2552 1560 2606 dicitur
1587 2569 1600 2605 :
1627 2561 1912 2623 propterea
1944 2569 2035 2609 er-

429 2651 555 2695 rant
588 2643 636 2695 in
672 2642 866 2697 matris
897 2643 1188 2698 vocabulo.
1225 2644 1483 2699 Dicamus
1514 2661 1645 2716 ergo
1677 2646 1915 2716 primum
1947 2661 2034 2702 se-

431 2734 668 2788 cundum
711 2734 856 2804 quod
889 2737 1053 2804 vulgo
1099 2738 1342 2795 dicitur:
1375 2755 1549 2807 neque
1580 2742 1728 2796 enim
1769 2741 2035 2796 debemus

433 2836 490 2883 et
523 2828 665 2882 illam
699 2827 1213 2897 interpretationem
1263 2830 1562 2887 dimittere.
1602 2833 1859 2889 Dicamus
1899 2849 2034 2904 ergo
2115 2837 2124 2843 '

436 2928 492 2974 et
523 2936 621 2976 nos
649 2938 663 2976 :
698 2922 867 2977 Mater
899 2922 1028 2978 Sion
1060 2923 1208 2978 dicet
1237 2925 1418 2989 homo,
1455 2937 1509 2982 et
1551 2926 1719 2982 homo
1766 2937 1926 2982 natus
1949 2935 2038 2984 est

436 3010 490 3066 in
524 3028 608 3066 ea.
643 3011 732 3066 lsti
763 3015 852 3083 qui
883 3014 993 3068 nati
1027 3014 1254 3070 fuerunt
1282 3015 1333 3070 in
1367 3017 1636 3084 Ecclesia,
1681 3018 2028 3090 alienigenae,

436 3103 630 3174 Tyrus,
662 3114 712 3160 et
759 3106 991 3174 populus
1021 3105 1340 3177 ZEthiOpum
1373 3125 1385 3162 :
1417 3109 1504 3164 isti
1529 3119 1657 3164 sunt
1681 3110 1772 3182 qui
1802 3125 2038 3166 nascun—

2127 1906 2216 1966 ut,
2264 1897 2507 1968 exceptis
2567 1897 2854 1969 apostolis,
2906 1898 3295 1967 quodcumque
3341 1896 3491 1951 aliud
3541 1903 3739 1965 postea

2127 1990 2354 2052 dicetur.
2375 1990 2744 2058 abscindatur,
2774 2005 2879 2045 non
2899 1989 3096 2044 habeat
3116 2000 3301 2060 postea
3324 1987 3739 2043 auctoritatem.

2127 2083 2388 2152 Quamvis
2425 2101 2555 2154 ergo
2602 2095 2829 2139 sanctus
2882 2083 2955 2138 sit
2987 2083 3185 2154 aliquis
3233 2093 3358 2154 post
3405 2083 3740 2152 apostolos:

2128 2180 2378 2250 quamvis
2408 2179 2646 2234 disertus
2677 2180 2767 2248 sit,
2801 2193 2909 2234 non
2951 2178 3114 2233 habet
3135 2176 3543 2232 auctoritatem.
3587 2175 3746 2242 Quo—

2131 2273 2275 2327 niam
2325 2271 2584 2326 Dominus
2629 2279 2816 2326 narrat
2858 2272 2911 2326 in
2959 2272 3228 2341 scriptura
3281 2270 3639 2342 populorum,
3685 2278 3747 2324 et

2131 2365 2437 2436 principum
2472 2365 2662 2418 horum
2691 2364 2784 2434 qui
2817 2363 3034 2418 fuerunt
3057 2365 3111 2419 in
3135 2379 3223 2419 ea.

2205 2458 2355 2514 Sicut
2393 2457 2683 2513 lmtantium
2726 2460 2979 2526 omnium,
3009 2459 3268 2512 habitatio
3295 2468 3371 2512 est
3413 2458 3466 2511 in
3497 2465 3566 2510 te.
3601 2456 3748 2512 Pro-

2136 2554 2296 2624 pheta
2329 2553 2568 2624 loquitur
2595 2553 2663 2607 ad
2695 2553 3022 2617 Ecclesiam.
3067 2562 3123 2609 et
3151 2552 3285 2607 dicit
3329 2552 3419 2608 ei:
3452 2551 3603 2606 Sicut
3645 2551 3744 2605 Ia:-

2135 2646 2353 2699 tantium
2383 2645 2617 2698 omnium
2645 2644 2896 2698 habitatio
2922 2656 2994 2698 est
3017 2645 3070 2697 in
3098 2655 3165 2699 te.
3191 2645 3372 2711 Quare
3405 2657 3512 2697 non
3545 2642 3685 2696 dixit
3718 2658 3735 2698 :

2136 2740 2418 2794 ltrtantium
2450 2739 2680 2792 omnium
2715 2738 2965 2792 habitatio
2989 2747 3063 2792 est
3090 2739 3143 2792 in
3169 2747 3216 2791 te
3246 2754 3264 2791 :
3292 2735 3385 2791 sed
3417 2736 3575 2802 dixit,
3607 2736 3749 2790 sicut

2136 2834 2421 2888 lwtantium
2447 2834 2724 2888 omnium?
2768 2833 2972 2887 Dicitur
3001 2832 3054 2887 in
3087 2833 3196 2886 alio
3241 2833 3448 2895 psalmo
3476 2848 3490 2885 :
3521 2829 3576 2885 in
3607 2844 3752 2885 con-

2138 2925 2403 2982 verteudo
2448 2925 2710 2982 Dominus
2746 2925 3121 2995 captivitatem
3170 2925 3324 2987 Sion,
3375 2925 3505 2982 facti
3548 2935 3748 2977 sumus

2139 3018 2279 3072 sicut
2299 3018 2567 3073 considati
2594 3017 2776 3089 (Psal.
2804 3033 2947 3074 cur
2967 3019 3010 3086 ),
3033 3027 3220 3073 etnon
3245 3016 3415 3082 dixit,
3447 3016 3750 3071 consolati.

2143 3112 2231 3168 Sic
2251 3123 2305 3168 et
2328 3114 2378 3167 in
2403 3113 2505 3168 isto
2529 3115 2644 3168 loco
2665 3113 2832 3168 dicit:
2855 3113 3000 3170 Sicut
3026 3113 3314 3166 lwtantfum
3341 3112 3570 3165 muniunt
3593 3110 3748 3163 [utbi-

436 3205 524 3250 tur
556 3199 606 3250 in
643 3197 889 3252 Ecclesia
915 3217 928 3254 :
954 3199 1194 3254 credunt.
1214 3200 1266 3254 in
1303 3201 1623 3265 Ecclesium,
1659 3212 1714 3258 et
1736 3214 2037 3262 nascuntur
2062 3188 2109 3253 C
2142 3207 2266 3259 ratio
2281 3207 2330 3259 in
2346 3215 2412 3260 te.
2440 3206 2553 3260 lloc
2572 3215 2738 3259 totum
2760 3221 2924 3276 quare
2947 3203 3392 3270 (lixit?Quouiam
3418 3203 3468 3256 in
3493 3201 3751 3272 prtesetiti

438 3290 490 3344 in
527 3291 794 3345 Ecclesia.
824 3291 941 3345 Nisi
975 3297 1123 3346 enim
1169 3293 1429 3363 baptizati
1463 3295 1686 3360 fuerint,
1721 3296 1812 3350 filii
1843 3297 2038 3354 Eccle-

443 3383 538 3436 size
571 3398 679 3437 non
703 3391 884 3436 erunt.
918 3383 1008 3438 lsti
1043 3399 1173 3440 vero
1203 3385 1295 3456 qui
1321 3387 1580 3458 baptizati
1609 3398 1737 3444 sunt
1773 3391 1824 3446 in
1856 3391 2045 3447 Eccle-

441 3474 543 3541 sia,
595 3487 826 3540 matrem
857 3477 1141 3544 appcllant
1176 3478 1493 3536 Ecclesium.
1531 3481 1809 3550 Dicamus,
1855 3493 1911 3539 et
1949 3500 2040 3542 se-

443 3569 680 3623 cundum
717 3569 1037 3624 llehraicam
1073 3571 1372 3627 Veritatem
1405 3591 1418 3628 :
1449 3573 1723 3646 Numquid
1751 3577 1883 3634 Sion
1909 3579 2045 3634 dicet

447 3660 623 3728 homo,
652 3670 698 3714 et
731 3661 881 3715 homo
913 3673 1064 3716 natus
1086 3675 1158 3718 est
1205 3666 1258 3718 in
1305 3667 1411 3720 ea?
1441 3669 1594 3735 Quod
1621 3669 1780 3736 dicit,
1805 3670 1911 3725 hoc
1939 3681 2045 3740 est,

448 3752 571 3821 quis
616 3754 819 3821 poterit
847 3755 1098 3810 nuntiare
1129 3755 1294 3812 Sion?
1321 3759 1442 3828 quis
1471 3760 1521 3814 ei
1552 3762 1754 3830 poterit
1789 3764 2050 3821 nuntiare

449 3845 734 3902 hominum
771 3864 785 3902 :
828 3850 1088 3919 quoniam
1132 3849 1297 3906 homo
1341 3864 1600 3909 nascetur
1627 3855 1680 3910 in
1719 3873 1806 3924 ea,
1843 3869 1895 3912 et
1933 3859 2050 3928 ipse

453 3940 686 3996 salvabit
730 3943 890 3996 eam?
924 3942 1042 3998 Hoc
1071 3954 1180 4009 est,
1225 3947 1404 4001 nullus
1444 3947 1726 4003 hominum
1777 3961 1955 4019 potest
1999 3952 2052 4007 ei

453 4034 730 4099 nuntiare,
779 4036 903 4102 quia
955 4035 1083 4090 Sion
1124 4038 1369 4093 salvetur
1396 4041 1446 4094 in
1491 4040 1714 4096 homine
1757 4043 1851 4113 qui
1903 4045 2052 4101 inea

454 4125 720 4179 nascitur.
752 4125 815 4178 Et
838 4127 988 4181 homo
1015 4139 1164 4182 natus
1186 4141 1260 4183 est
1285 4131 1336 4184 in
1365 4147 1446 4186 ea.
1473 4133 1606 4199 Quis
1633 4143 1717 4188 est
1739 4134 1843 4188 iste
1867 4136 2058 4191 homo?

455 4216 522 4269 Et
549 4218 660 4289 ipse
685 4219 926 4289 fundavit
952 4236 1064 4274 eam
1087 4222 1404 4277 Altissimus.
1434 4223 1821 4293 ReSpondeant
1841 4227 2057 4284 Ariani:

458 4311 712 4381 quoniam
757 4311 946 4367 dicunt
1005 4315 1348 4372 Altissimum
1401 4321 1578 4374 solum
1631 4319 1846 4378 Patrem
1881 4338 2054 4381 esse:

463 4417 593 4457 ecce
623 4402 707 4457 hic
739 4403 807 4458 de
838 4405 979 4459 Filio
1011 4405 1209 4462 dicitur
1237 4425 1251 4463 :
1287 4409 1350 4462 Et
1379 4411 1490 4474 ipse
1525 4411 1769 4483 fundavit
1808 4431 1921 4469 eam
1961 4417 2059 4470 At-

460 4496 710 4551 tissimus.
741 4496 860 4553 Non
888 4499 1026 4554 dixit
1058 4517 1072 4556 :
1104 4500 1274 4556 Filius
1308 4503 1424 4566 Dei.
1457 4508 1550 4575 qui
1577 4509 1768 4563 eratin
1795 4509 2062 4581 principio

2142 3298 2342 3353 satequ
2386 3299 2634 3368 quamvis
2665 3298 2858 3366 aliquis
2887 3305 3106 3351 sanctus
3137 3297 3228 3360 sit,
3265 3296 3517 3364 quamvis
3546 3309 3747 3348 renun-

2145 3398 2236 3453 tiet
2263 3398 2487 3464 sarculo,
2523 3413 2628 3452 non
2653 3396 2819 3452 habet
2841 3395 3137 3466 perfectam
3160 3395 3469 3450 victoriam.
3504 3393 3759 3462 Denique

2147 3491 2346 3546 dicitur
2395 3493 2447 3546 in
2495 3491 2841 3560 Evangelia:
2881 3490 3029 3545 Beati
3083 3488 3176 3559 qui
3225 3490 3452 3558 lugent,
3490 3487 3757 3557 quoniam

2145 3585 2246 3654 ipsi
2276 3585 2950 3653 consolabunturHlotth.
2980 3587 3056 3651 ν).
3089 3583 3143 3639 Si
3175 3595 3356 3637 autem
3385 3583 3592 3636 dictum
3622 3590 3714 3635 est
3745 3600 3758 3634 :

2150 3681 2298 3736 Beati
2329 3681 2421 3748 qui
2449 3680 2599 3747 flent,
2635 3681 2896 3750 quoniam
2933 3679 3034 3748 ipsi
3065 3677 3319 3732 ridebunt
3352 3695 3362 3729 :
3392 3674 3755 3730 manifestum

2150 3785 2252 3841 est,
2275 3776 2526 3846 quaaiatn
2551 3777 2605 3829 i
2631 3775 2875 3844 prresenti
2899 3773 3101 3828 saiculo
3125 3788 3230 3825 non
3259 3782 3340 3826 est
3368 3777 3514 3825 certa
3541 3768 3752 3823 laetitia:

2150 3886 2282 3941 ergo
2313 3870 2499 3924 latitia
2534 3879 2715 3923 nostra
2746 3868 2897 3938 quasi
2941 3866 3126 3921 laetitia
3155 3875 3260 3921 est.
3290 3863 3563 3920 Habitatio
3607 3863 3660 3916 in
3689 3871 3758 3917 te.

2155 3961 2348 4016 Videte
2368 3961 2492 4030 quid
2520 3961 2684 4020 dicat.
2709 3968 2769 4014 ut
2787 3957 2980 4026 aliquis
3011 3973 3298 4026 numquam
3321 3954 3544 4010 recedat
3569 3955 3638 4008 ab
3661 3955 3766 4009 Ee-

2154 4054 2340 4110 clesia.
2371 4053 2524 4110 Scire
2552 4053 3098 4122 deheiiius,quoniam
3127 4052 3270 4122 quod
3298 4049 3637 4120 interpretati
3666 4065 3762 4104 su-

2159 4162 2276 4202 mus
2301 4146 2371 4202 de
2397 4145 2667 4212 Ecclesia,
2703 4154 2882 4216 potest
2909 4155 2965 4200 et
2988 4145 3213 4216 intelligi
3242 4144 3312 4199 de
3341 4145 3524 4198 anima
3553 4153 3760 4201 nostra.

2159 4239 2215 4296 Si
2246 4241 2390 4295 enim
2420 4237 2550 4296 Sion
2584 4238 2968 4310 interpretatur
2991 4239 3220 4307 specula,
3246 4238 3424 4292 anima
3452 4247 3638 4293 autem
3667 4253 3770 4290 uo-

2161 4343 2293 4398 stra,
2328 4349 2434 4387 non
2477 4332 2654 4399 aliter,
2690 4333 2790 4386 nisi
2813 4345 3033 4402 semper
3059 4331 3382 4386 sublimiora
3411 4330 3765 4385 considerat:

2164 4441 2293 4483 vera
2327 4425 2570 4480 Ecclesia
2608 4439 2795 4480 verum
2829 4425 3087 4492 templum
3120 4423 3322 4478 Christi
3368 4438 3474 4477 non
3521 4433 3631 4491 est,
3661 4421 3768 4476 nisi

2164 4522 2342 4575 anima
2391 4521 2646 4574 humana.
2693 4519 2933 4575 Ecclesia
2971 4518 3176 4575 Christi
3224 4534 3330 4573 non
3361 4527 3450 4574 est
3486 4519 3617 4586 alia,
3666 4517 3773 4572 nisi

471 4589 615 4658 apud
648 4590 879 4649 Patrem.
913 4592 1019 4648 Sed
1049 4595 1175 4662 quid
1208 4596 1388 4652 dixit?
1425 4598 1591 4654 Homo
1609 4611 1766 4656 notua
1793 4578 1867 4657 est
1891 4605 1946 4658 in
1975 4578 2038 4660 eo

2168 4615 2349 4670 anima
2391 4615 2740 4669 credentium
2771 4615 2824 4670 in
2853 4613 3151 4669 Christum.
3205 4612 3334 4680 Vos,
3385 4613 3591 4681 inquit,
3637 4612 3775 4667 estis

463 4693 510 4738 et
541 4686 649 4756 ipse
673 4685 912 4754 [undavit
951 4704 1064 4741 eam
1096 4689 1414 4748 Altissimus.
1450 4694 1509 4749 Si
1535 4703 1740 4764 autem,
1766 4696 2067 4755 Altissimus

465 4775 685 4842 dicitur,
721 4788 925 4846 quanto
956 4781 1130 4850 magis
1171 4783 1394 4838 verbum
1431 4785 1555 4840 Dei!

534 4866 792 4925 Dominus
816 4871 1048 4925 narrabit
1079 4873 1133 4926 in
1164 4876 1430 4944 scriptura
1474 4880 1809 4949 populorum,
1839 4892 1886 4936 et
1913 4883 2066 4954 priu-

469 4964 644 5033 cipum
671 4964 856 5018 horum
883 4965 970 5035 qui
988 4967 1199 5036 fuerunt
1221 4969 1272 5021 in
1296 4986 1377 5023 ea.
1411 4970 1528 5024 Non
1549 4971 1704 5038 dixit,
1731 4975 1822 5042 qui
1853 4986 1980 5030 sunt
2009 4976 2062 5032 in

471 5071 535 5112 ea
555 5099 569 5122 ,
594 5057 690 5113 sed
718 5059 808 5129 qui
833 5063 1045 5130 {uerunt
1069 5061 1125 5115 in
1151 5077 1231 5116 ea.
1281 5061 1537 5119 Dominus
1569 5067 1799 5121 narrabit
1825 5084 1848 5126 .'
1874 5079 1928 5123 et
1957 5085 2068 5139 quo

473 5151 638 5205 modo
667 5152 950 5206 narrabit?
996 5153 1110 5208 Non
1143 5155 1330 5223 verbo,
1365 5157 1459 5212 sed
1493 5159 1787 5230 scriptura.
1823 5160 1881 5215 In
1911 5163 2070 5232 cujus

474 5244 780 5313 scriptura?
809 5244 864 5298 In
899 5247 1241 5316 populorum.
1266 5248 1383 5304 Non
1407 5251 1607 5307 sufficit
1631 5253 1688 5312 in
1720 5256 2067 5325 populorum,

476 5333 574 5389 sed
609 5335 773 5391 etiam
822 5340 1127 5408 principum
1170 5341 1321 5397 dicit.
1355 5341 1422 5397 Et
1452 5360 1679 5413 quorum
1718 5348 2072 5419 principum?

477 5429 578 5494 Qui
608 5442 734 5485 sunt
763 5433 814 5486 in
847 5447 934 5489 ea.
963 5434 1078 5490 Non
1100 5435 1239 5492 dixit
1269 5437 1391 5503 hoc,
1423 5440 1517 5494 sed
1565 5442 1888 5513 quifuerunt
1914 5444 1967 5497 in
1991 5462 2070 5499 ea.

481 5522 676 5579 Videte
705 5539 834 5594 ergo
876 5529 1152 5595 quomodo
1191 5530 1474 5598 Scriptura
1501 5544 1685 5590 sancta
1719 5539 2080 5594 sacramentis

484 5616 643 5685 plena
671 5626 776 5672 est.
808 5618 1060 5688 Legimus
1091 5626 1397 5692 apostolum
1432 5627 1657 5683 Paulum
1685 5646 1700 5685 :
1727 5630 1956 5700 legimus
1981 5631 2083 5688 Pe-

493 5716 655 5772 trum,
683 5719 745 5762 .et
775 5709 1005 5780 legimus
1037 5715 1184 5772 illum
1207 5718 1515 5778 dicentem;
1543 5722 1625 5778 Au
1651 5723 2084 5794 experimentum

495 5798 614 5869 ejus
642 5802 910 5872 quaeritis,
956 5810 1049 5876 qui
1086 5808 1136 5864 in
1165 5825 1253 5867 me
1300 5813 1539 5884 loquitur
1567 5816 1816 5874 Christus
1843 5817 1867 5891 (
1883 5818 1925 5876 ll
1959 5817 2089 5876 Cor.

2169 4707 2426 4774 templum
2457 4705 2577 4770 Dei,
2605 4715 2660 4760 et
2689 4705 2912 4775 spiritus
2944 4704 3037 4760 Dei
3069 4704 3277 4758 habitat
3297 4705 3351 4758 in
3376 4705 3531 4760 vobis
3553 4703 3616 4776 (l
3647 4703 3772 4758 Cor.

2165 4798 2286 4870 ιιι).
2322 4797 2688 4853 Fundamenta
2728 4801 2842 4867 eius
2871 4798 2925 4852 in
2969 4797 3228 4852 montibus
3273 4797 3493 4866 sciretis,
3524 4796 3633 4851 hoc
3663 4806 3772 4864 est,

2167 4894 2260 4950 Dei
2282 4893 2626 4948 fundamenta
2644 4906 2754 4948 non
2782 4901 2928 4957 sunt,
2953 4891 3057 4946 nisi
3081 4893 3132 4944 in
3163 4890 3433 4945 montibus
3463 4890 3691 4953 sanctis,
3723 4890 3775 4944 in

2168 4987 2511 5057 dogmatibus
2533 4985 2729 5040 anima
2757 4985 3056 5040 credentis.
3088 4983 3274 5056 Diligit
3307 4983 3564 5038 Dominus
3599 4995 3775 5052 portas

2173 5080 2323 5134 Sion.
2360 5078 2533 5133 Habet
2565 5078 2694 5134 Sion
2745 5087 2932 5132 nostra
2983 5077 3244 5144 plurimas
3295 5087 3507 5147 portas,
3553 5093 3693 5144 quas
3735 5075 3781 5132 si

2171 5174 2502 5242 aperuimus,
2537 5172 2839 5244 ingreditur
2865 5173 2931 5227 ad
2955 5187 3056 5228 nos
3081 5187 3335 5242 sponsus,
3369 5182 3422 5227 et
3451 5171 3656 5226 dormit
3686 5187 3784 5226 no-

2175 5264 2400 5321 biscum.
2427 5263 2671 5335 Denique
2694 5268 2808 5334 ipse
2832 5263 2962 5319 dicit
2986 5283 2997 5317 :
3022 5264 3161 5320 Ecce
3181 5279 3283 5335 ego
3305 5274 3390 5318 sto
3409 5275 3537 5319 ante
3555 5265 3779 5333 ostium,

2172 5367 2230 5413 et
2255 5358 2412 5428 pulso
2443 5375 2455 5410 :
2481 5357 2535 5414 Si
2563 5358 2686 5428 quis
2718 5357 2846 5411 mihi
2886 5357 3180 5428 aperuerit,
3211 5357 3426 5410 intrabo
3471 5365 3526 5410 et
3549 5358 3787 5413 omnabo
3869 5371 3875 5406 ι

2175 5427 2298 5505 cum
2330 5427 2648 5521 ipsampoc.
2669 5465 2724 5504 tu
2744 5450 2783 5522 ).
2815 5427 3060 5504 Gloriosa
3090 5449 3232 5503 dicta
3257 5457 3377 5502 sunt
3403 5449 3467 5502 de
3500 5459 3572 5510 te,
3599 5451 3782 5504 cii-itas
3867 5427 3869 5438 Ι

2182 5539 2304 5597 Dei.
2345 5541 2552 5596 Civitas
2578 5558 2686 5596 non
2719 5549 2804 5596 est
2843 5558 3008 5597 unum
3033 5541 3345 5605 aediﬁcium,
3380 5541 3478 5596 sed
3511 5541 3564 5594 iu
3600 5543 3788 5598 multis

2187 5635 2428 5692 aediﬁciis
2457 5635 2726 5692 consistit.
2755 5636 2845 5692 Sic
2863 5645 2922 5691 et
2941 5636 3073 5690 Sion
3097 5644 3305 5702 nostra,
3339 5635 3442 5690 uisi
3467 5635 3657 5701 plures
3680 5637 3788 5687 vir-

2191 5737 2334 5785 tutes
2367 5728 2634 5799 habuerit,
2667 5729 2862 5786 civitas
2889 5730 2984 5786 Dei
3015 5745 3122 5785 non
3145 5731 3270 5784 erit.
3299 5728 3500 5784 Memor
3525 5747 3619 5784 ero
3645 5730 3786 5784 Raab

2195 5833 2242 5876 et
2272 5820 2560 5896 Babylonis
2583 5825 2851 5881 scieruiunt
2875 5841 2976 5880 ate.
3013 5824 3109 5880 Illa
3134 5840 3254 5896 quae
3281 5823 3560 5896 quondam
3583 5834 3709 5882 erat
3732 5823 3786 5880 iu
