3954 6340
146 344 283 408 1085

1013 350 1441 408 BﬂliVlAlllUM
1482 350 1549 407 IN
1588 351 1922 412 PSALHOS.
1970 352 2219 412 PSALM.
2260 354 2570 413 LXXXVII.

3296 359 3435 417 1086

138 461 425 518 latitudine
446 469 814 532 peccatorum,
850 461 1096 519 ascendit
1129 474 1313 534 postea
1339 465 1392 519 in
1418 466 1734 521 memoriam
1760 464 1818 529 Α
1842 481 1981 523 rum.
2011 466 2082 524 Et
2110 468 2213 542 ipsi
2242 469 2307 526 de
2338 487 2494 526 manu
2517 481 2607 526 tua
2628 473 2824 544 repulsi
2851 482 2990 529 sunt.
3015 473 3061 529 Α
3101 474 3301 531 virtute
3336 485 3427 532 tua

142 554 256 610 Dei.
292 554 567 627 Numquid
606 556 740 611 Sion
768 555 901 611 dicet
926 556 1104 624 homo,
1148 564 1196 610 et
1224 556 1378 613 homo
1402 567 1552 614 natus
1587 568 1659 615 est
1680 560 1735 613 in

136 649 240 705 ea!
265 649 400 705 Rem
436 649 590 706 vobis
616 652 808 706 miram
838 651 1067 723 loquor;
1117 651 1212 707 sed
1240 667 1445 709 veram.
1478 653 1605 709 Sion
1636 668 1733 709 uo—

137 752 245 800 stra
279 744 333 799 in
366 760 472 815 qua
501 744 830 815 aliquotiens
854 745 1181 818 alienigenae
1203 756 1348 812 sunt,
1377 756 1433 803 et
1458 748 1656 821 Tyrus,
1674 757 1733 805 et

138 836 427 907 Ethiopes
459 856 472 891 :
515 838 610 894 illa
637 839 856 909 specula
884 857 897 894 :
923 839 1019 895 illa
1068 842 1328 897 meretrix
1360 859 1374 896 :
1409 842 1522 896 illa-
1546 841 1727 898 Raab:

134 931 221 985 illa
261 931 505 1003 Babylon
534 949 547 985 :
583 931 673 986 illa
707 946 827 1002 qu'e
858 931 1184 988 divaricavit
1214 933 1382 1003 pedes
1424 949 1554 989 suos
1578 934 1729 990 omni

136 1024 462 1089 transeunti,
491 1024 791 1079 secundum
825 1023 1076 1081 Ezechiel
1110 1023 1275 1098 (Cap.
1300 1025 1425 1098 xvr)
1454 1045 1465 1080 :
1493 1026 1582 1082 illa
1614 1042 1730 1083 me-

132 1114 301 1171 retrix
329 1116 373 1170 si
407 1115 665 1182 voluerit,
692 1116 843 1187 virgo
885 1127 1108 1187 repente
1149 1116 1407 1174 efﬁcitur.
1444 1118 1614 1190 Virgo
1645 1119 1726 1187 lit,

131 1216 185 1263 ct
230 1207 476 1279 concipit
505 1207 700 1264 Filium
752 1209 869 1276 Dei,
902 1219 955 1265 et
996 1220 1243 1280 generat.
1297 1213 1335 1265 Α
1387 1216 1581 1268 timore
1612 1221 1723 1279 tuo,

130 1300 381 1366 Domine,
409 1303 780 1372 concepimus,
802 1310 859 1357 et
881 1303 1232 1373 parturimus,
1259 1302 1509 1373 Spiritum
1536 1303 1728 1360 salutis

130 1400 235 1447 tua
264 1390 501 1449 iecimus
548 1408 712 1464 super
743 1403 964 1449 terram.
1015 1394 1206 1449 Videte
1258 1410 1410 1466 ergo,
1469 1396 1726 1466 quoniam

125 1486 217 1542 illa
236 1486 498 1543 meretrix
525 1502 554 1542 a
574 1488 686 1543 Dea
702 1489 953 1559 concepit
972 1500 1026 1544 et
1042 1488 1333 1560 parturivit
1355 1490 1725 1548 Salvatorem:

126 1578 387 1649 Spiritum
428 1580 623 1637 salutis
672 1590 778 1636 tute
825 1581 1054 1638 fecimus
1100 1597 1264 1653 super
1310 1592 1531 1639 terram.
1586 1585 1727 1657 Ergo

123 1674 305 1730 anima
332 1683 518 1730 nostra
550 1675 641 1732 illa
672 1676 842 1741 Raab,
884 1676 974 1732 illa
1002 1678 1288 1745 meretrix,
1333 1690 1505 1750 potest
1537 1680 1725 1736 conci-

124 1784 275 1839 pere,
314 1777 373 1827 et
400 1785 592 1841 parere
614 1770 975 1828 Salvatorem.
1006 1771 1071 1827 Et
1101 1775 1254 1828 homo
1285 1781 1436 1829 natus
1457 1783 1532 1829 est
1558 1775 1615 1831 in
1644 1792 1724 1831 ea.

1836 561 2095 631 separati.

1911 651 2206 709 Posuerunt
2237 656 2390 710 mein
2417 656 2533 712 lacu
2564 658 2823 730 inferiori.
2866 660 3002 716 Cum
3039 660 3345 717 latronibus
3373 670 3431 723 et

1835 749 2215 817 peccatoribus
2263 752 2535 808 obnoxiis.
2572 751 2639 808 In
2674 755 2894 810 tenebris
2918 766 2967 810 et
2998 757 3052 810 in
3079 758 3261 812 umbra
3288 772 3429 813 mor-

1834 842 1919 894 tis.
1950 840 2031 896 Ad
2072 840 2371 899 infernales
2420 846 2722 915 angustias,
2780 847 2832 901 in
2883 848 3078 919 quibus
3129 862 3279 904 mors
3306 848 3426 906 sols

1833 930 2223 995 dominabitur.

1905 1024 2078 1097 Super
2106 1041 2186 1080 me
2213 1027 2548 1098 conﬁrmatus
2574 1039 2648 1084 est
2687 1020 2836 1100 [uror
2874 1039 3015 1094 tuus,
3043 1041 3092 1085 et
3116 1048 3291 1088 omnes
3316 1035 3422 1104 [ius
3512 1012 3523 1025 ’

1831 1127 1942 1171 ctus
1964 1127 2078 1172 tuos
2101 1117 2351 1173 induxisti
2399 1136 2553 1190 super
2577 1138 2674 1175 me.
2706 1121 2845 1177 Iram
2887 1131 2943 1178 et
2963 1125 3259 1195 procellam
3304 1140 3423 1182 ma-

1830 1209 2138 1267 cellationis
2185 1211 2382 1267 furoris
2429 1214 2530 1280 tui,
2562 1229 2698 1286 quas
2748 1216 2801 1270 in
2844 1216 3100 1287 gentibus
3149 1217 3424 1279 effusuras

1830 1318 1976 1371 eras,
2022 1320 2188 1372 super
2216 1322 2304 1361 me
2330 1307 2616 1376 iuduxisti,
2670 1310 2761 1380 qui
2816 1321 3035 1379 peccata
3069 1327 3257 1368 eorum
3300 1328 3424 1370 sus-

1829 1399 1950 1466 ουιιὶ
1982 1414 1993 1452 :
2031 1400 2173 1455 sicut
2209 1399 2339 1455 alibi
2388 1401 2466 1454 ait
2500 1418 2512 1453 ς
2545 1400 2772 1471 Propter
2817 1412 3037 1473 peccata
3086 1405 3270 1477 populi
3313 1405 3422 1463 mei

1832 1493 2071 1563 percussi
2099 1509 2222 1549 cum
2253 1493 2404 1568 (Isa.
2437 1511 2531 1551 Llll
2554 1494 2598 1568 ).

1901 1585 2075 1660 Longe
2096 1587 2262 1659 fecisti
2287 1596 2440 1643 notos
2467 1605 2605 1644 meos
2624 1606 2659 1644 a
2679 1607 2780 1646 me.
2809 1592 3045 1663 Angelos
3074 1594 3158 1650 vel
3189 1603 3418 1666 aposto-

1831 1680 1933 1746 los,
1958 1688 2018 1733 ut
2048 1680 2228 1735 nullus
2253 1681 2525 1751 prmberet
2546 1681 2830 1739 auxilium.
2862 1683 2994 1740 Nam
3034 1695 3091 1742 et
3126 1701 3228 1757 ego
3266 1696 3421 1757 pote-

1830 1790 1944 1829 ram
1968 1782 2021 1829 te
2055 1790 2271 1845 rogare,
2306 1773 2488 1842 Pater,
2524 1783 2582 1831 ut
2632 1775 2927 1833 exhiberes
2957 1777 3084 1831 mihi
3134 1780 3418 1850 plusquam

124 1863 180 1920 Si
212 1865 508 1933 voluimus,
536 1867 775 1939 quotidie
796 1866 1037 1923 nascitur
1058 1867 1327 1924 Christus.
1354 1870 1456 1925 Per
1480 1872 1723 1942 singulas
1754 1866 1799 1927 Β
1829 1866 2111 1922 duodecim
2159 1867 2402 1936 legiones
2454 1868 2775 1939 angelorum
2837 1868 3020 1941 (Matt.
3079 1869 3268 1946 nrt),
3320 1870 3421 1928 sed

96 1960 361 2015 .virtutes
391 1959 641 2014 nascitur
661 1958 933 2014 Christus.
961 1959 1019 2016 Si
1051 1961 1194 2015 enim
1226 1959 1474 2016 Christus
1498 1962 1591 2018 Dei
1616 1964 1723 2017 vir-

122 2059 229 2119 tus,
269 2058 329 2106 et
360 2050 457 2105 Dei
486 2050 750 2121 sapientia
780 2059 897 2118 est,
940 2051 1266 2124 quicumque
1297 2052 1548 2110 virtutem
1571 2053 1719 2120 facit,

124 2145 381 2200 virtutem
400 2152 644 2215 generat.
662 2142 732 2199 Et
750 2145 864 2215 ipse
886 2146 1120 2218 fundavit
1136 2163 1249 2200 eam
1264 2148 1579 2204 Altissimus.
1604 2148 1725 2219 ipse

120 2237 214 2306 qui
244 2237 490 2293 nascitur
519 2239 573 2292 in
602 2247 655 2293 te
680 2257 694 2294 :
717 2239 832 2308 ipse
872 2237 1279 2296 fundamentum
1306 2241 1399 2297 dat
1427 2242 1560 2299 Sion
1592 2254 1721 2301 tute.

125 2328 381 2385 Dominus
402 2331 634 2386 narrabit
661 2331 717 2385 in
736 2332 994 2403 scriptura
1016 2334 1347 2403 papa/orum.
1382 2334 1722 2392 Manifcsmm

124 2437 233 2495 est,
280 2428 539 2499 quoniam
566 2428 713 2499 quod
749 2430 1008 2485 Dominus
1036 2430 1280 2500 loquitur
1321 2432 1371 2485 in
1418 2432 1721 2504 Scriptura,

126 2523 260 2580 nulli
292 2523 371 2577 ita
404 2522 644 2594 loquitur
668 2524 944 2593 quomodo
981 2523 1135 2581 Sion.
1172 2524 1239 2580 Et
1270 2535 1449 2580 tamen
1473 2541 1596 2581 cum
1622 2526 1723 2583 ista

59 2598 71 2610 ’
122 2616 313 2673 omnia
340 2616 545 2673 fuerint
574 2633 735 2673 zeum
770 2626 928 2674 natus
960 2617 1120 2674 fuerit
1150 2620 1202 2673 in
1225 2634 1288 2675 ea
1315 2618 1583 2689 Christus,
1618 2634 1722 2675 non

126 2719 203 2764 est
227 2718 377 2765 certa
408 2720 462 2764 et
498 2723 686 2765 secura
733 2710 982 2775 victoria,
1024 2709 1119 2765 sed
1152 2723 1370 2779 semper
1402 2712 1453 2766 in
1491 2711 1726 2778 periculo

123 2816 336 2857 sumus.
380 2801 531 2858 Sicut
558 2802 844 2856 ltrtantinm
882 2803 1115 2856 omnium
1157 2801 1410 2857 habitatio
1453 2814 1524 2859 cst
1568 2806 1722 2861 inte.

122 2897 227 2963 Qui
260 2897 418 2951 laetus
445 2905 552 2963 est,
581 2912 648 2951 ex
680 2896 795 2965 ipsa
826 2895 1096 2952 hilaritate
1116 2911 1346 2952 securus
1372 2907 1473 2952 est.
1500 2897 1601 2965 Qui
1626 2912 1723 2953 auc

124 3004 235 3049 tem
265 3007 497 3050 securus
538 3000 644 3058 est,
693 2992 804 3048 cito
830 2991 1121 3063 decipitur.
1153 2992 1254 3061 Qui
1291 3002 1472 3047 autem
1503 2993 1726 3048 insidias

124 3085 477 3154 reformidat,
505 3084 618 3142 cito
647 3094 826 3156 potest
847 3085 1103 3149 evadere,
1150 3094 1440 3154 praestante
1468 3084 1719 3155 Domino,

120 3180 211 3236 cui
238 3187 324 3238 est
348 3180 528 3252 gloria
560 3179 614 3236 in
641 3181 842 3236 saecula
874 3179 1224 3235 saeculorum.
1266 3180 1461 3233 Amen.

607 3356 923 3416 PSALMUS
958 3356 1273 3414 LXXXVII.

120 3474 394 3530 Canticum
425 3471 628 3528 Psalmi
667 3474 793 3542 ﬁliis
816 3471 950 3529 Core
990 3487 1009 3526 :
1030 3473 1083 3525 in
1113 3472 1266 3531 ﬁnem
1296 3488 1388 3542 pro
1424 3468 1717 3537 Mahalatlt,

188 3549 261 3601 ad
286 3545 704 3616 respondendum
732 3544 1025 3599 intellectus
1070 3542 1275 3597 Heman
1306 3541 1582 3596 Israelittc.
1620 3542 1725 3599 Iste

191 3619 441 3689 psalmus
468 3618 734 3687 passionis
762 3617 1057 3689 Dominicis
1080 3617 1721 3689 cmttinetsacramcuta,

192 3686 256 3745 ea
312 3686 597 3760 proferens
657 3703 828 3758 usque
870 3686 939 3742 ad
986 3687 1541 3751 censummatiuncm,
1600 3701 1722 3753 quae

193 3763 344 3814 idem
380 3761 643 3814 Dominus
691 3773 886 3814 passus
930 3774 1029 3814 oro
1058 3758 1246 3813 mundi
1274 3759 1452 3814 salute
1490 3756 1555 3811 ad
1607 3758 1723 3811 Pa-

192 4012 423 4070 Donsine
468 4010 610 4067 Deus
635 4011 817 4068 salutis
858 4026 1004 4077 mete,
1033 4011 1086 4065 in
1117 4010 1200 4064 die
1238 4009 1488 4064 clamavi.
1524 4008 1582 4063 In
1630 4008 1723 4065 illa

110 4108 371 4165 claritate
418 4115 595 4162 tecum
635 4105 840 4177 degens
864 4120 1026 4177 quam
1078 4120 1295 4172 semper
1326 4103 1488 4158 habui
1515 4121 1525 4156 :
1551 4103 1726 4174 poeni-

113 4203 353 4260 tentiam
380 4201 596 4273 populis
635 4199 944 4272 prredicavi.
985 4197 1052 4253 Et
1074 4207 1219 4252 nocte
1248 4213 1425 4252 coram
1478 4207 1549 4252 te.
1578 4196 1726 4252 Inter

112 4297 383 4355 tenebras
426 4293 760 4351 intimorum.

190 4387 369 4443 Intret
406 4386 461 4441 in
500 4393 778 4458 conspectu
808 4392 898 4439 tuo
938 4383 1108 4438 oratio
1137 4398 1249 4437 utea
1277 4397 1296 4437 :
1325 4380 1519 4436 inclina
1546 4397 1727 4445 aurem

113 4491 271 4537 tuam
298 4478 375 4534 ad
399 4493 601 4549 precem
621 4492 813 4533 meam.
842 4476 1017 4545 Quam
1050 4475 1110 4531 in‘
1133 4473 1237 4530 hoc
1263 4488 1495 4546 corpore
1516 4475 1727 4547 positus

108 4575 419 4647 profundo.

1826 1958 1972 2026 silui,
1995 1968 2052 2012 ut
2075 1959 2437 2030 implerentur
2463 1959 2785 2032 Scriptum.
2840 1961 3141 2018 Posuerunt
3177 1979 3257 2017 nte
3291 1964 3421 2019 abo-

1827 2051 2162 2106 minationem
2190 2051 2310 2106 sibi.
2335 2051 2450 2107 Non
2479 2053 2618 2120 noti,
2650 2053 2744 2108 sed
2776 2052 2969 2109 Judaei.

1900 2144 2144 2200 Traditus
2181 2163 2294 2201 sum
2340 2149 2518 2211 morti,
2559 2157 2607 2201 et
2658 2165 2761 2202 non
2786 2149 3106 2220 egrediebar.
3152 2148 3269 2205 Non
3300 2164 3421 2206 sum

1826 2239 2127 2305 disiunctus
2149 2255 2177 2291 a
2206 2248 2434 2310 paterna
2466 2239 2755 2296 divinitate
2784 2261 2796 2294 :
2831 2240 2928 2296 sed
2961 2256 3060 2298 nec
3077 2241 3144 2298 de
3171 2242 3422 2313 sepulcro
3482 2284 3489 2295 η

1825 2330 2008 2387 statim
2061 2331 2266 2403 prodii,
2316 2341 2377 2387 ut
2431 2333 2623 2389 dilatio
2676 2335 3093 2390 resurrectionis
3133 2337 3420 2393 veritatem

1827 2423 2140 2480 ostenderet
2165 2425 2371 2480 mortis.
2404 2425 2559 2481 Oculi
2583 2426 2682 2481 atri
2710 2425 3025 2498 languernnt
3069 2444 3177 2498 prie
3215 2428 3417 2499 inapia.

1827 2519 2033 2575 Sensus
2058 2519 2248 2592 utique
2280 2522 2562 2590 tenuitate,
2603 2536 2726 2575 cum
2777 2522 3032 2591 apostoli,
3086 2522 3280 2578 relicto
3325 2538 3416 2592 eo,

1829 2613 1913 2668 vel
1942 2613 2225 2684 fugerunt,
2250 2614 2335 2670 vel
2362 2623 2739 2685 negaverunt:
2788 2615 2911 2685 quia
2962 2630 3088 2671 eum
3128 2630 3419 2679 resurgere

1828 2706 2333 2773 neseierunt,sicut
2378 2706 2467 2761 ille
2510 2706 2742 2762 dilectus
2784 2707 3105 2777 discipulus.
3168 2706 3419 2764 Nondum

1827 2802 1972 2857 enim
2004 2801 2213 2858 sciebat
2238 2801 2568 2871 Scripturas,
2589 2802 2715 2872 quia
2740 2811 3025 2871 oporteret
3056 2801 3205 2857 illum
3227 2816 3255 2856 a
3276 2817 3423 2857 mor-

1828 2897 1934 2951 tuis
1967 2910 2273 2964 resurgere.

1898 2986 2130 3043 Clamavi
2158 2986 2231 3041 ad
2272 2997 2340 3054 te,
2367 2984 2608 3042 Domine.
2672 2987 2905 3043 Diceus:
2966 2987 3048 3043 Eli
3096 2988 3167 3043 eli
3218 2987 3417 3044 lamina

1825 3082 2112 3138 azabthani
2136 3080 2319 3152 (Matt.
2350 3081 2539 3152 xxvtt).
2568 3080 2702 3137 Tota
2719 3082 2802 3137 die
2823 3082 3047 3155 expendi
3075 3098 3260 3136 manus
3282 3099 3421 3139 meas

1824 3176 1892 3229 ad
1914 3186 1980 3230 te.
2017 3175 2287 3230 Exteusus
2316 3174 2371 3230 in
2400 3190 2590 3231 cruce.

1749 3246 1795 3311 C
1904 3267 2176 3341 Numquid
2206 3269 2424 3324 mortuis
2460 3269 2620 3339 {acies
2672 3269 2975 3325 mirabilia?
3003 3267 3120 3324 Non
3167 3269 3276 3324 illis
3325 3268 3421 3340 qui

1826 3362 2075 3417 viventes
2105 3364 2302 3415 mortui
2333 3370 2483 3430 sunt,
2527 3360 2624 3417 sed
2667 3361 2800 3416 mihi
2841 3362 2932 3431 qui
2965 3362 3018 3417 in
3044 3369 3098 3418 te
3126 3362 3281 3421 vivo.
3316 3364 3421 3421 Aut

1827 3456 2011 3510 medici
2039 3454 2383 3515 suscitabunt.
2406 3464 2455 3509 et
2484 3454 2865 3524 conﬁtebuntur
2898 3455 3010 3510 tibi.
3038 3454 3153 3510 Non
3180 3465 3421 3513 aromata

1826 3550 2184 3616 medicorum,
2216 3549 2313 3603 sed
2337 3558 2416 3614 tu,
2446 3532 2628 3613 Pater,
2656 3564 2744 3604 me
2764 3550 3080 3606 resuscitas.
3105 3548 3292 3621 Neque
3318 3549 3423 3617 illi,

1825 3644 1918 3700 sed
1946 3659 2046 3715 ego
2069 3642 2373 3700 conﬁtebor
2398 3642 2493 3698 tibi
2520 3643 2575 3697 in
2598 3643 2840 3712 populis.

1904 3732 2170 3804 Numquid
2190 3734 2424 3788 narrabit
2453 3734 2643 3802 aliquis
2667 3736 2720 3788 in
2742 3736 2978 3806 sepulcro
3005 3736 3420 3791 misericordiam

1824 3836 1984 3892 luant,
2010 3835 2060 3880 et
2078 3827 2343 3880 veritatem
2364 3837 2512 3894 tuagn
2534 3826 2586 3879 in
2610 3826 2935 3895 perditione?
2964 3826 3077 3882 Non
3101 3835 3156 3882 te
3179 3827 3425 3883 laudabit

1824 3918 2071 3989 sepultus
2090 3917 2145 3972 in
2168 3918 2375 3974 divitiis
2394 3918 2606 3983 ateculi,
2640 3933 2816 3989 neque
2842 3918 3095 3975 habitans
3135 3920 3188 3975 in
3237 3919 3422 3990 perdi-

1827 4014 1974 4068 tione
2001 4012 2234 4083 peccati.

1900 4102 2172 4173 Numquid
2192 4114 2567 4179 cognqscentur
2586 4105 2644 4159 in
2682 4104 2906 4162 tenebris
2929 4102 3186 4158 mirabilia
3226 4113 3341 4169 tua,
3374 4110 3424 4158 et

1818 4198 2028 4269 iustitia
2052 4206 2144 4253 tua
2180 4198 2235 4253 in
2266 4208 2403 4253 terra
2427 4197 2697 4254 oblivionis
2720 4198 2955 4255 ?0tuuis
2999 4197 3141 4253 enim
3172 4198 3267 4269 qui
3295 4196 3426 4252 facit

1828 4298 2131 4363 peccatum,
2155 4289 2276 4346 odit
2297 4291 2495 4359 lucem,
2513 4300 2568 4348 et
2588 4307 2619 4346 a
2639 4306 2873 4361 corpore
2900 4289 3133 4346 terrenis
3156 4302 3425 4361 oppresso

1829 4383 1996 4450 vitiis,
2024 4368 2237 4452 iustitia
2262 4390 2351 4438 tua
2374 4383 2704 4441 occultatur.

1906 4475 2043 4531 Nam
2063 4491 2159 4547 ego
2184 4476 2254 4531 ad
2274 4486 2342 4546 te,
2376 4476 2618 4545 Domine,
2647 4475 2889 4532 clamavi.
2930 4473 2992 4530 lu
3048 4472 3310 4530 orationis
3336 4489 3426 4529 ar.

1826 4583 1987 4625 cano.
2017 4566 2087 4623 Et
2108 4584 2262 4623 mane
2281 4569 2450 4624 oratio
2476 4585 2590 4623 mea
2617 4568 2875 4641 preveniet
2898 4574 2968 4622 te.
2985 4565 3128 4636 Quia
3154 4566 3425 4623 matutina

187 4670 345 4740 Quia
371 4667 572 4740 repleta
597 4673 671 4722 est
711 4663 863 4720 malis
886 4663 1067 4719 anima
1094 4679 1224 4717 mea.
1267 4662 1511 4719 Peccatis
1543 4663 1724 4735 populi
1752 4639 1803 4699 ἶ)
1830 4676 1918 4718 me
1936 4661 2342 4718 resurrectione
2365 4639 2716 4718 clarilicabis.

110 4762 427 4836 pereuntia.
464 4758 530 4815 Et
557 4759 643 4814 uia
672 4774 787 4814 mea
810 4757 867 4811 in
886 4757 1093 4829 inferno
1112 4756 1561 4829 apprOpinquavit.
1591 4754 1726 4814 Cum

108 4872 220 4930 pro
264 4857 357 4913 his
385 4857 477 4928 qui
520 4860 771 4926 pereunt,
812 4850 1020 4907 trador.

184 4949 521 5007 zEstitttalus
540 4963 655 5001 sum
677 4961 795 5000 cum
816 4942 1242 5000 descendentibus
1268 4942 1323 4997 in
1351 4942 1541 4996 lacum.
1572 4941 1731 4999 Sicut

100 5043 368 5114 reliquos
418 5046 734 5110 peccatores
767 5049 853 5091 me
898 5034 952 5090 in
995 5044 1226 5090 mortem
1287 5034 1536 5105 redigere
1582 5034 1728 5090 arbi-

94 5136 242 5193 trati
276 5142 576 5191 suntmec
624 5144 912 5200 resurgere
954 5127 1323 5184 crediderunt.
1372 5126 1567 5182 Factus
1607 5144 1725 5183 sunt

92 5230 247 5287 sicut
282 5229 437 5282 lsotuo
460 5226 571 5281 sine
590 5223 880 5297 adjutorio.
908 5220 1043 5278 Cum
1076 5237 1182 5277 non
1210 5230 1294 5277 est
1324 5220 1555 5277 libertati
1589 5236 1724 5277 mete

98 5323 311 5380 socius
342 5320 397 5375 in
429 5318 648 5376 inferno
674 5336 686 5372 :
712 5333 811 5372 ucc
838 5316 1055 5386 adiutor
1085 5316 1152 5372 ad
1182 5315 1545 5371 liberandum.
1577 5314 1724 5372 Inter

98 5426 360 5474 mortuos
379 5415 529 5471 liber.
570 5412 743 5469 Nemo
773 5427 861 5468 me
893 5412 948 5466 in
980 5411 1196 5467 inferno
1242 5410 1410 5465 vinxit
1451 5426 1466 5463 :
1494 5410 1589 5467 sed
1620 5425 1724 5482 ego

96 5513 434 5569 vinctorum
457 5515 704 5564 catenam
726 5504 945 5578 propria
968 5504 1169 5561 virtute
1195 5503 1397 5560 laxavi.

178 5606 350 5663 Sicut
393 5600 655 5657 uulnerati
704 5599 1017 5656 dormientes
1064 5600 1120 5654 in
1169 5599 1463 5670 sepulcris:
1498 5615 1718 5670 quorum

94 5718 211 5757 non
243 5714 309 5754 es
350 5712 544 5751 memor
570 5694 819 5765 amplius.
850 5692 1006 5749 Sient
1045 5692 1226 5747 satiati
1273 5690 1478 5746 divitiis
1508 5691 1717 5765 seculi,

92 5804 156 5853 et
188 5794 255 5849 in
302 5789 510 5862 stupris
538 5796 705 5859 atque
722 5782 1173 5842 Maecenatibus
1200 5782 1426 5854 sepulti,
1452 5798 1485 5839 ιι
1524 5791 1580 5840 te
1602 5798 1715 5840 non

91 5893 521 5953 memorantur,
551 5882 624 5941 ita
652 5889 705 5937 et
734 5893 837 5952 ego
855 5894 886 5937 a
912 5875 1084 5933 corde
1124 5884 1313 5948 raptus
1341 5890 1465 5935 sum
1497 5876 1720 5937 Iudaeo-

1905 4755 2122 4827 thuid,
2148 4755 2392 4823 Domine,
2416 4755 2626 4824 repellis
2666 4754 2953 4811 orationem
2990 4768 3159 4808 meum
3181 4768 3201 4808 :
3232 4751 3428 4811 avertis

1828 4848 2016 4918 {aciem
2036 4857 2179 4902 tuam
2202 4864 2236 4902 a
2257 4849 2375 4904 me!
2396 4846 2473 4907 Ut
2497 4862 2605 4904 nan
2635 4855 2879 4903 transeat
2898 4845 3037 4905 calix
3066 4844 3194 4902 iste.

1901 4938 2116 5012 Pauper
2144 4955 2262 4994 sum
2282 4956 2399 5011 ego,
2431 4948 2481 4994 et
2503 4940 2559 4994 in
2583 4940 2846 4995 laboribus
2891 4957 2923 4995 a
2966 4942 3239 5012 juventute
3286 4954 3423 4995 mea.

1829 5032 1870 5084 Α
1920 5039 2168 5104 tempore
2209 5033 2752 5104 carnisassutuptte.
2800 5030 3083 5088 Exaltatus
3121 5040 3317 5085 autem.
3365 5031 3424 5089 In

1826 5138 2011 5180 cruce.
2037 5123 2362 5181 Humiliatus
2389 5142 2525 5181 sum.
2559 5125 2616 5180 in
2645 5125 2920 5197 sepulcro.
2964 5123 3032 5180 Et
3069 5122 3422 5180 conturbatus.

1827 5220 1884 5276 In
1912 5228 2107 5276 morte.

1900 5310 1967 5368 In
1990 5327 2070 5367 me
2111 5311 2432 5367 transierunt
2474 5312 2569 5367 ἔγω
2617 5319 2738 5367 tute.
2791 5309 3178 5374 Transierunt,
3219 5316 3275 5365 et
3317 5321 3426 5364 non

1826 5406 2205 5476 perstiterunt.
2234 5404 2297 5461 Et
2322 5414 2548 5460 terrores
2570 5406 2648 5460 tui
2677 5403 3112 5461 conturbauerunt
3141 5418 3242 5457 tne.
3272 5400 3427 5472 Ipsos

1824 5513 1969 5570 quos
1990 5498 2243 5569 superius
2273 5498 2541 5570 ingentes
2568 5514 2655 5555 me
2682 5497 2986 5555 eﬂ‘usurum
3010 5495 3388 5567 pronuntiavi.

1896 5591 2469 5649 .Circumdederuntme
2493 5595 2628 5649 sicut
2657 5582 2793 5665 atina
2826 5602 2937 5647 tota
2980 5592 3088 5647 die.
3143 5591 3316 5649 lude
3368 5592 3428 5648 in

1830 5685 2086 5744 ﬂuctibus
2108 5687 2580 5759 persecutionum.
2604 5686 3073 5745 Circumdederuatl
3121 5703 3203 5742 me
3248 5686 3425 5751 simul.

1835 5781 2093 5841 Pharistei
2117 5796 2238 5839 cum
2271 5780 2686 5839 sacerdotibus:
2738 5779 2940 5838 Pilatus
2989 5794 3113 5838 cum
3162 5778 3428 5852 principi-

1830 5877 1955 5946 bus,
1975 5887 2037 5935 et
2062 5876 2303 5949 populis.
