3954 6340
450 370 586 432 1087

1243 357 1583 419 APPENDIX
1627 355 1719 416 AD
1758 351 2005 412 TOMUM
2043 348 2403 410 SEPTIMUM
2546 341 2948 403 IIIERONYMI.

3613 329 3637 387 I
3648 326 3752 388 083

520 484 796 558 Elongasti
820 501 853 539 a
879 499 959 539 me
984 480 1209 538 anticum
1230 486 1275 534 et
1295 478 1610 552 proximum.
1632 472 1918 530 Proximus
1938 476 2043 535 est,
2074 469 2127 531 Α
2150 465 2458 523 testatihtts.
2492 463 2693 519 Motum
2719 470 2891 516 autem
2945 461 3201 529 ﬂuctuum
3243 455 3356 527 ejus
3406 460 3463 507 tu
3520 449 3753 521 mitigas.

449 584 541 655 qui
567 581 691 637 facit
707 575 1137 636 misericordiam
1162 594 1175 630 :
1200 574 1291 645 qui
1309 587 1519 629 mecum
1534 585 1641 627 non
1662 576 1748 625 est
1768 568 2043 623 inventus:

452 673 522 731 Et
545 682 694 729 notos
723 687 862 727 meos
891 687 925 724 a
964 668 1193 725 miseria.
1223 666 1345 722 Prae
1391 662 1709 720 confusione
1757 658 2047 732 passionis,

452 769 620 825 etiam
663 765 765 837 ipsi
814 763 1046 836 apostoli
1095 760 1331 834 elongati
1376 766 1502 815 sunt
1551 772 1583 814 a
1627 771 1736 813 me.
1767 754 1905 810 Hinc
1936 753 2048 824 jam

452 857 789 915 descendens
808 855 877 912 ad
899 854 1193 921 infernum,
1216 853 1284 908 de
1305 866 1464 906 manu
1483 847 1688 920 alligati
1710 846 1890 910 fortis,
1921 858 2050 914 spo-

454 952 523 1008 lia
552 958 856 1023 reportans,
904 945 1167 1020 praevenit
1209 929 1469 1000 matutina
1496 941 1616 1013 ejus
1661 938 1907 1009 operatio
1950 935 2054 990 Pa-

456 1052 595 1101 trem
625 1060 639 1096 :
669 1057 791 1099 cum
818 1055 978 1097 mane
1001 1050 1290 1108 resurgens
1333 1032 1583 1106 apparuit
1629 1029 1831 1086 multis.
1880 1027 2052 1096 Quem

455 1154 556 1196 nos
584 1135 853 1207 supplices
881 1135 1257 1203 deprecamur,
1302 1137 1363 1184 ut
1389 1128 1607 1200 plebem
1655 1139 1750 1179 sua
1802 1121 2056 1193 passione

457 1231 709 1302 nlaqueo
734 1228 934 1284 inferni
959 1226 1209 1290 liberam,
1254 1237 1350 1278 sua
1403 1218 1717 1276 fortitudine
1770 1215 2052 1281 roborare,

462 1340 528 1380 ac
554 1322 623 1379 de
642 1321 895 1378 secunda:
924 1318 1117 1374 mortis
1165 1315 1399 1372 nexibus
1426 1312 1678 1384 dignetur
1721 1307 2008 1364 absolvere
2038 1324 2053 1359 :

461 1425 521 1472 ut
541 1413 783 1486 expediti
812 1427 877 1469 ac
902 1411 1080 1480 liberi,
1110 1424 1279 1482 regno
1318 1408 1436 1479 ejus
1462 1418 1768 1461 mereamur
1812 1399 2055 1471 adjungi.

458 1507 566 1581 Ipsi
594 1507 765 1578 gloria
809 1512 864 1561 et
909 1504 1200 1574 imperium
1231 1516 1357 1557 cum
1410 1510 1620 1555 aeterno
1651 1496 1812 1552 Patre
1839 1502 1895 1549 et
1935 1490 2061 1563 Spi-

459 1599 571 1655 ritu
595 1605 787 1653 sancto
817 1597 873 1652 in
902 1603 1092 1651 cuncta
1115 1591 1319 1648 smcula
1347 1590 1696 1647 steculorum.
1728 1585 1927 1643 Amen.

895 1728 1215 1787 PSALMUS
1293 1722 1631 1783 LXXXVIII.

464 1827 765 1885 Intellectus
804 1824 1009 1881 Αῐιὴαη
1036 1822 1312 1879 Israelitw.
1342 1822 1448 1879 Isle
1489 1819 1732 1889 psalmus
1775 1817 1828 1871 in
1871 1814 2054 1889 multis

539 1900 769 1955 vocibus
803 1899 1139 1953 continetur.
1175 1895 1351 1950 Ilabet
1378 1887 1523 1949 enim
1556 1905 1744 1945 vocem
1772 1888 1950 1943 Patris
1979 1887 2047 1940 ad

538 1971 760 2036 Filium,
784 1969 909 2024 Filii
937 1967 1003 2023 ad
1019 1968 1232 2023 Patrem
1265 1984 1277 2018 :
1303 1963 1592 2036 Ecclesiae,
1621 1962 1898 2036 ipsiusque
1924 1972 2053 2028 pro-

548 2032 756 2113 pheta»,
773 2041 856 2094 vel
892 2038 1293 2113 apostolorum.
1316 2036 1398 2091 Ex
1428 2032 1750 2106 prophetica
1771 2046 1901 2102 ergo
1929 2043 2062 2086 voce

541 2110 622 2171 sic
647 2114 868 2170 inchoat
897 2110 965 2167 ad
993 2110 1212 2167 Patrem
1248 2125 1263 2163 :

541 2248 928 2305 Misericordias
969 2245 1183 2302 Domini
1250 2245 1303 2299 in
1360 2251 1611 2299 teternum
1655 2239 1895 2296 cantabo.
1935 2236 2062 2294 Illas

466 2341 889 2409 misericordias,
946 2339 1144 2410 quibus
1199 2337 1479 2393 hominem
1516 2342 1741 2406 peccato
1786 2340 2061 2389 mortuum

469 2434 720 2508 dignatus
746 2448 808 2490 es
838 2433 1060 2489 visitare
1093 2446 1189 2503 per
1211 2430 1439 2486 Filium.

541 2531 586 2584 Α
633 2528 965 2603 generatione
1020 2536 1069 2582 et
1118 2526 1466 2598 generatione.
1522 2521 1569 2579 A
1621 2520 1790 2577 veteri
1824 2520 1877 2575 in
1923 2531 2066 2575 novo

469 2621 841 2679 Testamento.
890 2618 1219 2675 Annuntiabo
1270 2618 1534 2673 veritatem
1584 2625 1747 2670 tuam.
1791 2612 2063 2670 Christum

471 2726 645 2771 tuum.
674 2713 739 2768 In
765 2728 856 2768 ore
881 2728 1012 2767 meo.
1045 2709 1102 2766 In
1129 2726 1235 2783 quo
1258 2708 1531 2765 confessio
1565 2707 1625 2762 lit
1649 2706 1716 2762 ad
1738 2706 1992 2762 salutem.

548 2809 809 2875 Quoniam
840 2807 1017 2862 dixisti
1047 2791 1140 2860 :in
1165 2814 1413 2860 aeternum
1437 2802 1795 2858 misericordia
1835 2798 2068 2870 aediﬁca-

472 2902 633 2960 bitur.
670 2900 901 2973 Semper
949 2900 1095 2958 enim
1154 2899 1432 2954 miseratio
1482 2907 1567 2951 tua
1624 2896 1970 2962 sublimatur,
2012 2904 2069 2950 et

473 3012 768 3069 numquam
796 2994 1117 3051 destruitur.
1174 2992 1244 3047 In
1287 2992 1428 3047 cmlis
1468 2991 1847 3064 pra’parabitur
1882 2990 2071 3044 veritas

478 3100 591 3147 tua.
617 3090 675 3146 In
700 3089 964 3161 apostolis
989 3086 1432 3159 prmdestinatur.
1464 3083 1604 3139 Hine
1629 3099 1731 3139 vox
1759 3082 1939 3137 Patris
1971 3100 1983 3136 :

545 3180 795 3261 Disposui
823 3186 1185 3261 testamentum
1201 3193 1369 3232 meum
1390 3175 1560 3231 electis
1587 3175 1732 3229 meis.
1750 3172 2071 3229 Doctoribus

2148 560 2503 617 Tentationes
2530 570 2666 628 quas
2696 560 3040 611 commovent
3061 549 3234 608 servis
3254 547 3386 604 tuis.

2225 653 2303 708 Tu
2328 652 2614 707 Itumiliasti
2639 651 2770 704 sicut
2808 647 3132 704 vulneratam
3180 641 3480 713 superbum.
3540 635 3759 693 Diabo-

2150 748 2285 816 lum,
2316 747 2407 818 qui
2435 745 2606 802 clavis
2633 742 2811 800 crucis
2833 750 2943 797 tute
2968 739 3262 806 sauciatus,
3306 733 3634 790 humiliatus
3673 736 3760 785 est

2152 841 2208 897 in
2239 840 2449 912 spoliis.
2482 839 2558 895 Tu
2588 841 2641 893 in
2672 839 2854 893 virtute
2884 833 3081 891 brachii
3122 832 3198 912 tui
3249 826 3545 901 dispersisti
3582 823 3760 879 inimi-

2152 951 2237 990 cos
2259 944 2394 990 tuos.
2425 932 2703 989 Satellius
2729 930 2871 1000 ejus.
3152 904 3165 919 ’

2229 1026 2328 1081 Tui
2348 1034 2465 1081 sunt
2487 1024 2623 1093 caeli,
2654 1032 2703 1079 et
2732 1031 2823 1077 tua
2844 1030 2919 1076 est
2950 1029 3112 1075 terra.
3161 1013 3407 1088 Apostoli
3440 1011 3529 1068 vel
3562 1007 3765 1081 reliqui

2155 1121 2368 1177 sancti:
2401 1119 2489 1190 qui
2518 1119 2570 1174 in
2600 1115 2763 1173 terris
2803 1114 2984 1185 positi,
3031 1111 3313 1168 caelestem
3353 1106 3526 1161 vitam
3567 1111 3762 1174 agunt.

2161 1215 2347 1269 Orbem
2368 1222 2623 1268 terrarum
2648 1220 2694 1265 et
2723 1207 3093 1281 plenitudinem
3109 1208 3226 1279 ejus
3248 1212 3301 1257 tu
3323 1200 3587 1274 fundasti.
3607 1195 3766 1254 Haud

2158 1310 2381 1367 dubium
2412 1316 2496 1363 est
2528 1304 2685 1376 hujus
2714 1302 2900 1359 mundi
2940 1299 3329 1371 plenitudinem
3356 1310 3389 1351 a
3420 1305 3471 1349 te
3497 1306 3765 1364 procrea-

2161 1418 2293 1462 tam.
2323 1404 2428 1462 Sed
2458 1413 2510 1458 et
2538 1403 2686 1457 illam
2718 1399 2963 1454 vivorum
2991 1403 3216 1461 terram,
3250 1392 3304 1447 in
3333 1405 3440 1463 qua
3472 1386 3767 1461 plenitudo

2158 1496 2481 1565 sanctitatis,
2510 1504 2563 1551 te
2587 1491 2982 1554 introducente,
3010 1484 3351 1554 inhabitahit,
3372 1495 3425 1538 tu
3441 1478 3770 1553 praeparasti

2160 1591 2349 1648 electis
2372 1590 2499 1644 tuis.
2527 1587 2828 1658 Aquilonem
2852 1591 2901 1637 et
2928 1597 3069 1635 mare
3094 1589 3150 1633 tu
3176 1576 3380 1633 creasti.
3414 1574 3620 1644 Aquilo
3648 1572 3766 1626 An-

2162 1682 2438 1740 tieltristus
2469 1677 2806 1749 intelligitur.
2844 1675 2918 1729 De
2944 1686 3050 1743 quo
3075 1672 3152 1725 ait
3174 1670 3317 1725 Deus
3337 1666 3406 1722 ad
3431 1663 3767 1722 Jeremiam:

2163 1775 2247 1832 Ab
2269 1774 2522 1846 aquilone
2545 1770 2811 1841 pandetur
2839 1767 3038 1822 malum
3068 1778 3234 1835 super
3270 1768 3500 1817 cunctos
3550 1756 3771 1813 habita-

2085 1861 2132 1921 B
2160 1877 2304 1924 tores
2334 1875 2492 1922 terra:
2521 1862 2732 1937 (Jerem.
2765 1860 2827 1933 1).

2233 1961 2461 2028 Thabor,
2491 1970 2541 2015 et
2570 1958 2803 2014 Heruteu
2821 1956 2875 2010 in
2896 1953 3103 2009 nomine
3128 1959 3218 2006 tuo
3247 1947 3601 2006 cxsultabunt.
3626 1944 3771 2001 Her-

2163 2056 2306 2121 man,
2338 2053 2579 2124 inquam,
2604 2049 2876 2105 anathema
2907 2047 3330 2116 interpretatur:
3370 2042 3514 2097 sicut
3545 2041 3597 2093 in
3629 2053 3770 2110 qua-

2163 2145 2468 2218 dragesimo
2517 2144 2692 2214 primo
2740 2140 3096 2211 exposuimus
3127 2137 3355 2208 psalmo.
3394 2132 3607 2188 Thabor
3634 2146 3771 2186 vero

2166 2241 2370 2296 veniens
2399 2239 2592 2304 tamen,
2621 2236 2711 2292 vel
2733 2236 2913 2291 veniat
2933 2234 3045 2289 lux.
3072 2231 3241 2304 Igitur
3269 2231 3370 2286 iste
3387 2228 3479 2300 qui
3502 2227 3585 2282 vel
3608 2237 3772 2297 opta-

2167 2333 2297 2400 tivc,
2327 2333 2409 2389 vel
2440 2331 2757 2404 prophetice
2810 2328 3069 2385 advenire
3115 2324 3503 2398 pronuntiatur
3550 2321 3768 2386 lumen,

2166 2438 2324 2485 vetus
2355 2426 2671 2498 intelligitur
2695 2424 3128 2480 Testamentum.
3181 2418 3281 2475 Ille
3307 2433 3439 2474 vero
3489 2414 3584 2488 qui
3628 2428 3769 2469 ana-

2169 2524 2375 2591 thema,
2404 2522 2457 2577 id
2488 2528 2592 2590 εει,
2620 2508 2979 2591 perditionem
3037 2515 3270 2587 profert,
3312 2527 3511 2568 novum
3570 2508 3775 2566 Testa-

2169 2627 2409 2676 mentum
2439 2615 2698 2681 ostendit,
2727 2615 2781 2670 in
2812 2627 2923 2685 quo
2950 2619 3166 2682 peccata
3207 2604 3663 2663 anathematizari
3682 2603 3776 2674 ju-

2168 2714 2386 2781 bentur,
2414 2710 2629 2767 dicente
2658 2707 2889 2764 Domino
2917 2723 2932 2760 :
2962 2704 3074 2761 Nisi
3100 2700 3473 2775 paenitentiam
3519 2698 3775 2769 egeritis,

2170 2822 2362 2863 omnes
2393 2804 2648 2861 similiter
2690 2800 2954 2873 peribitis.
3001 2796 3293 2854 Exsultent
3335 2808 3464 2866 ergo
3506 2792 3673 2848 ambo
3715 2791 3776 2847 in

2172 2899 2389 2956 nomine
2416 2896 2633 2953 Domini
2666 2913 2680 2950 :
2712 2909 2833 2949 cum
2865 2891 2949 2948 vel
2991 2890 3082 2947 ille
3127 2889 3311 2944 lumen
3342 2885 3530 2941 mundi
3574 2884 3779 2939 venire

2171 2992 2496 3050 vaticinatur
2520 3008 2536 3046 :
2562 2989 2646 3044 vel
2678 2988 2781 3044 iste
2804 3000 2929 3042 eum
2962 2983 3015 3039 in
3043 2982 3161 3054 ipso
3187 2979 3389 3036 mundo
3409 2979 3522 3049 jam
3559 2977 3776 3044 lucere,

2172 3084 2340 3155 signis
2369 3081 2767 3148 virtutibusque
2791 3078 3147 3133 demonstrat.
3161 3072 3337 3129 Tuum
3361 3071 3631 3127 brachium
3654 3085 3778 3124 cum

2177 3177 2428 3250 potentia.
2457 3172 2745 3232 Fortitudo
2769 3180 2859 3228 tua
2880 3184 3005 3226 cum
3029 3183 3091 3225 ea
3118 3182 3223 3239 qua
3242 3165 3504 3231 volueris,
3529 3163 3779 3220 efﬁcacia

476 3258 873 3339 Ecclesiarum,
889 3271 1253 3343 utacquisitos
1267 3284 1362 3340 per
1374 3269 1602 3340 gratiam
1619 3267 1959 3339 populos,vel
1974 3266 2069 3322 do-
2097 3260 2144 3325 C
2177 3269 2509 3343 przcvalebit.

474 3366 748 3434 ceant,vel
762 3364 1072 3420 infurment:
1087 3361 1270 3418 lat-avi
1281 3361 1453 3417 David
1462 3377 1609 3416 servo
1620 3378 1748 3416 meo.
1765 3361 1858 3416 Dei
1874 3360 2073 3432 quippe

474 3462 697 3533 juralio,
717 3458 1095 3532 promissionis
1117 3466 1198 3513 est
1218 3456 1579 3513 confirmatio.
1598 3455 1767 3510 David
1779 3471 1924 3511 servo
1935 3470 2070 3524 meo,

479 3555 533 3613 id
560 3564 664 3622 est,
682 3554 903 3611 Christo
920 3552 1185 3609 Domino:
1215 3551 1307 3624 qui
1335 3567 1401 3608 ex
1424 3566 1626 3623 genere
1648 3551 1819 3621 David
1850 3564 2073 3606 carnem

479 3646 793 3718 assumpsit.
814 3644 986 3717 Usque
1012 3646 1066 3699 in
1091 3655 1343 3700 (sternam
1368 3641 1675 3716 pratparabo
1700 3658 1875 3699 semen
1904 3651 2074 3697 tuum.

479 3739 541 3796 In
563 3738 913 3796 credentibus
943 3736 1228 3794 Ecclesiae.

554 3832 618 3888 Et
658 3831 924 3903 aediﬁcabo
946 3832 999 3885 in
1019 3831 1369 3902 generatione,
1395 3836 1442 3884 et
1472 3828 1869 3903 generationem
1904 3826 2079 3882 sedem

480 3938 645 3985 tuam.
689 3928 865 3998 Ipsam
907 3925 1209 3983 Ecclesiam
1244 3926 1297 3980 in
1335 3939 1437 3997 qua
1479 3938 1583 3980 ceu
1625 3938 1726 3979 rex
1768 3904 1986 3979 sedebis
2025 3922 2078 3977 iu

483 4030 772 4078 aeternum.
802 4018 1004 4075 lterum
1028 4019 1295 4090 propheta
1326 4018 1403 4072 ait
1433 4036 1447 4074 :

555 4112 947 4185 Conﬁtebuntur
991 4112 1102 4167 caeli
1130 4109 1389 4166 mirabilia
1425 4120 1563 4181 tuar
1588 4108 1811 4164 Domine
1847 4124 1867 4163 :
1895 4108 2082 4163 etenim

482 4207 747 4262 veritatem
774 4215 915 4259 tuam
942 4205 997 4258 in
1021 4202 1253 4259 Ecclesia
1273 4211 1600 4257 sanctorum.
1651 4200 1896 4271 Apostoli
1933 4201 2082 4256 enim

484 4297 859 4372 praedicabunt
879 4295 1063 4354 Iesum
1086 4293 1387 4361 Cbristttm,
1437 4303 1493 4350 et
1530 4309 1652 4365 quae
1680 4307 1777 4365 per
1804 4306 1929 4348 eum
1953 4308 2078 4364 Ope-

485 4391 629 4449 raris
655 4391 708 4446 in
731 4389 1157 4462 congregatione
1183 4396 1525 4443 sanctorum.

562 4483 823 4552 Quoniam
866 4483 981 4553 quis
1020 4483 1075 4536 in
1128 4480 1350 4536 nubibus
1395 4478 1682 4549 wquabitur
1728 4478 1997 4533 Domino?
2024 4478 2085 4535 In

485 4576 771 4651 prophetis
795 4575 1001 4646 utique.
1030 4574 1133 4628 Aut
1161 4575 1278 4645 quis
1302 4572 1487 4628 similis
1505 4572 1601 4627 erit
1621 4568 1848 4626 Domino
1870 4572 1925 4625 in
1954 4570 2082 4641 ﬁliis

2248 3361 2515 3418 Firmetar
2536 3376 2720 3416 manus
2747 3368 2856 3414 tua.
2897 3357 3073 3427 Opera
3111 3369 3231 3425 qua:
3263 3350 3396 3407 facis
3445 3350 3497 3404 in
3547 3347 3780 3405 mundo.

2178 3459 2246 3516 Et
2268 3460 2521 3515 exaltetur
2551 3456 2762 3511 dextera
2811 3463 2919 3508 tua.
2960 3450 3218 3519 Majestas
3248 3458 3360 3510 tua,
3394 3443 3483 3500 vel
3528 3442 3783 3499 Ecclesia

2177 3555 2231 3612 in
2262 3553 2511 3627 gentibus
2537 3550 2821 3621 acquisita.
2854 3546 3072 3602 Iustitia
3105 3553 3154 3599 et
3167 3541 3433 3617 judicium
3454 3538 3783 3612 prteparatio

2176 3650 2317 3706 sedis
2344 3659 2467 3705 tute.
2496 3645 2607 3702 Nisi
2636 3643 2758 3716 quis
2780 3643 2929 3713 prius
2951 3638 3221 3713 justitiam
3272 3633 3656 3708 judiciumque
3704 3631 3783 3687 ie-

2179 3746 2336 3810 cerit,
2365 3758 2472 3799 non
2504 3748 2681 3811 potest
2699 3737 2844 3794 efﬁci
2872 3736 3030 3793 sedes
3062 3744 3176 3790 tua.

2253 3834 2719 3892 Misericordiae!
2762 3830 2959 3885 veritas
3021 3823 3322 3897 praecedunt
3369 3821 3557 3895 faciem
3613 3828 3781 3873 tuam.

2181 3931 2282 3989 Ubi
2311 3930 2457 3986 enim
2490 3922 2861 3981 misericordia
2892 3935 2954 3976 ac
3004 3919 3209 3974 veritas
3256 3915 3611 3977 comitantur,
3670 3910 3785 3965 illic

2180 4031 2237 4079 et
2266 4019 2530 4091 inspectio
2556 4015 2711 4071 faciei
2752 4024 2857 4070 tuae
2903 4011 3263 4068 convertitur.
3314 4006 3509 4062 Beatus
3554 4005 3783 4077 populus

2183 4116 2273 4187 qui
2320 4113 2414 4168 scit
2434 4109 2825 4184 jnbilntionem.
2866 4103 3221 4179 Spiritttalem
3271 4101 3456 4171 utique
3497 4096 3787 4168 jubilatio—

2184 4224 2335 4272 nem,
2365 4221 2463 4277 per
2491 4214 2647 4274 quam
2684 4200 2868 4257 mundi
2921 4196 3175 4269 nequitiae
3221 4192 3591 4251 collidentur:
3639 4190 3788 4244 sicut

2183 4298 2455 4371 quondam
2477 4293 2940 4367 adjubilationetn
2970 4290 3121 4358 Jesu,
3154 4296 3209 4344 et
3238 4285 3608 4352 sacerdotum,
3637 4282 3785 4339 Jeri-

2185 4394 2290 4451 cbo
2320 4392 2546 4458 corruit,
2576 4388 2760 4445 mundi
2776 4388 3002 4459 figuram
3033 4393 3226 4440 tenens
3249 4379 3475 4456 (Iosue).

2258 4487 2506 4557 Domine,
2537 4486 2590 4539 in
2619 4483 2813 4540 lumine
2834 4481 3005 4536 vultus
3043 4480 3122 4534 tui
3149 4475 3517 4555 ambulabunt.
3566 4473 3625 4528 In
3656 4471 3789 4529 illu-

2189 4580 2483 4639 minutione
2509 4578 2693 4649 utique
2731 4575 2969 4646 Spiritus
3011 4572 3207 4628 sancti.
3245 4570 3310 4625 Et
3350 4570 3405 4623 in
3436 4566 3647 4623 nomine
3698 4576 3791 4620 tuo

489 4650 623 4727 De"
650 4669 804 4725 Mum
830 4676 959 4724 sum
989 4667 1081 4723 “lii
1113 4668 1208 4723 Dei
1233 4682 1330 4738 [δεῖ
1358 4664 1704 4737 adoPtionem
1736 4681 1749 4719 ε
1779 4663 1876 4720 sed
1903 4664 2083 4719 "0”05
2111 4650 2166 4712 D
2191 4671 2520 4731 exsultabant
2545 4679 2651 4725 tota
2680 4669 2782 4723 die.
2813 4666 2871 4722 In
2900 4664 3122 4721 nomine
3147 4663 3240 4719 illo
3268 4675 3409 4717 novo
3438 4658 3588 4730 quod
3616 4657 3789 4713 bene-

494 4762 778 4834 unigenito
805 4759 944 4816 Filio
972 4759 1239 4816 veroDeo
1271 4767 1447 4829 potest
1472 4756 1788 4813 assimilari.

2195 4767 2392 4823 dicitur
2412 4764 2465 4819 itt
2494 4764 2679 4828 terris,
2703 4760 2756 4815 id
2781 4768 2885 4825 cst,
2908 4757 3237 4814 Christiano.
3282 4754 3347 4809 Et
3380 4754 3438 4807 in
3461 4763 3553 4808 tua
3578 4750 3795 4824 jnstitia

564 4854 727 4922 De”:
749 4854 838 4927 qui
867 4853 1198 4929 gloriﬁcatur
1243 4853 1298 4933 ίζι
1348 4850 1564 4907 consul"
1610 4859 1930 4906 δαηείοτιιηι·
1981 4849 2085 4905 Par
2120 4924 2125 4929 ,
2195 4857 2581 4917 exaltabuntur.
2613 4852 2923 4923 Sequentes
2952 4858 3115 4920 atque
3134 4846 3511 4905 custodientes
3534 4858 3681 4898 eam.

491 4948 732 5007 raeletus
748 4946 985 5013 scilicet,
1000 4945 1090 5016 qui
1113 4945 1166 5001 in
1190 4944 1615 5015 congregatione
1632 4942 1930 5015 apostolica
1950 4942 2054 4997 ado

2270 4952 2531 5020 Quoniam
2560 4947 2730 5021 gloria
2747 4946 2946 5001 virtutis
2963 4959 3141 4999 eorum
3162 4952 3219 4997 tu
3245 4957 3316 4995 es.
3346 4938 3402 4995 In
3440 4948 3495 4995 te
3510 4940 3659 4994 enim
3676 4936 3800 5008 glo-

492 5042 697 5101 randus
718 5049 857 5108 erat,
886 5039 1111 5110 aequalis
1140 5052 1263 5095 esse
1287 5038 1433 5094 Patri
1461 5053 1525 5095 ac
1555 5037 1692 5094 Filio
1736 5037 2059 5109 praedicatur

2194 5048 2425 5114 riantur,
2451 5054 2506 5101 et
2530 5058 2637 5099 non
2667 5042 2721 5097 itt
2753 5041 2880 5096 alio.
2913 5037 2981 5092 Et
3012 5038 3066 5092 in
3106 5036 3423 5107 beneplacito
3450 5043 3539 5088 tuo
3586 5033 3796 5088 exaltu.-

493 5138 628 5195 Nam
660 5144 714 5194 θι
747 5134 1005 5191 ⁰⁰¹Υ¹Ῐ¹¹¹¹δ
1035 5134 1197 5190 Jesus
1224 5132 1473 5188 Chrisms
1500 5148 1622 5188 cum
1651 5133 1809 5189 Ρ³¹¹⁵θ
1854 5142 1909 5187 ει
1959 5131 2087 5202 ΞΡῘ·
2195 5140 2333 5197 bitur
2360 5154 2527 5192 cornu
2550 5145 2809 5191 nostrum.
2830 5132 2985 5189 Sicut
3010 5130 3154 5187 enim
3177 5129 3257 5185 eis
3294 5127 3641 5198 beneplacita
3675 5125 3801 5181 fue-

491 5231 599 5288 ritu
630 5239 844 5296 saneto,
870 5244 977 5284 una
1008 5228 1258 5285 subsistit
1286 5227 1705 5297 omnipotentis.
1764 5226 1991 5298 Magnus
2046 5237 2094 5282 et
2193 5240 2322 5289 runt
2347 5235 2617 5300 praecepta
2641 5236 2769 5282 tua:
2820 5225 2891 5280 ita
2921 5223 3019 5279 tibi
3060 5219 3462 5292 beneplacitum
3513 5227 3620 5287 est,
3651 5226 3710 5274 ut
3740 5218 3804 5276 in

499 5322 786 5378 horrendus
807 5338 965 5390 super
988 5337 1166 5377 omnes
1190 5320 1278 5391 qui
1305 5321 1357 5374 in
1392 5321 1613 5374 circuitu
1644 5323 1755 5393 ejus
1799 5329 1939 5373 sunt.
1988 5318 2093 5388 Qui
2200 5337 2251 5381 ιθ
2272 5323 2541 5380 exalteiur
2565 5322 2740 5376 virtus
2768 5332 2982 5374 eorum.

499 5421 549 5475 ei
585 5434 680 5488 per
707 5417 1071 5473 innocentiam
1100 5416 1223 5471 vita:
1256 5418 1693 5486 appropinquare
1719 5422 2054 5469 meruerunt.
2271 5415 2529 5483 Quoniam
2561 5412 2772 5467 Domini
2800 5418 2873 5465 est
2898 5406 3185 5480 assumptio
3213 5415 3409 5463 nostra.
3443 5405 3642 5461 Carnis
3683 5405 3809 5460 uti-

576 5511 793 5567 Domine
808 5509 949 5566 Deus
972 5511 1236 5581 virtutum,
1257 5509 1374 5582 quis
1405 5508 1589 5563 similis
1619 5506 2007 5562 tibi?Potentia
2041 5514 2098 5563 et
2199 5526 2326 5583 que.
2352 5509 2419 5564 Et
2439 5508 2608 5564 sancti
2637 5503 2807 5561 Israel
2832 5503 2969 5575 regis
2996 5501 3183 5556 nostri.
3218 5500 3396 5570 Ipsius
3426 5498 3644 5556 Domini
3670 5514 3811 5556 nos-

494 5607 715 5664 virtute.
745 5603 938 5659 Potens
963 5619 1037 5673 es,
1069 5601 1310 5671 Domine,
1342 5611 1390 5659 et
1415 5603 1601 5658 veritas
1648 5610 1738 5657 tua
1783 5603 1838 5657 in
1876 5603 2097 5660 circuitu
2201 5606 2270 5663 tri
2290 5606 2418 5662 Jesu
2449 5602 2673 5670 CltriSIi,
2705 5600 2795 5671 qtti
2821 5598 2877 5654 in
2905 5597 3149 5653 Ecclesia
3177 5604 3388 5669 regnat.
3430 5594 3570 5652 IIinc
3598 5595 3815 5654 iterum

498 5710 606 5756 tuo.
640 5698 702 5753 lli
725 5696 794 5753 de
815 5696 1009 5768 quibus
1036 5696 1152 5767 ipse
1172 5698 1347 5769 quies
1372 5696 1598 5763 veritas,
1623 5696 1703 5752 ais
1729 5713 1742 5751 :
1767 5695 1930 5752 Pater
1946 5696 2093 5769 volo,
2199 5698 2464 5776 propheta
2495 5697 2563 5752 ad
2594 5697 2808 5752 l’atrem
2838 5692 3080 5765 loquitur
3112 5706 3130 5746 :

501 5802 561 5851 υῑ
584 5793 678 5849 “bi
716 5805 819 5864 080
844 5806 988 5859 sum.
1017 5801 1073 5848 θι
1101 5792 1202 5863 ῐρεί
1229 5793 1338 5848 Sim
1365 5805 1579 5848 mecum
1608 5790 1790 5861 (10cm-
1827 5791 1984 5862 ιω)-
2268 5792 2421 5850 Tunc
2444 5791 2647 5847 locutus
2687 5806 2742 5846 es
2784 5789 2844 5844 in
2882 5788 3081 5842 visione
3098 5785 3292 5841 sanctis
3322 5784 3446 5839 tuis.
3480 5782 3817 5857 Prophetis,

577 5885 1044 5960 Tuqdominaberis
1079 5886 1321 5957 potestati
1355 5885 1538 5940 maris.
1574 5884 1746 5956 Hujus
1776 5883 1960 5944 saeculi
2002 5899 2097 5956 po-
2200 5885 2534 5958 reliquisque
2562 5880 2778 5940 electis.
2812 5878 2880 5937 Et
2908 5877 3297 5949 dixistirposui
3320 5876 3671 5948 adjutorium.
3697 5874 3826 5934 Po-
