3954 6340
174 297 311 355 I089

1036 297 1461 358 BREVIARIUM
1501 298 1565 357 IN
1607 296 1940 356 PSAIMOS.
1985 297 2231 358 PSALM.
2276 297 2607 357 LXXXVIII.

3333 296 3494 374 1090,

175 414 300 484 pulo
324 415 556 470 scilicet.
588 414 652 468 In
682 421 960 488 potentem.
1013 416 1068 471 Id
1120 427 1223 483 est,
1280 432 1444 486 super
1467 416 1772 484 diabolum,
1804 421 1852 478 A
1883 417 2209 482 ostenditur,
2247 424 2304 470 ut
2333 417 2514 470 nullus
2536 415 2654 468 sine
2689 426 2785 483 spe
2818 410 3246 482 teettpcrationis
3277 411 3342 467 ab
3371 413 3476 468 Ec-

173 507 261 575 qui
291 508 629 576 opprimeret
659 509 968 577 Superbiam
1001 509 1136 579 cjtts.
1171 509 1238 563 Et
1276 509 1506 563 eraltavi
1557 508 1776 564 electum

172 601 236 655 de
259 601 408 672 plebe
455 620 590 656 mra.
641 604 920 659 Christum
969 603 1280 660 Dominum.
1331 605 1433 671 Qui
1485 614 1776 674 propterea

169 695 376 750 electus
400 695 470 752 de
498 696 701 768 populo
726 696 960 752 dicitur:
995 697 1121 767 quia
1143 710 1362 752 carnem
1387 695 1684 766 assumpsit
1707 709 1774 750 ex

172 785 420 844 homine.

243 883 432 940 Inveni
463 885 630 940 David
660 902 865 942 servum
901 900 1088 940 meum.
1146 883 1359 940 Invenit
1407 897 1530 938 eum
1568 901 1577 935 :
1613 877 1778 952 elegit

168 976 384 1046 utique,
410 987 466 1032 ut
496 993 565 1039 ex
593 977 710 1048 ejus
740 994 945 1049 genere
987 985 1293 1033 assumeret
1344 990 1586 1030 carnem.
1619 970 1776 1040 Quod

167 1082 351 1126 autem
383 1073 482 1139 ait,
509 1087 731 1139 servum,
765 1071 1062 1141 Aposwlus
1083 1072 1343 1141 explanat
1364 1069 1510 1124 :Non
1532 1068 1774 1138 rapinam

168 1165 469 1222 arbitratus
499 1175 584 1221 est
614 1181 736 1221 esse
791 1182 851 1220 se
896 1165 1162 1236 aequalem
1199 1163 1313 1220 Deo
1348 1182 1358 1215 :
1401 1161 1496 1217 sed
1543 1161 1774 1216 fut'inam

167 1258 313 1314 servi
347 1260 560 1328 accepit
579 1257 840 1330 (Philipp.
874 1256 957 1330 ll).
987 1257 1115 1312 Oleo
1141 1266 1319 1311 sancto
1349 1271 1459 1310 meo
1488 1254 1613 1308 unxi
1635 1270 1770 1308 eum.

166 1348 288 1404 Non
315 1348 457 1405 tristi
481 1359 829 1419 etcorrupto,
850 1347 945 1403 sed
972 1348 1128 1416 pleno
1152 1346 1359 1410 laetitia,
1381 1353 1437 1400 et
1461 1345 1770 1400 sanctitate.

243 1443 439 1498 Manus
458 1445 593 1499 enim
622 1461 733 1500 mea
753 1444 1092 1499 auxiliabitur
1114 1444 1159 1497 ei
1182 1459 1199 1497 :
1248 1453 1294 1498 et
1316 1442 1581 1498 brachium
1608 1457 1775 1496 meum

167 1538 482 1606 confortabit
503 1555 641 1593 cum.
678 1539 732 1593 ln
757 1549 1038 1608 assumpto
1066 1553 1315 1609 corpore.

244 1631 398 1686 Nihil
424 1633 661 1704 proﬁciet
683 1633 924 1687 inimicus
952 1633 1005 1686 in
1031 1649 1111 1687 eo.
1145 1633 1404 1688 Diabolus
1444 1631 1675 1687 scilicet.
1707 1629 1776 1684 Et

166 1723 314 1793 ﬁlius
344 1725 628 1794 iniquitatis
661 1742 762 1779 non
785 1736 1006 1797 apponet
1036 1741 1218 1781 noccre
1242 1727 1306 1778 ei.
1330 1724 1496 1779 .Iudas
1525 1724 1770 1791 traditur,

1880 509 2046 565 clesia
2079 519 2330 564 arceatur
2357 527 2367 560 :
2403 507 2529 577 quia
2557 505 2700 561 sicut
2729 505 2995 560 severitas
3037 505 3220 559 divina
3265 514 3470 570 terret,

1878 615 2141 676 arguente
2186 604 2448 674 justitia:
2493 603 2566 657 ita
2622 601 2797 672 pietas
2847 613 3099 674 reparat,
3152 601 3476 658 moderante

1879 700 2193 757 clementia.

1951 793 2128 851 Semel
2149 794 2331 866 juravi
2352 795 2404 849 in
2426 803 2607 850 sancto
2638 809 2774 848 meo.
2803 793 2861 848 In
2897 793 3114 849 homine
3142 791 3234 848 illo
3284 791 3472 848 Domi-

1878 888 2024 944 nico.
2075 888 2138 943 Si
2187 886 2359 942 David
2401 887 2641 942 mentiar.
2672 887 2836 942 Nullo
2867 886 3010 942 enim
3041 885 3328 942 mendacio
3366 885 3476 941 cir-

1876 980 2268 1036 cumscribitur
2292 980 2437 1036 Deus
2471 1000 2483 1033 :
2512 981 2747 1036 sicutait
2767 979 3100 1050 evangelista
3128 997 3142 1034 :
3174 978 3286 1034 Iota
3312 993 3478 1034 unum

1877 1083 1975 1129 aut
2019 1089 2162 1129 unus
2202 1088 2338 1142 apex
2370 1088 2476 1128 non
2511 1073 2810 1143 prmteribit
2839 1088 2866 1128 a
2899 1073 3047 1144 lege,
3092 1071 3268 1127 donee
3294 1070 3478 1126 omnia

1879 1169 2013 1224 ﬁant
2048 1167 2229 1242 (.Ilatt.
2259 1167 2337 1239 v).
2373 1167 2561 1222 Semen
2599 1170 2708 1240 ejus
2738 1167 2790 1220 in
2819 1177 3069 1221 wtcrnum
3100 1164 3345 1220 manebit.
3377 1163 3484 1220 Po-

1876 1261 2042 1332 pulus
2071 1259 2392 1330 acquisitus.
2428 1257 2498 1314 Et
2541 1260 2755 1314 thronus
2779 1262 2895 1332 ejus
2923 1260 3058 1312 sicut
3085 1258 3164 1311 sol
3188 1258 3240 1310 in
3268 1271 3483 1328 conspe-

1878 1362 1961 1407 ctu
1990 1369 2124 1408 meo.
2157 1351 2336 1422 Ipsam
2372 1352 2673 1410 Ecclesium
2708 1353 2762 1407 itt
2793 1351 3044 1408 claritate
3085 1351 3280 1406 futura:
3308 1349 3484 1407 beati-

1879 1445 2086 1501 tudinis
2121 1460 2479 1515 permanere,
2515 1446 2712 1502 iterum
2759 1455 2926 1515 atque
2955 1447 3152 1501 iterum
3187 1444 3476 1515 promittit.

1882 1539 1946 1592 Et
1973 1540 2104 1593 sicut
2142 1539 2263 1593 luna
2296 1540 2523 1610 perfecta
2562 1539 2616 1593 in
2645 1550 2917 1595 aeternum.
2952 1540 3086 1595 Tota
3133 1539 3334 1607 lucida,
3370 1548 3484 1595 tota

1877 1634 2119 1704 perfecta
2156 1650 2169 1688 :
2203 1634 2277 1689 nil
2324 1634 2678 1689 obscuritatis
2705 1634 2998 1690 continens
3028 1634 3082 1690 in
3116 1650 3193 1690 se.
3232 1633 3299 1688 Et
3337 1633 3482 1688 testis

1875 1727 1930 1780 in
1972 1728 2099 1782 caelo
2146 1727 2336 1796 ﬁdelis.
2386 1727 2506 1797 Ipse
2545 1727 2797 1782 Christus
2838 1727 3128 1793 Dominus,
3177 1725 3272 1798 qui
3320 1725 3484 1782 ﬁdele

166 1817 266 1888 qui
297 1820 497 1873 merito
528 1819 675 1874 Illius
707 1819 1028 1890 iniquitatis,
1065 1818 1118 1874 id
1151 1827 1234 1874 est
1278 1818 1504 1886 diaboli,
1533 1818 1770 1872 dicitur:
1805 1810 1850 1870 Β
1882 1821 2252 1877 testimonium
2298 1820 2535 1877 reddidit
2574 1821 2640 1876 de
2667 1836 2836 1891 opere
2861 1819 3042 1876 Patris
3083 1819 3139 1874 in
3170 1819 3391 1886 mundo,
3429 1819 3484 1874 in

163 1909 300 1979 quia
355 1910 610 1966 diabolus
662 1911 887 1966 intravit
937 1912 990 1966 in
1045 1926 1140 1967 cor
1185 1911 1348 1982 ejus,
1406 1920 1465 1965 ut
1539 1910 1778 1966 traderet

167 1999 480 2058 Christum.
1303 2059 1316 2084 ,
1560 2047 1569 2056 .

242 2091 315 2146 Et
335 2093 720 2148 conscindama
751 2095 885 2166 facie
904 2094 1068 2166 ipsius
1103 2095 1342 2151 inimicos
1369 2096 1503 2166 ejus.
1555 2093 1776 2150 Iudaeos

164 2184 380 2255 utique,
406 2185 496 2256 qui
523 2201 668 2256 smpe
686 2203 714 2239 a
739 2186 971 2243 Domino
990 2187 1200 2242 conlusi
1228 2198 1498 2258 tamquam
1514 2185 1778 2241 conscissi

165 2279 387 2348 gladiis,
415 2279 774 2336 discedebant
799 2297 827 2336 a
861 2289 1159 2352 conspectu
1209 2281 1349 2352 ejus.
1393 2280 1462 2334 Et
1513 2281 1776 2335 audientes

167 2389 290 2427 eum
312 2373 366 2426 in
386 2373 564 2445 [ngam
590 2382 906 2429 convertam.
935 2375 1008 2430 De
1034 2374 1374 2430 dzemonibus
1388 2373 1517 2429 dicit
1539 2372 1737 2444 iniquis
1759 2389 1772 2427 :

170 2467 272 2537 qui
322 2472 628 2537 curam;eo
674 2467 875 2539 smpius
908 2466 1210 2537 fugiebant,
1252 2467 1588 2522 clamantes:
1635 2466 1776 2534 Quid

170 2562 375 2618 venisti
399 2571 528 2618 ante
559 2573 770 2633 tempus
794 2572 1050 2634 torquere
1071 2563 1214 2618 nos?
1245 2561 1461 2619 Scimus
1481 2562 1604 2632 quia
1635 2571 1688 2616 tu
1715 2575 1777 2617 es

169 2655 348 2712 Filius
375 2657 470 2712 Dei
499 2657 716 2730 (Matth.
748 2655 890 2728 vin).

251 2747 318 2802 Et
353 2749 540 2803 veritas
581 2767 715 2817 mea,
740 2759 786 2803 et
819 2749 1177 2804 misericordia
1209 2765 1320 2804 mea
1360 2765 1476 2803 cum
1503 2749 1638 2819 ipso.
1673 2747 1777 2800 Ve-

167 2843 340 2909 ritas,
372 2844 501 2914 quia
525 2859 590 2899 ea
637 2859 762 2914 quae
804 2860 835 2898 a
879 2859 967 2899 me
995 2843 1238 2913 audivit,
1272 2844 1536 2914 loquitur.
1569 2841 1778 2898 Miseri-

169 2937 380 3002 cordia,
421 2937 546 3006 quia
590 2926 751 2993 sanat
777 2937 1049 3006 infirmos,
1082 2947 1188 2992 tam
1217 2936 1271 2992 in
1302 2946 1485 2993 mente
1531 2953 1690 3008 quam
1723 2937 1776 2992 in

170 3045 434 3100 corpore.
474 3028 544 3083 Et
584 3031 642 3084 in
686 3031 890 3085 nomine
929 3047 1041 3085 meo
1085 3030 1402 3086 exaltubitur
1442 3047 1602 3085 cornu
1642 3031 1774 3096 eius.

171 3121 468 3180 Fortitudo
495 3122 758 3178 Ecclesiae
784 3123 1050 3194 sanguine
1075 3137 1174 3178 suo
1196 3122 1514 3193 redempta}.

1879 1915 2048 1972 ctelos
2069 1923 2154 1971 est
2175 1916 2511 1970 evehendus.
2541 1915 2678 1970 Hinc
2696 1914 2762 1970 ad
2794 1915 3014 1971 Patrem
3037 1929 3141 1969 vox
3163 1913 3483 1984 apostolica.

1949 2009 2032 2063 Tu
2064 2024 2183 2062 vero
2213 2009 2451 2078 repulisti
2490 2017 2536 2064 et
2572 2008 2880 2076 dcspexisti.
2927 2005 3066 2074 Quia
3109 2020 3430 2075 separamur
3456 2019 3486 2061 a

1880 2116 2011 2172 rege
2041 2112 2257 2166 nnatro,
2292 2100 2422 2157 dum
2453 2101 2678 2170 patitur.
2712 2097 2979 2154 Distulisti
3017 2096 3284 2154 Christum
3320 2108 3484 2156 tuum.

1880 2193 2170 2250 Tradeudo
2199 2209 2322 2250 eum
2351 2194 2618 2249 inimicis.

1949 2288 2195 2343 Avertisti
2239 2295 2600 2342 testamentum
2629 2287 2764 2342 servi
2800 2286 2898 2340 tui.
2945 2285 3047 2341 l’er
3087 2286 3234 2357 quod
3285 2286 3490 2359 promi-

1879 2390 2027 2436 serat
2071 2394 2170 2435 nos
2210 2394 2394 2435 secum
2435 2395 2686 2450 regnare.
2721 2377 3028 2451 Profanasti
3066 2381 3119 2432 in
3172 2387 3310 2434 terra
3356 2397 3484 2434 san-

1879 2472 2141 2526 ctuarium
2171 2474 2306 2544 ejus.
2336 2471 2675 2528 Promiseras
2698 2472 2842 2528 enim
2868 2472 3017 2542 quod
3046 2487 3155 2527 non
3177 2473 3337 2528 dares
3361 2487 3488 2528 san-

1881 2575 2032 2622 ctum
2075 2576 2229 2621 tuum
2262 2565 2451 2622 videre
2500 2565 2946 2638 corruptionem,
2992 2573 3048 2621 et
3088 2579 3231 2622 nunc
3275 2566 3385 2637 jam
3432 2564 3487 2623 in

1880 2659 2134 2732 sepulcro
2159 2659 2382 2731 tegitur.

1952 2750 2231 2808 Dt’duxisti
2253 2768 2427 2807 omnes
2455 2768 2600 2822 sepes
2625 2753 2760 2823 ejus.
2776 2749 2957 2808 Verba
2982 2750 3142 2822 Legis
3161 2759 3216 2808 et
3247 2749 3484 2823 preplte-

1882 2856 2058 2902 tarum
2093 2847 2146 2901 in
2187 2846 2384 2916 quibus
2428 2845 2783 2902 retinebatur.
2818 2843 3055 2900 Posuisti
3097 2845 3484 2916 ﬁrmamentum

1879 2943 1995 3013 ejus
2023 2941 2375 3013 formidinem.
2408 2939 2520 2996 Nos
2567 2938 2657 3010 qui
2686 2954 2809 2995 cum
2845 2938 3204 2996 audiebamus
3233 2953 3356 2995 cum
3385 2938 3482 2994 do-

1880 3043 2030 3089 ceret
2063 3033 2268 3088 turbas.

1951 3125 2293 3198 Diripuerunt
2334 3142 2451 3181 eum
2490 3142 2668 3182 omnes
2710 3133 3036 3180 transeuntes
3075 3125 3233 3180 uiam.
3276 3123 3484 3180 Trans-

249 3213 318 3267 Et
365 3230 556 3283 ponam
593 3214 650 3268 in
678 3215 814 3268 mari
854 3230 1064 3268 manum
1102 3217 1238 3286 ejus.
1270 3215 1564 3270 Ostendam
1606 3228 1771 3284 opera
1800 3210 1846 3274 C
1876 3228 2008 3274 eunt
2036 3219 2180 3273 enim
2213 3219 2364 3273 illum
2396 3218 2487 3290 qui
2515 3218 2650 3273 dixit
2681 3237 2694 3273 :
2731 3219 2845 3288 Ego
2891 3233 3010 3273 sum
3033 3219 3141 3284 via,
3176 3227 3230 3274 et
3255 3218 3480 3289 veritas,

170 3309 298 3379 ejus
343 3308 566 3363 mundo.
600 3306 670 3362 Et
703 3309 759 3362 in
799 3308 1104 3379 ﬂuminibus
1132 3308 1399 3364 dexteram
1429 3312 1564 3382 ejus.
1595 3307 1772 3378 Super

169 3403 518 3476 principatus
537 3411 592 3456 et
619 3410 919 3472 potestates
942 3401 1149 3457 mundi.

169 3503 190 3565 ὴ
249 3495 276 3549 l
285 3513 376 3564 pse
406 3494 660 3550 invocabit
684 3511 786 3562 me,
814 3493 973 3549 Pater
1011 3511 1154 3550 meus
1184 3511 1236 3549 es
1266 3505 1320 3548 tu
1345 3509 1362 3550 :
1387 3493 1529 3550 Deus
1561 3511 1698 3550 meus
1725 3502 1774 3549 et

171 3599 450 3659 susceptor
468 3587 655 3643 salutis
678 3605 822 3643 metu.
853 3588 1061 3658 Saepius
1087 3605 1212 3644 eum
1241 3591 1523 3645 invocasse
1555 3590 1771 3646 Patrem

173 3681 376 3746 Deum,
409 3681 460 3736 in
495 3680 808 3753 Evangeliis
830 3682 1059 3752 legimus
1086 3701 1098 3736 :
1123 3681 1261 3738 sicut
1291 3681 1426 3737 illud
1453 3693 1536 3738 est
1557 3701 1568 3736 :
1588 3683 1770 3752 Pater,

172 3772 420 3828 clarilica
447 3787 534 3827 me
561 3772 705 3844 apud
735 3773 1085 3843 temetipsum
1117 3773 1318 3846 (Joan.
1354 3791 1462 3830 xvn
1485 3774 1526 3846 ).
1576 3775 1642 3830 Et
1670 3778 1772 3831 ite-

173 3875 300 3916 rum
347 3880 358 3914 :
403 3861 596 3930 Pater,
643 3863 699 3919 in
739 3879 937 3920 manus
985 3875 1106 3922 tuas
1150 3867 1472 3922 commendo
1519 3867 1773 3936 spiritum

171 3969 359 4010 meum
413 3955 566 4025 (Luc.
614 3955 792 4030 mn).
837 3956 977 4012 Deus
1007 3975 1170 4013 meus.
1218 3959 1359 4014 Deus
1401 3968 1582 4013 autem
1617 3967 1776 4014 vocat

172 4063 301 4103 cum
326 4048 460 4103 dicit
487 4067 497 4102 :
523 4049 690 4120 Deus,
715 4049 858 4106 Deus
881 4066 1058 4118 meus,
1085 4051 1274 4122 utquid
1299 4067 1386 4108 me
1399 4049 1774 4122 dereliquisti?

170 4151 232 4198 et
260 4143 431 4196 multa
460 4142 588 4199 alia.

251 4231 320 4287 Et
349 4251 444 4308 ego
464 4236 860 4309 primogenitum
890 4253 1081 4309 ponam
1110 4237 1246 4293 illud
1271 4238 1532 4294 excelsum
1557 4253 1665 4308 pra:
1696 4253 1778 4293 re-

174 4326 329 4398 gibus
358 4337 528 4382 terra'.
588 4329 688 4384 Est
714 4330 858 4385 enim
895 4330 1158 4388 Dominus
1191 4330 1352 4388 Iesus
1381 4332 1778 4402 primogenitus

175 4435 252 4476 ex
280 4422 512 4476 mortuis
546 4419 789 4492 (Coloss.
825 4423 876 4494 ι)
905 4440 916 4474 :
947 4421 1090 4479 sicut
1113 4424 1189 4479 ait
1215 4423 1510 4494 Apostolus
1544 4441 1556 4476 :
1585 4421 1781 4482 Excel-

174 4528 277 4570 sus
315 4512 522 4582 factus,
558 4514 730 4570 eteius
772 4515 1077 4573 ascendens
1106 4533 1118 4570 :
1150 4531 1318 4588 regna
1347 4516 1535 4572 mundi
1582 4526 1778 4572 cuncta

174 4606 498 4676 subjiciens.

253 4696 324 4754 In
367 4709 618 4756 azternum
665 4702 874 4757 servabo
919 4700 999 4756 illi
1039 4703 1448 4758 misericordiam
1477 4719 1681 4773 meam,
1729 4710 1778 4758 ει

179 4801 552 4848 testamentum
591 4810 758 4850 meum
787 4794 940 4865 ﬁdele
968 4797 1090 4866 ipsi.
1123 4795 1180 4851 In
1217 4797 1455 4853 Ecclesia
1486 4812 1649 4868 quam
1682 4812 1779 4866 per

176 4887 659 4956 misericordiam,
701 4898 757 4945 et
788 4898 1175 4946 testamentum
1203 4901 1608 4962 praeceptorum
1652 4905 1780 4946 suo-

175 4997 302 5039 rum
330 4981 587 5050 redemit,
614 4983 731 5038 haec
758 4984 812 5038 in
843 4998 905 5039 ea
935 4983 1327 5053 perpetualiter
1355 4993 1772 5039 conservantur.

251 5073 326 5128 Et
349 5091 539 5146 ponam
563 5076 618 5130 in
640 5075 890 5131 saxulum
909 5078 1087 5131 δίκαιιὶ
1106 5092 1278 5133 semen
1297 5079 1432 5148 eius,
1460 5085 1507 5131 et
1533 5079 1777 5132 thronum

175 5171 298 5241 ejus
346 5168 482 5223 sicut
523 5169 634 5223 dies
678 5168 813 5224 caeli.
863 5169 1224 5240 Congregatio
1279 5169 1422 5226 enim
1463 5182 1775 5226 sanctorum

177 5277 309 5333 quae
341 5262 394 5315 in
420 5262 662 5318 Ecclesia
689 5272 792 5332 est,
826 5264 878 5318 in
907 5279 1010 5334 qua
1031 5263 1176 5319 Deus
1201 5273 1474 5333 tamquam
1500 5263 1554 5318 in
1579 5263 1777 5320 throno

176 5357 416 5425 residet,
449 5358 589 5414 sicut
616 5359 697 5414 sol
726 5358 950 5429 fulgebit
980 5358 1032 5413 in
1065 5373 1235 5430 regno
1258 5357 1457 5414 Patris.

255 5453 325 5509 Si
352 5461 530 5507 autem
557 5452 924 5524 dereliqucrint
968 5451 1066 5521 ﬁlii
1093 5455 1210 5526 ejus
1240 5452 1403 5525 legem
1443 5467 1632 5519 meam,
1666 5460 1774 5507 etc.

179 5547 343 5618 Quod
369 5548 726 5604 derelictores
762 5546 924 5617 legis,
954 5546 1291 5616 judiciorum
1328 5545 1614 5610 oblitores,
1647 5560 1777 5615 pro-

180 5642 465 5700 fanatores
516 5642 1004 5714 justifieationum,
1056 5640 1551 5711 mandatorumque
1603 5647 1782 5694 trans-

181 5752 505 5810 gressores,
534 5736 588 5792 in
620 5737 790 5808 virga,
829 5735 880 5790 id
920 5743 1042 5802 est,
1070 5733 1123 5790 in
1154 5733 1444 5805 disciplina
1485 5732 1584 5789 Dei
1613 5732 1784 5788 corri-

182 5831 433 5907 piantur,
461 5839 517 5888 et
549 5827 924 5886 misericordia
948 5827 1131 5885 divina
1162 5842 1270 5884 non
1293 5826 1612 5885 auferatur:
1647 5825 1780 5884 illud

1877 3320 1932 3368 et
1955 3310 2062 3366 vita
2095 3310 2114 3382 (
2142 3309 2302 3365 Juan.
2333 3309 2446 3382 ιιν)
2481 3328 2494 3363 :
2525 3325 2647 3366 cum
2687 3311 2772 3366 vel
2799 3311 3123 3366 vestimenta
3169 3310 3288 3380 ejus
3336 3309 3480 3364 divi-

1877 3403 2036 3469 dunt,
2061 3403 2144 3458 vel
2173 3418 2372 3474 corpus
2402 3403 2592 3467 clavis,
2619 3412 2674 3459 et
2703 3419 2964 3458 mucrone
2995 3402 3337 3458 confodiunt.
3372 3399 3484 3455 Fa-

1877 3507 1987 3552 ctus
2009 3507 2080 3551 est
2103 3496 2438 3569 approbrium
2461 3496 2642 3550 vicinis
2659 3496 2786 3550 suis.
2811 3493 3034 3563 Judaais,
3063 3509 3126 3550 ac
3151 3493 3485 3565 principibus

1877 3589 2250 3658 sacerdotum,
2276 3591 2367 3661 qui
2397 3589 2648 3645 dicebant
2677 3607 2689 3643 :
2715 3588 2862 3653 Vah!
2886 3590 2974 3659 qui
2999 3588 3320 3644 destruebas
3349 3596 3486 3644 tem-

1877 3682 2027 3753 plum
2052 3681 2167 3742 Dei,
2200 3690 2255 3736 et
2281 3692 2400 3752 post
2421 3681 2655 3736 triduum
2679 3680 2983 3736 remdilicas
3007 3679 3137 3736 illud
3165 3698 3178 3736 :
3209 3679 3481 3737 descende

1876 3775 1945 3832 de
1971 3776 2176 3846 cruce(
2210 3775 2366 3830 Matt.
2402 3773 2598 3847 xxv").

1950 3866 2216 3922 Eataltasti
2245 3867 2513 3922 dexteram
2542 3865 2944 3938 deprimentium
2977 3883 3115 3920 eum.
3147 3865 3278 3922 Cum
3310 3864 3489 3921 ltutni-

1878 3961 1980 4017 lias
2010 3976 2133 4017 eum
2162 3961 2212 4015 in
2239 3969 2494 4016 mortem.
2524 3959 2831 4029 Lwti/icasti
2862 3976 3036 4015 omnes
3061 3959 3300 4014 inimicos
3344 3960 3481 4030 ejus.

1878 4053 2112 4110 Pilatum
2143 4069 2266 4110 cum
2306 4052 2561 4124 gentibus
2589 4061 2645 4109 et
2673 4052 2903 4110 Judmis.

1951 4148 2191 4202 Avertisti
2217 4147 2540 4221 adjutorium
2582 4148 2749 4219 gladii
2787 4151 2921 4220 ejus.
2958 4148 3089 4204 Cum
3134 4164 3241 4204 non
3282 4147 3487 4220 profuit

1879 4240 2084 4297 Judteis
2104 4255 2285 4296 sermo
2318 4239 2721 4310 praedicationis
2750 4239 2921 4296 illius.
2947 4239 3015 4295 Et
3042 4255 3145 4295 non
3176 4257 3229 4296 es
3260 4239 3484 4295 auxilia-

1881 4342 1961 4387 tus
1983 4332 2029 4388 ei
2058 4333 2112 4386 in
2139 4332 2291 4387 bello.
2325 4331 2380 4386 ln
2410 4330 2664 4388 conﬂictu
2689 4331 2876 4401 utique
2905 4331 3192 4404 passionis.
3265 4333 3267 4336 ⁴

1954 4424 2273 4480 Destruxisti
2303 4441 2421 4480 eum
2462 4426 2525 4480 ab
2566 4423 2952 4480 etnundatione.
2987 4423 3043 4480 Si
3075 4424 3224 4479 enim
3267 4423 3486 4496 alligata

1887 4519 2080 4576 fuisset
2123 4519 2394 4574 munditia
2442 4519 2586 4589 ejus,
2632 4532 2740 4574 non
2785 4517 2970 4588 utique
2999 4519 3326 4576 vestimenta
3372 4521 3491 4590 ejus

1803 4599 1860 4659 Ῑ)
1885 4624 2070 4670 nostra
2099 4614 2342 4669 facinora
2367 4613 2745 4683 inquinassent
2776 4629 2787 4662 :
2818 4610 2959 4666 sicut
2990 4611 3106 4680 ipse
3134 4613 3214 4666 ait
3242 4629 3254 4666 :
3286 4612 3489 4684 Asper-

1881 4726 1975 4768 sus
2021 4718 2106 4767 est
2153 4709 2371 4780 sanguis
2418 4723 2610 4764 eorum
2658 4721 2823 4776 super
2855 4707 3187 4765 vestimenta
3233 4724 3384 4777 mea,
3434 4717 3490 4765 et

1883 4804 2064 4860 omnia
2094 4801 2414 4858 indumenta
2441 4815 2560 4856 mea
2593 4797 2875 4870 inquinavi
2907 4800 3062 4872 (Isai.
3096 4802 3233 4872 LIII).
3266 4801 3398 4856 Nam
3433 4809 3490 4856 et

1881 4898 2022 4955 inter
2049 4898 2263 4970 iniquos
2290 4896 2611 4966 deputatus,
2633 4903 2828 4951 etcum
2857 4895 3163 4951 latronibus
3190 4893 3489 4950 cruciﬁxus

1881 5001 1989 5048 est.
2018 4990 2086 5045 Et
2125 4991 2297 5045 sedem
2329 4992 2443 5060 ejus
2474 4989 2528 5044 in
2560 4997 2695 5043 terra
2723 4988 2984 5044 collisisti.
3008 4986 3331 5044 Sanctorum
3363 4987 3484 5041 ani-

1888 5102 2005 5142 mas
2032 5101 2195 5156 super
2225 5098 2363 5155 quas
2393 5083 2747 5154 quiescebat;
2778 5097 2900 5154 qua:
2921 5079 3390 5138 conturbabantur
3417 5078 3486 5137 de

1887 5179 2037 5235 obitu
2064 5178 2201 5245 ejus.
2982 5161 2986 5165 ’

1961 5271 2238 5327 Minorasti
2268 5271 2376 5328 dies
2401 5270 2643 5343 temporis
2668 5270 2800 5340 ejus.
2830 5268 2957 5324 Dies
2988 5267 3136 5322 illius
3169 5274 3300 5322 sunt
3319 5266 3485 5324 dimi-

1886 5366 2025 5433 nuti,
2057 5373 2116 5420 ut
2138 5363 2379 5421 velocius
2401 5372 2674 5420 remearet
2701 5361 2766 5417 ad
2794 5361 3030 5416 Patrem.
3059 5358 3349 5430 Perfudisti
3367 5376 3484 5414 eum

1887 5457 2212 5529 confusione.
2245 5455 2576 5512 Confusione
2617 5453 2803 5524 utique
2830 5451 3046 5506 mortis.
3077 5451 3203 5506 Hrec
3229 5450 3487 5507 dicebant

1884 5551 2154 5623 apostoli,
2202 5551 2514 5620 ignorantes
2555 5562 2678 5603 eum
2708 5560 2738 5600 a
2781 5544 3014 5600 mortuis
3051 5543 3256 5600 debere
3298 5557 3484 5598 resur-

1884 5660 2031 5718 gere.
2050 5642 2206 5710 Quod
2233 5649 2414 5698 autem
2444 5639 2548 5695 hoc
2573 5637 3227 5710 nescirent,evangelista
3247 5651 3489 5694 comme-

1885 5745 2084 5794 morat.
2118 5735 2253 5791 Nam
2274 5731 2344 5791 de
2371 5733 2571 5790 dilecto
2601 5731 2879 5803 discipulo
2909 5731 2984 5787 ait
3019 5751 3030 5783 ε
3064 5729 3313 5788 Nondum
3341 5730 3485 5786 enim

1889 5829 2102 5887 sciebat
2137 5827 2450 5899 Scripturas
2481 5841 2493 5877 :
2535 5823 2658 5896 quia
2691 5831 2975 5896 Oporteret
3014 5823 3168 5880 illum
3195 5838 3226 5880 a
3258 5820 3490 5881 mortuis
