3954 6340
410 311 542 370 i9!

1199 303 1547 364 APPENDIX
1584 303 1677 362 AD
1717 302 1960 361 TOSIUM
2000 298 2358 361 SEPTIMUM
2397 300 2454 360 S.
2500 294 2903 358 HIERONYMI.

3570 280 3715 352 loca

408 443 696 501 resurgere
722 426 921 500 (Joan.
963 442 1032 481 xx
1056 425 1096 496 ).
1131 424 1202 480 Et
1238 424 1404 480 Petro
1442 422 1596 496 quasi
1645 421 2003 478 deliramenta
2031 424 2084 482 Α
2182 420 2233 501 i_n
2268 419 2707 501 D_euternnomio,
2753 415 2900 501 quod
2941 412 3382 501 canticpmﬂill‘ud
3413 412 3715 501 scripserat

408 522 525 578 visa
550 530 677 577 sunt
705 522 868 577 verba
898 518 1321 575 resurrectionis
1350 516 1531 588 hujus.
1567 516 1803 572 Thomas
1828 522 2008 569 autem

407 615 484 670 ait
518 633 528 668 :
561 613 674 669 Nisi
697 613 908 680 videro,
937 627 1042 667 non
1075 609 1293 667 credam
1328 607 1547 680 (Ibid.).
1580 606 1707 664 Ideo
1728 622 1858 678 ergo
1882 606 2011 661 talia

416 707 781 778 loquebantur
812 703 1045 777 apostoli
1078 703 1232 774 quasi
1260 700 1656 772 exprobrantes
1686 697 1863 755 Patri:
1889 695 2012 768 quia

409 799 739 871 ignorabant
765 814 890 854 eum
920 797 990 852 ab
1018 794 1234 851 inferno
1275 794 1478 851 redire.
1512 791 1611 848 llis
1634 792 1800 863 igitur
1825 804 2014 846 succe-

408 891 571 957 dens,
606 889 855 947 Ecclesia
877 888 1011 944 dicit
1042 906 1055 942 :

484 982 780 1053 Usquequo,
807 979 978 1049 Deus,’
1002 978 1243 1035 irasceris
1265 979 1320 1032 in
1351 978 1547 1047 ﬁnem:
1569 973 1862 1031 exardescet
1882 973 2015 1028 sicut

407 1078 545 1153 ignis
568 1078 647 1131 ira
667 1074 1083 1145 tuatQuamdiu
1109 1072 1381 1141 irasceris,
1412 1078 1473 1127 ut
1492 1084 1617 1126 eum
1645 1083 1678 1125 a
1708 1075 1883 1123 morte
1905 1080 2014 1120 non

409 1170 673 1227 revoces?

485 1262 783 1317 Memorare
803 1302 818 1328 ,
858 1260 1108 1328 Domine,
1135 1274 1253 1331 unB
1280 1258 1348 1312 sit
1375 1254 1666 1310 substantia
1687 1270 1819 1308 mea.
1857 1249 2014 1307 Nulla

411 1355 545 1413 mihi
575 1364 661 1412 est
682 1354 811 1410 vita
836 1352 1165 1419 substantia,
1190 1352 1293 1406 nisi
1319 1349 1375 1405 in
1396 1364 1521 1405 eum
1543 1362 1707 1419 quem
1729 1342 2017 1416 praestetur

412 1450 613 1506 reverti
658 1447 729 1503 de
766 1455 993 1501 tartaro.
1036 1444 1305 1515 Numquid
1350 1443 1490 1497 enim
1542 1455 1670 1496 vane
1706 1435 2019 1493 constituisti

412 1557 593 1597 omnes
619 1540 758 1611 ﬁlios
801 1538 1088 1593 hominum.
1126 1537 1180 1592 Si
1223 1536 1368 1591 enim
1402 1534 1527 1589 illos
1565 1547 1674 1588 non
1698 1545 1873 1596 vane,
1919 1527 2017 1583 sed

412 1632 689 1689 veraciter
718 1633 772 1687 in
805 1646 905 1701 spe
935 1626 1364 1685 resurrectionis
1395 1624 1771 1691 constituisti,
1809 1630 2019 1694 quanto

414 1726 590 1797 magis
621 1725 819 1781 Filium
850 1733 1002 1779 tuum
1027 1723 1196 1778 debes
1220 1720 1589 1776 resuscitaret

2185 492 2245 547 in
2290 492 2713 547 Deuteronomio
2747 484 3166 562 (papasuu).
3206 485 3265 543 Si
3308 487 3472 562 igitur
3516 484 3715 562 psalmi

2184 565 2290 629 isti,
2336 575 2387 617 et
2418 563 2621 618 cantica
2653 556 2950 632 ista'Moysi
2984 556 3152 632 sunt,
3191 573 3360 627 quare
3392 558 3443 613 in
3476 556 3715 632 proitriis

2185 627 2420 691 Volumin
2435 634 2549 689 Ibus
2571 648 2676 689 non
2698 627 2995 705 habemur?
3021 630 3417 705 Diximusergo
3436 627 3717 705 quomodo

2183 708 2512 762 centesimus
2569 705 2770 775 primus
2829 703 3087 775 psalmus
3118 696 3473 775 inscribitur,
3524 696 3717 775 Oratio

2184 779 2448 852 pauperis,
2477 785 2533 852 et
2559 769 2695 830 alius
2723 784 2807 852 est
2830 769 2942 852 :qui
2984 772 3206 842 scripsit
3251 772 3330 852 de
3350 773 3491 852 ipso,
3522 781 3579 825 et
3624 769 3720 825 ille

2116 856 2120 861 ’
2184 842 2392 921 pauper
2436 842 2525 921 qui
2570 863 2669 918 pro
2718 842 2874 902 nobis
2910 845 3261 921 deprecatur,
3296 842 3557 899 Dominus
3585 852 3714 897 est:

2187 917 2423 994 quicum
2447 917 2596 994 dives
2618 930 2782 994 esset,
2809 917 3204 994 panperiactus
3232 922 3319 994 est
3331 926 3566 994 propter
3590 928 3719 983 nos,

2187 986 2244 1048 et
2271 1000 2464 1048 certem
2495 992 2514 1062 (
2545 990 2590 1045 ll
2614 988 2740 1045 Cor.
2773 986 2863 1044 vitt
2894 986 2930 1058 ).
2955 988 3061 1062 Sic
3104 996 3167 1062 et
3190 986 3278 1062 hic
3303 986 3541 1062 Moyses,
3574 1001 3719 1062 quo-

2190 1065 2332 1119 niam
2365 1079 2392 1115 a
2427 1056 2691 1132 principio
2714 1056 2930 1132 generis
2953 1060 3172 1115 humani
3196 1056 3421 1132 historia
3444 1060 3560 1126 ipse
3582 1056 3726 1110 scri-

2191 1135 2300 1204 psit
2330 1153 2342 1188 :
2378 1130 2492 1203 ipse
2521 1136 2666 1190 enim
2698 1130 2917 1201 scripsit
2944 1132 3219 1204 quomodo
3256 1130 3463 1204 caelum
3488 1142 3541 1183 et
3575 1139 3724 1204 terra

2190 1199 2331 1263 facta
2357 1199 2487 1278 sint,
2516 1205 2790 1278 quomodo
2811 1199 2874 1259 et
2904 1199 3063 1278 homo
3102 1201 3276 1278 factus
3301 1200 3502 1278 sit,_d_c
3530 1199 3725 1278 condi-

2191 1278 2340 1333 tione
2370 1269 2624 1333 hominis.
2662 1276 2727 1332 Et
2755 1278 2853 1329 iste
2900 1274 3138 1340 psalmus
3178 1272 3247 1329 de
3272 1272 3585 1335 conditiOne
3618 1269 3724 1325 bo-

2190 1348 2353 1404 minis
2385 1349 2624 1418 loquitur
2654 1366 2667 1401 :
2698 1347 2827 1419 quid
2863 1344 2935 1400 sit
2958 1346 3141 1419 homo,
3166 1354 3222 1419 et
3241 1358 3410 1419 quare
3436 1352 3599 1398 natus
3631 1342 3726 1419 sit.

2190 1421 2291 1490 Qui
2332 1413 2471 1488 ergo
2491 1422 2543 1475 in
2572 1413 3038 1490 Genesiscripsit
3080 1421 3173 1490 de,
3197 1413 3481 1490 hominum
3526 1413 3726 1490 condi-

2195 1486 2367 1556 tione,
2398 1486 2513 1558 ipse
2542 1502 2596 1546 et
2623 1506 2767 1546 nunc
2788 1486 3063 1545 inducitur
3085 1503 3116 1544 a
3148 1487 3359 1558 Spiritu
3388 1495 3585 1543 sancto
3613 1486 3735 1545 dis-

2195 1574 2386 1633 putare
2418 1563 2545 1634 quid
2568 1563 2638 1618 sit
2669 1564 2849 1616 homo.

2193 1721 2436 1788 Domine,
2468 1721 2727 1792 refugium
2769 1720 2938 1790 factus
2966 1734 3020 1772 es
3055 1718 3200 1773 nobis
3236 1717 3291 1771 in
3317 1715 3658 1789 generatione
3685 1722 3740 1771 et

490 1818 621 1886 Quis
642 1817 898 1897 cstLItomo
918 1814 1008 1886 qui
1031 1816 1182 1881 vivet,
1216 1822 1262 1867 et
1294 1828 1398 1867 non
1423 1808 1614 1866 uidebit
1644 1817 1859 1863 mortem
1880 1824 1899 1863 :
1928 1814 2021 1860 aut

2149 1818 2533 1877 tenerationem.
2565 1814 2666 1885 Qui
2698 1814 2963 1885 refugium
2992 1816 3212 1884 qumrit,
3244 1821 3340 1867 aut
3368 1813 3440 1869 ab
3466 1821 3610 1868 aestu
3648 1811 3736 1866 ni-

413 1912 531 1983 quis
574 1920 715 1966 eruet
752 1912 983 1965 animam
1018 1924 1169 1963 suam
1204 1908 1269 1962 de
1310 1922 1465 1961 manu
1497 1903 1695 1976 inferi?
1723 1902 1850 1959 Scio
1891 1901 2015 1972 quia

417 2004 603 2061 nullus
625 2003 788 2058 homo
821 2016 1056 2057 carncus
1079 2000 1261 2055 evadit
1294 2009 1549 2061 mortem,
1582 2010 1758 2066 neque
1784 1992 2017 2050 animam

417 2113 573 2156 suam
596 2097 840 2152 servabit
867 2096 933 2150 ab
955 2094 1169 2149 inferis.
1201 2092 1309 2149 Sed
1334 2092 1459 2147 novi
1488 2089 1616 2160 quia
1637 2087 1783 2143 Deus
1809 2085 1909 2141 sub
1929 2098 2022 2139 ve-

418 2192 660 2246 lamento
706 2186 888 2243 carnis
938 2184 1138 2241 latebat
1174 2182 1547 2250 absconditus,
1579 2194 1738 2250 quem
1768 2190 1919 2231 mors
1967 2181 2024 2230 et

418 2280 663 2337 infernus
693 2293 802 2335 non
827 2276 1062 2333 debeant
1094 2276 1353 2331 retinere.

495 2372 595 2429 Ubi
635 2377 755 2426 sunt
784 2368 1161 2426 misericordia:
1185 2376 1289 2421 tua:
1315 2365 1560 2435 antiquw,
1600 2361 1818 2417 Domine
1845 2376 1863 2414 :
1892 2359 2026 2415 sicut

409 2466 608 2540 jurasti
638 2464 807 2519 David
834 2464 889 2517 in
916 2463 1129 2517 veritate
1153 2462 1280 2515 tua?
1300 2460 1357 2515 Si
1383 2458 1471 2513 hic
1493 2472 1600 2513 non
1629 2451 2026 2511 resnscitatur?

493 2557 696 2614 Mentor
715 2566 848 2621 esto,
880 2551 1140 2621 Domine,
1184 2550 1451 2625 approbrii
1488 2564 1753 2604 servorum
1794 2556 2024 2601 tuorum.

420 2651 526 2722 Qui
560 2667 683 2707 eum
711 2659 1047 2719 exspectant.
1079 2646 1231 2714 Quod
1260 2644 1490 2700 continui
1515 2645 1568 2698 in
1609 2643 1725 2697 sinu
1746 2656 1858 2696 meo
1888 2640 2025 2695 mul-

418 2756 589 2801 tarum
606 2743 855 2816 gentium.
883 2741 1032 2809 Quos
1057 2738 1385 2811 congregavi
1413 2746 1688 2807 tamquam
1717 2734 1774 2790 in
1799 2733 1948 2800 sinu,
1973 2733 2026 2788 in

420 2854 530 2895 una
552 2839 715 2894 domo
742 2834 1111 2892 credulitatis.

496 2931 650 2998 Quod
686 2929 1127 2999 exprobrauerunt
1174 2926 1375 2982 inimici
1418 2926 1513 2994 tui,
1547 2924 1787 2981 Domine.
1814 2924 2025 2991 Judaei,

419 3026 683 3083 Pharisazi
707 3070 721 3095 ,
753 3023 1167 3093 Sadducacique.
1198 3020 1352 3087 Quod
1401 3020 1859 3091 exprobrauerunt.
1887 3016 2028 3085 Quid

419 3114 923 3189 exprobraverunt‘t
950 3114 1415 3169 Commutationem
1441 3110 1633 3166 Christi
1672 3114 1768 3167 tui.
1800 3110 1937 3166 Cum
1969 3124 2029 3165 se

2121 1911 2232 1966 mio
2259 1911 2452 1982 quaerit
2482 1920 2538 1964 et
2578 1910 2797 1976 calore,
2834 1916 2931 1964 aut
2966 1908 3139 1964 bestia
3171 1908 3323 1963 illum
3357 1906 3735 1978 persequitur,

2123 2013 2215 2059 aut
2237 2004 2422 2059 hostes
2443 2003 2600 2073 illum
2620 2011 3043 2073 persequuntur,
3074 2011 3133 2057 ut
3156 2001 3503 2057 interﬁciant.
3538 2000 3605 2055 Et
3630 2015 3737 2055 nos

2124 2097 2288 2169 igitur
2306 2098 2360 2154 in
2389 2108 2523 2154 aestu
2547 2114 2736 2153 sumus
2767 2096 2924 2151 istius
2953 2094 3160 2158 siccati,
3195 2102 3251 2150 et
3279 2109 3378 2149 nos
3405 2094 3577 2150 bestia
3605 2108 3738 2164 per-

2125 2194 2394 2261 sequitur,
2421 2192 2489 2246 de
2516 2206 2616 2261 qua
2649 2190 2881 2259 dicimus
2909 2208 2922 2243 :
2958 2187 3034 2242 Nc
3067 2187 3247 2242 tradas
3275 2186 3462 2242 bestiis
3489 2186 3739 2241 animam

2126 2286 2480 2343 conﬁtentem
2525 2284 2618 2338 tibi
2655 2282 2773 2352 (Ps.
2822 2281 3037 2351 Lxxnt).
3071 2281 3140 2335 Et
3173 2294 3272 2336 nos
3304 2280 3492 2335 hostes
3533 2293 3742 2350 prose-

2128 2388 2367 2449 quuntur
2398 2396 2410 2429 :
2448 2385 2732 2447 propterea
2778 2375 2971 2430 subtus
2998 2375 3112 2429 alas
3147 2382 3266 2428 tuas
3304 2372 3627 2443 refugimus.
3666 2370 3742 2426 In

2128 2471 2488 2543 generatione,
2520 2480 2567 2524 et
2607 2469 3012 2541 generationem.
3058 2467 3125 2522 Et
3154 2469 3204 2522 in
3228 2466 3542 2538 praeterito,
3574 2476 3637 2522 et
3678 2467 3739 2522 in

2131 2563 2419 2635 praesenti,
2454 2572 2512 2619 et
2552 2563 2609 2616 in
2658 2561 2861 2617 futuro.
2900 2559 3080 2614 Aliter
3113 2578 3125 2611 :
3167 2557 3233 2612 In
3280 2559 3641 2631 generatione,
3683 2565 3742 2611 ει

2130 2655 2533 2727 generationem.
2568 2653 2639 2709 Et
2683 2654 2735 2707 in
2760 2652 2928 2708 veteri
2955 2651 3154 2723 populo
3193 2649 3536 2716 Judarorum,
3583 2648 3739 2705 etin

2132 2763 2272 2802 nov”
2303 2746 2761 2802 Christianorum.

2206 2839 2521 2910 Priusquam
2553 2850 2750 2894 montes
2785 2839 2966 2910 ﬁerent
2988 2880 3003 2905 ,
3045 2847 3096 2892 et
3143 2839 3457 2909 [armaretur
3494 2844 3638 2890 terra
3681 2846 3737 2891 et

2131 2932 2292 2987 orbis.
2332 2931 2360 2971 δ
2405 2931 2663 3002 Subrepit
2708 2930 2762 2986 in
2796 2930 2900 2987 hoc
2944 2931 3063 2986 loco
3092 2930 3337 2987 bseresis.
3371 2930 3428 2986 Si
3456 2928 3739 3000 refugium

2130 3025 2308 3081 factus
2336 3034 2422 3081 est
2448 3025 2606 3081 nobis
2632 3035 2920 3095 antequam
2952 3031 3169 3080 montes
3200 3024 3413 3089 tierent,
3439 3032 3493 3077 ct
3520 3021 3742 3077 formae

2131 3127 2285 3173 retur
2313 3115 2462 3171 orbis
2493 3135 2504 3169 :
2534 3131 2663 3187 ergo
2687 3115 2887 3171 a'uimzc
2915 3126 3073 3171 erant
3104 3125 3391 3186 antequam
3438 3112 3584 3170 ﬁeret
3638 3129 3745 3167 or-

420 3209 492 3279 ab
519 3209 603 3265 his
637 3218 977 3267 commutans
998 3248 1013 3275 .
1047 3206 1113 3261 ad
1152 3220 1346 3277 netues
1385 3207 1597 3260 diceret
1628 3223 1641 3258 ε
1676 3203 1823 3260 Εεεθ
1864 3203 2028 3259 τειίη-
2054 3206 2100 3272 C
2132 3212 2236 3267 bis.
2260 3210 2401 3279 Quid
2433 3211 2578 3264 enim
2609 3209 2743 3263 dicit
2773 3208 3091 3279 Scriptura?
3120 3205 3343 3261 Domine
3364 3205 3624 3278 refugium
3645 3204 3740 3275 fa-

418 3311 618 3375 quetur
638 3303 797 3358 vobis
822 3301 1017 3356 domus
1044 3309 1221 3355 vestra
1252 3298 1470 3354 deserta
1501 3297 1655 3370 (Luc.
1682 3295 1825 3369 sin).

492 3396 804 3453 Benedictus
830 3394 1086 3449 Dominus
1115 3394 1169 3449 in
1193 3401 1469 3459 azternum,
1500 3392 1611 3462 fiat,
1636 3393 1748 3463 ﬁat.
1770 3391 1912 3447 Ecce
1935 3391 2029 3447 be—

419 3490 694 3556 nedictus,
724 3503 853 3545 ecce
881 3488 1163 3559 gloriosus
1192 3502 1314 3542 cum
1347 3486 1485 3541 redit
1514 3501 1581 3541 ex
1618 3484 1811 3542 inferis
1844 3501 1858 3539 :
1899 3500 2024 3541 cum

419 3600 483 3642 se
523 3586 729 3656 praebet
763 3582 1086 3653 discipulis,
1121 3596 1243 3637 cum
1275 3581 1537 3638 Ecclesiae
1569 3591 1695 3635 vota
1726 3591 1783 3636 et
1809 3581 1896 3651 pia
1926 3580 2022 3635 de-

419 3679 621 3735 sideria
652 3677 915 3743 restituit,
947 3676 1138 3731 dicens
1165 3676 1370 3731 sanctis
1399 3693 1412 3729 :
1443 3674 1584 3730 Ecce
1622 3690 1723 3745 ego
1743 3675 2024 3729 vobiscum

421 3790 541 3831 sum
572 3772 826 3829 omnibus
849 3771 1043 3826 diebus
1069 3785 1237 3841 usque
1266 3768 1331 3826 ad
1362 3769 1889 3825 consummationem
1921 3783 2027 3823 sm-

422 3868 528 3924 culi
556 3866 736 3941 (Matt.
770 3863 919 3936 ηιμ).
951 3863 1056 3933 Qui
1080 3878 1182 3918 nos
1201 3879 1233 3917 a
1264 3863 1424 3917 malis
1449 3863 1664 3918 actibus
1689 3871 2025 3917 commutare

424 3960 678 4031 dignetur
720 3959 777 4014 in
810 3958 985 4013 bonos
1009 3998 1024 4025 ,
1059 3971 1122 4011 ac
1149 3970 1251 4011 sua
1293 3955 1494 4025 pietate
1543 3954 1737 4024 dignos
1776 3952 2024 4019 cﬂectos,

422 4052 633 4123 Spiritu
663 4060 854 4107 sancto
886 4049 1129 4120 repletos
1149 4090 1163 4113 ,
1196 4048 1251 4103 in
1282 4061 1450 4118 regno
1479 4061 1579 4101 suo
1606 4046 1768 4102 solita
1799 4048 2028 4102 misera-

425 4145 573 4202 tione
622 4143 940 4200 constituat.
989 4141 1126 4210 Quia
1167 4140 1272 4211 ipsi
1301 4150 1389 4197 est
1431 4140 1603 4209 gloria
1641 4150 1695 4195 et
1736 4140 2023 4210 imperium

424 4256 548 4297 cum
577 4248 786 4296 aeterno
809 4238 970 4294 Patre
1002 4247 1058 4292 et
1081 4236 1287 4307 Spiritu
1329 4248 1521 4292 sancto
1552 4235 1606 4291 in
1634 4236 1833 4291 saecula
1856 4250 2028 4292 saecu-

428 4334 628 4390 lorum.
670 4332 864 4390 Amen.

896 4424 1122 4482 PSALM
1131 4422 1212 4480 US
1252 4421 1543 4479 LXXXIX.

432 4518 615 4575 Oratio
641 4517 813 4591 Moysi
837 4519 1064 4574 hominis
1086 4517 1201 4572 Dei.
1230 4526 1255 4557 ι
1279 4517 1675 4591 Quatuorsunt
1705 4517 1900 4587 psalmi
1930 4518 2023 4588 qui

2131 3315 2244 3361 ctus
2267 3322 2320 3359 es
2346 3303 2513 3367 nobis,
2546 3304 2600 3356 in
2627 3303 2975 3373 generatione,
3007 3301 3202 3370 inquit,
3238 3308 3284 3354 et
3321 3297 3736 3370 generationem.

2128 3397 2175 3451 A
2211 3395 2481 3466 principio
2510 3395 2695 3449 mundi
2730 3412 2741 3447 :
2773 3401 2901 3449 ante
2924 3392 3252 3464 principium
3279 3390 3485 3447 mundi.
3515 3390 3629 3445 Hoc
3649 3388 3741 3447 illi

2129 3490 2338 3545 dicunt.
2375 3488 2443 3543 Et
2483 3503 2551 3544 ne
2580 3497 2738 3559 putes
2766 3503 2887 3556 tne,
2921 3486 3135 3557 inquit,
3181 3485 3367 3540 dicere
3410 3484 3738 3553 priusquam

2129 3592 2346 3639 montes
2381 3585 2597 3651 tierent,
2630 3594 2683 3637 et
2713 3580 3046 3637 [armaretur
3074 3591 3240 3645 terra,
3272 3588 3331 3634 et
3350 3579 3518 3644 orbis,
3547 3586 3627 3641 tu,
3653 3577 3744 3631 in-

2127 3678 2263 3747 quit,
2296 3676 2556 3747 refugium
2590 3673 2767 3730 factus
2809 3690 2868 3730 es
2919 3674 3101 3730 nobis.
3134 3674 3191 3729 Si
3233 3680 3415 3729 autem
3456 3669 3740 3741 refugium

2130 3777 2379 3824 nostrum
2432 3767 2533 3824 fuit
2582 3778 2875 3839 antequam
2930 3767 3082 3824 orbis
3136 3766 3292 3822 ﬁeret
3344 3785 3357 3819 :
3414 3779 3542 3836 ergo
3595 3770 3742 3820 ante

2129 3867 2325 3921 animae
2348 3864 2587 3932 fuerunt,
2612 3880 2773 3935 quam
2803 3863 3036 3919 mundus
3050 3862 3224 3918 ﬂeret.
3244 3860 3388 3917 Male
3408 3858 3737 3930 distinguis,

2129 3956 2377 4013 hmresis.
2423 3958 2603 4026 Quare
2652 3957 2983 4011 calumniam
3036 3954 3174 4011 facis
3220 3953 3447 4025 Spiritui
3494 3953 3743 4008 sancto?

2127 4050 2217 4106 Sic
2243 4050 2492 4120 loquere,
2525 4048 2803 4121 quomodo
2833 4048 3070 4119 Spiritus
3101 4055 3329 4104 sanctus
3375 4047 3584 4101 locutus
3614 4053 3736 4102 est.

2130 4142 2220 4200 Sic
2250 4159 2379 4214 ergo
2414 4144 2703 4213 legendum
2736 4152 2823 4198 est
2856 4161 2867 4195 :
2900 4141 3140 4223 Domine,
3180 4141 3438 4215 refugium
3477 4140 3647 4210 factus
3679 4155 3745 4194 es

2128 4236 2273 4291 nobis
2292 4279 2306 4304 ,
2334 4237 2387 4291 in
2419 4236 2748 4309 generatione
2771 4246 2819 4290 et
2840 4236 3257 4307 generationem,
3296 4234 3575 4303 hucusque
3610 4230 3743 4288 dis-

2131 4330 2342 4385 tinctio.
2374 4329 2611 4385 Rursum
2642 4329 2785 4384 aliud
2817 4330 3145 4401 principium
3187 4348 3199 4383 :
3237 4326 3554 4401 Priusquam
3581 4343 3747 4382 mon-

2128 4432 2202 4476 tes
2224 4423 2426 4494 ﬁerent,
2459 4433 2506 4477 et
2537 4422 2859 4493 [armaretur
2894 4430 3054 4488 terra,
3088 4431 3139 4477 et
3168 4420 3327 4488 orbis,
3361 4435 3392 4475 a
3425 4419 3629 4475 sicculo
3678 4429 3748 4476 et

2130 4531 2301 4587 usque
2330 4517 2386 4571 in
2419 4517 2675 4571 sarculum
2702 4523 2761 4571 tu
2790 4531 2851 4572 es
2875 4516 3037 4571 Deus.
3071 4515 3153 4570 Tu
3181 4529 3241 4571 es
3274 4514 3416 4570 Deus
3437 4521 3739 4581 antequam

500 4587 753 4674 oratione
778 4600 1175 4673 prmnotantur,
1208 4598 1395 4672 sertos
1431 4587 1675 4645 decimus
1717 4597 1773 4643 et
1802 4587 2021 4674 octoge-

2149 4617 2343 4663 nontes
2386 4607 2583 4663 tierent
2620 4626 2633 4663 :
2668 4617 2721 4663 tu
2764 4623 2826 4663 es
2869 4607 3016 4663 Deus
3060 4614 3353 4678 antequam
3399 4604 3747 4660 formaretur

497 4664 668 4717 simus
703 4663 941 4733 quintus,
974 4672 1027 4716 et
1058 4660 1425 4733 octogesimus
1468 4674 1665 4733 nonus,
1697 4671 1751 4714 et
1775 4660 2019 4733 centesi-

503 4749 623 4789 mus
655 4704 880 4803 primus.
923 4704 981 4788 in
1014 4704 1317 4787 centes'imo
1344 4731 1522 4801 primo
1562 4704 1760 4785 dicitur
1778 4704 2017 4790 :vDr‘atio

502 4805 741 4876 pauperis
776 4821 893 4859 cum
937 4806 1182 4858 anxiatus
1212 4803 1483 4876 fuerit,_et
1509 4803 1562 4876 in
1597 4813 1872 4876 conspectu
1922 4804 2019 4876 Dei

500 4870 694 4945 fuderit
733 4878 1013 4933 orationem
1039 4870 1360 4945 suamllste,
1389 4870 1572 4945 Oratio
1602 4871 1773 4945 Moysi
1799 4873 2024 4935 hominis

500 4944 623 5002 Dei.
666 4947 917 5020 Legimus
938 4946 1211 5020 canticum
1246 4944 1439 5015 Moysi,
1477 4944 1701 5020 quodin
1737 4945 1924 5020 Exodo
1956 4962 2023 5005 eo

502 5015 990 5090 tempore'quando
1023 5017 1251 5087 populus
1286 5030 1433 5090 mare
1464 5016 1712 5090 transivit
1739 5015 1978 5090 Rubrum
2007 5062 2022 5088 ,

501 5101 557 5147 et
582 5086 831 5147 demerso
856 5086 1157 5153 Pharaone,
1186 5094 1244 5141 et
1261 5086 1409 5157 omni
1438 5086 1555 5157 ejus
1577 5086 1839 5157 exercitu,
1860 5086 2026 5147 Maria

503 5162 700 5219 cecinit
725 5172 780 5218 et
820 5157 1255 5232 Moyses(Ea:od.
1290 5156 1407 5229 xv).
1459 5156 1660 5214 Deinde
1702 5156 1929 5231 legimus
1969 5169 2028 5220 et

506 5308 533 5338 ι
570 5297 681 5355 Nec
718 5308 906 5370 tamen,
931 5304 1146 5370 auctor,
1191 5297 1333 5369 quod
1366 5299 1419 5352 in
1457 5310 1712 5370 promptu
1754 5311 1900 5366 erat,
1949 5320 2015 5361 ex

438 5371 541 5427 hoc
591 5370 750 5425 titulo
795 5368 1062 5441 psalmum
1102 5367 1272 5441 Moysi
1320 5367 1663 5426 tribuendum
1717 5374 2013 5431 concludit.

437 5443 709 5514 Docuerat
734 5454 867 5496 vero
919 5440 973 5498 id
1024 5440 1389 5513 Hieronymus
1434 5457 1556 5498 cum
1590 5443 1742 5514 alibi,
1785 5452 1894 5501 tum
1951 5464 2021 5505 ex

436 5513 689 5586 Origenis
718 5514 983 5569 sententia
1015 5514 1108 5569 lib.
1137 5529 1155 5569 ι
1181 5523 1369 5590 contra
1411 5515 1719 5590 Ruﬁnum;
1751 5516 2022 5590 Octogesi-

439 5583 579 5659 vnum
626 5601 825 5659 quoque
870 5601 1063 5659 nonum
1104 5583 1396 5659 psalmum,
1440 5587 1526 5659 qui
1566 5587 1808 5645 scribitur
1843 5583 2024 5645 oratio

442 5656 608 5743 esis
630 5656 851 5743 hominis
880 5656 1318 5743 Deigietjetiquos
1340 5658 1582 5742 undecim
1607 5660 1694 5743 qui
1713 5676 1814 5743 non
1840 5659 2027 5743 nubent-

438 5730 638 5805 titutos,
660 5729 942 5805 «cundum
976 5726 1567 5805 Huittieirpositionern,
1591 5726 1820 5805 ejusdem
1854 5732 2032 5805 Moysi

436 5798 745 5873 (Origenes)
766 5810 915 5872 putat
933 5815 950 5854 :
967 5799 1382 5874 neededignatur
1406 5798 1678 5859 Hebrum
1699 5798 2030 5873 Scriptura»:

2126 4710 2302 4766 terra,
2337 4710 2391 4757 et
2422 4700 2592 4755 orbis.
2627 4700 2670 4754 A
2712 4701 2905 4756 saeculo
2936 4712 2985 4755 et
3020 4715 3180 4770 usque
3213 4699 3268 4753 in
3296 4696 3542 4754 sertulam
3581 4704 3640 4750 tu
3678 4713 3742 4754 es

2127 4792 2289 4849 Deus.
2314 4793 2392 4848 'l‘u
2423 4808 2483 4849 es
2514 4808 2753 4864 semper,
2788 4802 2845 4849 tu
2871 4807 2932 4849 es
2962 4801 3226 4848 aeternus.

2206 4885 2289 4940 Ne
2309 4894 2509 4941 avertas
2541 4886 2797 4940 hominem
2820 4887 2875 4940 in
2900 4884 3276 4951 humilitatem,
3306 4892 3354 4939 et
3376 4881 3576 4950 dixisti,
3600 4896 3739 4936 con-

2133 4979 2410 5047 vertimini,
2440 4978 2544 5048 [itii
2583 4978 2872 5032 hominum.
2905 4978 2951 5034 0
2995 4979 3246 5044 Domine,
3281 4986 3341 5032 ut
3385 4978 3485 5031 hoc
3527 4973 3740 5032 audea-

2137 5090 2256 5130 mus
2289 5082 2499 5145 petere,
2521 5082 2578 5129 et
2604 5073 2852 5129 dicamus
2878 5091 2890 5126 :
2924 5071 3010 5128 Ne
3032 5081 3231 5128 avertas
3252 5071 3511 5127 hominem
3538 5071 3592 5123 in
3620 5069 3732 5124 Itu-

2135 5168 2404 5223 mititatem
2434 5182 2452 5220 :
2485 5177 2542 5222 tu
2587 5164 2748 5221 nobis
2790 5164 2992 5222 dedisti
3043 5165 3322 5235 ﬁduciam,
3355 5162 3545 5221 dicens
3572 5178 3587 5216 :
3621 5160 3734 5256 lle:

2123 5308 2496 5390 interpretans,
2543 5323 2633 5381 per
2671 5308 2879 5378 singula
2909 5307 3023 5371 loca
3060 5306 3186 5379 quid
3209 5305 3450 5365 Hebraeis
3492 5306 3732 5365 videatut

2126 5395 2374 5435 tnserere.

2201 5449 2228 5489 ιι
2272 5449 2392 5505 Vid.
2423 5452 2583 5520 epist.
2617 5451 2668 5505 in
2701 5457 2881 5505 llOSll‘a
2906 5450 3227 5506 recensione
3256 5449 3377 5514 140,
3406 5448 3473 5504 ad
3498 5448 3737 5521 Cypria-

2132 5537 2258 5577 num
2285 5538 2434 5577 num.
2471 5524 2528 5590 6,
2557 5532 2613 5578 et
2631 5537 2751 5591 qua:
2772 5521 2826 5576 in
2855 5535 2981 5577 eum
3011 5522 3191 5579 locum
3217 5533 3561 5578 annotamus.
3594 5521 3741 5579 Inde

2133 5602 2188 5649 et
2215 5592 2495 5655 conﬁcias,
2530 5594 2687 5665 plane
2712 5593 2875 5651 simili
2907 5603 3223 5665 recurrente
3264 5593 3563 5659 sententia,
3599 5592 3739 5650 llie—

2135 5680 2415 5737 ronymunt
2438 5665 2515 5737 de
2533 5663 2965 5737 suoltociupere
2993 5663 3108 5720 fieri
3151 5679 3256 5720 non
3290 5665 3531 5737 patuisse
3557 5674 3621 5720 ut
3650 5676 3738 5721 ta-

2135 5735 2281 5793 ceret
2302 5777 2317 5804 ,
2350 5737 2394 5791 si
2433 5735 2576 5792 istud
2617 5735 3011 5793 elucubrasset.
