3954 6340
183 282 318 341 1093
480 332 487 337 .
1042 277 1473 339 BREVIARIUM
1516 280 1581 336 ΙΝ
1622 274 1956 340 PSALMOS.
1999 279 2247 337 PSAMI.
2288 280 2586 337 LXXXIX.
3310 275 3476 336 ’iOM

182 397 463 455 vertimini
508 396 578 453 ad
607 410 719 463 nte,
740 416 743 425 ί
766 395 885 463 lilii,
918 405 1282 461 revertentes,
1331 407 1386 452 et
1429 409 1532 467 ego
1576 394 1781 451 satiabo
1809 404 1855 458 Α
1956 393 2095 449 Anni
2121 394 2287 449 nostri
2311 395 2442 449 sicut
2472 408 2665 447 aranea
2696 390 3098 445 meditabantur.
3129 387 3317 443 Videte
3350 389 3477 458 quid

185 490 546 547 contritiones
600 498 815 546 vestras
856 488 1093 562 (Eucli.
1142 504 1308 556 xviii;
1343 488 1493 556 Osce,
1534 487 1668 561 inv).
1714 486 1783 542 Et
1886 486 2054 543 dicat.
2092 486 2377 556 Quomodo
2430 500 2628 540 aranea
2679 484 2830 555 quasi
2884 484 3051 538 mittit
3099 480 3207 546 Illa,
3270 490 3323 535 et
3378 480 3487 535 huc

185 583 389 653 dixisti,
420 582 804 649 convertimini,
835 581 936 653 ﬁlii
960 581 1250 643 hominum.
1886 581 2123 654 illucque
2144 582 2428 649 discurrit,
2455 589 2511 636 et
2545 580 2683 635 texit
2712 588 2821 634 tota
2858 576 2968 644 die,
2992 587 3047 633 et
3079 576 3233 632 labor
3261 574 3483 644 quidem

254 678 520 742 (lanitium
550 678 694 733 mitte
719 678 850 732 anni
872 686 993 733 ante
1021 676 1198 732 oculos
1230 686 1367 744 tuos,
1390 685 1654 747 tamquam
1676 674 1786 729 dies
1887 672 2111 745 grandis
2141 682 2245 743 est,
2269 672 2370 729 sed
2397 672 2629 729 allectus
2657 672 2843 728 nullus
2873 676 2978 735 est,
3011 668 3093 724 sic
3136 674 3189 722 et
3234 666 3344 722 vita
3390 664 3490 720 ho-

184 788 288 826 una
313 787 433 842 qua:
457 771 732 843 prateriit.
753 770 824 825 Et
848 770 1090 829 custodia
1118 770 1173 824 in
1194 780 1345 824 nocte
1373 782 1488 837 quis
1511 783 1604 839 pro
1622 766 1785 821 nihilo
1889 767 2093 823 mtuum
2122 767 2227 822 huc
2266 766 2507 837 illucque
2547 763 2831 821 discurrit.
2872 761 3264 817 Possessiones
3287 758 3491 830 quan-i-

183 864 444 923 habentur
471 882 648 922 eorum
676 867 804 920 anni
832 874 1000 921 mut.
1033 863 1300 920 Debemus
1329 860 1627 918 secundum
1675 859 1791 917 bis-
1889 872 2032 925 mus,
2062 858 2286 912 divitias
2317 858 2647 927 appetimus,
2678 868 3035 925 procreamus
3077 852 3246 920 lilios,
3275 849 3496 907 labora-

187 961 386 1017 toriam
419 960 588 1026 scire,
615 960 744 1031 quia
773 972 878 1015 nos
906 957 961 1011 in
988 964 1221 1027 quatuor
1249 953 1459 1025 vigilias
1503 952 1785 1009 dividitur.
1891 966 2033 1021 tuus,
2066 952 2123 1006 in
2154 965 2317 1022 regna
2349 950 2715 1015 sustollimur,
2741 959 2794 1005 et
2819 949 3002 1003 omnia
3030 946 3280 1018 iacimus,
3303 953 3490 1003 etnon

188 1054 438 1126 Denique
472 1064 529 1110 et
570 1053 625 1108 in
666 1052 965 1121 EVangelio
1014 1049 1250 1105 dicitur:
1286 1047 1345 1104 In
1373 1055 1565 1119 quarta
1605 1057 1788 1101 autem
1892 1043 2275 1117 intelligimus,
2302 1043 2426 1115 quia
2457 1057 2675 1099 aranea:
2709 1042 2871 1098 telam
2903 1040 3160 1095 teximus.

188 1144 372 1214 Vigilia
402 1141 582 1214 (Hau.
617 1158 735 1210 ιιν,
754 1150 810 1197 el
835 1139 1005 1196 Marc.
1037 1139 1134 1209 IV).
1168 1139 1285 1201 Ulla
1308 1152 1439 1210 ergo
1464 1136 1645 1209 vigilia
1678 1144 1792 1191 tres
1964 1139 2091 1195 Dies
2118 1155 2377 1194 annorum
2407 1148 2703 1195 nostrorum
2735 1138 2786 1191 in
2816 1137 2945 1207 ipsis
2967 1134 3300 1206 septuaginta
3316 1134 3491 1187 annis.

190 1235 346 1292 hora:
385 1246 532 1292 sunt.
563 1234 679 1290 Nox
727 1249 860 1305 ergo
903 1232 1165 1288 dividitur
1196 1232 1248 1286 in
1281 1241 1514 1302 quatuor
1553 1227 1787 1300 vigilias.
1895 1232 1998 1289 Ubi
2020 1242 2150 1288 sunt
2180 1232 2331 1288 mille
2366 1232 2535 1287 anni?
2561 1233 2619 1285 lu
2650 1229 2995 1301 septuaginta
3036 1228 3195 1283 annis
3222 1226 3492 1282 contracti

190 1328 440 1400 Denique
491 1328 693 1384 milites
743 1335 980 1398 quatuor
1018 1324 1284 1380 stationes
1323 1322 1544 1385 habent,
1573 1319 1794 1390 quando
1894 1340 2105 1383 sumus.
2141 1326 2200 1382 Si
2225 1335 2408 1380 autem
2433 1324 2688 1389 multum,
2713 1324 3012 1393 octoginta.
3047 1321 3102 1377 Si
3144 1330 3328 1376 autem
3376 1319 3495 1391 plus

192 1422 457 1494 vigilant,
480 1433 536 1479 et
563 1422 859 1487 excubant,
888 1430 945 1476 et
973 1417 1241 1476 serviunt.
1277 1415 1473 1473 Videte
1502 1429 1636 1486 ergo
1664 1412 1791 1484 quid
1896 1418 2222 1487 vixerimus,
2251 1420 2363 1489 iam
2395 1435 2501 1474 non
2525 1427 2615 1474 est
2642 1419 2776 1485 vita,
2807 1416 2903 1471 sed
2929 1429 3095 1470 mors.

194 1516 363 1574 dit-at.
396 1519 441 1573 υ
462 1517 643 1573 brevis
664 1526 854 1572 nostra
875 1512 1175 1571 teter-nitas!
1207 1509 1380 1567 Adam
1408 1508 1499 1566 ille
1527 1521 1789 1580 propaga-
1971 1511 2035 1568 st
2078 1520 2251 1567 autem
2292 1513 2348 1566 in
2404 1511 2774 1583 potentatibus,
2803 1511 3069 1581 octoginta
3122 1511 3267 1563 anni.
3323 1510 3495 1576 Quem

197 1621 284 1670 tor
333 1620 521 1668 uoster
564 1612 656 1682 qui
719 1611 855 1666 vixit
910 1606 1202 1679 nongentis
1248 1615 1303 1661 et
1348 1604 1566 1675 triginta
1593 1604 1792 1667 annis:
1899 1604 2046 1662 enim
2070 1604 2315 1660 invenies
2347 1601 2759 1674 cctogeuariutn
2793 1612 2995 1658 esseet
3020 1601 3255 1658 sanum?
3285 1600 3503 1656 Dicitet

195 1706 367 1760 etiam
391 1703 488 1760 ille
521 1701 903 1769 Matltusslem,
934 1700 1026 1771 qui
1062 1698 1203 1754 vixit
1224 1696 1538 1767 nongentis,
1568 1701 1625 1750 et
1641 1707 1800 1748 sexa-

1950 1714 2088 1755 rteca
2118 1697 2395 1755 sententia
2435 1718 2445 1752 :
2477 1707 2737 1754 senectus
2762 1696 2875 1768 ipsa
2906 1696 3131 1750 morbus
3157 1694 3264 1751 est.
3297 1693 3364 1748 Et
3388 1711 3502 1747 ant-

194 1795 347 1865 ginta
374 1794 616 1864 quinque
636 1792 795 1848 anuis
821 1789 977 1864 (Gen.
996 1788 1083 1861 v);
1107 1791 1209 1856 fae,
1235 1787 1381 1859 quod
1404 1786 1602 1841 νὶιθτίι
1623 1783 1794 1851 mine.
1833 1797 1875 1859 Β
1903 1795 2043 1866 ptius
2072 1808 2253 1850 eorum
2274 1792 2421 1848 labor
2447 1803 2494 1848 ct
2523 1795 2693 1847 dolor.
2725 1791 3000 1863 Quidquid
3034 1792 3152 1861 plus
3174 1790 3359 1857 fuerit,
3390 1805 3495 1844 non

195 1886 269 1943 ad
313 1887 787 1957 comparationem
836 1883 1155 1939 aeternitatis
1217 1892 1354 1943 ιιιων
1398 1879 1541 1950 quod
1596 1875 1803 1948 srande
1905 1899 1988 1944 est
2018 1888 2149 1956 vita,
2175 1888 2268 1943 sed
2302 1888 2476 1943 dolor.
2509 1887 2623 1942 Hoc
2662 1887 2881 1943 interim
2916 1885 3154 1941 diximus
3202 1884 3500 1941 secundum

196 1978 392 2045 fuerit,
428 1979 593 2035 breve
641 1987 749 2034 est.
789 1976 928 2043 Quid
989 1976 1134 2031 enim
1194 1980 1376 2041 potest
1423 1970 1630 2041 grande
1682 1983 1805 2024 es:e

1948 1981 2211 2035 istoriam.
2244 1979 2517 2036 (Steterunt
2561 1979 2810 2034 dicamus
2848 1976 3151 2033 secundum
3196 1991 3501 2047 anagogcn.

199 2072 349 2143 quod
379 2070 545 2129 ﬁnem
580 2069 778 2127 habet?
809 2068 957 2125 Mille
1000 2066 1129 2123 anni
1181 2066 1354 2121 nostri
1403 2075 1694 2134 antequam
1722 2060 1806 2116 of-

1948 2078 1977 2127 ‘t
2018 2072 2198 2127 omnis
2239 2072 2454 2143 quidem
2506 2071 2741 2141 psalmus
2789 2070 2984 2140 recipit
3026 2069 3410 2140 tropologiam,
3452 2076 3510 2122 et

201 2167 579 2236 (auderemus,
612 2181 717 2222 una
749 2165 870 2221 dies
899 2164 1044 2234 apud
1073 2170 1125 2217 te
1168 2170 1307 2216 erat.
1355 2158 1498 2227 Quid
1540 2157 1670 2214 dico
1701 2171 1805 2212 una
1911 2173 2154 2234 poteram
2202 2181 2344 2218 nunc
2393 2179 2492 2234 per
2537 2164 2780 2234 singulos
2824 2163 3135 2219 versiculos
3165 2176 3420 2228 currere,
3454 2169 3510 2217 et

210 2260 368 2317 dies?
398 2260 513 2317 Una
536 2259 741 2329 vigilia.
768 2256 909 2314 Vide
932 2255 1062 2327 quid
1094 2255 1240 2311 dicat
1273 2272 1285 2306 :
1323 2253 1588 2324 Dignatus
1626 2266 1686 2305 es
1711 2263 1811 2320 pro
1910 2256 2257 2328 spiritualem
2307 2256 2724 2327 intelligentiam
2771 2255 2828 2311 in
2877 2255 3113 2327 singulis
3162 2255 3372 2324 'dicere,
3411 2254 3509 2309 sed

201 2364 393 2411 ιιοειινιι
426 2354 603 2413 θειιιιθ
630 2350 974 2411 descendere
1005 2366 1019 2404 2
1059 2347 1244 2404 iudisti
1277 2361 1375 2418 pro
1404 2344 1563 2401 nobis
1589 2342 1810 2415 Iangui-
1914 2348 2048 2405 hora
2088 2349 2455 2405 excludimur.
2489 2349 2609 2406 Uno
2657 2363 2837 2405 [amen
2867 2349 3143 2404 versiculo
3174 2348 3328 2419 quasi
3379 2363 3509 2418 gus-

206 2462 338 2505 nam
372 2460 386 2499 :
417 2460 486 2501 ne
519 2443 742 2514 patiaris
776 2444 959 2513 perire
988 2455 1113 2508 uos,
1147 2447 1205 2494 et
1231 2439 1369 2494 mori
1396 2438 1449 2492 iu
1484 2436 1810 2491 humilitate.

1948 2458 2031 2499 nm
2065 2443 2217 2498 vobis
2249 2442 2321 2498 do
2366 2442 2671 2513 spiritualis
2709 2443 3108 2513 intelligenliir,
3140 2453 3199 2496 ut
3243 2439 3510 2511 quidquid

207 2540 336 2613 Ipse
352 2538 540 2597 dixisti
568 2535 739 2594 :Cum
767 2536 1041 2592 exaltatus
1076 2532 1252 2598 fuero,
1286 2532 1469 2587 otunia
1506 2529 1721 2591 traham
1744 2525 1815 2582 ad

209 2650 306 2692 me
338 2631 525 2707 (Joan.
566 2633 687 2703 xu).
740 2631 1024 2689 Exaltatus
1069 2644 1133 2684 es
1161 2636 1217 2683 et
1241 2624 1495 2684 esaltasti
1533 2639 1671 2681 nos:
1707 2622 1815 2679 noli

211 2726 629 2797 derelinquere,
660 2734 717 2779 ut
735 2721 1145 2779 contrahantur.

293 2819 451 2873 illanc
467 2818 600 2873 sicut
624 2815 781 2871 herba
800 2802 1027 2871 transeat
1052 2829 1070 2869 .'
1095 2827 1246 2866 mane
1264 2813 1452 2881 ﬂoreat
1479 2817 1527 2863 ct
1550 2815 1819 2878 pertrans-

218 2924 306 2970 eat
343 2926 596 2983 :vcspcrc
638 2909 865 2975 decidat,
897 2908 1105 2963 indurat
1137 2914 1185 2960 ct
1230 2911 1452 2959 arescat.
1492 2901 1537 2957 0
1565 2899 1822 2972 mysteria

218 3003 663 3081 Scripturaruml
698 2999 859 3057 Mane
901 3001 1034 3057 sicut
1078 2997 1236 3054 acrba
1279 3005 1528 3052 transeat.
1560 2994 1825 3066 Loquitur

221 3097 491 3155 Dominus
514 3104 704 3153 noster
728 3100 896 3163 atque
922 3090 1179 3149 Salvator
1207 3088 1262 3145 in
1290 3087 1591 3158 Evangelia
1614 3086 1683 3142 de
1704 3086 1828 3140 leno

1896 2536 2008 2618 illc
2041 2548 2287 2602 tacuero,
2319 2538 2523 2607 putetis
2562 2537 2649 2592 llic
2681 2537 2884 2592 dictum
2915 2552 3058 2591 esse.
3093 2536 3218 2591 Dies
3247 2549 3511 2590 annorum

1921 2641 2233 2684 neatrorum
2287 2628 2341 2684 in
2373 2628 2508 2699 ipsis
2561 2631 2907 2700 septuaginta
2939 2628 3119 2683 annis.
3167 2627 3517 2701 Septuaginta

1922 2722 2069 2787 anni,
2094 2733 2306 2792 septem
2350 2721 2584 2778 decedes
2630 2731 2779 2787 sunt,
2821 2729 2870 2777 et
2917 2722 3180 2794 octoginta
3221 2721 3365 2790 anni,
3393 2731 3520 2776 octo

1920 2811 2156 2869 deeades
2202 2825 2350 2869 sunt.
2386 2814 2578 2871 Videte
2622 2830 2756 2885 ergo
2806 2815 3083 2885 quomodo
3139 2814 3432 2882 septimus,
3462 2819 3518 2869 et

1926 2917 2151 2962 octavus
2171 2922 2436 2964 numerus
2460 2908 2811 2979 praedicatur.
2846 2908 2912 2963 Et
2932 2908 3209 2980 quomodo
3236 2906 3478 2963 diximus
3503 2926 3517 2963 :

1930 3010 1987 3056 tu
2015 3003 2283 3074 refugium
2319 3002 2493 3060 lactus
2522 3020 2584 3061 es
2626 3004 2784 3060 nobis
2833 3005 2887 3059 in
2936 3005 3294 3075 generatione
3344 3014 3399 3060 et
3430 3020 3524 3076 ge-

1931 3096 2302 3163 nerationem,
2327 3107 2382 3151 et
2434 3099 2486 3152 in
2537 3097 2709 3154 veteri
2740 3105 2798 3154 et
2836 3098 2889 3152 in
2934 3114 3074 3154 novo
3119 3099 3474 3155 Testamento
3508 3118 3520 3154 :

218 3191 370 3261 quod
402 3190 458 3246 in
490 3204 593 3246 una
621 3187 713 3244 die
732 3186 930 3252 oritur,
954 3196 1010 3245 et
1040 3200 1146 3245 una
1175 3182 1267 3240 die
1294 3181 1501 3239 arescit
1520 3179 1703 3252 (Hau.
1727 3180 1824 3251 vt).
1853 3192 1899 3255 ρ
1934 3196 2223 3256 propterea
2253 3203 2400 3244 nunc
2429 3197 2484 3245 et
2513 3189 2806 3261 septimum
2842 3202 2898 3247 et
2938 3199 3194 3247 octavum
3236 3207 3524 3248 numerum

220 3283 514 3353 Quomodo
563 3281 730 3337 herba
774 3295 897 3351 qua:
941 3278 1082 3335 viret
1111 3286 1169 3334 et
1215 3278 1393 3344 ﬂoret,
1428 3289 1590 3331 mane
1610 3272 1830 3329 videtur

220 3377 385 3449 quasi
415 3375 515 3431 llos
542 3389 667 3433 esse
698 3382 753 3429 et
775 3372 962 3433 virens
995 3390 1006 3424 :
1045 3376 1305 3427 cteterum
1350 3369 1432 3427 sol
1462 3383 1586 3424 eum
1619 3365 1833 3423 venerit

224 3479 287 3528 et
319 3469 517 3525 texerit
556 3464 804 3533 illud,iad
841 3479 1128 3534 vesperam
1156 3463 1310 3535 quasi
1354 3462 1734 3525 demarceseit,
1777 3470 1833 3517 et

226 3564 462 3631 decidit,
493 3565 571 3621 sic
596 3572 654 3620 et
682 3564 865 3618 omnis
908 3559 1017 3619 vita
1062 3569 1248 3614 nostra
1293 3555 1448 3628 quasi
1478 3556 1578 3612 [los
1617 3554 1834 3611 videtur

229 3674 365 3717 esse
392 3674 512 3714 cum
540 3658 682 3713 viret
711 3665 770 3713 et
797 3654 1023 3711 arescit.
1049 3651 1275 3707 Vidistis
1299 3661 1422 3707 ante
1443 3650 1637 3707 decem
1661 3663 1835 3705 annos

231 3749 730 3811 adolescentulum.
760 3745 907 3823 Nihil
950 3746 1044 3802 illo
1087 3742 1369 3816 pulchrius
1404 3761 1416 3796 :
1447 3744 1554 3800 huc
1602 3741 1837 3813 illucque

229 3845 510 3905 currebat.
541 3842 599 3901 Si
628 3856 754 3911 eum
794 3854 940 3903 nunc
963 3836 1267 3909 aspexeris,
1290 3835 1512 3893 videtur
1551 3834 1608 3890 iu
1639 3847 1838 3891 settec-

235 3948 358 3995 tute
405 3934 562 4008 quasi
622 3942 892 3991 mortuus.
922 3930 1080 3987 Licet
1127 3930 1273 3989 vivat
1319 3932 1627 3996 senectute,
1660 3935 1839 3982 tamen

231 4028 615 4089 adolescentia
659 4023 820 4099 perit.
873 4021 1030 4079 Hane
1075 4023 1207 4081 sicut
1249 4019 1409 4079 herba
1456 4029 1706 4086 transeat,
1736 4018 1841 4076 hoc

235 4132 350 4191 est,
372 4123 633 4193 juventus
681 4127 874 4175 nostra
905 4113 1124 4187 :Ipsum
1155 4124 1241 4175 est
1285 4113 1433 4169 enim
1480 4126 1661 4169 mane.
1688 4109 1843 4168 Sicut

235 4218 408 4275 herba
452 4223 727 4273 transeat:
761 4226 912 4268 mane
955 4212 1164 4282 ﬂoreat,
1195 4218 1241 4265 et
1268 4216 1517 4269 transeat.
1553 4205 1846 4265 Floremus

240 4315 301 4371 in
342 4309 715 4369 adolescentia
754 4298 1105 4363 :arescimus
1151 4303 1207 4359 in
1259 4308 1564 4363 senectute.
1629 4299 1848 4369 Vespero

238 4403 477 4472 decidat,
506 4401 718 4461 indurat
747 4409 796 4456 ct
820 4408 1041 4453 arescat.

326 4498 468 4567 Quia
496 4496 781 4567 defecimus
810 4493 865 4547 in
894 4491 976 4547 ira
1001 4499 1113 4558 tua,
1143 4495 1191 4542 et
1217 4487 1273 4541 in
1309 4486 1487 4558 furore
1527 4493 1614 4541 tuo
1658 4482 1851 4539 turbati

1935 3281 2107 3350 ponit.
2145 3281 2259 3343 lloc
2289 3282 2422 3338 dicit
2455 3282 2508 3338 in
2538 3283 2879 3341 Ecclesiaste
2906 3304 2918 3338 :
2947 3285 3025 3340 Da
3059 3294 3265 3358 partem
3290 3296 3524 3359 septem,

1933 3382 1989 3428 et
2015 3372 2084 3428 da
2115 3384 2324 3444 partem
2370 3386 2498 3431 octo
2523 3374 2726 3446 (Eccle.
2757 3378 2854 3449 ιι).
2881 3378 3180 3449 Pmpterea
3213 3389 3268 3437 et
3295 3380 3525 3451 quinde-

1935 3464 2041 3520 cim
2068 3474 2199 3521 sunt
2225 3467 2493 3538 graduum
2528 3468 2743 3539 psalmi,
2774 3468 2877 3525 hoc
2908 3479 3013 3539 est,
3043 3483 3251 3542 septem
3283 3482 3336 3528 et
3365 3484 3489 3531 octo
3516 3491 3529 3527 :

1935 3557 2250 3628 quindecim
2281 3561 2492 3630 pariter
2522 3575 2624 3616 nos
2656 3561 2864 3617 ducunt
2891 3562 2958 3617 ad
3001 3579 3170 3634 regna
3212 3563 3480 3621 oculorum
3517 3581 3529 3620 :

1940 3651 2184 3722 Denique
2221 3663 2509 3724 postquam
2544 3654 2814 3726 septimus
2853 3656 3117 3727 graduum
3153 3659 3394 3730 psalmus
3437 3674 3533 3715 ex-

1941 3743 2120 3814 pletus
2147 3754 2255 3812 est,
2288 3746 2415 3817 quid
2447 3746 2652 3802 dicitur
2679 3747 2731 3802 in
2772 3748 3044 3819 scriptura
3090 3752 3257 3820 ipsius
3297 3752 3486 3821 psalmi
3510 3752 3536 3806 ἲ

1939 3833 2210 3906 Psalmus,
2245 3837 2441 3908 inquit,
2477 3837 2810 3906 Salomonis,
2855 3840 2949 3909 qui
2998 3849 3348 3898 exstruxerat
3388 3854 3536 3899 vete-

1943 3942 2058 3983 rem
2091 3927 2338 3983 domum.
2375 3931 2441 3987 Et
2472 3930 2599 4001 quid
2646 3932 2777 3987 dicit
2812 3932 2963 3988 :Nisi
2992 3933 3254 3991 Dominus
3296 3936 3534 3992 mdilica-

1944 4020 2355 4090 verit‘domum,
2392 4022 2445 4077 in
2477 4038 2675 4079 vanum
2706 4024 3115 4094 laboraverunt,
3144 4028 3235 4099 qui
3265 4030 3539 4087 aediﬁcant

1944 4128 2064 4170 eam
2095 4112 2272 4187 (Psal.
2319 4116 2525 4189 orm).
2559 4117 2699 4186 Quid
2753 4134 2885 4190 ergo
2930 4120 3060 4176 dicit
3092 4124 3205 4191 ipse
3245 4121 3539 4195 Salomon,

1947 4207 2039 4276 qui
2061 4208 2433 4278 praescribitur
2474 4211 2525 4265 in
2567 4211 2687 4281 ipso
2711 4212 2902 4268 titulo?
2937 4215 3077 4285 Ergo
3103 4215 3367 4271 aediﬁcavi
3397 4224 3539 4273 tem-

1952 4302 2123 4371 plum,
2150 4301 2245 4359 sed
2275 4302 2380 4358 nisi
2406 4311 2633 4358 octavus
2673 4321 2933 4362 numerus
2961 4308 3333 4375 aediﬁcaverit,
3366 4311 3419 4366 in
3451 4325 3545 4366 va-

1951 4410 2082 4451 num
2106 4408 2187 4452 est
2215 4396 2408 4452 domus
2447 4397 2735 4454 aediﬁcata.
2762 4399 3018 4472 Legimus
3053 4413 3108 4459 et
3144 4404 3199 4458 in
3248 4404 3548 4477 Evangelio

1953 4487 2250 4544 mcaadum
2285 4488 2598 4544 Mattltaium
2628 4508 2642 4545 :
2672 4492 2819 4548 Beati
2848 4509 3140 4565 pauperes:
3171 4495 3326 4553 Beati
3355 4501 3544 4555 mites:

244 4610 457 4653 διιηεαε.
488 4590 794 4661 Nongeutis
828 4586 1054 4657 triginta
1095 4583 1255 4641 annis
1299 4589 1461 4645 antea
1509 4580 1850 4647 vivebamus,
1877 4591 1933 4653 Ῑ)
1957 4580 2105 4638 Beati
2130 4584 2451 4649 esurientes,
2479 4592 2533 4639 et
2560 4585 2828 4653 sitientes,
2854 4599 2910 4644 et
2939 4600 3161 4659 catcra,
3192 4603 3245 4647 et
3279 4602 3405 4648 sunt
3424 4603 3549 4650 octo

246 4701 434 4759 usque
460 4684 527 4740 ad
550 4682 699 4743 mille
722 4683 837 4737 lere
867 4690 1212 4739 veneramus.
1248 4674 1393 4735 Ecce
1433 4674 1489 4732 in
1518 4674 1739 4731 brevem
1771 4672 1855 4733 νίς

248 4795 373 4840 tam
404 4781 515 4837 vita
544 4791 726 4835 nostra
751 4782 1034 4833 contracta
1062 4784 1165 4830 est.

331 4872 565 4928 Posuisti
603 4871 905 4945 iniquitates
932 4875 1137 4923 nostras
1159 4867 1214 4921 in
1252 4873 1537 4935 conspectu
1567 4872 1677 4920 tuo.
1705 4861 1856 4923 Nihil

253 4979 313 5026 te
341 4967 510 5034 celat,
542 4972 644 5023 hoc
672 4976 781 5033 est,
811 4972 1028 5035 peccata
1056 4973 1273 5029 nostra,
1295 4975 1396 5021 nec
1424 4977 1530 5019 nox
1556 4960 1720 5030 celat,
1755 4974 1858 5016 nec

253 5058 570 5121 involutum
598 5054 1072 5117 tenebraOmnia
1102 5052 1245 5124 apud
1276 5063 1329 5111 te
1349 5054 1555 5108 luceat.
1582 5051 1853 5115 Secutum

255 5162 503 5211 nostrum
522 5152 580 5206 in
602 5148 982 5205 iiluntinatione
1001 5148 1169 5202 vultus
1202 5146 1298 5199 tui.
1326 5143 1517 5199 Melius
1548 5143 1784 5198 habetur
1806 5143 1859 5198 in

257 5242 541 5303 llebraico
570 5260 588 5298 ς
618 5240 742 5297 Vita
787 5251 966 5295 nostra
1010 5240 1066 5294 in
1113 5238 1495 5293 illuminationc
1542 5236 1713 5291 vultus
1764 5236 1860 5292 tui.

259 5336 551 5411 Quidquid
594 5322 1117 5407 agimus,qaidquid
1161 5331 1216 5387 in
1264 5338 1483 5391 secreto
1534 5344 1639 5386 nos
1685 5327 1866 5394 facere

260 5442 551 5509 putamus,
584 5440 732 5501 patet
762 5428 814 5483 iu
840 5426 1024 5491 oculis
1050 5425 1179 5483 tuis.

344 5526 608 5594 Quoniam
656 5540 831 5581 unum
875 5522 986 5579 dies
1035 5520 1196 5581 nostri
1244 5519 1564 5587 defecerunt.
1612 5514 1869 5572 Cucurrit

262 5630 408 5679 etas
442 5636 455 5673 :
485 5625 545 5683 et
568 5617 700 5681 dum
729 5615 1071 5687 ignoramus,
1094 5612 1335 5682 graviter
1358 5610 1626 5682 perimus.
1663 5607 1733 5671 Et
1762 5607 1869 5665 hoe

264 5720 455 5791 ipsum
482 5712 627 5782 quod
662 5712 959 5784 loquimur,
984 5707 1055 5767 de
1079 5718 1258 5765 morte
1296 5716 1404 5775 est,
1433 5717 1492 5765 et
1523 5721 1629 5763 nou
1664 5703 1871 5761 intelli-

267 5811 481 5884 gimus.

1959 4673 2329 4732 Beatitudines
2355 4668 2543 4749 (Hau.
2577 4679 2655 4748 v).
2686 4678 2831 4749 Ergo
2872 4681 3137 4739 Dominus
3179 4697 3365 4757 noster
3400 4698 3553 4742 oeto-

1960 4769 2114 4825 uario
2153 4784 2385 4825 numero
2412 4771 2681 4827 conclusit
2730 4773 3099 4849 Evangelium.
3146 4778 3386 4851 Denique
3427 4796 3559 4836 nus-

1960 4877 2121 4934 quam
2162 4863 2468 4921 invenimus
2513 4876 2640 4921 octo
2685 4867 2891 4937 pariter
2936 4869 3335 4942 Beatitudines,
3364 4876 3469 4930 nisi
3506 4876 3560 4932 in

1965 4955 2284 5028 Evangelio.
2314 4959 2615 5015 Octonario
2645 4976 2891 5028 numero,
2925 4962 3028 5019 hoc
3056 4973 3159 5033 est,
3192 4967 3242 5023 in
3272 4968 3362 5026 die
3382 4986 3562 5027 resur-

1965 5048 2250 5106 rectionis.
2283 5048 2410 5104 Dies
2438 5067 2700 5106 annorum
2748 5062 3044 5111 nostrorum
3088 5059 3142 5112 in
3192 5059 3319 5129 ipsis
3349 5074 3559 5135 septua-

1963 5144 2107 5217 ginta
2157 5145 2330 5199 annis.
2373 5142 2554 5200 Vultis
2602 5147 2884 5202 ostendam
2937 5149 3092 5205 vobis
3144 5151 3362 5208 interim
3417 5155 3564 5225 quod

1965 5238 2234 5309 septimus
2277 5246 2336 5292 et
2389 5246 2614 5294 octavus
2662 5255 2921 5296 numerus
2967 5245 3253 5301 continent
3327 5249 3564 5318 plurima

1969 5333 2344 5389 sacramenta?
2393 5331 2662 5403 Legamus
2712 5333 2986 5405 Ezechiel,
3045 5347 3098 5392 et
3144 5339 3197 5393 in
3255 5356 3358 5395 una
3410 5352 3568 5413 porta

1971 5425 2207 5483 dicitur:
2241 5425 2308 5481 Et
2336 5424 2691 5496 ingrediatur,
2726 5428 2923 5499 inquit,
2954 5445 3049 5500 per
3091 5440 3297 5501 portam
3341 5436 3570 5493 orientis

1975 5517 2030 5574 in
2054 5518 2314 5588 templum
2338 5518 2483 5590 quod
2514 5519 2830 5576 :rdilicuur.
2864 5520 2919 5577 ln
2945 5523 3219 5591 Ezechiel,
3247 5525 3301 5581 in
3327 5537 3570 5584 extrema

1981 5618 2133 5681 parte
2166 5628 2179 5664 :
2215 5611 2279 5665 Et
2322 5610 2604 5681 ascendet,
2637 5611 2829 5682 inquit,
2880 5614 3140 5670 sacerdos
3191 5616 3443 5685 primum,
3479 5634 3576 5689 per

1980 5711 2190 5774 septem
2235 5714 2291 5760 et
2337 5712 2464 5759 octo
2508 5704 2731 5775 gradus.
2767 5704 2841 5761 Et
2871 5706 2983 5762 licri
3040 5715 3270 5778 poterat,
3303 5711 3377 5766 ut’
3410 5712 3461 5767 in
3512 5728 3573 5767 ea

1983 5802 2161 5869 ports,
2189 5803 2247 5861 at
2288 5803 2502 5867 septem
2529 5803 2718 5854 essent
2741 5798 2943 5868 gradus
2988 5806 3044 5857 et
3084 5808 3226 5861 octo.
3261 5802 3370 5862 Sed
3398 5803 3576 5863 videte
