  <div class='ocr_page' id='page_1' title='image "/cluster/home/n/w/nwhite01/storage/ocr_20150623/26/hvd.32044015471402/553.png"; bbox 0 0 3954 6340; ppageno 0'>
   <div class='ocr_carea' id='block_1_1' title="bbox 506 299 648 361">
    <p class='ocr_par' dir='ltr' id='par_1_1' title="bbox 506 299 648 361">
     <span class='ocr_line' id='line_1_1' title="bbox 506 299 648 361; baseline -0.042 0"><span class='ocrx_word' id='word_1_1' title='bbox 506 299 648 361; x_wconf 76' lang='grc'><strong>1093</strong></span> 
     </span>
    </p>
   </div>
   <div class='ocr_carea' id='block_1_2' title="bbox 1307 280 3007 355">
    <p class='ocr_par' dir='ltr' id='par_1_2' title="bbox 1307 280 3007 355">
     <span class='ocr_line' id='line_1_2' title="bbox 1307 280 3007 355; baseline -0.004 -1"><span class='ocrx_word' id='word_1_2' title='bbox 1307 295 1653 355; x_wconf 72' lang='grc' dir='ltr'><strong>ΑΡΡΕΝΟΙΧ</strong></span> <span class='ocrx_word' id='word_1_3' title='bbox 1690 295 1785 353; x_wconf 84' lang='lat' dir='ltr'><strong>AD</strong></span> <span class='ocrx_word' id='word_1_4' title='bbox 1825 294 2071 353; x_wconf 79' lang='lat' dir='ltr'><strong>TOMUM</strong></span> <span class='ocrx_word' id='word_1_5' title='bbox 2110 291 2468 352; x_wconf 79' lang='lat' dir='ltr'><strong>SEPTIMUM</strong></span> <span class='ocrx_word' id='word_1_6' title='bbox 2505 293 2562 351; x_wconf 90' lang='lat' dir='ltr'><strong>S.</strong></span> <span class='ocrx_word' id='word_1_7' title='bbox 2607 280 3007 351; x_wconf 77' lang='lat' dir='ltr'><strong>HIERONYMI.</strong></span> 
     </span>
    </p>
   </div>
   <div class='ocr_carea' id='block_1_3' title="bbox 3783 236 3813 255">
    <p class='ocr_par' dir='ltr' id='par_1_3' title="bbox 3783 236 3813 255">
     <span class='ocr_line' id='line_1_3' title="bbox 3783 236 3813 255; baseline 0 -11"><span class='ocrx_word' id='word_1_8' title='bbox 3783 236 3813 255; x_wconf 46' lang='grc' dir='ltr'><strong>η</strong></span> 
     </span>
    </p>
   </div>
   <div class='ocr_carea' id='block_1_4' title="bbox 3607 260 3750 349">
    <p class='ocr_par' dir='ltr' id='par_1_4' title="bbox 3607 260 3750 349">
     <span class='ocr_line' id='line_1_4' title="bbox 3607 260 3750 349; baseline 0 -1"><span class='ocrx_word' id='word_1_9' title='bbox 3607 260 3614 275; x_wconf 85' lang='grc'><strong>’</strong></span> <span class='ocrx_word' id='word_1_10' title='bbox 3638 291 3750 349; x_wconf 74' lang='grc' dir='ltr'>ιοιδ</span> 
     </span>
    </p>
   </div>
   <div class='ocr_carea' id='block_1_5' title="bbox 504 403 3751 489">
    <p class='ocr_par' dir='ltr' id='par_1_5' title="bbox 504 403 3751 489">
     <span class='ocr_line' id='line_1_5' title="bbox 504 403 3751 489; baseline -0.001 -26"><span class='ocrx_word' id='word_1_11' title='bbox 504 414 633 487; x_wconf 83' lang='lat' dir='ltr'><strong>quid</strong></span> <span class='ocrx_word' id='word_1_12' title='bbox 666 412 797 470; x_wconf 89' lang='lat' dir='ltr'><strong>dicit</strong></span> <span class='ocrx_word' id='word_1_13' title='bbox 824 430 835 467; x_wconf 89' lang='lat'><strong>:</strong></span> <span class='ocrx_word' id='word_1_14' title='bbox 862 410 1155 469; x_wconf 75' lang='lat' dir='ltr'><strong>Orientalis</strong></span> <span class='ocrx_word' id='word_1_15' title='bbox 1201 418 1353 482; x_wconf 87' lang='lat' dir='ltr'><strong>porta</strong></span> <span class='ocrx_word' id='word_1_16' title='bbox 1382 412 1524 467; x_wconf 91' lang='lat' dir='ltr'><strong>unde</strong></span> <span class='ocrx_word' id='word_1_17' title='bbox 1560 412 1739 467; x_wconf 86' lang='lat' dir='ltr'><strong>lumen</strong></span> <span class='ocrx_word' id='word_1_18' title='bbox 1785 412 1954 476; x_wconf 90' lang='lat' dir='ltr'><strong>venit,</strong></span> <span class='ocrx_word' id='word_1_19' title='bbox 1988 411 2099 464; x_wconf 84' lang='lat' dir='ltr'><strong>Do-</strong></span> <span class='ocrx_word' id='word_1_20' title='bbox 2131 412 2175 470; x_wconf 85' lang='grc' dir='ltr'><strong>Λ</strong></span> <span class='ocrx_word' id='word_1_21' title='bbox 2206 408 2391 465; x_wconf 86' lang='lat' dir='ltr'><strong>volare</strong></span> <span class='ocrx_word' id='word_1_22' title='bbox 2434 410 2553 466; x_wconf 85' lang='lat' dir='ltr'><strong>sine</strong></span> <span class='ocrx_word' id='word_1_23' title='bbox 2602 409 2844 466; x_wconf 76' lang='lat' dir='ltr'><strong>Christo.</strong></span> <span class='ocrx_word' id='word_1_24' title='bbox 2884 408 3076 465; x_wconf 87' lang='lat' dir='ltr'><strong>Videte</strong></span> <span class='ocrx_word' id='word_1_25' title='bbox 3128 420 3261 475; x_wconf 80' lang='lat' dir='ltr'><strong>ergo</strong></span> <span class='ocrx_word' id='word_1_26' title='bbox 3302 403 3391 476; x_wconf 83' lang='lat' dir='ltr'><strong>qui</strong></span> <span class='ocrx_word' id='word_1_27' title='bbox 3417 403 3552 489; x_wconf 73' lang='lat' dir='ltr'><strong>dicat</strong></span> <span class='ocrx_word' id='word_1_28' title='bbox 3584 423 3596 462; x_wconf 90' lang='lat'><strong>:</strong></span> <span class='ocrx_word' id='word_1_29' title='bbox 3630 407 3751 465; x_wconf 77' lang='lat' dir='ltr'><strong>Mitte</strong></span> 
     </span>
    </p>
   </div>
   <div class='ocr_carea' id='block_1_6' title="bbox 506 506 2103 578">
    <p class='ocr_par' dir='ltr' id='par_1_6' title="bbox 506 506 2103 578">
     <span class='ocr_line' id='line_1_6' title="bbox 506 506 2103 578; baseline -0.004 -14"><span class='ocrx_word' id='word_1_30' title='bbox 506 509 689 564; x_wconf 87' lang='lat' dir='ltr'><strong>minus</strong></span> <span class='ocrx_word' id='word_1_31' title='bbox 722 516 910 563; x_wconf 87' lang='lat' dir='ltr'><strong>noster</strong></span> <span class='ocrx_word' id='word_1_32' title='bbox 936 518 1098 578; x_wconf 90' lang='lat' dir='ltr'><strong>atque</strong></span> <span class='ocrx_word' id='word_1_33' title='bbox 1129 507 1405 564; x_wconf 75' lang='lat' dir='ltr'><strong>Salvator.</strong></span> <span class='ocrx_word' id='word_1_34' title='bbox 1436 506 1553 563; x_wconf 91' lang='lat' dir='ltr'><strong>Una</strong></span> <span class='ocrx_word' id='word_1_35' title='bbox 1574 506 1790 577; x_wconf 77' lang='lat' dir='ltr'><strong>quidem</strong></span> <span class='ocrx_word' id='word_1_36' title='bbox 1818 514 1976 575; x_wconf 85' lang='lat' dir='ltr'><strong>porta</strong></span> <span class='ocrx_word' id='word_1_37' title='bbox 1998 513 2103 567; x_wconf 87' lang='lat' dir='ltr'><strong>est,</strong></span> 
     </span>
    </p>
   </div>
   <div class='ocr_carea' id='block_1_7' title="bbox 505 597 2109 672">
    <p class='ocr_par' dir='ltr' id='par_1_7' title="bbox 505 597 2109 672">
     <span class='ocr_line' id='line_1_7' title="bbox 505 597 2109 672; baseline -0.002 -15"><span class='ocrx_word' id='word_1_38' title='bbox 505 610 561 658; x_wconf 91' lang='lat' dir='ltr'><strong>et</strong></span> <span class='ocrx_word' id='word_1_39' title='bbox 591 617 752 657; x_wconf 89' lang='lat' dir='ltr'><strong>nemo</strong></span> <span class='ocrx_word' id='word_1_40' title='bbox 782 599 1084 672; x_wconf 83' lang='lat' dir='ltr'><strong>ingreditur</strong></span> <span class='ocrx_word' id='word_1_41' title='bbox 1111 600 1165 655; x_wconf 92' lang='lat' dir='ltr'><strong>in</strong></span> <span class='ocrx_word' id='word_1_42' title='bbox 1189 616 1308 656; x_wconf 89' lang='lat' dir='ltr'><strong>eam</strong></span> <span class='ocrx_word' id='word_1_43' title='bbox 1338 601 1442 656; x_wconf 88' lang='lat' dir='ltr'><strong>nisi</strong></span> <span class='ocrx_word' id='word_1_44' title='bbox 1475 599 1736 656; x_wconf 84' lang='lat' dir='ltr'><strong>sacerdos</strong></span> <span class='ocrx_word' id='word_1_45' title='bbox 1767 613 2014 668; x_wconf 76' lang='lat' dir='ltr'><strong>uiagnus.</strong></span> <span class='ocrx_word' id='word_1_46' title='bbox 2039 597 2109 653; x_wconf 86' lang='lat' dir='ltr'><strong>Et</strong></span> 
     </span>
    </p>
   </div>
   <div class='ocr_carea' id='block_1_8' title="bbox 508 690 2105 764">
    <p class='ocr_par' dir='ltr' id='par_1_8' title="bbox 508 690 2105 764">
     <span class='ocr_line' id='line_1_8' title="bbox 508 690 2105 764; baseline -0.002 -15"><span class='ocrx_word' id='word_1_47' title='bbox 508 693 638 764; x_wconf 90' lang='lat' dir='ltr'><strong>quid</strong></span> <span class='ocrx_word' id='word_1_48' title='bbox 666 693 868 749; x_wconf 91' lang='lat' dir='ltr'><strong>dicitur</strong></span> <span class='ocrx_word' id='word_1_49' title='bbox 900 693 1010 749; x_wconf 85' lang='lat' dir='ltr'><strong>ibl‘l</strong></span> <span class='ocrx_word' id='word_1_50' title='bbox 1040 693 1203 749; x_wconf 90' lang='lat' dir='ltr'><strong>Porta</strong></span> <span class='ocrx_word' id='word_1_51' title='bbox 1233 692 1351 749; x_wconf 71' lang='lat' dir='ltr'><strong>haec</strong></span> <span class='ocrx_word' id='word_1_52' title='bbox 1378 709 1599 764; x_wconf 78' lang='lat' dir='ltr'><strong>semper</strong></span> <span class='ocrx_word' id='word_1_53' title='bbox 1625 694 1807 749; x_wconf 89' lang='lat' dir='ltr'><strong>clausa</strong></span> <span class='ocrx_word' id='word_1_54' title='bbox 1833 693 1962 748; x_wconf 88' lang='lat' dir='ltr'><strong>erit.</strong></span> <span class='ocrx_word' id='word_1_55' title='bbox 1988 690 2105 747; x_wconf 85' lang='lat' dir='ltr'><strong>Non</strong></span> 
     </span>
    </p>
   </div>
   <div class='ocr_carea' id='block_1_9' title="bbox 509 785 2110 860">
    <p class='ocr_par' dir='ltr' id='par_1_9' title="bbox 509 785 2110 860">
     <span class='ocr_line' id='line_1_9' title="bbox 509 785 2110 860; baseline 0.001 -20"><span class='ocrx_word' id='word_1_56' title='bbox 509 796 691 843; x_wconf 87' lang='lat' dir='ltr'><strong>autem</strong></span> <span class='ocrx_word' id='word_1_57' title='bbox 729 787 970 858; x_wconf 88' lang='lat' dir='ltr'><strong>aperitur</strong></span> <span class='ocrx_word' id='word_1_58' title='bbox 1000 788 1102 842; x_wconf 88' lang='lat' dir='ltr'><strong>nisi</strong></span> <span class='ocrx_word' id='word_1_59' title='bbox 1135 787 1410 844; x_wconf 83' lang='lat' dir='ltr'><strong>sacerdoti</strong></span> <span class='ocrx_word' id='word_1_60' title='bbox 1440 787 1660 860; x_wconf 74' lang='lat' dir='ltr'><strong>(Ezech.</strong></span> <span class='ocrx_word' id='word_1_61' title='bbox 1696 785 1863 859; x_wconf 80' lang='lat' dir='ltr'><strong>xmv).</strong></span> <span class='ocrx_word' id='word_1_62' title='bbox 1889 786 1982 843; x_wconf 88' lang='lat' dir='ltr'><strong>Sic</strong></span> <span class='ocrx_word' id='word_1_63' title='bbox 2010 786 2110 857; x_wconf 85' lang='lat' dir='ltr'><strong>igi-</strong></span> 
     </span>
    </p>
   </div>
   <div class='ocr_carea' id='block_1_10' title="bbox 508 880 2112 952">
    <p class='ocr_par' dir='ltr' id='par_1_10' title="bbox 508 880 2112 952">
     <span class='ocr_line' id='line_1_10' title="bbox 508 880 2112 952; baseline 0 -17"><span class='ocrx_word' id='word_1_64' title='bbox 508 887 619 945; x_wconf 86' lang='lat' dir='ltr'><strong>tur,</strong></span> <span class='ocrx_word' id='word_1_65' title='bbox 651 888 707 935; x_wconf 91' lang='lat' dir='ltr'><strong>et</strong></span> <span class='ocrx_word' id='word_1_66' title='bbox 737 894 960 947; x_wconf 86' lang='lat' dir='ltr'><strong>novum,</strong></span> <span class='ocrx_word' id='word_1_67' title='bbox 990 888 1048 936; x_wconf 88' lang='lat' dir='ltr'><strong>et</strong></span> <span class='ocrx_word' id='word_1_68' title='bbox 1075 890 1229 937; x_wconf 86' lang='lat' dir='ltr'><strong>vetus</strong></span> <span class='ocrx_word' id='word_1_69' title='bbox 1258 880 1667 938; x_wconf 65' lang='lat' dir='ltr'><strong>Testamentum</strong></span> <span class='ocrx_word' id='word_1_70' title='bbox 1701 896 1921 952; x_wconf 87' lang='lat' dir='ltr'><strong>semper</strong></span> <span class='ocrx_word' id='word_1_71' title='bbox 1963 880 2112 937; x_wconf 89' lang='lat' dir='ltr'><strong>elau-</strong></span> 
     </span>
    </p>
   </div>
   <div class='ocr_carea' id='block_1_11' title="bbox 506 973 2112 1047">
    <p class='ocr_par' dir='ltr' id='par_1_11' title="bbox 506 973 2112 1047">
     <span class='ocr_line' id='line_1_11' title="bbox 506 973 2112 1047; baseline 0.001 -16"><span class='ocrx_word' id='word_1_72' title='bbox 506 989 627 1031; x_wconf 86' lang='lat' dir='ltr'><strong>sum</strong></span> <span class='ocrx_word' id='word_1_73' title='bbox 657 973 789 1030; x_wconf 88' lang='lat' dir='ltr'><strong>fuit:</strong></span> <span class='ocrx_word' id='word_1_74' title='bbox 826 992 933 1031; x_wconf 88' lang='lat' dir='ltr'><strong>non</strong></span> <span class='ocrx_word' id='word_1_75' title='bbox 973 984 1061 1032; x_wconf 90' lang='lat' dir='ltr'><strong>est</strong></span> <span class='ocrx_word' id='word_1_76' title='bbox 1087 986 1336 1047; x_wconf 89' lang='lat' dir='ltr'><strong>apertum</strong></span> <span class='ocrx_word' id='word_1_77' title='bbox 1385 977 1485 1032; x_wconf 88' lang='lat' dir='ltr'><strong>nisi</strong></span> <span class='ocrx_word' id='word_1_78' title='bbox 1539 976 1829 1034; x_wconf 88' lang='lat' dir='ltr'><strong>Salvatori.</strong></span> <span class='ocrx_word' id='word_1_79' title='bbox 1872 975 1980 1031; x_wconf 87' lang='lat' dir='ltr'><strong>Iste</strong></span> <span class='ocrx_word' id='word_1_80' title='bbox 2026 985 2112 1032; x_wconf 88' lang='lat' dir='ltr'><strong>est</strong></span> 
     </span>
    </p>
   </div>
   <div class='ocr_carea' id='block_1_12' title="bbox 510 1065 2105 1149">
    <p class='ocr_par' dir='ltr' id='par_1_12' title="bbox 510 1065 2105 1149">
     <span class='ocr_line' id='line_1_12' title="bbox 510 1065 2105 1149; baseline 0.004 -28"><span class='ocrx_word' id='word_1_81' title='bbox 510 1065 654 1122; x_wconf 91' lang='lat' dir='ltr'><strong>enim</strong></span> <span class='ocrx_word' id='word_1_82' title='bbox 684 1067 774 1137; x_wconf 89' lang='lat' dir='ltr'><strong>qui</strong></span> <span class='ocrx_word' id='word_1_83' title='bbox 799 1066 962 1124; x_wconf 83' lang='lat' dir='ltr'><strong>habet</strong></span> <span class='ocrx_word' id='word_1_84' title='bbox 991 1066 1222 1136; x_wconf 80' lang='lat' dir='ltr'><strong>clavem,</strong></span> <span class='ocrx_word' id='word_1_85' title='bbox 1252 1069 1343 1139; x_wconf 87' lang='lat' dir='ltr'><strong>qui</strong></span> <span class='ocrx_word' id='word_1_86' title='bbox 1370 1069 1566 1139; x_wconf 90' lang='lat' dir='ltr'><strong>aperit,</strong></span> <span class='ocrx_word' id='word_1_87' title='bbox 1598 1078 1654 1124; x_wconf 90' lang='lat' dir='ltr'><strong>et</strong></span> <span class='ocrx_word' id='word_1_88' title='bbox 1682 1082 1842 1124; x_wconf 91' lang='lat' dir='ltr'><strong>nemo</strong></span> <span class='ocrx_word' id='word_1_89' title='bbox 1868 1067 2105 1149; x_wconf 87' lang='lat' dir='ltr'><strong>claudit:</strong></span> 
     </span>
    </p>
   </div>
   <div class='ocr_carea' id='block_1_13' title="bbox 509 1160 2110 1234">
    <p class='ocr_par' dir='ltr' id='par_1_13' title="bbox 509 1160 2110 1234">
     <span class='ocr_line' id='line_1_13' title="bbox 509 1160 2110 1234; baseline 0.004 -23"><span class='ocrx_word' id='word_1_90' title='bbox 509 1161 600 1231; x_wconf 88' lang='lat' dir='ltr'><strong>qui</strong></span> <span class='ocrx_word' id='word_1_91' title='bbox 633 1160 860 1228; x_wconf 84' lang='lat' dir='ltr'><strong>claudit,</strong></span> <span class='ocrx_word' id='word_1_92' title='bbox 892 1170 949 1218; x_wconf 91' lang='lat' dir='ltr'><strong>et</strong></span> <span class='ocrx_word' id='word_1_93' title='bbox 993 1178 1157 1218; x_wconf 89' lang='lat' dir='ltr'><strong>nemo</strong></span> <span class='ocrx_word' id='word_1_94' title='bbox 1193 1162 1389 1234; x_wconf 88' lang='lat' dir='ltr'><strong>aperit.</strong></span> <span class='ocrx_word' id='word_1_95' title='bbox 1436 1162 1551 1220; x_wconf 85' lang='lat' dir='ltr'><strong>Una</strong></span> <span class='ocrx_word' id='word_1_96' title='bbox 1583 1177 1716 1234; x_wconf 87' lang='lat' dir='ltr'><strong>ergo</strong></span> <span class='ocrx_word' id='word_1_97' title='bbox 1747 1171 1902 1233; x_wconf 89' lang='lat' dir='ltr'><strong>porta</strong></span> <span class='ocrx_word' id='word_1_98' title='bbox 1949 1161 2110 1217; x_wconf 88' lang='lat' dir='ltr'><strong>habet</strong></span> 
     </span>
    </p>
   </div>
   <div class='ocr_carea' id='block_1_14' title="bbox 510 1254 2110 1329">
    <p class='ocr_par' dir='ltr' id='par_1_14' title="bbox 510 1254 2110 1329">
     <span class='ocr_line' id='line_1_14' title="bbox 510 1254 2110 1329; baseline 0.002 -21"><span class='ocrx_word' id='word_1_99' title='bbox 510 1261 743 1329; x_wconf 81' lang='lat' dir='ltr'><strong>septem,</strong></span> <span class='ocrx_word' id='word_1_100' title='bbox 774 1262 829 1309; x_wconf 89' lang='lat' dir='ltr'><strong>et</strong></span> <span class='ocrx_word' id='word_1_101' title='bbox 848 1263 975 1310; x_wconf 89' lang='lat' dir='ltr'><strong>octo</strong></span> <span class='ocrx_word' id='word_1_102' title='bbox 1003 1254 1230 1327; x_wconf 76' lang='lat' dir='ltr'><strong>gradus;</strong></span> <span class='ocrx_word' id='word_1_103' title='bbox 1269 1256 1340 1311; x_wconf 87' lang='lat' dir='ltr'><strong>Et</strong></span> <span class='ocrx_word' id='word_1_104' title='bbox 1374 1255 1433 1311; x_wconf 89' lang='lat' dir='ltr'><strong>in</strong></span> <span class='ocrx_word' id='word_1_105' title='bbox 1461 1257 1637 1312; x_wconf 80' lang='lat' dir='ltr'><strong>veteri</strong></span> <span class='ocrx_word' id='word_1_106' title='bbox 1666 1256 1890 1327; x_wconf 89' lang='lat' dir='ltr'><strong>quidem</strong></span> <span class='ocrx_word' id='word_1_107' title='bbox 1917 1256 2110 1311; x_wconf 85' lang='lat' dir='ltr'><strong>Testa-</strong></span> 
     </span>
    </p>
   </div>
   <div class='ocr_carea' id='block_1_15' title="bbox 511 1350 2112 1421">
    <p class='ocr_par' dir='ltr' id='par_1_15' title="bbox 511 1350 2112 1421">
     <span class='ocr_line' id='line_1_15' title="bbox 511 1350 2112 1421; baseline 0.001 -17"><span class='ocrx_word' id='word_1_108' title='bbox 511 1358 699 1404; x_wconf 89' lang='lat' dir='ltr'><strong>mento</strong></span> <span class='ocrx_word' id='word_1_109' title='bbox 720 1360 1064 1406; x_wconf 89' lang='lat' dir='ltr'><strong>sacramenta</strong></span> <span class='ocrx_word' id='word_1_110' title='bbox 1093 1361 1220 1405; x_wconf 91' lang='lat' dir='ltr'><strong>sunt</strong></span> <span class='ocrx_word' id='word_1_111' title='bbox 1252 1350 1602 1421; x_wconf 83' lang='lat' dir='ltr'><strong>Evangelica,</strong></span> <span class='ocrx_word' id='word_1_112' title='bbox 1633 1359 1688 1406; x_wconf 91' lang='lat' dir='ltr'><strong>et</strong></span> <span class='ocrx_word' id='word_1_113' title='bbox 1718 1350 1771 1405; x_wconf 92' lang='lat' dir='ltr'><strong>in</strong></span> <span class='ocrx_word' id='word_1_114' title='bbox 1804 1364 1946 1405; x_wconf 91' lang='lat' dir='ltr'><strong>novo</strong></span> <span class='ocrx_word' id='word_1_115' title='bbox 1978 1350 2112 1406; x_wconf 84' lang='lat' dir='ltr'><strong>Tes-</strong></span> 
     </span>
    </p>
   </div>
   <div class='ocr_carea' id='block_1_16' title="bbox 511 1443 2112 1517">
    <p class='ocr_par' dir='ltr' id='par_1_16' title="bbox 511 1443 2112 1517">
     <span class='ocr_line' id='line_1_16' title="bbox 511 1443 2112 1517; baseline 0.001 -18"><span class='ocrx_word' id='word_1_116' title='bbox 511 1452 756 1500; x_wconf 88' lang='lat' dir='ltr'><strong>tamento</strong></span> <span class='ocrx_word' id='word_1_117' title='bbox 778 1457 1118 1501; x_wconf 71' lang='lat' dir='ltr'><strong>sacramenta</strong></span> <span class='ocrx_word' id='word_1_118' title='bbox 1147 1454 1273 1501; x_wconf 90' lang='lat' dir='ltr'><strong>sunt</strong></span> <span class='ocrx_word' id='word_1_119' title='bbox 1298 1443 1480 1516; x_wconf 84' lang='lat' dir='ltr'><strong>Legis.</strong></span> <span class='ocrx_word' id='word_1_120' title='bbox 1514 1445 1708 1501; x_wconf 88' lang='lat' dir='ltr'><strong>Audite</strong></span> <span class='ocrx_word' id='word_1_121' title='bbox 1734 1445 1937 1516; x_wconf 82' lang='lat' dir='ltr'><strong>majora</strong></span> <span class='ocrx_word' id='word_1_122' title='bbox 1967 1460 2112 1517; x_wconf 84' lang='lat' dir='ltr'><strong>mys-</strong></span> 
     </span>
    </p>
   </div>
   <div class='ocr_carea' id='block_1_17' title="bbox 509 1535 2109 1608">
    <p class='ocr_par' dir='ltr' id='par_1_17' title="bbox 509 1535 2109 1608">
     <span class='ocr_line' id='line_1_17' title="bbox 509 1535 2109 1608; baseline 0.001 -17"><span class='ocrx_word' id='word_1_123' title='bbox 509 1536 673 1592; x_wconf 90' lang='lat' dir='ltr'><strong>teria.</strong></span> <span class='ocrx_word' id='word_1_124' title='bbox 691 1535 770 1592; x_wconf 84' lang='lat' dir='ltr'><strong>Eo</strong></span> <span class='ocrx_word' id='word_1_125' title='bbox 787 1548 1030 1605; x_wconf 88' lang='lat' dir='ltr'><strong>tempore</strong></span> <span class='ocrx_word' id='word_1_126' title='bbox 1052 1536 1269 1608; x_wconf 85' lang='lat' dir='ltr'><strong>quando</strong></span> <span class='ocrx_word' id='word_1_127' title='bbox 1289 1536 1573 1608; x_wconf 88' lang='lat' dir='ltr'><strong>Salomon,</strong></span> <span class='ocrx_word' id='word_1_128' title='bbox 1589 1536 1693 1593; x_wconf 92' lang='lat' dir='ltr'><strong>hoc</strong></span> <span class='ocrx_word' id='word_1_129' title='bbox 1714 1548 1817 1605; x_wconf 88' lang='lat' dir='ltr'><strong>est,</strong></span> <span class='ocrx_word' id='word_1_130' title='bbox 1850 1537 2109 1608; x_wconf 82' lang='lat' dir='ltr'><strong>paciﬁcus</strong></span> 
     </span>
    </p>
   </div>
   <div class='ocr_carea' id='block_1_18' title="bbox 511 1626 2107 1703">
    <p class='ocr_par' dir='ltr' id='par_1_18' title="bbox 511 1626 2107 1703">
     <span class='ocr_line' id='line_1_18' title="bbox 511 1626 2107 1703; baseline 0.001 -20"><span class='ocrx_word' id='word_1_131' title='bbox 511 1638 699 1684; x_wconf 90' lang='lat' dir='ltr'><strong>noster</strong></span> <span class='ocrx_word' id='word_1_132' title='bbox 720 1627 832 1701; x_wconf 89' lang='lat' dir='ltr'><strong>(qui</strong></span> <span class='ocrx_word' id='word_1_133' title='bbox 863 1628 995 1684; x_wconf 89' lang='lat' dir='ltr'><strong>dicit</strong></span> <span class='ocrx_word' id='word_1_134' title='bbox 1021 1626 1203 1703; x_wconf 87' lang='lat' dir='ltr'><strong>(Joan.</strong></span> <span class='ocrx_word' id='word_1_135' title='bbox 1228 1629 1377 1699; x_wconf 79' lang='lat' dir='ltr'><strong>xiv):</strong></span> <span class='ocrx_word' id='word_1_136' title='bbox 1405 1629 1597 1686; x_wconf 87' lang='lat' dir='ltr'><strong>Pacem</strong></span> <span class='ocrx_word' id='word_1_137' title='bbox 1624 1644 1803 1685; x_wconf 87' lang='lat' dir='ltr'><strong>meam</strong></span> <span class='ocrx_word' id='word_1_138' title='bbox 1834 1628 1908 1685; x_wconf 90' lang='lat' dir='ltr'><strong>do</strong></span> <span class='ocrx_word' id='word_1_139' title='bbox 1936 1628 2107 1698; x_wconf 85' lang='lat' dir='ltr'><strong>vobis,</strong></span> 
     </span>
    </p>
   </div>
   <div class='ocr_carea' id='block_1_19' title="bbox 518 1721 2102 1793">
    <p class='ocr_par' dir='ltr' id='par_1_19' title="bbox 518 1721 2102 1793">
     <span class='ocr_line' id='line_1_19' title="bbox 518 1721 2102 1793; baseline 0.003 -19"><span class='ocrx_word' id='word_1_140' title='bbox 518 1735 708 1792; x_wconf 89' lang='lat' dir='ltr'><strong>pacem</strong></span> <span class='ocrx_word' id='word_1_141' title='bbox 769 1737 945 1778; x_wconf 87' lang='lat' dir='ltr'><strong>meam</strong></span> <span class='ocrx_word' id='word_1_142' title='bbox 991 1722 1239 1793; x_wconf 87' lang='lat' dir='ltr'><strong>relinquo</strong></span> <span class='ocrx_word' id='word_1_143' title='bbox 1286 1721 1489 1778; x_wconf 89' lang='lat' dir='ltr'><strong>vobis:</strong></span> <span class='ocrx_word' id='word_1_144' title='bbox 1524 1722 1642 1793; x_wconf 89' lang='lat' dir='ltr'><strong>ipse</strong></span> <span class='ocrx_word' id='word_1_145' title='bbox 1692 1732 1776 1777; x_wconf 87' lang='lat' dir='ltr'><strong>est</strong></span> <span class='ocrx_word' id='word_1_146' title='bbox 1807 1722 1951 1778; x_wconf 90' lang='lat' dir='ltr'><strong>enim</strong></span> <span class='ocrx_word' id='word_1_147' title='bbox 1998 1737 2102 1793; x_wconf 88' lang='lat' dir='ltr'><strong>pax</strong></span> 
     </span>
    </p>
   </div>
   <div class='ocr_carea' id='block_1_20' title="bbox 2208 497 3754 568">
    <p class='ocr_par' dir='ltr' id='par_1_20' title="bbox 2208 497 3754 568">
     <span class='ocr_line' id='line_1_20' title="bbox 2208 497 3754 568; baseline -0.001 -11"><span class='ocrx_word' id='word_1_148' title='bbox 2208 502 2486 557; x_wconf 71' lang='lat' dir='ltr'><strong>dexteram</strong></span> <span class='ocrx_word' id='word_1_149' title='bbox 2531 511 2698 568; x_wconf 86' lang='lat' dir='ltr'><strong>tuam,</strong></span> <span class='ocrx_word' id='word_1_150' title='bbox 2724 502 2830 558; x_wconf 87' lang='lat' dir='ltr'><strong>hoc</strong></span> <span class='ocrx_word' id='word_1_151' title='bbox 2859 510 2964 567; x_wconf 81' lang='lat' dir='ltr'><strong>est,</strong></span> <span class='ocrx_word' id='word_1_152' title='bbox 2999 499 3193 555; x_wconf 79' lang='lat' dir='ltr'><strong>Filium</strong></span> <span class='ocrx_word' id='word_1_153' title='bbox 3220 508 3389 553; x_wconf 83' lang='lat' dir='ltr'><strong>tuum.</strong></span> <span class='ocrx_word' id='word_1_154' title='bbox 3420 497 3599 554; x_wconf 82' lang='lat' dir='ltr'><strong>Notum</strong></span> <span class='ocrx_word' id='word_1_155' title='bbox 3625 501 3754 556; x_wconf 88' lang='lat' dir='ltr'><strong>nobis</strong></span> 
     </span>
    </p>
   </div>
   <div class='ocr_carea' id='block_1_21' title="bbox 2208 591 3756 668">
    <p class='ocr_par' dir='ltr' id='par_1_21' title="bbox 2208 591 3756 668">
     <span class='ocr_line' id='line_1_21' title="bbox 2208 591 3756 668; baseline 0 -19"><span class='ocrx_word' id='word_1_156' title='bbox 2208 593 2359 649; x_wconf 87' lang='lat' dir='ltr'><strong>illum</strong></span> <span class='ocrx_word' id='word_1_157' title='bbox 2390 596 2473 650; x_wconf 81' lang='lat' dir='ltr'><strong>fac</strong></span> <span class='ocrx_word' id='word_1_158' title='bbox 2503 613 2518 650; x_wconf 90' lang='lat'><strong>:</strong></span> <span class='ocrx_word' id='word_1_159' title='bbox 2552 603 2610 651; x_wconf 91' lang='lat' dir='ltr'><strong>ut</strong></span> <span class='ocrx_word' id='word_1_160' title='bbox 2638 602 2695 651; x_wconf 91' lang='lat' dir='ltr'><strong>et</strong></span> <span class='ocrx_word' id='word_1_161' title='bbox 2734 596 3016 668; x_wconf 84' lang='lat' dir='ltr'><strong>prophetae</strong></span> <span class='ocrx_word' id='word_1_162' title='bbox 3038 593 3133 665; x_wconf 88' lang='lat' dir='ltr'><strong>qui</strong></span> <span class='ocrx_word' id='word_1_163' title='bbox 3163 591 3313 663; x_wconf 90' lang='lat' dir='ltr'><strong>quasi</strong></span> <span class='ocrx_word' id='word_1_164' title='bbox 3344 592 3756 663; x_wconf 84' lang='lat' dir='ltr'><strong>prophetaverunt</strong></span> 
     </span>
    </p>
   </div>
   <div class='ocr_carea' id='block_1_22' title="bbox 2211 685 3752 758">
    <p class='ocr_par' dir='ltr' id='par_1_22' title="bbox 2211 685 3752 758">
     <span class='ocr_line' id='line_1_22' title="bbox 2211 685 3752 758; baseline 0 -16"><span class='ocrx_word' id='word_1_165' title='bbox 2211 686 2480 755; x_wconf 89' lang='lat' dir='ltr'><strong>umbram,</strong></span> <span class='ocrx_word' id='word_1_166' title='bbox 2514 687 2781 758; x_wconf 85' lang='lat' dir='ltr'><strong>incipiant</strong></span> <span class='ocrx_word' id='word_1_167' title='bbox 2810 686 3098 744; x_wconf 90' lang='lat' dir='ltr'><strong>Dominum</strong></span> <span class='ocrx_word' id='word_1_168' title='bbox 3125 685 3460 741; x_wconf 82' lang='lat' dir='ltr'><strong>manifestius</strong></span> <span class='ocrx_word' id='word_1_169' title='bbox 3478 685 3752 755; x_wconf 71' lang='lat' dir='ltr'><strong>prtedicare.</strong></span> 
     </span>
    </p>
   </div>
   <div class='ocr_carea' id='block_1_23' title="bbox 2279 778 3758 852">
    <p class='ocr_par' dir='ltr' id='par_1_23' title="bbox 2279 778 3758 852">
     <span class='ocr_line' id='line_1_23' title="bbox 2279 778 3758 852; baseline -0.001 -15"><span class='ocrx_word' id='word_1_170' title='bbox 2279 779 2603 851; x_wconf 79' lang='lat' dir='ltr'><strong>Convertere,</strong></span> <span class='ocrx_word' id='word_1_171' title='bbox 2650 780 2892 849; x_wconf 84' lang='lat' dir='ltr'><strong>Domine,</strong></span> <span class='ocrx_word' id='word_1_172' title='bbox 2937 795 3219 852; x_wconf 84' lang='lat' dir='ltr'><strong>usquequo.</strong></span> <span class='ocrx_word' id='word_1_173' title='bbox 3278 778 3499 834; x_wconf 82' lang='lat' dir='ltr'><strong>Multum</strong></span> <span class='ocrx_word' id='word_1_174' title='bbox 3552 779 3758 849; x_wconf 81' lang='lat' dir='ltr'><strong>peccavi-</strong></span> 
     </span>
    </p>
   </div>
   <div class='ocr_carea' id='block_1_24' title="bbox 2209 871 3756 943">
    <p class='ocr_par' dir='ltr' id='par_1_24' title="bbox 2209 871 3756 943">
     <span class='ocr_line' id='line_1_24' title="bbox 2209 871 3756 943; baseline -0.001 -14"><span class='ocrx_word' id='word_1_175' title='bbox 2209 889 2351 940; x_wconf 85' lang='lat' dir='ltr'><strong>mus,</strong></span> <span class='ocrx_word' id='word_1_176' title='bbox 2385 874 2589 931; x_wconf 79' lang='lat' dir='ltr'><strong>avertis</strong></span> <span class='ocrx_word' id='word_1_177' title='bbox 2627 874 2819 931; x_wconf 79' lang='lat' dir='ltr'><strong>faciem</strong></span> <span class='ocrx_word' id='word_1_178' title='bbox 2860 883 3005 930; x_wconf 90' lang='lat' dir='ltr'><strong>tuam</strong></span> <span class='ocrx_word' id='word_1_179' title='bbox 3037 892 3051 928; x_wconf 85' lang='lat'><strong>:</strong></span> <span class='ocrx_word' id='word_1_180' title='bbox 3085 889 3193 929; x_wconf 91' lang='lat' dir='ltr'><strong>non</strong></span> <span class='ocrx_word' id='word_1_181' title='bbox 3239 880 3368 928; x_wconf 90' lang='lat' dir='ltr'><strong>sunt</strong></span> <span class='ocrx_word' id='word_1_182' title='bbox 3389 871 3539 943; x_wconf 69' lang='lat' dir='ltr'><strong>dignt</strong></span> <span class='ocrx_word' id='word_1_183' title='bbox 3573 883 3756 943; x_wconf 81' lang='lat' dir='ltr'><strong>peccata</strong></span> 
     </span>
    </p>
   </div>
   <div class='ocr_carea' id='block_1_25' title="bbox 2211 966 3758 1037">
    <p class='ocr_par' dir='ltr' id='par_1_25' title="bbox 2211 966 3758 1037">
     <span class='ocr_line' id='line_1_25' title="bbox 2211 966 3758 1037; baseline -0.001 -14"><span class='ocrx_word' id='word_1_184' title='bbox 2211 976 2395 1023; x_wconf 77' lang='lat' dir='ltr'><strong>nostra</strong></span> <span class='ocrx_word' id='word_1_185' title='bbox 2442 969 2548 1023; x_wconf 87' lang='lat' dir='ltr'><strong>tuis</strong></span> <span class='ocrx_word' id='word_1_186' title='bbox 2594 968 2772 1024; x_wconf 86' lang='lat' dir='ltr'><strong>videri</strong></span> <span class='ocrx_word' id='word_1_187' title='bbox 2820 968 3011 1023; x_wconf 90' lang='lat' dir='ltr'><strong>oculis.</strong></span> <span class='ocrx_word' id='word_1_188' title='bbox 3060 967 3353 1037; x_wconf 84' lang='lat' dir='ltr'><strong>Propterea</strong></span> <span class='ocrx_word' id='word_1_189' title='bbox 3421 966 3758 1036; x_wconf 81' lang='lat' dir='ltr'><strong>deprecamur,</strong></span> 
     </span>
    </p>
   </div>
   <div class='ocr_carea' id='block_1_26' title="bbox 2209 1057 3761 1132">
    <p class='ocr_par' dir='ltr' id='par_1_26' title="bbox 2209 1057 3761 1132">
     <span class='ocr_line' id='line_1_26' title="bbox 2209 1057 3761 1132; baseline -0.001 -18"><span class='ocrx_word' id='word_1_190' title='bbox 2209 1068 2522 1126; x_wconf 79' lang='lat' dir='ltr'><strong>convertere,</strong></span> <span class='ocrx_word' id='word_1_191' title='bbox 2556 1058 2798 1127; x_wconf 80' lang='lat' dir='ltr'><strong>Domine,</strong></span> <span class='ocrx_word' id='word_1_192' title='bbox 2830 1075 3109 1132; x_wconf 84' lang='lat' dir='ltr'><strong>usquequo.</strong></span> <span class='ocrx_word' id='word_1_193' title='bbox 3146 1059 3287 1114; x_wconf 85' lang='lat' dir='ltr'><strong>Ecce</strong></span> <span class='ocrx_word' id='word_1_194' title='bbox 3314 1057 3427 1128; x_wconf 89' lang='lat' dir='ltr'><strong>jam</strong></span> <span class='ocrx_word' id='word_1_195' title='bbox 3459 1067 3592 1112; x_wconf 67' lang='lat' dir='ltr'><strong>tanta</strong></span> <span class='ocrx_word' id='word_1_196' title='bbox 3620 1057 3761 1113; x_wconf 80' lang='lat' dir='ltr'><strong>fluxe-</strong></span> 
     </span>
    </p>
   </div>
   <div class='ocr_carea' id='block_1_27' title="bbox 2211 1138 3764 1226">
    <p class='ocr_par' dir='ltr' id='par_1_27' title="bbox 2211 1138 3764 1226">
     <span class='ocr_line' id='line_1_27' title="bbox 2211 1138 3764 1226; baseline -0.001 -17"><span class='ocrx_word' id='word_1_197' title='bbox 2211 1162 2338 1209; x_wconf 90' lang='lat' dir='ltr'><strong>runt</strong></span> <span class='ocrx_word' id='word_1_198' title='bbox 2364 1154 2562 1211; x_wconf 75' lang='lat' dir='ltr'><strong>stecula</strong></span> <span class='ocrx_word' id='word_1_199' title='bbox 2597 1173 2611 1208; x_wconf 92' lang='lat'><strong>:</strong></span> <span class='ocrx_word' id='word_1_200' title='bbox 2646 1138 2868 1226; x_wconf 84' lang='lat' dir='ltr'><strong>semper</strong></span> <span class='ocrx_word' id='word_1_201' title='bbox 2897 1163 2949 1210; x_wconf 90' lang='lat' dir='ltr'><strong>te</strong></span> <span class='ocrx_word' id='word_1_202' title='bbox 2983 1152 3261 1224; x_wconf 72' lang='lat' dir='ltr'><strong>propheta:</strong></span> <span class='ocrx_word' id='word_1_203' title='bbox 3290 1161 3570 1208; x_wconf 90' lang='lat' dir='ltr'><strong>venturum</strong></span> <span class='ocrx_word' id='word_1_204' title='bbox 3601 1151 3764 1221; x_wconf 72' lang='lat' dir='ltr'><strong>praedi-</strong></span> 
     </span>
    </p>
   </div>
   <div class='ocr_carea' id='block_1_28' title="bbox 2211 1243 3765 1319">
    <p class='ocr_par' dir='ltr' id='par_1_28' title="bbox 2211 1243 3765 1319">
     <span class='ocr_line' id='line_1_28' title="bbox 2211 1243 3765 1319; baseline -0.001 -17"><span class='ocrx_word' id='word_1_205' title='bbox 2211 1255 2473 1303; x_wconf 87' lang='lat' dir='ltr'><strong>caverunt</strong></span> <span class='ocrx_word' id='word_1_206' title='bbox 2502 1247 2777 1319; x_wconf 78' lang='lat' dir='ltr'><strong>gentibus,</strong></span> <span class='ocrx_word' id='word_1_207' title='bbox 2804 1256 2860 1303; x_wconf 89' lang='lat' dir='ltr'><strong>et</strong></span> <span class='ocrx_word' id='word_1_208' title='bbox 2901 1247 3079 1303; x_wconf 87' lang='lat' dir='ltr'><strong>adhuc</strong></span> <span class='ocrx_word' id='word_1_209' title='bbox 3127 1262 3235 1301; x_wconf 90' lang='lat' dir='ltr'><strong>non</strong></span> <span class='ocrx_word' id='word_1_210' title='bbox 3284 1245 3501 1302; x_wconf 90' lang='lat' dir='ltr'><strong>venisti.</strong></span> <span class='ocrx_word' id='word_1_211' title='bbox 3530 1243 3589 1299; x_wconf 88' lang='lat' dir='ltr'><strong>Et</strong></span> <span class='ocrx_word' id='word_1_212' title='bbox 3624 1244 3765 1318; x_wconf 80' lang='lat' dir='ltr'><strong>dirige</strong></span> 
     </span>
    </p>
   </div>
   <div class='ocr_carea' id='block_1_29' title="bbox 2212 1335 3766 1410">
    <p class='ocr_par' dir='ltr' id='par_1_29' title="bbox 2212 1335 3766 1410">
     <span class='ocr_line' id='line_1_29' title="bbox 2212 1335 3766 1410; baseline -0.001 -18"><span class='ocrx_word' id='word_1_213' title='bbox 2212 1338 2351 1408; x_wconf 83' lang='lat' dir='ltr'><strong>ﬁlios</strong></span> <span class='ocrx_word' id='word_1_214' title='bbox 2372 1338 2660 1394; x_wconf 78' lang='lat' dir='ltr'><strong>hominum.</strong></span> <span class='ocrx_word' id='word_1_215' title='bbox 2685 1339 2788 1407; x_wconf 87' lang='lat' dir='ltr'><strong>Qui</strong></span> <span class='ocrx_word' id='word_1_216' title='bbox 2820 1339 2967 1410; x_wconf 90' lang='lat' dir='ltr'><strong>pravi</strong></span> <span class='ocrx_word' id='word_1_217' title='bbox 3000 1354 3210 1404; x_wconf 89' lang='lat' dir='ltr'><strong>sumus,</strong></span> <span class='ocrx_word' id='word_1_218' title='bbox 3241 1353 3271 1394; x_wconf 89' lang='lat' dir='ltr'><strong>a</strong></span> <span class='ocrx_word' id='word_1_219' title='bbox 3301 1345 3356 1395; x_wconf 88' lang='lat' dir='ltr'><strong>te</strong></span> <span class='ocrx_word' id='word_1_220' title='bbox 3393 1335 3690 1407; x_wconf 85' lang='lat' dir='ltr'><strong>dirigamur.</strong></span> <span class='ocrx_word' id='word_1_221' title='bbox 3710 1335 3766 1391; x_wconf 82' lang='lat' dir='ltr'><strong>Et</strong></span> 
     </span>
    </p>
   </div>
   <div class='ocr_carea' id='block_1_30' title="bbox 2212 1429 3767 1505">
    <p class='ocr_par' dir='ltr' id='par_1_30' title="bbox 2212 1429 3767 1505">
     <span class='ocr_line' id='line_1_30' title="bbox 2212 1429 3767 1505; baseline -0.001 -20"><span class='ocrx_word' id='word_1_222' title='bbox 2212 1433 2380 1505; x_wconf 85' lang='lat' dir='ltr'><strong>dirige</strong></span> <span class='ocrx_word' id='word_1_223' title='bbox 2408 1432 2548 1503; x_wconf 81' lang='lat' dir='ltr'><strong>ﬁlios</strong></span> <span class='ocrx_word' id='word_1_224' title='bbox 2577 1433 2862 1488; x_wconf 79' lang='lat' dir='ltr'><strong>hominum.</strong></span> <span class='ocrx_word' id='word_1_225' title='bbox 2894 1433 3192 1502; x_wconf 84' lang='lat' dir='ltr'><strong>Propterea</strong></span> <span class='ocrx_word' id='word_1_226' title='bbox 3214 1447 3309 1488; x_wconf 78' lang='lat' dir='ltr'><strong>eos</strong></span> <span class='ocrx_word' id='word_1_227' title='bbox 3333 1431 3523 1502; x_wconf 82' lang='lat' dir='ltr'><strong>dirige,</strong></span> <span class='ocrx_word' id='word_1_228' title='bbox 3552 1430 3662 1501; x_wconf 82' lang='lat' dir='ltr'><strong>quia</strong></span> <span class='ocrx_word' id='word_1_229' title='bbox 3690 1429 3767 1485; x_wconf 85' lang='lat' dir='ltr'><strong>ﬁlii</strong></span> 
     </span>
    </p>
   </div>
   <div class='ocr_carea' id='block_1_31' title="bbox 2213 1525 3766 1593">
    <p class='ocr_par' dir='ltr' id='par_1_31' title="bbox 2213 1525 3766 1593">
     <span class='ocr_line' id='line_1_31' title="bbox 2213 1525 3766 1593; baseline -0.001 -12"><span class='ocrx_word' id='word_1_230' title='bbox 2213 1525 2494 1582; x_wconf 87' lang='lat' dir='ltr'><strong>hominum</strong></span> <span class='ocrx_word' id='word_1_231' title='bbox 2522 1536 2671 1583; x_wconf 90' lang='lat' dir='ltr'><strong>sunt.</strong></span> <span class='ocrx_word' id='word_1_232' title='bbox 2692 1526 2749 1584; x_wconf 87' lang='lat' dir='ltr'><strong>Si</strong></span> <span class='ocrx_word' id='word_1_233' title='bbox 2772 1528 2917 1584; x_wconf 90' lang='lat' dir='ltr'><strong>enim</strong></span> <span class='ocrx_word' id='word_1_234' title='bbox 2940 1526 3234 1583; x_wconf 86' lang='lat' dir='ltr'><strong>essentfilii</strong></span> <span class='ocrx_word' id='word_1_235' title='bbox 3260 1527 3357 1593; x_wconf 92' lang='lat' dir='ltr'><strong>tui,</strong></span> <span class='ocrx_word' id='word_1_236' title='bbox 3378 1525 3569 1581; x_wconf 89' lang='lat' dir='ltr'><strong>directi</strong></span> <span class='ocrx_word' id='word_1_237' title='bbox 3592 1534 3766 1580; x_wconf 85' lang='lat' dir='ltr'><strong>essent.</strong></span> 
     </span>
    </p>
   </div>
   <div class='ocr_carea' id='block_1_32' title="bbox 2214 1618 3769 1692">
    <p class='ocr_par' dir='ltr' id='par_1_32' title="bbox 2214 1618 3769 1692">
     <span class='ocr_line' id='line_1_32' title="bbox 2214 1618 3769 1692; baseline 0 -18"><span class='ocrx_word' id='word_1_238' title='bbox 2214 1619 2292 1674; x_wconf 89' lang='lat' dir='ltr'><strong>Tu</strong></span> <span class='ocrx_word' id='word_1_239' title='bbox 2335 1627 2484 1677; x_wconf 90' lang='lat' dir='ltr'><strong>enim</strong></span> <span class='ocrx_word' id='word_1_240' title='bbox 2526 1621 2712 1677; x_wconf 81' lang='lat' dir='ltr'><strong>dixisti</strong></span> <span class='ocrx_word' id='word_1_241' title='bbox 2743 1639 2757 1677; x_wconf 88' lang='lat'><strong>:</strong></span> <span class='ocrx_word' id='word_1_242' title='bbox 2790 1621 2905 1692; x_wconf 86' lang='lat' dir='ltr'><strong>Ego</strong></span> <span class='ocrx_word' id='word_1_243' title='bbox 2934 1621 3066 1690; x_wconf 88' lang='lat' dir='ltr'><strong>dixi,</strong></span> <span class='ocrx_word' id='word_1_244' title='bbox 3092 1620 3166 1677; x_wconf 91' lang='lat' dir='ltr'><strong>dii</strong></span> <span class='ocrx_word' id='word_1_245' title='bbox 3195 1624 3350 1688; x_wconf 88' lang='lat' dir='ltr'><strong>estis,</strong></span> <span class='ocrx_word' id='word_1_246' title='bbox 3383 1630 3437 1675; x_wconf 92' lang='lat' dir='ltr'><strong>et</strong></span> <span class='ocrx_word' id='word_1_247' title='bbox 3470 1619 3560 1675; x_wconf 81' lang='lat' dir='ltr'><strong>lilii</strong></span> <span class='ocrx_word' id='word_1_248' title='bbox 3591 1618 3769 1674; x_wconf 83' lang='lat' dir='ltr'><strong>Excelsi</strong></span> 
     </span>
    </p>
   </div>
   <div class='ocr_carea' id='block_1_33' title="bbox 2212 1712 3773 1787">
    <p class='ocr_par' dir='ltr' id='par_1_33' title="bbox 2212 1712 3773 1787">
     <span class='ocr_line' id='line_1_33' title="bbox 2212 1712 3773 1787; baseline 0.001 -20"><span class='ocrx_word' id='word_1_249' title='bbox 2212 1728 2401 1771; x_wconf 89' lang='lat' dir='ltr'><strong>omnes</strong></span> <span class='ocrx_word' id='word_1_250' title='bbox 2440 1713 2614 1787; x_wconf 87' lang='lat' dir='ltr'><strong>(Psul.</strong></span> <span class='ocrx_word' id='word_1_251' title='bbox 2655 1716 2869 1786; x_wconf 77' lang='lat' dir='ltr'><strong>Lxxxt).</strong></span> <span class='ocrx_word' id='word_1_252' title='bbox 2892 1716 2997 1771; x_wconf 89' lang='lat' dir='ltr'><strong>Vos</strong></span> <span class='ocrx_word' id='word_1_253' title='bbox 3032 1725 3213 1771; x_wconf 90' lang='lat' dir='ltr'><strong>autem</strong></span> <span class='ocrx_word' id='word_1_254' title='bbox 3241 1724 3302 1770; x_wconf 89' lang='lat' dir='ltr'><strong>ut</strong></span> <span class='ocrx_word' id='word_1_255' title='bbox 3330 1715 3575 1769; x_wconf 87' lang='lat' dir='ltr'><strong>homines</strong></span> <span class='ocrx_word' id='word_1_256' title='bbox 3603 1712 3773 1769; x_wconf 51' lang='lat' dir='ltr'><strong>morie.</strong></span> 
     </span>
    </p>
   </div>
   <div class='ocr_carea' id='block_1_34' title="bbox 514 1794 3773 1888">
    <p class='ocr_par' dir='ltr' id='par_1_34' title="bbox 514 1794 3773 1888">
     <span class='ocr_line' id='line_1_34' title="bbox 514 1794 3773 1888; baseline -0.004 -15"><span class='ocrx_word' id='word_1_257' title='bbox 514 1823 727 1883; x_wconf 84' lang='lat' dir='ltr'><strong>nostra,</strong></span> <span class='ocrx_word' id='word_1_258' title='bbox 760 1824 815 1871; x_wconf 89' lang='lat' dir='ltr'><strong>et</strong></span> <span class='ocrx_word' id='word_1_259' title='bbox 845 1830 949 1886; x_wconf 88' lang='lat' dir='ltr'><strong>pax</strong></span> <span class='ocrx_word' id='word_1_260' title='bbox 977 1832 1097 1885; x_wconf 80' lang='lat' dir='ltr'><strong>qua:</strong></span> <span class='ocrx_word' id='word_1_261' title='bbox 1134 1825 1433 1886; x_wconf 78' lang='lat' dir='ltr'><strong>exsuperat</strong></span> <span class='ocrx_word' id='word_1_262' title='bbox 1468 1830 1685 1872; x_wconf 91' lang='lat' dir='ltr'><strong>omnem</strong></span> <span class='ocrx_word' id='word_1_263' title='bbox 1717 1813 1962 1888; x_wconf 90' lang='lat' dir='ltr'><strong>sensum)</strong></span> <span class='ocrx_word' id='word_1_264' title='bbox 1993 1815 2111 1887; x_wconf 85' lang='lat' dir='ltr'><strong>ipse</strong></span> <span class='ocrx_word' id='word_1_265' title='bbox 2140 1801 2188 1863; x_wconf 91' lang='lat' dir='ltr'><strong>B</strong></span> <span class='ocrx_word' id='word_1_266' title='bbox 2217 1808 2437 1882; x_wconf 77' lang='lat' dir='ltr'><strong>mini,et</strong></span> <span class='ocrx_word' id='word_1_267' title='bbox 2460 1810 2614 1881; x_wconf 89' lang='lat' dir='ltr'><strong>quasi</strong></span> <span class='ocrx_word' id='word_1_268' title='bbox 2645 1826 2784 1866; x_wconf 90' lang='lat' dir='ltr'><strong>unus</strong></span> <span class='ocrx_word' id='word_1_269' title='bbox 2812 1810 2881 1867; x_wconf 91' lang='lat' dir='ltr'><strong>de</strong></span> <span class='ocrx_word' id='word_1_270' title='bbox 2914 1794 3253 1881; x_wconf 74' lang='lat' dir='ltr'><strong>principibus</strong></span> <span class='ocrx_word' id='word_1_271' title='bbox 3272 1810 3505 1867; x_wconf 86' lang='lat' dir='ltr'><strong>cadetis.</strong></span> <span class='ocrx_word' id='word_1_272' title='bbox 3534 1809 3598 1864; x_wconf 83' lang='lat' dir='ltr'><strong>Et</strong></span> <span class='ocrx_word' id='word_1_273' title='bbox 3622 1808 3668 1862; x_wconf 90' lang='lat' dir='ltr'><strong>in</strong></span> <span class='ocrx_word' id='word_1_274' title='bbox 3685 1807 3773 1862; x_wconf 85' lang='lat' dir='ltr'><strong>alio</strong></span> 
     </span>
    </p>
   </div>
   <div class='ocr_carea' id='block_1_35' title="bbox 513 1906 2106 1979">
    <p class='ocr_par' dir='ltr' id='par_1_35' title="bbox 513 1906 2106 1979">
     <span class='ocr_line' id='line_1_35' title="bbox 513 1906 2106 1979; baseline -0.001 -16"><span class='ocrx_word' id='word_1_275' title='bbox 513 1907 807 1963; x_wconf 66' lang='lat' dir='ltr'><strong>aediﬁcavit</strong></span> <span class='ocrx_word' id='word_1_276' title='bbox 836 1907 1097 1979; x_wconf 91' lang='lat' dir='ltr'><strong>templum</strong></span> <span class='ocrx_word' id='word_1_277' title='bbox 1130 1906 1264 1964; x_wconf 92' lang='lat' dir='ltr'><strong>Deo.</strong></span> <span class='ocrx_word' id='word_1_278' title='bbox 1296 1908 1357 1964; x_wconf 89' lang='lat' dir='ltr'><strong>Et</strong></span> <span class='ocrx_word' id='word_1_279' title='bbox 1392 1907 1517 1963; x_wconf 90' lang='lat' dir='ltr'><strong>vide</strong></span> <span class='ocrx_word' id='word_1_280' title='bbox 1549 1907 1624 1962; x_wconf 91' lang='lat' dir='ltr'><strong>ibi</strong></span> <span class='ocrx_word' id='word_1_281' title='bbox 1663 1908 1946 1979; x_wconf 87' lang='lat' dir='ltr'><strong>Scriptura</strong></span> <span class='ocrx_word' id='word_1_282' title='bbox 1978 1906 2106 1977; x_wconf 88' lang='lat' dir='ltr'><strong>quid</strong></span> 
     </span>
    </p>
   </div>
   <div class='ocr_carea' id='block_1_36' title="bbox 512 1998 2107 2073">
    <p class='ocr_par' dir='ltr' id='par_1_36' title="bbox 512 1998 2107 2073">
     <span class='ocr_line' id='line_1_36' title="bbox 512 1998 2107 2073; baseline 0 -18"><span class='ocrx_word' id='word_1_283' title='bbox 512 1998 676 2055; x_wconf 85' lang='lat' dir='ltr'><strong>dicat.</strong></span> <span class='ocrx_word' id='word_1_284' title='bbox 738 1999 808 2054; x_wconf 88' lang='lat' dir='ltr'><strong>Et</strong></span> <span class='ocrx_word' id='word_1_285' title='bbox 871 2009 1061 2067; x_wconf 87' lang='lat' dir='ltr'><strong>erant,</strong></span> <span class='ocrx_word' id='word_1_286' title='bbox 1104 2000 1313 2071; x_wconf 88' lang='lat' dir='ltr'><strong>inquit,</strong></span> <span class='ocrx_word' id='word_1_287' title='bbox 1374 2001 1700 2057; x_wconf 90' lang='lat' dir='ltr'><strong>latomorum</strong></span> <span class='ocrx_word' id='word_1_288' title='bbox 1766 2002 2107 2073; x_wconf 77' lang='lat' dir='ltr'><strong>septuaginta</strong></span> 
     </span>
    </p>
   </div>
   <div class='ocr_carea' id='block_1_37' title="bbox 517 2090 2110 2165">
    <p class='ocr_par' dir='ltr' id='par_1_37' title="bbox 517 2090 2110 2165">
     <span class='ocr_line' id='line_1_37' title="bbox 517 2090 2110 2165; baseline 0.001 -18"><span class='ocrx_word' id='word_1_289' title='bbox 517 2090 718 2160; x_wconf 88' lang='lat' dir='ltr'><strong>millia,</strong></span> <span class='ocrx_word' id='word_1_290' title='bbox 777 2100 829 2147; x_wconf 93' lang='lat' dir='ltr'><strong>et</strong></span> <span class='ocrx_word' id='word_1_291' title='bbox 882 2106 1071 2149; x_wconf 89' lang='lat' dir='ltr'><strong>eorum</strong></span> <span class='ocrx_word' id='word_1_292' title='bbox 1123 2092 1216 2163; x_wconf 87' lang='lat' dir='ltr'><strong>qui</strong></span> <span class='ocrx_word' id='word_1_293' title='bbox 1268 2093 1557 2164; x_wconf 86' lang='lat' dir='ltr'><strong>portabant</strong></span> <span class='ocrx_word' id='word_1_294' title='bbox 1610 2095 1883 2165; x_wconf 84' lang='lat' dir='ltr'><strong>octoginta</strong></span> <span class='ocrx_word' id='word_1_295' title='bbox 1938 2094 2110 2150; x_wconf 88' lang='lat' dir='ltr'><strong>millia</strong></span> 
     </span>
    </p>
   </div>
   <div class='ocr_carea' id='block_1_38' title="bbox 511 2181 2109 2258">
    <p class='ocr_par' dir='ltr' id='par_1_38' title="bbox 511 2181 2109 2258">
     <span class='ocr_line' id='line_1_38' title="bbox 511 2181 2109 2258; baseline 0.004 -21"><span class='ocrx_word' id='word_1_296' title='bbox 511 2181 606 2256; x_wconf 88' lang='lat' dir='ltr'><strong>(Ill</strong></span> <span class='ocrx_word' id='word_1_297' title='bbox 646 2182 780 2258; x_wconf 83' lang='lat' dir='ltr'><strong>Reg.</strong></span> <span class='ocrx_word' id='word_1_298' title='bbox 822 2184 898 2255; x_wconf 87' lang='lat' dir='ltr'><strong>v).</strong></span> <span class='ocrx_word' id='word_1_299' title='bbox 937 2185 1130 2242; x_wconf 84' lang='lat' dir='ltr'><strong>Videte</strong></span> <span class='ocrx_word' id='word_1_300' title='bbox 1168 2201 1477 2243; x_wconf 86' lang='lat' dir='ltr'><strong>numerum.</strong></span> <span class='ocrx_word' id='word_1_301' title='bbox 1518 2187 1731 2242; x_wconf 87' lang='lat' dir='ltr'><strong>Latomi</strong></span> <span class='ocrx_word' id='word_1_302' title='bbox 1771 2188 1861 2257; x_wconf 91' lang='lat' dir='ltr'><strong>qui</strong></span> <span class='ocrx_word' id='word_1_303' title='bbox 1898 2187 2109 2257; x_wconf 87' lang='lat' dir='ltr'><strong>lapides</strong></span> 
     </span>
    </p>
   </div>
   <div class='ocr_carea' id='block_1_39' title="bbox 511 2277 2105 2351">
    <p class='ocr_par' dir='ltr' id='par_1_39' title="bbox 511 2277 2105 2351">
     <span class='ocr_line' id='line_1_39' title="bbox 511 2277 2105 2351; baseline 0.002 -18"><span class='ocrx_word' id='word_1_304' title='bbox 511 2277 748 2344; x_wconf 65' lang='lat' dir='ltr'><strong>exedunt,</strong></span> <span class='ocrx_word' id='word_1_305' title='bbox 779 2279 869 2349; x_wconf 85' lang='lat' dir='ltr'><strong>qui</strong></span> <span class='ocrx_word' id='word_1_306' title='bbox 910 2279 1066 2350; x_wconf 88' lang='lat' dir='ltr'><strong>quasi</strong></span> <span class='ocrx_word' id='word_1_307' title='bbox 1099 2279 1454 2337; x_wconf 88' lang='lat' dir='ltr'><strong>fundamenta</strong></span> <span class='ocrx_word' id='word_1_308' title='bbox 1490 2279 1844 2336; x_wconf 71' lang='lat' dir='ltr'><strong>aedificiorum</strong></span> <span class='ocrx_word' id='word_1_309' title='bbox 1895 2296 2105 2351; x_wconf 74' lang='lat' dir='ltr'><strong>praepa—</strong></span> 
     </span>
    </p>
   </div>
   <div class='ocr_carea' id='block_1_40' title="bbox 509 2369 2109 2444">
    <p class='ocr_par' dir='ltr' id='par_1_40' title="bbox 509 2369 2109 2444">
     <span class='ocr_line' id='line_1_40' title="bbox 509 2369 2109 2444; baseline 0.004 -20"><span class='ocrx_word' id='word_1_310' title='bbox 509 2380 655 2437; x_wconf 87' lang='lat' dir='ltr'><strong>rant,</strong></span> <span class='ocrx_word' id='word_1_311' title='bbox 681 2369 774 2441; x_wconf 90' lang='lat' dir='ltr'><strong>qui</strong></span> <span class='ocrx_word' id='word_1_312' title='bbox 805 2370 1016 2441; x_wconf 86' lang='lat' dir='ltr'><strong>lapides</strong></span> <span class='ocrx_word' id='word_1_313' title='bbox 1046 2370 1114 2427; x_wconf 88' lang='lat' dir='ltr'><strong>ad</strong></span> <span class='ocrx_word' id='word_1_314' title='bbox 1146 2371 1528 2429; x_wconf 76' lang='lat' dir='ltr'><strong>aedificandum</strong></span> <span class='ocrx_word' id='word_1_315' title='bbox 1564 2371 1619 2428; x_wconf 90' lang='lat' dir='ltr'><strong>in</strong></span> <span class='ocrx_word' id='word_1_316' title='bbox 1664 2374 1870 2444; x_wconf 91' lang='lat' dir='ltr'><strong>templo</strong></span> <span class='ocrx_word' id='word_1_317' title='bbox 1910 2373 2008 2429; x_wconf 91' lang='lat' dir='ltr'><strong>Dei</strong></span> <span class='ocrx_word' id='word_1_318' title='bbox 2036 2372 2109 2431; x_wconf 86' lang='lat' dir='ltr'><strong>de</strong></span> 
     </span>
    </p>
   </div>
   <div class='ocr_carea' id='block_1_41' title="bbox 514 2463 2111 2536">
    <p class='ocr_par' dir='ltr' id='par_1_41' title="bbox 514 2463 2111 2536">
     <span class='ocr_line' id='line_1_41' title="bbox 514 2463 2111 2536; baseline 0.004 -19"><span class='ocrx_word' id='word_1_319' title='bbox 514 2470 657 2518; x_wconf 90' lang='lat' dir='ltr'><strong>terra</strong></span> <span class='ocrx_word' id='word_1_320' title='bbox 693 2463 916 2531; x_wconf 88' lang='lat' dir='ltr'><strong>tollunt,</strong></span> <span class='ocrx_word' id='word_1_321' title='bbox 938 2464 993 2519; x_wconf 92' lang='lat' dir='ltr'><strong>in</strong></span> <span class='ocrx_word' id='word_1_322' title='bbox 1017 2464 1256 2535; x_wconf 91' lang='lat' dir='ltr'><strong>septimo</strong></span> <span class='ocrx_word' id='word_1_323' title='bbox 1288 2479 1520 2521; x_wconf 89' lang='lat' dir='ltr'><strong>numero</strong></span> <span class='ocrx_word' id='word_1_324' title='bbox 1565 2473 1866 2536; x_wconf 87' lang='lat' dir='ltr'><strong>ponuntur,</strong></span> <span class='ocrx_word' id='word_1_325' title='bbox 1897 2464 1951 2520; x_wconf 91' lang='lat' dir='ltr'><strong>in</strong></span> <span class='ocrx_word' id='word_1_326' title='bbox 1983 2480 2111 2536; x_wconf 92' lang='lat' dir='ltr'><strong>pro-</strong></span> 
     </span>
    </p>
   </div>
   <div class='ocr_carea' id='block_1_42' title="bbox 506 2556 2108 2631">
    <p class='ocr_par' dir='ltr' id='par_1_42' title="bbox 506 2556 2108 2631">
     <span class='ocr_line' id='line_1_42' title="bbox 506 2556 2108 2631; baseline 0.002 -19"><span class='ocrx_word' id='word_1_327' title='bbox 506 2556 711 2630; x_wconf 89' lang='lat' dir='ltr'><strong>phetis,</strong></span> <span class='ocrx_word' id='word_1_328' title='bbox 746 2557 796 2613; x_wconf 92' lang='lat' dir='ltr'><strong>in</strong></span> <span class='ocrx_word' id='word_1_329' title='bbox 844 2559 1195 2629; x_wconf 87' lang='lat' dir='ltr'><strong>patriarchis.</strong></span> <span class='ocrx_word' id='word_1_330' title='bbox 1251 2558 1332 2614; x_wconf 90' lang='lat' dir='ltr'><strong>llli</strong></span> <span class='ocrx_word' id='word_1_331' title='bbox 1379 2559 1530 2615; x_wconf 89' lang='lat' dir='ltr'><strong>enim</strong></span> <span class='ocrx_word' id='word_1_332' title='bbox 1582 2559 1879 2616; x_wconf 89' lang='lat' dir='ltr'><strong>humanum</strong></span> <span class='ocrx_word' id='word_1_333' title='bbox 1935 2574 2108 2631; x_wconf 84' lang='lat' dir='ltr'><strong>genus</strong></span> 
     </span>
    </p>
   </div>
   <div class='ocr_carea' id='block_1_43' title="bbox 508 2649 2110 2724">
    <p class='ocr_par' dir='ltr' id='par_1_43' title="bbox 508 2649 2110 2724">
     <span class='ocr_line' id='line_1_43' title="bbox 508 2649 2110 2724; baseline 0.002 -18"><span class='ocrx_word' id='word_1_334' title='bbox 508 2650 663 2722; x_wconf 89' lang='lat' dir='ltr'><strong>quasi</strong></span> <span class='ocrx_word' id='word_1_335' title='bbox 690 2649 760 2707; x_wconf 90' lang='lat' dir='ltr'><strong>de</strong></span> <span class='ocrx_word' id='word_1_336' title='bbox 790 2660 935 2707; x_wconf 89' lang='lat' dir='ltr'><strong>terra</strong></span> <span class='ocrx_word' id='word_1_337' title='bbox 968 2651 1272 2723; x_wconf 87' lang='lat' dir='ltr'><strong>ejicientes,</strong></span> <span class='ocrx_word' id='word_1_338' title='bbox 1301 2652 1357 2707; x_wconf 92' lang='lat' dir='ltr'><strong>in</strong></span> <span class='ocrx_word' id='word_1_339' title='bbox 1408 2652 1670 2724; x_wconf 91' lang='lat' dir='ltr'><strong>templum</strong></span> <span class='ocrx_word' id='word_1_340' title='bbox 1710 2653 1928 2709; x_wconf 88' lang='lat' dir='ltr'><strong>Domini</strong></span> <span class='ocrx_word' id='word_1_341' title='bbox 1971 2669 2110 2724; x_wconf 69' lang='lat' dir='ltr'><strong>prae-</strong></span> 
     </span>
    </p>
   </div>
   <div class='ocr_carea' id='block_1_44' title="bbox 508 2743 2106 2817">
    <p class='ocr_par' dir='ltr' id='par_1_44' title="bbox 508 2743 2106 2817">
     <span class='ocr_line' id='line_1_44' title="bbox 508 2743 2106 2817; baseline 0.001 -18"><span class='ocrx_word' id='word_1_342' title='bbox 508 2752 860 2815; x_wconf 88' lang='lat' dir='ltr'><strong>paraverunt.</strong></span> <span class='ocrx_word' id='word_1_343' title='bbox 909 2743 1004 2801; x_wconf 92' lang='lat' dir='ltr'><strong>lsti</strong></span> <span class='ocrx_word' id='word_1_344' title='bbox 1054 2759 1215 2813; x_wconf 88' lang='lat' dir='ltr'><strong>vero,</strong></span> <span class='ocrx_word' id='word_1_345' title='bbox 1272 2744 1375 2801; x_wconf 88' lang='lat' dir='ltr'><strong>hoc</strong></span> <span class='ocrx_word' id='word_1_346' title='bbox 1406 2753 1515 2811; x_wconf 91' lang='lat' dir='ltr'><strong>est,</strong></span> <span class='ocrx_word' id='word_1_347' title='bbox 1560 2745 1833 2817; x_wconf 84' lang='lat' dir='ltr'><strong>octoginta</strong></span> <span class='ocrx_word' id='word_1_348' title='bbox 1895 2745 2106 2801; x_wconf 90' lang='lat' dir='ltr'><strong>millia:</strong></span> 
     </span>
    </p>
   </div>
   <div class='ocr_carea' id='block_1_45' title="bbox 508 2838 2107 2911">
    <p class='ocr_par' dir='ltr' id='par_1_45' title="bbox 508 2838 2107 2911">
     <span class='ocr_line' id='line_1_45' title="bbox 508 2838 2107 2911; baseline 0.001 -18"><span class='ocrx_word' id='word_1_349' title='bbox 508 2838 823 2909; x_wconf 85' lang='lat' dir='ltr'><strong>Apostoliea</strong></span> <span class='ocrx_word' id='word_1_350' title='bbox 853 2838 1176 2911; x_wconf 66' lang='lat' dir='ltr'><strong>praedicatio</strong></span> <span class='ocrx_word' id='word_1_351' title='bbox 1229 2847 1286 2896; x_wconf 89' lang='lat' dir='ltr'><strong>et</strong></span> <span class='ocrx_word' id='word_1_352' title='bbox 1318 2838 1642 2910; x_wconf 87' lang='lat' dir='ltr'><strong>Evangelica</strong></span> <span class='ocrx_word' id='word_1_353' title='bbox 1670 2857 1684 2893; x_wconf 89' lang='lat'><strong>:</strong></span> <span class='ocrx_word' id='word_1_354' title='bbox 1718 2839 1809 2895; x_wconf 89' lang='lat' dir='ltr'><strong>isti</strong></span> <span class='ocrx_word' id='word_1_355' title='bbox 1847 2840 1938 2911; x_wconf 87' lang='lat' dir='ltr'><strong>qui</strong></span> <span class='ocrx_word' id='word_1_356' title='bbox 1984 2855 2107 2896; x_wconf 92' lang='lat' dir='ltr'><strong>cum</strong></span> 
     </span>
    </p>
   </div>
   <div class='ocr_carea' id='block_1_46' title="bbox 509 2931 2106 3004">
    <p class='ocr_par' dir='ltr' id='par_1_46' title="bbox 509 2931 2106 3004">
     <span class='ocr_line' id='line_1_46' title="bbox 509 2931 2106 3004; baseline 0.002 -17"><span class='ocrx_word' id='word_1_357' title='bbox 509 2931 621 2989; x_wconf 91' lang='lat' dir='ltr'><strong>Deo</strong></span> <span class='ocrx_word' id='word_1_358' title='bbox 669 2931 959 2989; x_wconf 90' lang='lat' dir='ltr'><strong>Salvatore</strong></span> <span class='ocrx_word' id='word_1_359' title='bbox 1007 2941 1061 2989; x_wconf 88' lang='lat' dir='ltr'><strong>et</strong></span> <span class='ocrx_word' id='word_1_360' title='bbox 1121 2932 1239 3003; x_wconf 90' lang='lat' dir='ltr'><strong>ipso</strong></span> <span class='ocrx_word' id='word_1_361' title='bbox 1290 2931 1584 2989; x_wconf 89' lang='lat' dir='ltr'><strong>Salomone</strong></span> <span class='ocrx_word' id='word_1_362' title='bbox 1627 2933 1811 3003; x_wconf 89' lang='lat' dir='ltr'><strong>gravia</strong></span> <span class='ocrx_word' id='word_1_363' title='bbox 1866 2933 2106 3004; x_wconf 88' lang='lat' dir='ltr'><strong>gentium</strong></span> 
     </span>
    </p>
   </div>
   <div class='ocr_carea' id='block_1_47' title="bbox 506 3025 2109 3098">
    <p class='ocr_par' dir='ltr' id='par_1_47' title="bbox 506 3025 2109 3098">
     <span class='ocr_line' id='line_1_47' title="bbox 506 3025 2109 3098; baseline 0.001 -15"><span class='ocrx_word' id='word_1_364' title='bbox 506 3034 728 3097; x_wconf 87' lang='lat' dir='ltr'><strong>peccata</strong></span> <span class='ocrx_word' id='word_1_365' title='bbox 775 3026 1092 3097; x_wconf 87' lang='lat' dir='ltr'><strong>portabant.</strong></span> <span class='ocrx_word' id='word_1_366' title='bbox 1126 3025 1424 3098; x_wconf 83' lang='lat' dir='ltr'><strong>llucusque</strong></span> <span class='ocrx_word' id='word_1_367' title='bbox 1473 3025 1691 3084; x_wconf 89' lang='lat' dir='ltr'><strong>videtur</strong></span> <span class='ocrx_word' id='word_1_368' title='bbox 1730 3026 1942 3083; x_wconf 84' lang='lat' dir='ltr'><strong>ﬁnitum</strong></span> <span class='ocrx_word' id='word_1_369' title='bbox 1986 3041 2109 3084; x_wconf 89' lang='lat' dir='ltr'><strong>esse</strong></span> 
     </span>
    </p>
   </div>
   <div class='ocr_carea' id='block_1_48' title="bbox 509 3119 2109 3194">
    <p class='ocr_par' dir='ltr' id='par_1_48' title="bbox 509 3119 2109 3194">
     <span class='ocr_line' id='line_1_48' title="bbox 509 3119 2109 3194; baseline 0.001 -18"><span class='ocrx_word' id='word_1_370' title='bbox 509 3119 855 3193; x_wconf 88' lang='lat' dir='ltr'><strong>mysterium.</strong></span> <span class='ocrx_word' id='word_1_371' title='bbox 889 3121 1088 3177; x_wconf 85' lang='lat' dir='ltr'><strong>Audite</strong></span> <span class='ocrx_word' id='word_1_372' title='bbox 1132 3120 1341 3191; x_wconf 82' lang='lat' dir='ltr'><strong>majora</strong></span> <span class='ocrx_word' id='word_1_373' title='bbox 1371 3122 1659 3193; x_wconf 88' lang='lat' dir='ltr'><strong>mysteria.</strong></span> <span class='ocrx_word' id='word_1_374' title='bbox 1688 3122 1758 3178; x_wconf 91' lang='lat' dir='ltr'><strong>Et</strong></span> <span class='ocrx_word' id='word_1_375' title='bbox 1800 3123 1891 3194; x_wconf 91' lang='lat' dir='ltr'><strong>qui</strong></span> <span class='ocrx_word' id='word_1_376' title='bbox 1938 3137 2109 3194; x_wconf 61' lang='lat' dir='ltr'><strong>praee-</strong></span> 
     </span>
    </p>
   </div>
   <div class='ocr_carea' id='block_1_49' title="bbox 509 3211 2107 3285">
    <p class='ocr_par' dir='ltr' id='par_1_49' title="bbox 509 3211 2107 3285">
     <span class='ocr_line' id='line_1_49' title="bbox 509 3211 2107 3285; baseline 0.003 -18"><span class='ocrx_word' id='word_1_377' title='bbox 509 3221 656 3280; x_wconf 85' lang='lat' dir='ltr'><strong>rant,</strong></span> <span class='ocrx_word' id='word_1_378' title='bbox 692 3212 889 3284; x_wconf 89' lang='lat' dir='ltr'><strong>inquit,</strong></span> <span class='ocrx_word' id='word_1_379' title='bbox 932 3211 1054 3269; x_wconf 89' lang='lat' dir='ltr'><strong>istis</strong></span> <span class='ocrx_word' id='word_1_380' title='bbox 1111 3212 1370 3284; x_wconf 85' lang='lat' dir='ltr'><strong>operibus</strong></span> <span class='ocrx_word' id='word_1_381' title='bbox 1417 3223 1474 3269; x_wconf 89' lang='lat' dir='ltr'><strong>et</strong></span> <span class='ocrx_word' id='word_1_382' title='bbox 1520 3214 1744 3285; x_wconf 89' lang='lat' dir='ltr'><strong>templo,</strong></span> <span class='ocrx_word' id='word_1_383' title='bbox 1787 3215 1888 3270; x_wconf 88' lang='lat' dir='ltr'><strong>tria</strong></span> <span class='ocrx_word' id='word_1_384' title='bbox 1934 3215 2107 3272; x_wconf 86' lang='lat' dir='ltr'><strong>millia</strong></span> 
     </span>
    </p>
   </div>
   <div class='ocr_carea' id='block_1_50' title="bbox 509 3304 2108 3382">
    <p class='ocr_par' dir='ltr' id='par_1_50' title="bbox 509 3304 2108 3382">
     <span class='ocr_line' id='line_1_50' title="bbox 509 3304 2108 3382; baseline 0.004 -21"><span class='ocrx_word' id='word_1_385' title='bbox 509 3312 687 3362; x_wconf 89' lang='lat' dir='ltr'><strong>erant.</strong></span> <span class='ocrx_word' id='word_1_386' title='bbox 717 3304 837 3361; x_wconf 87' lang='lat' dir='ltr'><strong>Non</strong></span> <span class='ocrx_word' id='word_1_387' title='bbox 870 3315 1099 3377; x_wconf 87' lang='lat' dir='ltr'><strong>possunt</strong></span> <span class='ocrx_word' id='word_1_388' title='bbox 1147 3321 1270 3363; x_wconf 90' lang='lat' dir='ltr'><strong>esse</strong></span> <span class='ocrx_word' id='word_1_389' title='bbox 1323 3307 1577 3377; x_wconf 86' lang='lat' dir='ltr'><strong>majores.</strong></span> <span class='ocrx_word' id='word_1_390' title='bbox 1610 3310 1679 3365; x_wconf 89' lang='lat' dir='ltr'><strong>Et</strong></span> <span class='ocrx_word' id='word_1_391' title='bbox 1723 3310 1814 3379; x_wconf 91' lang='lat' dir='ltr'><strong>qui</strong></span> <span class='ocrx_word' id='word_1_392' title='bbox 1861 3320 2108 3382; x_wconf 60' lang='lat' dir='ltr'><strong>praesunt</strong></span> 
     </span>
    </p>
   </div>
   <div class='ocr_carea' id='block_1_51' title="bbox 507 3397 2108 3471">
    <p class='ocr_par' dir='ltr' id='par_1_51' title="bbox 507 3397 2108 3471">
     <span class='ocr_line' id='line_1_51' title="bbox 507 3397 2108 3471; baseline 0.004 -18"><span class='ocrx_word' id='word_1_393' title='bbox 507 3397 790 3469; x_wconf 84' lang='lat' dir='ltr'><strong>operibus,</strong></span> <span class='ocrx_word' id='word_1_394' title='bbox 822 3398 926 3453; x_wconf 89' lang='lat' dir='ltr'><strong>nisi</strong></span> <span class='ocrx_word' id='word_1_395' title='bbox 972 3398 1052 3453; x_wconf 91' lang='lat' dir='ltr'><strong>illi</strong></span> <span class='ocrx_word' id='word_1_396' title='bbox 1102 3400 1193 3470; x_wconf 91' lang='lat' dir='ltr'><strong>qui</strong></span> <span class='ocrx_word' id='word_1_397' title='bbox 1242 3399 1543 3471; x_wconf 62' lang='lat' dir='ltr'><strong>praedicant</strong></span> <span class='ocrx_word' id='word_1_398' title='bbox 1581 3400 1955 3458; x_wconf 85' lang='lat' dir='ltr'><strong>Trinitatem?</strong></span> <span class='ocrx_word' id='word_1_399' title='bbox 1986 3405 2108 3459; x_wconf 89' lang='lat' dir='ltr'><strong>Dies</strong></span> 
     </span>
    </p>
   </div>
   <div class='ocr_carea' id='block_1_52' title="bbox 504 3492 2106 3564">
    <p class='ocr_par' dir='ltr' id='par_1_52' title="bbox 504 3492 2106 3564">
     <span class='ocr_line' id='line_1_52' title="bbox 504 3492 2106 3564; baseline 0.004 -20"><span class='ocrx_word' id='word_1_400' title='bbox 504 3505 762 3545; x_wconf 87' lang='lat' dir='ltr'><strong>annorum</strong></span> <span class='ocrx_word' id='word_1_401' title='bbox 788 3498 1085 3547; x_wconf 86' lang='lat' dir='ltr'><strong>nostrorum</strong></span> <span class='ocrx_word' id='word_1_402' title='bbox 1110 3492 1164 3546; x_wconf 82' lang='lat' dir='ltr'><strong>in</strong></span> <span class='ocrx_word' id='word_1_403' title='bbox 1192 3492 1319 3564; x_wconf 86' lang='lat' dir='ltr'><strong>ipsis</strong></span> <span class='ocrx_word' id='word_1_404' title='bbox 1349 3492 1686 3563; x_wconf 82' lang='lat' dir='ltr'><strong>septuaginta</strong></span> <span class='ocrx_word' id='word_1_405' title='bbox 1713 3494 1890 3549; x_wconf 86' lang='lat' dir='ltr'><strong>annis.</strong></span> <span class='ocrx_word' id='word_1_406' title='bbox 1938 3494 2106 3550; x_wconf 82' lang='lat' dir='ltr'><strong>Multa</strong></span> 
     </span>
    </p>
   </div>
   <div class='ocr_carea' id='block_1_53' title="bbox 506 3584 1748 3657">
    <p class='ocr_par' dir='ltr' id='par_1_53' title="bbox 506 3584 1748 3657">
     <span class='ocr_line' id='line_1_53' title="bbox 506 3584 1748 3657; baseline 0.003 -16"><span class='ocrx_word' id='word_1_407' title='bbox 506 3594 633 3642; x_wconf 87' lang='lat' dir='ltr'><strong>sunt</strong></span> <span class='ocrx_word' id='word_1_408' title='bbox 651 3599 769 3656; x_wconf 82' lang='lat' dir='ltr'><strong>quae</strong></span> <span class='ocrx_word' id='word_1_409' title='bbox 794 3584 1066 3657; x_wconf 89' lang='lat' dir='ltr'><strong>dicantur,</strong></span> <span class='ocrx_word' id='word_1_410' title='bbox 1097 3586 1195 3643; x_wconf 89' lang='lat' dir='ltr'><strong>sed</strong></span> <span class='ocrx_word' id='word_1_411' title='bbox 1221 3586 1358 3643; x_wconf 90' lang='lat' dir='ltr'><strong>hora</strong></span> <span class='ocrx_word' id='word_1_412' title='bbox 1384 3587 1748 3645; x_wconf 86' lang='lat' dir='ltr'><strong>excludimur.</strong></span> 
     </span>
    </p>
   </div>
   <div class='ocr_carea' id='block_1_54' title="bbox 580 3673 2108 3753">
    <p class='ocr_par' dir='ltr' id='par_1_54' title="bbox 580 3673 2108 3753">
     <span class='ocr_line' id='line_1_54' title="bbox 580 3673 2108 3753; baseline 0.005 -24"><span class='ocrx_word' id='word_1_413' title='bbox 580 3673 864 3732; x_wconf 71' lang='lat' dir='ltr'><strong>Dexterant</strong></span> <span class='ocrx_word' id='word_1_414' title='bbox 898 3686 1041 3732; x_wconf 85' lang='lat' dir='ltr'><strong>tuam</strong></span> <span class='ocrx_word' id='word_1_415' title='bbox 1076 3679 1151 3733; x_wconf 83' lang='lat' dir='ltr'><strong>sic</strong></span> <span class='ocrx_word' id='word_1_416' title='bbox 1199 3687 1375 3734; x_wconf 89' lang='lat' dir='ltr'><strong>notam</strong></span> <span class='ocrx_word' id='word_1_417' title='bbox 1400 3683 1505 3753; x_wconf 79' lang='lat' dir='ltr'><strong>fac,</strong></span> <span class='ocrx_word' id='word_1_418' title='bbox 1531 3688 1579 3735; x_wconf 87' lang='lat' dir='ltr'><strong>et</strong></span> <span class='ocrx_word' id='word_1_419' title='bbox 1609 3680 1928 3751; x_wconf 83' lang='lat' dir='ltr'><strong>compeditos</strong></span> <span class='ocrx_word' id='word_1_420' title='bbox 1953 3681 2108 3737; x_wconf 87' lang='lat' dir='ltr'><strong>corde</strong></span> 
     </span>
    </p>
   </div>
   <div class='ocr_carea' id='block_1_55' title="bbox 507 3767 2108 3843">
    <p class='ocr_par' dir='ltr' id='par_1_55' title="bbox 507 3767 2108 3843">
     <span class='ocr_line' id='line_1_55' title="bbox 507 3767 2108 3843; baseline 0.004 -20"><span class='ocrx_word' id='word_1_421' title='bbox 507 3767 563 3824; x_wconf 78' lang='lat' dir='ltr'><strong>in</strong></span> <span class='ocrx_word' id='word_1_422' title='bbox 585 3770 863 3841; x_wconf 82' lang='lat' dir='ltr'><strong>sapientia.</strong></span> <span class='ocrx_word' id='word_1_423' title='bbox 884 3769 940 3827; x_wconf 93' lang='lat' dir='ltr'><strong>ln</strong></span> <span class='ocrx_word' id='word_1_424' title='bbox 968 3771 1288 3843; x_wconf 88' lang='lat' dir='ltr'><strong>quibusdam</strong></span> <span class='ocrx_word' id='word_1_425' title='bbox 1307 3772 1586 3830; x_wconf 89' lang='lat' dir='ltr'><strong>codicibus</strong></span> <span class='ocrx_word' id='word_1_426' title='bbox 1618 3774 1836 3843; x_wconf 90' lang='lat' dir='ltr'><strong>dicitur,</strong></span> <span class='ocrx_word' id='word_1_427' title='bbox 1853 3776 2108 3830; x_wconf 85' lang='lat' dir='ltr'><strong>eruditos:</strong></span> 
     </span>
    </p>
   </div>
   <div class='ocr_carea' id='block_1_56' title="bbox 508 3863 2105 3938">
    <p class='ocr_par' dir='ltr' id='par_1_56' title="bbox 508 3863 2105 3938">
     <span class='ocr_line' id='line_1_56' title="bbox 508 3863 2105 3938; baseline 0.003 -18"><span class='ocrx_word' id='word_1_428' title='bbox 508 3863 565 3920; x_wconf 91' lang='lat' dir='ltr'><strong>in</strong></span> <span class='ocrx_word' id='word_1_429' title='bbox 605 3863 729 3921; x_wconf 86' lang='lat' dir='ltr'><strong>aliis</strong></span> <span class='ocrx_word' id='word_1_430' title='bbox 774 3864 1001 3933; x_wconf 83' lang='lat' dir='ltr'><strong>dicitur,</strong></span> <span class='ocrx_word' id='word_1_431' title='bbox 1044 3866 1381 3938; x_wconf 73' lang='lat' dir='ltr'><strong>compeditos.</strong></span> <span class='ocrx_word' id='word_1_432' title='bbox 1430 3868 1591 3925; x_wconf 81' lang='lat' dir='ltr'><strong>Aliud</strong></span> <span class='ocrx_word' id='word_1_433' title='bbox 1645 3868 1911 3936; x_wconf 89' lang='lat' dir='ltr'><strong>eruditus,</strong></span> <span class='ocrx_word' id='word_1_434' title='bbox 1959 3869 2105 3925; x_wconf 88' lang='lat' dir='ltr'><strong>aliud</strong></span> 
     </span>
    </p>
   </div>
   <div class='ocr_carea' id='block_1_57' title="bbox 511 3955 2107 4031">
    <p class='ocr_par' dir='ltr' id='par_1_57' title="bbox 511 3955 2107 4031">
     <span class='ocr_line' id='line_1_57' title="bbox 511 3955 2107 4031; baseline 0.003 -19"><span class='ocrx_word' id='word_1_435' title='bbox 511 3955 859 4031; x_wconf 89' lang='lat' dir='ltr'><strong>compeditus</strong></span> <span class='ocrx_word' id='word_1_436' title='bbox 911 3957 1204 4028; x_wconf 87' lang='lat' dir='ltr'><strong>significat.</strong></span> <span class='ocrx_word' id='word_1_437' title='bbox 1247 3957 1388 4027; x_wconf 83' lang='lat' dir='ltr'><strong>Quid</strong></span> <span class='ocrx_word' id='word_1_438' title='bbox 1432 3973 1564 4031; x_wconf 85' lang='lat' dir='ltr'><strong>ergo</strong></span> <span class='ocrx_word' id='word_1_439' title='bbox 1613 3959 1791 4016; x_wconf 87' lang='lat' dir='ltr'><strong>dicit:</strong></span> <span class='ocrx_word' id='word_1_440' title='bbox 1827 3959 2107 4016; x_wconf 68' lang='lat' dir='ltr'><strong>Dextera»:</strong></span> 
     </span>
    </p>
   </div>
   <div class='ocr_carea' id='block_1_58' title="bbox 510 4049 2105 4124">
    <p class='ocr_par' dir='ltr' id='par_1_58' title="bbox 510 4049 2105 4124">
     <span class='ocr_line' id='line_1_58' title="bbox 510 4049 2105 4124; baseline 0.004 -22"><span class='ocrx_word' id='word_1_441' title='bbox 510 4056 654 4102; x_wconf 89' lang='lat' dir='ltr'><strong>tuam</strong></span> <span class='ocrx_word' id='word_1_442' title='bbox 682 4059 863 4104; x_wconf 89' lang='lat' dir='ltr'><strong>notam</strong></span> <span class='ocrx_word' id='word_1_443' title='bbox 898 4049 1005 4119; x_wconf 77' lang='lat' dir='ltr'><strong>fac.</strong></span> <span class='ocrx_word' id='word_1_444' title='bbox 1036 4049 1178 4118; x_wconf 86' lang='lat' dir='ltr'><strong>Quid</strong></span> <span class='ocrx_word' id='word_1_445' title='bbox 1226 4049 1433 4106; x_wconf 88' lang='lat' dir='ltr'><strong>tamdiu</strong></span> <span class='ocrx_word' id='word_1_446' title='bbox 1469 4052 1748 4108; x_wconf 85' lang='lat' dir='ltr'><strong>dexteram</strong></span> <span class='ocrx_word' id='word_1_447' title='bbox 1797 4061 1940 4124; x_wconf 77' lang='lat' dir='ltr'><strong>tuam</strong></span> <span class='ocrx_word' id='word_1_448' title='bbox 1970 4067 2105 4109; x_wconf 86' lang='lat' dir='ltr'><strong>con-</strong></span> 
     </span>
    </p>
   </div>
   <div class='ocr_carea' id='block_1_59' title="bbox 509 4139 2103 4212">
    <p class='ocr_par' dir='ltr' id='par_1_59' title="bbox 509 4139 2103 4212">
     <span class='ocr_line' id='line_1_59' title="bbox 509 4139 2103 4212; baseline 0.006 -19"><span class='ocrx_word' id='word_1_449' title='bbox 509 4139 719 4195; x_wconf 85' lang='lat' dir='ltr'><strong>trahis?</strong></span> <span class='ocrx_word' id='word_1_450' title='bbox 749 4140 894 4196; x_wconf 88' lang='lat' dir='ltr'><strong>Deus</strong></span> <span class='ocrx_word' id='word_1_451' title='bbox 924 4155 1093 4212; x_wconf 88' lang='lat' dir='ltr'><strong>quare</strong></span> <span class='ocrx_word' id='word_1_452' title='bbox 1119 4141 1323 4198; x_wconf 85' lang='lat' dir='ltr'><strong>avertis</strong></span> <span class='ocrx_word' id='word_1_453' title='bbox 1371 4157 1591 4198; x_wconf 88' lang='lat' dir='ltr'><strong>manum</strong></span> <span class='ocrx_word' id='word_1_454' title='bbox 1642 4150 1787 4198; x_wconf 90' lang='lat' dir='ltr'><strong>tuam</strong></span> <span class='ocrx_word' id='word_1_455' title='bbox 1817 4144 1871 4199; x_wconf 91' lang='lat' dir='ltr'><strong>in</strong></span> <span class='ocrx_word' id='word_1_456' title='bbox 1924 4145 2103 4202; x_wconf 92' lang='lat' dir='ltr'><strong>sinum</strong></span> 
     </span>
    </p>
   </div>
   <div class='ocr_carea' id='block_1_60' title="bbox 512 4234 2101 4307">
    <p class='ocr_par' dir='ltr' id='par_1_60' title="bbox 512 4234 2101 4307">
     <span class='ocr_line' id='line_1_60' title="bbox 512 4234 2101 4307; baseline 0.003 -18"><span class='ocrx_word' id='word_1_457' title='bbox 512 4235 706 4290; x_wconf 76' lang='lat' dir='ltr'><strong>tuum?</strong></span> <span class='ocrx_word' id='word_1_458' title='bbox 735 4234 788 4290; x_wconf 91' lang='lat' dir='ltr'><strong>in</strong></span> <span class='ocrx_word' id='word_1_459' title='bbox 812 4234 922 4291; x_wconf 90' lang='lat' dir='ltr'><strong>alio</strong></span> <span class='ocrx_word' id='word_1_460' title='bbox 951 4236 1164 4307; x_wconf 91' lang='lat' dir='ltr'><strong>psalmo</strong></span> <span class='ocrx_word' id='word_1_461' title='bbox 1184 4235 1403 4292; x_wconf 88' lang='lat' dir='ltr'><strong>dicitur.</strong></span> <span class='ocrx_word' id='word_1_462' title='bbox 1435 4235 1575 4305; x_wconf 86' lang='lat' dir='ltr'><strong>Quid</strong></span> <span class='ocrx_word' id='word_1_463' title='bbox 1598 4237 1835 4294; x_wconf 73' lang='lat' dir='ltr'><strong>dicitur?</strong></span> <span class='ocrx_word' id='word_1_464' title='bbox 1858 4238 1969 4296; x_wconf 90' lang='lat' dir='ltr'><strong>lloc</strong></span> <span class='ocrx_word' id='word_1_465' title='bbox 1998 4249 2101 4307; x_wconf 88' lang='lat' dir='ltr'><strong>est,</strong></span> 
     </span>
    </p>
   </div>
   <div class='ocr_carea' id='block_1_61' title="bbox 512 4327 2101 4402">
    <p class='ocr_par' dir='ltr' id='par_1_61' title="bbox 512 4327 2101 4402">
     <span class='ocr_line' id='line_1_61' title="bbox 512 4327 2101 4402; baseline 0.003 -18"><span class='ocrx_word' id='word_1_466' title='bbox 512 4327 569 4384; x_wconf 90' lang='lat' dir='ltr'><strong>in</strong></span> <span class='ocrx_word' id='word_1_467' title='bbox 616 4328 942 4400; x_wconf 70' lang='lat' dir='ltr'><strong>aegritudine</strong></span> <span class='ocrx_word' id='word_1_468' title='bbox 987 4329 1150 4400; x_wconf 88' lang='lat' dir='ltr'><strong>positi</strong></span> <span class='ocrx_word' id='word_1_469' title='bbox 1193 4344 1410 4399; x_wconf 89' lang='lat' dir='ltr'><strong>sumus,</strong></span> <span class='ocrx_word' id='word_1_470' title='bbox 1440 4332 1494 4385; x_wconf 92' lang='lat' dir='ltr'><strong>in</strong></span> <span class='ocrx_word' id='word_1_471' title='bbox 1538 4332 1775 4400; x_wconf 86' lang='lat' dir='ltr'><strong>peccatis</strong></span> <span class='ocrx_word' id='word_1_472' title='bbox 1813 4331 2101 4402; x_wconf 77' lang='lat' dir='ltr'><strong>iacemus:</strong></span> 
     </span>
    </p>
   </div>
   <div class='ocr_carea' id='block_1_62' title="bbox 513 4420 2104 4491">
    <p class='ocr_par' dir='ltr' id='par_1_62' title="bbox 513 4420 2104 4491">
     <span class='ocr_line' id='line_1_62' title="bbox 513 4420 2104 4491; baseline 0.004 -16"><span class='ocrx_word' id='word_1_473' title='bbox 513 4420 669 4476; x_wconf 89' lang='lat' dir='ltr'><strong>mitte</strong></span> <span class='ocrx_word' id='word_1_474' title='bbox 697 4420 978 4478; x_wconf 80' lang='lat' dir='ltr'><strong>dexteram</strong></span> <span class='ocrx_word' id='word_1_475' title='bbox 1010 4430 1182 4490; x_wconf 89' lang='lat' dir='ltr'><strong>tuam,</strong></span> <span class='ocrx_word' id='word_1_476' title='bbox 1213 4431 1267 4478; x_wconf 90' lang='lat' dir='ltr'><strong>et</strong></span> <span class='ocrx_word' id='word_1_477' title='bbox 1315 4424 1469 4480; x_wconf 90' lang='lat' dir='ltr'><strong>eleva</strong></span> <span class='ocrx_word' id='word_1_478' title='bbox 1499 4439 1623 4481; x_wconf 91' lang='lat' dir='ltr'><strong>nos.</strong></span> <span class='ocrx_word' id='word_1_479' title='bbox 1670 4423 1853 4491; x_wconf 87' lang='lat' dir='ltr'><strong>Quare</strong></span> <span class='ocrx_word' id='word_1_480' title='bbox 1898 4426 2104 4482; x_wconf 90' lang='lat' dir='ltr'><strong>tamdiu</strong></span> 
     </span>
    </p>
   </div>
   <div class='ocr_carea' id='block_1_63' title="bbox 509 4512 2101 4576">
    <p class='ocr_par' dir='ltr' id='par_1_63' title="bbox 509 4512 2101 4576">
     <span class='ocr_line' id='line_1_63' title="bbox 509 4512 2101 4576; baseline 0.004 -6"><span class='ocrx_word' id='word_1_481' title='bbox 509 4512 797 4571; x_wconf 86' lang='lat' dir='ltr'><strong>dexteram</strong></span> <span class='ocrx_word' id='word_1_482' title='bbox 831 4526 977 4572; x_wconf 87' lang='lat' dir='ltr'><strong>tuam</strong></span> <span class='ocrx_word' id='word_1_483' title='bbox 1009 4516 1179 4574; x_wconf 89' lang='lat' dir='ltr'><strong>habes</strong></span> <span class='ocrx_word' id='word_1_484' title='bbox 1203 4517 1257 4572; x_wconf 91' lang='lat' dir='ltr'><strong>in</strong></span> <span class='ocrx_word' id='word_1_485' title='bbox 1280 4517 1404 4573; x_wconf 90' lang='lat' dir='ltr'><strong>sinu</strong></span> <span class='ocrx_word' id='word_1_486' title='bbox 1435 4518 1562 4573; x_wconf 81' lang='lat' dir='ltr'><strong>tuo?</strong></span> <span class='ocrx_word' id='word_1_487' title='bbox 1582 4517 1806 4575; x_wconf 89' lang='lat' dir='ltr'><strong>Eructet</strong></span> <span class='ocrx_word' id='word_1_488' title='bbox 1830 4534 1928 4576; x_wconf 91' lang='lat' dir='ltr'><strong>cor</strong></span> <span class='ocrx_word' id='word_1_489' title='bbox 1953 4530 2101 4576; x_wconf 91' lang='lat' dir='ltr'><strong>tuum</strong></span> 
     </span>
    </p>
   </div>
   <div class='ocr_carea' id='block_1_64' title="bbox 511 4609 2103 4680">
    <p class='ocr_par' dir='ltr' id='par_1_64' title="bbox 511 4609 2103 4680">
     <span class='ocr_line' id='line_1_64' title="bbox 511 4609 2103 4680; baseline 0.006 -17"><span class='ocrx_word' id='word_1_490' title='bbox 511 4610 742 4666; x_wconf 84' lang='lat' dir='ltr'><strong>verbum</strong></span> <span class='ocrx_word' id='word_1_491' title='bbox 788 4609 991 4666; x_wconf 91' lang='lat' dir='ltr'><strong>bonum</strong></span> <span class='ocrx_word' id='word_1_492' title='bbox 1026 4628 1041 4666; x_wconf 90' lang='lat'><strong>:</strong></span> <span class='ocrx_word' id='word_1_493' title='bbox 1076 4611 1233 4667; x_wconf 91' lang='lat' dir='ltr'><strong>mitte</strong></span> <span class='ocrx_word' id='word_1_494' title='bbox 1273 4610 1562 4669; x_wconf 83' lang='lat' dir='ltr'><strong>dexteram</strong></span> <span class='ocrx_word' id='word_1_495' title='bbox 1612 4621 1778 4680; x_wconf 87' lang='lat' dir='ltr'><strong>tuam,</strong></span> <span class='ocrx_word' id='word_1_496' title='bbox 1823 4622 1882 4670; x_wconf 88' lang='lat' dir='ltr'><strong>et</strong></span> <span class='ocrx_word' id='word_1_497' title='bbox 1933 4615 2103 4672; x_wconf 89' lang='lat' dir='ltr'><strong>libera</strong></span> 
     </span>
    </p>
   </div>
   <div class='ocr_carea' id='block_1_65' title="bbox 510 4702 2101 4777">
    <p class='ocr_par' dir='ltr' id='par_1_65' title="bbox 510 4702 2101 4777">
     <span class='ocr_line' id='line_1_65' title="bbox 510 4702 2101 4777; baseline 0.003 -17"><span class='ocrx_word' id='word_1_498' title='bbox 510 4717 631 4760; x_wconf 86' lang='lat' dir='ltr'><strong>nos.</strong></span> <span class='ocrx_word' id='word_1_499' title='bbox 649 4702 845 4759; x_wconf 85' lang='lat' dir='ltr'><strong>Notum</strong></span> <span class='ocrx_word' id='word_1_500' title='bbox 875 4703 1035 4760; x_wconf 91' lang='lat' dir='ltr'><strong>nobis</strong></span> <span class='ocrx_word' id='word_1_501' title='bbox 1062 4702 1146 4760; x_wconf 93' lang='lat' dir='ltr'><strong>fac</strong></span> <span class='ocrx_word' id='word_1_502' title='bbox 1175 4705 1521 4777; x_wconf 85' lang='lat' dir='ltr'><strong>mysterium,</strong></span> <span class='ocrx_word' id='word_1_503' title='bbox 1545 4705 1690 4777; x_wconf 91' lang='lat' dir='ltr'><strong>quod</strong></span> <span class='ocrx_word' id='word_1_504' title='bbox 1717 4706 2101 4764; x_wconf 88' lang='lat' dir='ltr'><strong>absconditum</strong></span> 
     </span>
    </p>
   </div>
   <div class='ocr_carea' id='block_1_66' title="bbox 505 4795 2102 4872">
    <p class='ocr_par' dir='ltr' id='par_1_66' title="bbox 505 4795 2102 4872">
     <span class='ocr_line' id='line_1_66' title="bbox 505 4795 2102 4872; baseline 0.005 -20"><span class='ocrx_word' id='word_1_505' title='bbox 505 4795 609 4852; x_wconf 86' lang='lat' dir='ltr'><strong>fuit</strong></span> <span class='ocrx_word' id='word_1_506' title='bbox 628 4811 657 4851; x_wconf 88' lang='lat' dir='ltr'><strong>a</strong></span> <span class='ocrx_word' id='word_1_507' title='bbox 682 4796 1152 4869; x_wconf 86' lang='lat' dir='ltr'><strong>generationibus.</strong></span> <span class='ocrx_word' id='word_1_508' title='bbox 1177 4796 1462 4855; x_wconf 72' lang='lat' dir='ltr'><strong>Dexteram</strong></span> <span class='ocrx_word' id='word_1_509' title='bbox 1484 4809 1622 4855; x_wconf 73' lang='lat' dir='ltr'><strong>tuam</strong></span> <span class='ocrx_word' id='word_1_510' title='bbox 1645 4810 1820 4857; x_wconf 88' lang='lat' dir='ltr'><strong>notam</strong></span> <span class='ocrx_word' id='word_1_511' title='bbox 1842 4802 1945 4871; x_wconf 83' lang='lat' dir='ltr'><strong>fac.</strong></span> <span class='ocrx_word' id='word_1_512' title='bbox 1961 4802 2102 4872; x_wconf 90' lang='lat' dir='ltr'><strong>Quid</strong></span> 
     </span>
    </p>
   </div>
   <div class='ocr_carea' id='block_1_67' title="bbox 512 4886 2104 4959">
    <p class='ocr_par' dir='ltr' id='par_1_67' title="bbox 512 4886 2104 4959">
     <span class='ocr_line' id='line_1_67' title="bbox 512 4886 2104 4959; baseline 0.005 -14"><span class='ocrx_word' id='word_1_513' title='bbox 512 4887 788 4959; x_wconf 84' lang='lat' dir='ltr'><strong>subrepis,</strong></span> <span class='ocrx_word' id='word_1_514' title='bbox 817 4888 953 4944; x_wconf 82' lang='lat' dir='ltr'><strong>Ari?</strong></span> <span class='ocrx_word' id='word_1_515' title='bbox 999 4886 1116 4945; x_wconf 86' lang='lat' dir='ltr'><strong>Non</strong></span> <span class='ocrx_word' id='word_1_516' title='bbox 1148 4887 1306 4959; x_wconf 87' lang='lat' dir='ltr'><strong>dixit,</strong></span> <span class='ocrx_word' id='word_1_517' title='bbox 1339 4889 1618 4948; x_wconf 89' lang='lat' dir='ltr'><strong>dexteram</strong></span> <span class='ocrx_word' id='word_1_518' title='bbox 1650 4900 1795 4950; x_wconf 87' lang='lat' dir='ltr'><strong>tuam</strong></span> <span class='ocrx_word' id='word_1_519' title='bbox 1825 4894 1928 4950; x_wconf 85' lang='lat' dir='ltr'><strong>fac.</strong></span> <span class='ocrx_word' id='word_1_520' title='bbox 1959 4894 2104 4953; x_wconf 87' lang='lat' dir='ltr'><strong>Deus</strong></span> 
     </span>
    </p>
   </div>
   <div class='ocr_carea' id='block_1_68' title="bbox 511 4981 2103 5056">
    <p class='ocr_par' dir='ltr' id='par_1_68' title="bbox 511 4981 2103 5056">
     <span class='ocr_line' id='line_1_68' title="bbox 511 4981 2103 5056; baseline 0.003 -17"><span class='ocrx_word' id='word_1_521' title='bbox 511 4981 658 5039; x_wconf 87' lang='lat' dir='ltr'><strong>enim</strong></span> <span class='ocrx_word' id='word_1_522' title='bbox 685 4981 805 5039; x_wconf 89' lang='lat' dir='ltr'><strong>sine</strong></span> <span class='ocrx_word' id='word_1_523' title='bbox 824 4981 1047 5037; x_wconf 84' lang='lat' dir='ltr'><strong>dextera</strong></span> <span class='ocrx_word' id='word_1_524' title='bbox 1071 4994 1169 5037; x_wconf 88' lang='lat' dir='ltr'><strong>sua</strong></span> <span class='ocrx_word' id='word_1_525' title='bbox 1194 4998 1484 5054; x_wconf 89' lang='lat' dir='ltr'><strong>numquam</strong></span> <span class='ocrx_word' id='word_1_526' title='bbox 1507 4984 1630 5044; x_wconf 81' lang='lat' dir='ltr'><strong>fuit.</strong></span> <span class='ocrx_word' id='word_1_527' title='bbox 1657 4986 1761 5042; x_wconf 89' lang='lat' dir='ltr'><strong>Sed</strong></span> <span class='ocrx_word' id='word_1_528' title='bbox 1778 4987 1905 5056; x_wconf 83' lang='lat' dir='ltr'><strong>quid</strong></span> <span class='ocrx_word' id='word_1_529' title='bbox 1933 4985 2103 5043; x_wconf 73' lang='lat' dir='ltr'><strong>dixit?</strong></span> 
     </span>
    </p>
   </div>
   <div class='ocr_carea' id='block_1_69' title="bbox 512 5072 2101 5151">
    <p class='ocr_par' dir='ltr' id='par_1_69' title="bbox 512 5072 2101 5151">
     <span class='ocr_line' id='line_1_69' title="bbox 512 5072 2101 5151; baseline 0.002 -18"><span class='ocrx_word' id='word_1_530' title='bbox 512 5072 795 5133; x_wconf 70' lang='lat' dir='ltr'><strong>Dexteram</strong></span> <span class='ocrx_word' id='word_1_531' title='bbox 817 5083 984 5143; x_wconf 81' lang='lat' dir='ltr'><strong>tuam,</strong></span> <span class='ocrx_word' id='word_1_532' title='bbox 1006 5089 1130 5146; x_wconf 62' lang='lat' dir='ltr'><strong>quae</strong></span> <span class='ocrx_word' id='word_1_533' title='bbox 1151 5090 1370 5147; x_wconf 87' lang='lat' dir='ltr'><strong>semper</strong></span> <span class='ocrx_word' id='word_1_534' title='bbox 1394 5076 1514 5144; x_wconf 83' lang='lat' dir='ltr'><strong>fuit,</strong></span> <span class='ocrx_word' id='word_1_535' title='bbox 1542 5088 1594 5133; x_wconf 88' lang='lat' dir='ltr'><strong>et</strong></span> <span class='ocrx_word' id='word_1_536' title='bbox 1628 5079 1683 5133; x_wconf 91' lang='lat' dir='ltr'><strong>in</strong></span> <span class='ocrx_word' id='word_1_537' title='bbox 1704 5077 1829 5135; x_wconf 90' lang='lat' dir='ltr'><strong>sinu</strong></span> <span class='ocrx_word' id='word_1_538' title='bbox 1859 5088 1953 5136; x_wconf 89' lang='lat' dir='ltr'><strong>tuo</strong></span> <span class='ocrx_word' id='word_1_539' title='bbox 1979 5079 2101 5151; x_wconf 88' lang='lat' dir='ltr'><strong>fuit,</strong></span> 
     </span>
    </p>
   </div>
   <div class='ocr_carea' id='block_1_70' title="bbox 509 5168 2104 5241">
    <p class='ocr_par' dir='ltr' id='par_1_70' title="bbox 509 5168 2104 5241">
     <span class='ocr_line' id='line_1_70' title="bbox 509 5168 2104 5241; baseline 0.004 -15"><span class='ocrx_word' id='word_1_540' title='bbox 509 5179 688 5226; x_wconf 84' lang='lat' dir='ltr'><strong>notam</strong></span> <span class='ocrx_word' id='word_1_541' title='bbox 718 5168 824 5241; x_wconf 78' lang='lat' dir='ltr'><strong>fac.</strong></span> <span class='ocrx_word' id='word_1_542' title='bbox 856 5168 1126 5238; x_wconf 88' lang='lat' dir='ltr'><strong>Quoniam</strong></span> <span class='ocrx_word' id='word_1_543' title='bbox 1171 5169 1327 5225; x_wconf 90' lang='lat' dir='ltr'><strong>illum</strong></span> <span class='ocrx_word' id='word_1_544' title='bbox 1356 5180 1764 5241; x_wconf 86' lang='lat' dir='ltr'><strong>permanentem</strong></span> <span class='ocrx_word' id='word_1_545' title='bbox 1800 5171 1857 5229; x_wconf 91' lang='lat' dir='ltr'><strong>in</strong></span> <span class='ocrx_word' id='word_1_546' title='bbox 1902 5173 2104 5233; x_wconf 89' lang='lat' dir='ltr'><strong>deitate</strong></span> 
     </span>
    </p>
   </div>
   <div class='ocr_carea' id='block_1_71' title="bbox 508 5263 2104 5334">
    <p class='ocr_par' dir='ltr' id='par_1_71' title="bbox 508 5263 2104 5334">
     <span class='ocr_line' id='line_1_71' title="bbox 508 5263 2104 5334; baseline 0.003 -15"><span class='ocrx_word' id='word_1_547' title='bbox 508 5277 607 5319; x_wconf 88' lang='lat' dir='ltr'><strong>sua</strong></span> <span class='ocrx_word' id='word_1_548' title='bbox 636 5277 801 5319; x_wconf 90' lang='lat' dir='ltr'><strong>nosse</strong></span> <span class='ocrx_word' id='word_1_549' title='bbox 826 5278 932 5319; x_wconf 92' lang='lat' dir='ltr'><strong>non</strong></span> <span class='ocrx_word' id='word_1_550' title='bbox 960 5277 1248 5334; x_wconf 89' lang='lat' dir='ltr'><strong>possumus</strong></span> <span class='ocrx_word' id='word_1_551' title='bbox 1281 5279 1297 5318; x_wconf 90' lang='lat'><strong>:</strong></span> <span class='ocrx_word' id='word_1_552' title='bbox 1330 5274 1575 5321; x_wconf 86' lang='lat' dir='ltr'><strong>assumat</strong></span> <span class='ocrx_word' id='word_1_553' title='bbox 1599 5263 1897 5333; x_wconf 89' lang='lat' dir='ltr'><strong>hominem,</strong></span> <span class='ocrx_word' id='word_1_554' title='bbox 1932 5275 1987 5322; x_wconf 88' lang='lat' dir='ltr'><strong>et</strong></span> <span class='ocrx_word' id='word_1_555' title='bbox 2024 5268 2104 5324; x_wconf 88' lang='lat' dir='ltr'><strong>sic</strong></span> 
     </span>
    </p>
   </div>
   <div class='ocr_carea' id='block_1_72' title="bbox 507 5354 2102 5431">
    <p class='ocr_par' dir='ltr' id='par_1_72' title="bbox 507 5354 2102 5431">
     <span class='ocr_line' id='line_1_72' title="bbox 507 5354 2102 5431; baseline -0.001 -17"><span class='ocrx_word' id='word_1_556' title='bbox 507 5356 878 5428; x_wconf 85' lang='lat' dir='ltr'><strong>lntelligamus</strong></span> <span class='ocrx_word' id='word_1_557' title='bbox 905 5371 1054 5413; x_wconf 90' lang='lat' dir='ltr'><strong>eum.</strong></span> <span class='ocrx_word' id='word_1_558' title='bbox 1087 5354 1374 5413; x_wconf 76' lang='lat' dir='ltr'><strong>Dexteram</strong></span> <span class='ocrx_word' id='word_1_559' title='bbox 1421 5367 1565 5413; x_wconf 86' lang='lat' dir='ltr'><strong>tuam</strong></span> <span class='ocrx_word' id='word_1_560' title='bbox 1591 5358 1665 5413; x_wconf 85' lang='lat' dir='ltr'><strong>sic</strong></span> <span class='ocrx_word' id='word_1_561' title='bbox 1710 5368 1885 5413; x_wconf 85' lang='lat' dir='ltr'><strong>notant</strong></span> <span class='ocrx_word' id='word_1_562' title='bbox 1912 5359 2024 5431; x_wconf 81' lang='lat' dir='ltr'><strong>fac,</strong></span> <span class='ocrx_word' id='word_1_563' title='bbox 2052 5368 2102 5415; x_wconf 86' lang='lat' dir='ltr'><strong>et</strong></span> 
     </span>
    </p>
   </div>
   <div class='ocr_carea' id='block_1_73' title="bbox 505 5449 2102 5523">
    <p class='ocr_par' dir='ltr' id='par_1_73' title="bbox 505 5449 2102 5523">
     <span class='ocr_line' id='line_1_73' title="bbox 505 5449 2102 5523; baseline 0 -17"><span class='ocrx_word' id='word_1_564' title='bbox 505 5451 828 5523; x_wconf 81' lang='lat' dir='ltr'><strong>compeditos</strong></span> <span class='ocrx_word' id='word_1_565' title='bbox 858 5449 1014 5506; x_wconf 86' lang='lat' dir='ltr'><strong>corde</strong></span> <span class='ocrx_word' id='word_1_566' title='bbox 1041 5449 1099 5505; x_wconf 88' lang='lat' dir='ltr'><strong>in</strong></span> <span class='ocrx_word' id='word_1_567' title='bbox 1129 5450 1408 5521; x_wconf 78' lang='lat' dir='ltr'><strong>sapientia.</strong></span> <span class='ocrx_word' id='word_1_568' title='bbox 1440 5449 1551 5506; x_wconf 85' lang='lat' dir='ltr'><strong>Eos</strong></span> <span class='ocrx_word' id='word_1_569' title='bbox 1579 5450 1670 5520; x_wconf 91' lang='lat' dir='ltr'><strong>qui</strong></span> <span class='ocrx_word' id='word_1_570' title='bbox 1700 5449 1981 5520; x_wconf 70' lang='lat' dir='ltr'><strong>sapientiae</strong></span> <span class='ocrx_word' id='word_1_571' title='bbox 2004 5450 2102 5506; x_wconf 87' lang='lat' dir='ltr'><strong>ha-</strong></span> 
     </span>
    </p>
   </div>
   <div class='ocr_carea' id='block_1_74' title="bbox 510 5543 2102 5615">
    <p class='ocr_par' dir='ltr' id='par_1_74' title="bbox 510 5543 2102 5615">
     <span class='ocr_line' id='line_1_74' title="bbox 510 5543 2102 5615; baseline 0.001 -13"><span class='ocrx_word' id='word_1_572' title='bbox 510 5545 639 5602; x_wconf 87' lang='lat' dir='ltr'><strong>bent</strong></span> <span class='ocrx_word' id='word_1_573' title='bbox 664 5544 978 5615; x_wconf 89' lang='lat' dir='ltr'><strong>compedes,</strong></span> <span class='ocrx_word' id='word_1_574' title='bbox 1006 5543 1110 5600; x_wconf 89' lang='lat' dir='ltr'><strong>hoc</strong></span> <span class='ocrx_word' id='word_1_575' title='bbox 1136 5551 1241 5608; x_wconf 87' lang='lat' dir='ltr'><strong>est,</strong></span> <span class='ocrx_word' id='word_1_576' title='bbox 1265 5546 1355 5615; x_wconf 92' lang='lat' dir='ltr'><strong>qui</strong></span> <span class='ocrx_word' id='word_1_577' title='bbox 1383 5544 1679 5614; x_wconf 88' lang='lat' dir='ltr'><strong>compediti</strong></span> <span class='ocrx_word' id='word_1_578' title='bbox 1701 5555 1829 5600; x_wconf 90' lang='lat' dir='ltr'><strong>sunt</strong></span> <span class='ocrx_word' id='word_1_579' title='bbox 1856 5545 1910 5600; x_wconf 90' lang='lat' dir='ltr'><strong>in</strong></span> <span class='ocrx_word' id='word_1_580' title='bbox 1934 5547 2102 5604; x_wconf 88' lang='lat' dir='ltr'><strong>corde</strong></span> 
     </span>
    </p>
   </div>
   <div class='ocr_carea' id='block_1_75' title="bbox 498 5634 2100 5711">
    <p class='ocr_par' dir='ltr' id='par_1_75' title="bbox 498 5634 2100 5711">
     <span class='ocr_line' id='line_1_75' title="bbox 498 5634 2100 5711; baseline 0.002 -19"><span class='ocrx_word' id='word_1_581' title='bbox 498 5650 600 5708; x_wconf 85' lang='lat' dir='ltr'><strong>per</strong></span> <span class='ocrx_word' id='word_1_582' title='bbox 624 5637 948 5708; x_wconf 89' lang='lat' dir='ltr'><strong>sapientiam</strong></span> <span class='ocrx_word' id='word_1_583' title='bbox 971 5643 1145 5694; x_wconf 88' lang='lat' dir='ltr'><strong>tuam.</strong></span> <span class='ocrx_word' id='word_1_584' title='bbox 1177 5634 1296 5693; x_wconf 87' lang='lat' dir='ltr'><strong>Non</strong></span> <span class='ocrx_word' id='word_1_585' title='bbox 1325 5636 1486 5693; x_wconf 84' lang='lat' dir='ltr'><strong>vobis</strong></span> <span class='ocrx_word' id='word_1_586' title='bbox 1516 5637 1590 5692; x_wconf 88' lang='lat' dir='ltr'><strong>sit</strong></span> <span class='ocrx_word' id='word_1_587' title='bbox 1625 5639 1943 5706; x_wconf 89' lang='lat' dir='ltr'><strong>molestum,</strong></span> <span class='ocrx_word' id='word_1_588' title='bbox 1973 5642 2100 5711; x_wconf 82' lang='lat' dir='ltr'><strong>quia</strong></span> 
     </span>
    </p>
   </div>
   <div class='ocr_carea' id='block_1_76' title="bbox 502 5728 2097 5801">
    <p class='ocr_par' dir='ltr' id='par_1_76' title="bbox 502 5728 2097 5801">
     <span class='ocr_line' id='line_1_76' title="bbox 502 5728 2097 5801; baseline 0.002 -13"><span class='ocrx_word' id='word_1_589' title='bbox 502 5731 765 5788; x_wconf 87' lang='lat' dir='ltr'><strong>obscurus</strong></span> <span class='ocrx_word' id='word_1_590' title='bbox 790 5740 873 5788; x_wconf 89' lang='lat' dir='ltr'><strong>est</strong></span> <span class='ocrx_word' id='word_1_591' title='bbox 902 5730 1073 5787; x_wconf 83' lang='lat' dir='ltr'><strong>locus.</strong></span> <span class='ocrx_word' id='word_1_592' title='bbox 1108 5730 1396 5801; x_wconf 60' lang='lat' dir='ltr'><strong>Prophetas</strong></span> <span class='ocrx_word' id='word_1_593' title='bbox 1426 5728 1700 5787; x_wconf 88' lang='lat' dir='ltr'><strong>habebant</strong></span> <span class='ocrx_word' id='word_1_594' title='bbox 1728 5731 2050 5801; x_wconf 84' lang='lat' dir='ltr'><strong>sapientiam</strong></span> <span class='ocrx_word' id='word_1_595' title='bbox 2081 5751 2097 5791; x_wconf 91' lang='lat'><strong>:</strong></span> 
     </span>
    </p>
   </div>
   <div class='ocr_carea' id='block_1_77' title="bbox 501 5821 2100 5917">
    <p class='ocr_par' dir='ltr' id='par_1_77' title="bbox 501 5821 2100 5917">
     <span class='ocr_line' id='line_1_77' title="bbox 501 5821 2100 5917; baseline 0.001 -34"><span class='ocrx_word' id='word_1_596' title='bbox 501 5823 598 5883; x_wconf 76' lang='lat' dir='ltr'><strong>sed</strong></span> <span class='ocrx_word' id='word_1_597' title='bbox 639 5823 752 5896; x_wconf 88' lang='lat' dir='ltr'><strong>ipsa</strong></span> <span class='ocrx_word' id='word_1_598' title='bbox 800 5822 1067 5897; x_wconf 85' lang='lat' dir='ltr'><strong>sapientia</strong></span> <span class='ocrx_word' id='word_1_599' title='bbox 1121 5821 1500 5895; x_wconf 87' lang='lat' dir='ltr'><strong>compediebat</strong></span> <span class='ocrx_word' id='word_1_600' title='bbox 1544 5837 1664 5892; x_wconf 90' lang='lat' dir='ltr'><strong>eos,</strong></span> <span class='ocrx_word' id='word_1_601' title='bbox 1690 5838 1797 5882; x_wconf 91' lang='lat' dir='ltr'><strong>non</strong></span> <span class='ocrx_word' id='word_1_602' title='bbox 1846 5834 2100 5917; x_wconf 74' lang='lat' dir='ltr'><strong>poterant</strong></span> 
     </span>
    </p>
   </div>
   <div class='ocr_carea' id='block_1_78' title="bbox 2207 1898 3775 1972">
    <p class='ocr_par' dir='ltr' id='par_1_78' title="bbox 2207 1898 3775 1972">
     <span class='ocr_line' id='line_1_78' title="bbox 2207 1898 3775 1972; baseline 0.003 -18"><span class='ocrx_word' id='word_1_603' title='bbox 2207 1898 2329 1955; x_wconf 87' lang='lat' dir='ltr'><strong>loco</strong></span> <span class='ocrx_word' id='word_1_604' title='bbox 2360 1918 2372 1955; x_wconf 92' lang='lat'>:</span> <span class='ocrx_word' id='word_1_605' title='bbox 2400 1900 2517 1957; x_wconf 84' lang='lat' dir='ltr'><strong>Non</strong></span> <span class='ocrx_word' id='word_1_606' title='bbox 2553 1902 2894 1972; x_wconf 90' lang='lat' dir='ltr'><strong>permanebit</strong></span> <span class='ocrx_word' id='word_1_607' title='bbox 2924 1899 3147 1972; x_wconf 75' lang='lat' dir='ltr'><strong>Spiritus</strong></span> <span class='ocrx_word' id='word_1_608' title='bbox 3198 1918 3351 1960; x_wconf 90' lang='lat' dir='ltr'><strong>meus</strong></span> <span class='ocrx_word' id='word_1_609' title='bbox 3391 1903 3448 1958; x_wconf 89' lang='lat' dir='ltr'><strong>in</strong></span> <span class='ocrx_word' id='word_1_610' title='bbox 3497 1900 3775 1957; x_wconf 81' lang='lat' dir='ltr'><strong>hominibus</strong></span> 
     </span>
    </p>
   </div>
   <div class='ocr_carea' id='block_1_79' title="bbox 2211 1994 3777 2069">
    <p class='ocr_par' dir='ltr' id='par_1_79' title="bbox 2211 1994 3777 2069">
     <span class='ocr_line' id='line_1_79' title="bbox 2211 1994 3777 2069; baseline 0 -21"><span class='ocrx_word' id='word_1_611' title='bbox 2211 1994 2332 2050; x_wconf 87' lang='lat' dir='ltr'><strong>istis</strong></span> <span class='ocrx_word' id='word_1_612' title='bbox 2365 2012 2378 2049; x_wconf 90' lang='lat'><strong>:</strong></span> <span class='ocrx_word' id='word_1_613' title='bbox 2410 1996 2533 2064; x_wconf 83' lang='lat' dir='ltr'><strong>quia</strong></span> <span class='ocrx_word' id='word_1_614' title='bbox 2565 2011 2696 2052; x_wconf 85' lang='lat' dir='ltr'><strong>caro</strong></span> <span class='ocrx_word' id='word_1_615' title='bbox 2746 2006 2869 2051; x_wconf 89' lang='lat' dir='ltr'><strong>sunt</strong></span> <span class='ocrx_word' id='word_1_616' title='bbox 2902 1995 3060 2069; x_wconf 81' lang='lat' dir='ltr'><strong>(Gen.</strong></span> <span class='ocrx_word' id='word_1_617' title='bbox 3099 1996 3201 2067; x_wconf 82' lang='lat' dir='ltr'><strong>vi).</strong></span> <span class='ocrx_word' id='word_1_618' title='bbox 3232 1997 3501 2065; x_wconf 85' lang='lat' dir='ltr'><strong>Quoniam</strong></span> <span class='ocrx_word' id='word_1_619' title='bbox 3553 1995 3777 2051; x_wconf 86' lang='lat' dir='ltr'><strong>homines</strong></span> 
     </span>
    </p>
   </div>
   <div class='ocr_carea' id='block_1_80' title="bbox 2207 2085 3774 2158">
    <p class='ocr_par' dir='ltr' id='par_1_80' title="bbox 2207 2085 3774 2158">
     <span class='ocr_line' id='line_1_80' title="bbox 2207 2085 3774 2158; baseline 0 -19"><span class='ocrx_word' id='word_1_620' title='bbox 2207 2094 2358 2154; x_wconf 87' lang='lat' dir='ltr'><strong>sunt,</strong></span> <span class='ocrx_word' id='word_1_621' title='bbox 2390 2094 2679 2157; x_wconf 89' lang='lat' dir='ltr'><strong>propterea</strong></span> <span class='ocrx_word' id='word_1_622' title='bbox 2706 2101 2840 2142; x_wconf 90' lang='lat' dir='ltr'><strong>caro</strong></span> <span class='ocrx_word' id='word_1_623' title='bbox 2864 2096 3012 2143; x_wconf 90' lang='lat' dir='ltr'><strong>sunt.</strong></span> <span class='ocrx_word' id='word_1_624' title='bbox 3042 2086 3185 2156; x_wconf 87' lang='lat' dir='ltr'><strong>Ergo</strong></span> <span class='ocrx_word' id='word_1_625' title='bbox 3209 2087 3334 2158; x_wconf 90' lang='lat' dir='ltr'><strong>quia</strong></span> <span class='ocrx_word' id='word_1_626' title='bbox 3363 2085 3462 2142; x_wconf 80' lang='lat' dir='ltr'><strong>lilii</strong></span> <span class='ocrx_word' id='word_1_627' title='bbox 3502 2086 3774 2154; x_wconf 85' lang='lat' dir='ltr'><strong>hominum,</strong></span> 
     </span>
    </p>
   </div>
   <div class='ocr_carea' id='block_1_81' title="bbox 2208 2178 3776 2251">
    <p class='ocr_par' dir='ltr' id='par_1_81' title="bbox 2208 2178 3776 2251">
     <span class='ocr_line' id='line_1_81' title="bbox 2208 2178 3776 2251; baseline 0 -19"><span class='ocrx_word' id='word_1_628' title='bbox 2208 2185 2266 2232; x_wconf 89' lang='lat' dir='ltr'><strong>et</strong></span> <span class='ocrx_word' id='word_1_629' title='bbox 2311 2178 2647 2248; x_wconf 88' lang='lat' dir='ltr'><strong>perdidimus</strong></span> <span class='ocrx_word' id='word_1_630' title='bbox 2672 2195 2794 2237; x_wconf 90' lang='lat' dir='ltr'><strong>esse</strong></span> <span class='ocrx_word' id='word_1_631' title='bbox 2838 2180 2935 2236; x_wconf 88' lang='lat' dir='ltr'><strong>lilii</strong></span> <span class='ocrx_word' id='word_1_632' title='bbox 2980 2181 3186 2245; x_wconf 53' lang='lat' dir='ltr'><strong>Dei,&#39;et</strong></span> <span class='ocrx_word' id='word_1_633' title='bbox 3217 2182 3366 2251; x_wconf 89' lang='lat' dir='ltr'><strong>pravi</strong></span> <span class='ocrx_word' id='word_1_634' title='bbox 3398 2180 3525 2237; x_wconf 87' lang='lat' dir='ltr'><strong>facti</strong></span> <span class='ocrx_word' id='word_1_635' title='bbox 3573 2194 3776 2236; x_wconf 88' lang='lat' dir='ltr'><strong>sumus:</strong></span> 
     </span>
    </p>
   </div>
   <div class='ocr_carea' id='block_1_82' title="bbox 2211 2270 3776 2344">
    <p class='ocr_par' dir='ltr' id='par_1_82' title="bbox 2211 2270 3776 2344">
     <span class='ocr_line' id='line_1_82' title="bbox 2211 2270 3776 2344; baseline -0.002 -17"><span class='ocrx_word' id='word_1_636' title='bbox 2211 2280 2498 2342; x_wconf 86' lang='lat' dir='ltr'><strong>propterea</strong></span> <span class='ocrx_word' id='word_1_637' title='bbox 2527 2271 2707 2344; x_wconf 86' lang='lat' dir='ltr'><strong>dirige</strong></span> <span class='ocrx_word' id='word_1_638' title='bbox 2745 2289 2866 2342; x_wconf 84' lang='lat' dir='ltr'><strong>nos,</strong></span> <span class='ocrx_word' id='word_1_639' title='bbox 2897 2284 2952 2330; x_wconf 91' lang='lat' dir='ltr'><strong>et</strong></span> <span class='ocrx_word' id='word_1_640' title='bbox 2990 2289 3212 2331; x_wconf 86' lang='lat' dir='ltr'><strong>rursum</strong></span> <span class='ocrx_word' id='word_1_641' title='bbox 3245 2275 3319 2329; x_wconf 92' lang='lat' dir='ltr'><strong>tui</strong></span> <span class='ocrx_word' id='word_1_642' title='bbox 3349 2272 3655 2330; x_wconf 80' lang='lat' dir='ltr'><strong>efﬁciamur</strong></span> <span class='ocrx_word' id='word_1_643' title='bbox 3677 2270 3776 2326; x_wconf 82' lang='lat' dir='ltr'><strong>lilii.</strong></span> 
     </span>
    </p>
   </div>
   <div class='ocr_carea' id='block_1_83' title="bbox 2280 2365 3778 2441">
    <p class='ocr_par' dir='ltr' id='par_1_83' title="bbox 2280 2365 3778 2441">
     <span class='ocr_line' id='line_1_83' title="bbox 2280 2365 3778 2441; baseline 0.001 -21"><span class='ocrx_word' id='word_1_644' title='bbox 2280 2365 2349 2420; x_wconf 87' lang='lat' dir='ltr'><strong>Et</strong></span> <span class='ocrx_word' id='word_1_645' title='bbox 2374 2367 2441 2421; x_wconf 89' lang='lat' dir='ltr'><strong>sit</strong></span> <span class='ocrx_word' id='word_1_646' title='bbox 2463 2368 2711 2434; x_wconf 82' lang='lat' dir='ltr'><strong>splendor</strong></span> <span class='ocrx_word' id='word_1_647' title='bbox 2741 2366 2957 2423; x_wconf 87' lang='lat' dir='ltr'><strong>Domini</strong></span> <span class='ocrx_word' id='word_1_648' title='bbox 2981 2367 3082 2425; x_wconf 90' lang='lat' dir='ltr'><strong>Dei</strong></span> <span class='ocrx_word' id='word_1_649' title='bbox 3126 2371 3290 2425; x_wconf 86' lang='lat' dir='ltr'><strong>nostri</strong></span> <span class='ocrx_word' id='word_1_650' title='bbox 3314 2383 3477 2441; x_wconf 81' lang='lat' dir='ltr'><strong>super</strong></span> <span class='ocrx_word' id='word_1_651' title='bbox 3517 2385 3625 2424; x_wconf 80' lang='lat' dir='ltr'><strong>nos.</strong></span> <span class='ocrx_word' id='word_1_652' title='bbox 3657 2368 3778 2423; x_wconf 88' lang='lat' dir='ltr'><strong>Dicit</strong></span> 
     </span>
    </p>
   </div>
   <div class='ocr_carea' id='block_1_84' title="bbox 2209 2458 3784 2531">
    <p class='ocr_par' dir='ltr' id='par_1_84' title="bbox 2209 2458 3784 2531">
     <span class='ocr_line' id='line_1_84' title="bbox 2209 2458 3784 2531; baseline 0.002 -19"><span class='ocrx_word' id='word_1_653' title='bbox 2209 2465 2265 2512; x_wconf 92' lang='lat' dir='ltr'><strong>et</strong></span> <span class='ocrx_word' id='word_1_654' title='bbox 2287 2458 2582 2527; x_wconf 89' lang='lat' dir='ltr'><strong>Apostolus</strong></span> <span class='ocrx_word' id='word_1_655' title='bbox 2615 2458 2684 2514; x_wconf 90' lang='lat' dir='ltr'><strong>ad</strong></span> <span class='ocrx_word' id='word_1_656' title='bbox 2718 2458 2978 2516; x_wconf 59' lang='lat' dir='ltr'><strong>Hebraeos</strong></span> <span class='ocrx_word' id='word_1_657' title='bbox 3009 2476 3022 2514; x_wconf 88' lang='lat'><strong>:</strong></span> <span class='ocrx_word' id='word_1_658' title='bbox 3061 2460 3330 2530; x_wconf 90' lang='lat' dir='ltr'><strong>Quoniam</strong></span> <span class='ocrx_word' id='word_1_659' title='bbox 3355 2461 3622 2517; x_wconf 89' lang='lat' dir='ltr'><strong>Dominus</strong></span> <span class='ocrx_word' id='word_1_660' title='bbox 3644 2468 3784 2531; x_wconf 89' lang='lat' dir='ltr'><strong>atque</strong></span> 
     </span>
    </p>
   </div>
   <div class='ocr_carea' id='block_1_85' title="bbox 2210 2536 3785 2625">
    <p class='ocr_par' dir='ltr' id='par_1_85' title="bbox 2210 2536 3785 2625">
     <span class='ocr_line' id='line_1_85' title="bbox 2210 2536 3785 2625; baseline -0.002 -17"><span class='ocrx_word' id='word_1_661' title='bbox 2210 2536 2461 2608; x_wconf 86' lang='lat' dir='ltr'><strong>Salvator</strong></span> <span class='ocrx_word' id='word_1_662' title='bbox 2486 2551 2754 2622; x_wconf 89' lang='lat' dir='ltr'><strong>splendor</strong></span> <span class='ocrx_word' id='word_1_663' title='bbox 2783 2553 2855 2608; x_wconf 92' lang='lat' dir='ltr'><strong>sit</strong></span> <span class='ocrx_word' id='word_1_664' title='bbox 2879 2553 3067 2625; x_wconf 58' lang='lat' dir='ltr'><strong>gloria)</strong></span> <span class='ocrx_word' id='word_1_665' title='bbox 3095 2553 3271 2609; x_wconf 89' lang='lat' dir='ltr'><strong>Patris</strong></span> <span class='ocrx_word' id='word_1_666' title='bbox 3301 2552 3511 2624; x_wconf 84' lang='lat' dir='ltr'><strong>(Hebr.</strong></span> <span class='ocrx_word' id='word_1_667' title='bbox 3545 2554 3613 2625; x_wconf 85' lang='lat' dir='ltr'><strong>t).</strong></span> <span class='ocrx_word' id='word_1_668' title='bbox 3639 2550 3700 2606; x_wconf 86' lang='lat' dir='ltr'><strong>Et</strong></span> <span class='ocrx_word' id='word_1_669' title='bbox 3730 2553 3785 2606; x_wconf 82' lang='lat' dir='ltr'><strong>sit</strong></span> 
     </span>
    </p>
   </div>
   <div class='ocr_carea' id='block_1_86' title="bbox 2208 2644 3784 2719">
    <p class='ocr_par' dir='ltr' id='par_1_86' title="bbox 2208 2644 3784 2719">
     <span class='ocr_line' id='line_1_86' title="bbox 2208 2644 3784 2719; baseline 0.001 -20"><span class='ocrx_word' id='word_1_670' title='bbox 2208 2645 2460 2717; x_wconf 81' lang='lat' dir='ltr'><strong>splendor</strong></span> <span class='ocrx_word' id='word_1_671' title='bbox 2489 2645 2703 2702; x_wconf 90' lang='lat' dir='ltr'><strong>Domini</strong></span> <span class='ocrx_word' id='word_1_672' title='bbox 2735 2645 2833 2701; x_wconf 91' lang='lat' dir='ltr'><strong>Dei</strong></span> <span class='ocrx_word' id='word_1_673' title='bbox 2857 2648 3019 2702; x_wconf 85' lang='lat' dir='ltr'><strong>nostri</strong></span> <span class='ocrx_word' id='word_1_674' title='bbox 3045 2662 3203 2719; x_wconf 81' lang='lat' dir='ltr'><strong>super</strong></span> <span class='ocrx_word' id='word_1_675' title='bbox 3233 2662 3345 2702; x_wconf 89' lang='lat' dir='ltr'><strong>nos.</strong></span> <span class='ocrx_word' id='word_1_676' title='bbox 3400 2647 3520 2703; x_wconf 88' lang='lat' dir='ltr'><strong>Hoc</strong></span> <span class='ocrx_word' id='word_1_677' title='bbox 3551 2657 3635 2703; x_wconf 86' lang='lat' dir='ltr'><strong>est</strong></span> <span class='ocrx_word' id='word_1_678' title='bbox 3659 2644 3784 2717; x_wconf 91' lang='lat' dir='ltr'><strong>quod</strong></span> 
     </span>
    </p>
   </div>
   <div class='ocr_carea' id='block_1_87' title="bbox 2209 2735 3788 2811">
    <p class='ocr_par' dir='ltr' id='par_1_87' title="bbox 2209 2735 3788 2811">
     <span class='ocr_line' id='line_1_87' title="bbox 2209 2735 3788 2811; baseline 0.001 -19"><span class='ocrx_word' id='word_1_679' title='bbox 2209 2735 2411 2793; x_wconf 91' lang='lat' dir='ltr'><strong>dicitur</strong></span> <span class='ocrx_word' id='word_1_680' title='bbox 2438 2746 2494 2793; x_wconf 90' lang='lat' dir='ltr'><strong>et</strong></span> <span class='ocrx_word' id='word_1_681' title='bbox 2523 2738 2579 2794; x_wconf 91' lang='lat' dir='ltr'><strong>in</strong></span> <span class='ocrx_word' id='word_1_682' title='bbox 2602 2739 2714 2794; x_wconf 92' lang='lat' dir='ltr'><strong>alio</strong></span> <span class='ocrx_word' id='word_1_683' title='bbox 2741 2739 2866 2795; x_wconf 93' lang='lat' dir='ltr'><strong>loco</strong></span> <span class='ocrx_word' id='word_1_684' title='bbox 2899 2757 2912 2793; x_wconf 92' lang='lat'><strong>:</strong></span> <span class='ocrx_word' id='word_1_685' title='bbox 2956 2739 3239 2811; x_wconf 86' lang='lat' dir='ltr'><strong>Signatum</strong></span> <span class='ocrx_word' id='word_1_686' title='bbox 3270 2747 3359 2795; x_wconf 89' lang='lat' dir='ltr'><strong>est</strong></span> <span class='ocrx_word' id='word_1_687' title='bbox 3383 2754 3554 2811; x_wconf 86' lang='lat' dir='ltr'><strong>super</strong></span> <span class='ocrx_word' id='word_1_688' title='bbox 3582 2754 3679 2794; x_wconf 89' lang='lat' dir='ltr'><strong>nos</strong></span> <span class='ocrx_word' id='word_1_689' title='bbox 3725 2738 3788 2793; x_wconf 87' lang='lat' dir='ltr'><strong>lu-</strong></span> 
     </span>
    </p>
   </div>
   <div class='ocr_carea' id='block_1_88' title="bbox 2211 2826 3783 2906">
    <p class='ocr_par' dir='ltr' id='par_1_88' title="bbox 2211 2826 3783 2906">
     <span class='ocr_line' id='line_1_88' title="bbox 2211 2826 3783 2906; baseline -0.001 -19"><span class='ocrx_word' id='word_1_690' title='bbox 2211 2847 2336 2887; x_wconf 91' lang='lat' dir='ltr'><strong>men</strong></span> <span class='ocrx_word' id='word_1_691' title='bbox 2363 2832 2545 2888; x_wconf 89' lang='lat' dir='ltr'><strong>vultus</strong></span> <span class='ocrx_word' id='word_1_692' title='bbox 2584 2832 2685 2898; x_wconf 88' lang='lat' dir='ltr'><strong>tui,</strong></span> <span class='ocrx_word' id='word_1_693' title='bbox 2714 2833 2943 2889; x_wconf 90' lang='lat' dir='ltr'><strong>Domine</strong></span> <span class='ocrx_word' id='word_1_694' title='bbox 2971 2833 2993 2904; x_wconf 87' lang='lat'><strong>(</strong></span> <span class='ocrx_word' id='word_1_695' title='bbox 3010 2833 3159 2889; x_wconf 85' lang='lat' dir='ltr'><strong>Psal.</strong></span> <span class='ocrx_word' id='word_1_696' title='bbox 3192 2849 3247 2890; x_wconf 82' lang='lat' dir='ltr'><strong>tv</strong></span> <span class='ocrx_word' id='word_1_697' title='bbox 3269 2832 3311 2905; x_wconf 91' lang='lat'><strong>).</strong></span> <span class='ocrx_word' id='word_1_698' title='bbox 3339 2833 3572 2906; x_wconf 81' lang='lat' dir='ltr'><strong>Signum</strong></span> <span class='ocrx_word' id='word_1_699' title='bbox 3603 2826 3783 2900; x_wconf 87' lang='lat' dir='ltr'><strong>crucis,</strong></span> 
     </span>
    </p>
   </div>
   <div class='ocr_carea' id='block_1_89' title="bbox 2210 2925 3790 3000">
    <p class='ocr_par' dir='ltr' id='par_1_89' title="bbox 2210 2925 3790 3000">
     <span class='ocr_line' id='line_1_89' title="bbox 2210 2925 3790 3000; baseline 0.001 -20"><span class='ocrx_word' id='word_1_700' title='bbox 2210 2925 2479 2981; x_wconf 76' lang='lat' dir='ltr'><strong>vexillum</strong></span> <span class='ocrx_word' id='word_1_701' title='bbox 2506 2937 2755 2982; x_wconf 90' lang='lat' dir='ltr'><strong>nostrum</strong></span> <span class='ocrx_word' id='word_1_702' title='bbox 2783 2935 2888 2983; x_wconf 89' lang='lat' dir='ltr'><strong>est.</strong></span> <span class='ocrx_word' id='word_1_703' title='bbox 2923 2928 3050 2984; x_wconf 80' lang='lat' dir='ltr'><strong>Ilaec</strong></span> <span class='ocrx_word' id='word_1_704' title='bbox 3081 2928 3306 2984; x_wconf 89' lang='lat' dir='ltr'><strong>interim</strong></span> <span class='ocrx_word' id='word_1_705' title='bbox 3335 2927 3405 2985; x_wconf 92' lang='lat' dir='ltr'><strong>de</strong></span> <span class='ocrx_word' id='word_1_706' title='bbox 3435 2929 3652 3000; x_wconf 88' lang='lat' dir='ltr'><strong>psalmo</strong></span> <span class='ocrx_word' id='word_1_707' title='bbox 3668 2927 3790 2984; x_wconf 84' lang='lat' dir='ltr'><strong>dixi-</strong></span> 
     </span>
    </p>
   </div>
   <div class='ocr_carea' id='block_1_90' title="bbox 2212 3021 3790 3095">
    <p class='ocr_par' dir='ltr' id='par_1_90' title="bbox 2212 3021 3790 3095">
     <span class='ocr_line' id='line_1_90' title="bbox 2212 3021 3790 3095; baseline 0 -20"><span class='ocrx_word' id='word_1_708' title='bbox 2212 3034 2364 3089; x_wconf 89' lang='lat' dir='ltr'><strong>mus,</strong></span> <span class='ocrx_word' id='word_1_709' title='bbox 2395 3030 2451 3075; x_wconf 92' lang='lat' dir='ltr'><strong>et</strong></span> <span class='ocrx_word' id='word_1_710' title='bbox 2476 3029 2535 3075; x_wconf 87' lang='lat' dir='ltr'><strong>ut</strong></span> <span class='ocrx_word' id='word_1_711' title='bbox 2557 3021 2773 3077; x_wconf 65' lang='lat' dir='ltr'><strong>aestimo</strong></span> <span class='ocrx_word' id='word_1_712' title='bbox 2794 3063 2810 3090; x_wconf 95' lang='lat'><strong>,</strong></span> <span class='ocrx_word' id='word_1_713' title='bbox 2839 3021 3048 3079; x_wconf 89' lang='lat' dir='ltr'><strong>diutius</strong></span> <span class='ocrx_word' id='word_1_714' title='bbox 3077 3038 3241 3095; x_wconf 91' lang='lat' dir='ltr'><strong>quam</strong></span> <span class='ocrx_word' id='word_1_715' title='bbox 3271 3021 3643 3080; x_wconf 87' lang='lat' dir='ltr'><strong>debueramus</strong></span> <span class='ocrx_word' id='word_1_716' title='bbox 3665 3064 3681 3089; x_wconf 92' lang='lat'><strong>,</strong></span> <span class='ocrx_word' id='word_1_717' title='bbox 3709 3022 3790 3076; x_wconf 85' lang='lat' dir='ltr'><strong>im-</strong></span> 
     </span>
    </p>
   </div>
   <div class='ocr_carea' id='block_1_91' title="bbox 2213 3115 3788 3188">
    <p class='ocr_par' dir='ltr' id='par_1_91' title="bbox 2213 3115 3788 3188">
     <span class='ocr_line' id='line_1_91' title="bbox 2213 3115 3788 3188; baseline 0.001 -19"><span class='ocrx_word' id='word_1_718' title='bbox 2213 3115 2412 3171; x_wconf 89' lang='lat' dir='ltr'><strong>morati</strong></span> <span class='ocrx_word' id='word_1_719' title='bbox 2446 3131 2655 3172; x_wconf 88' lang='lat' dir='ltr'><strong>sumus.</strong></span> <span class='ocrx_word' id='word_1_720' title='bbox 2682 3115 3044 3187; x_wconf 82' lang='lat' dir='ltr'><strong>lntelligimus</strong></span> <span class='ocrx_word' id='word_1_721' title='bbox 3071 3132 3172 3173; x_wconf 83' lang='lat' dir='ltr'><strong>nos</strong></span> <span class='ocrx_word' id='word_1_722' title='bbox 3203 3117 3373 3172; x_wconf 91' lang='lat' dir='ltr'><strong>multo</strong></span> <span class='ocrx_word' id='word_1_723' title='bbox 3390 3117 3553 3188; x_wconf 88' lang='lat' dir='ltr'><strong>plura</strong></span> <span class='ocrx_word' id='word_1_724' title='bbox 3584 3115 3788 3180; x_wconf 85' lang='lat' dir='ltr'><strong>dixisse,</strong></span> 
     </span>
    </p>
   </div>
   <div class='ocr_carea' id='block_1_92' title="bbox 2134 3195 3790 3283">
    <p class='ocr_par' dir='ltr' id='par_1_92' title="bbox 2134 3195 3790 3283">
     <span class='ocr_line' id='line_1_92' title="bbox 2134 3195 3790 3283; baseline 0 -22"><span class='ocrx_word' id='word_1_725' title='bbox 2134 3195 2181 3261; x_wconf 89' lang='lat' dir='ltr'><strong><em>C</em></strong></span> <span class='ocrx_word' id='word_1_726' title='bbox 2211 3224 2373 3281; x_wconf 90' lang='lat' dir='ltr'><strong>quam</strong></span> <span class='ocrx_word' id='word_1_727' title='bbox 2416 3209 2702 3267; x_wconf 87' lang='lat' dir='ltr'><strong>debuimus</strong></span> <span class='ocrx_word' id='word_1_728' title='bbox 2728 3210 2944 3271; x_wconf 84' lang='lat' dir='ltr'><strong>dicere;</strong></span> <span class='ocrx_word' id='word_1_729' title='bbox 2978 3211 3073 3268; x_wconf 89' lang='lat' dir='ltr'><strong>sed</strong></span> <span class='ocrx_word' id='word_1_730' title='bbox 3101 3226 3208 3267; x_wconf 90' lang='lat' dir='ltr'><strong>non</strong></span> <span class='ocrx_word' id='word_1_731' title='bbox 3253 3226 3549 3283; x_wconf 89' lang='lat' dir='ltr'><strong>possumus</strong></span> <span class='ocrx_word' id='word_1_732' title='bbox 3598 3207 3790 3265; x_wconf 89' lang='lat' dir='ltr'><strong>Domini</strong></span> 
     </span>
    </p>
   </div>
   <div class='ocr_carea' id='block_1_93' title="bbox 2211 3304 3792 3376">
    <p class='ocr_par' dir='ltr' id='par_1_93' title="bbox 2211 3304 3792 3376">
     <span class='ocr_line' id='line_1_93' title="bbox 2211 3304 3792 3376; baseline -0.001 -18"><span class='ocrx_word' id='word_1_733' title='bbox 2211 3304 2384 3359; x_wconf 85' lang='lat' dir='ltr'><strong>nostri</strong></span> <span class='ocrx_word' id='word_1_734' title='bbox 2430 3305 2594 3361; x_wconf 88' lang='lat' dir='ltr'><strong>verba</strong></span> <span class='ocrx_word' id='word_1_735' title='bbox 2661 3305 2937 3372; x_wconf 88' lang='lat' dir='ltr'><strong>reticere,</strong></span> <span class='ocrx_word' id='word_1_736' title='bbox 2999 3321 3107 3361; x_wconf 92' lang='lat' dir='ltr'><strong>non</strong></span> <span class='ocrx_word' id='word_1_737' title='bbox 3155 3319 3443 3376; x_wconf 89' lang='lat' dir='ltr'><strong>possumus</strong></span> <span class='ocrx_word' id='word_1_738' title='bbox 3496 3306 3792 3362; x_wconf 88' lang='lat' dir='ltr'><strong>inchoatum</strong></span> 
     </span>
    </p>
   </div>
   <div class='ocr_carea' id='block_1_94' title="bbox 2211 3396 3793 3469">
    <p class='ocr_par' dir='ltr' id='par_1_94' title="bbox 2211 3396 3793 3469">
     <span class='ocr_line' id='line_1_94' title="bbox 2211 3396 3793 3469; baseline 0 -18"><span class='ocrx_word' id='word_1_739' title='bbox 2211 3399 2478 3467; x_wconf 89' lang='lat' dir='ltr'><strong>psalmum</strong></span> <span class='ocrx_word' id='word_1_740' title='bbox 2512 3396 2844 3469; x_wconf 76' lang='lat' dir='ltr'><strong>relinquere.</strong></span> <span class='ocrx_word' id='word_1_741' title='bbox 2871 3396 2990 3454; x_wconf 86' lang='lat' dir='ltr'><strong>Non</strong></span> <span class='ocrx_word' id='word_1_742' title='bbox 3021 3407 3105 3455; x_wconf 88' lang='lat' dir='ltr'><strong>est</strong></span> <span class='ocrx_word' id='word_1_743' title='bbox 3129 3398 3384 3465; x_wconf 90' lang='lat' dir='ltr'><strong>multum,</strong></span> <span class='ocrx_word' id='word_1_744' title='bbox 3427 3398 3793 3469; x_wconf 86' lang='lat' dir='ltr'><strong>quodcumque</strong></span> 
     </span>
    </p>
   </div>
   <div class='ocr_carea' id='block_1_95' title="bbox 2210 3488 3795 3562">
    <p class='ocr_par' dir='ltr' id='par_1_95' title="bbox 2210 3488 3795 3562">
     <span class='ocr_line' id='line_1_95' title="bbox 2210 3488 3795 3562; baseline 0 -19"><span class='ocrx_word' id='word_1_745' title='bbox 2210 3488 2433 3559; x_wconf 86' lang='lat' dir='ltr'><strong>prodest</strong></span> <span class='ocrx_word' id='word_1_746' title='bbox 2458 3490 2654 3546; x_wconf 71' lang='lat' dir='ltr'><strong>anima:</strong></span> <span class='ocrx_word' id='word_1_747' title='bbox 2680 3508 2692 3543; x_wconf 91' lang='lat'><strong>:</strong></span> <span class='ocrx_word' id='word_1_748' title='bbox 2724 3491 2859 3546; x_wconf 89' lang='lat' dir='ltr'><strong>nihil</strong></span> <span class='ocrx_word' id='word_1_749' title='bbox 2893 3492 3026 3548; x_wconf 90' lang='lat' dir='ltr'><strong>satis</strong></span> <span class='ocrx_word' id='word_1_750' title='bbox 3053 3499 3165 3557; x_wconf 90' lang='lat' dir='ltr'><strong>est,</strong></span> <span class='ocrx_word' id='word_1_751' title='bbox 3198 3490 3342 3562; x_wconf 89' lang='lat' dir='ltr'><strong>quod</strong></span> <span class='ocrx_word' id='word_1_752' title='bbox 3373 3490 3582 3548; x_wconf 89' lang='lat' dir='ltr'><strong>bonum</strong></span> <span class='ocrx_word' id='word_1_753' title='bbox 3618 3500 3729 3556; x_wconf 86' lang='lat' dir='ltr'><strong>est,</strong></span> <span class='ocrx_word' id='word_1_754' title='bbox 3755 3488 3795 3544; x_wconf 84' lang='lat' dir='ltr'><strong>si</strong></span> 
     </span>
    </p>
   </div>
   <div class='ocr_carea' id='block_1_96' title="bbox 2210 3584 3791 3663">
    <p class='ocr_par' dir='ltr' id='par_1_96' title="bbox 2210 3584 3791 3663">
     <span class='ocr_line' id='line_1_96' title="bbox 2210 3584 3791 3663; baseline -0.001 -24"><span class='ocrx_word' id='word_1_755' title='bbox 2210 3592 2391 3641; x_wconf 86' lang='lat' dir='ltr'><strong>tamen</strong></span> <span class='ocrx_word' id='word_1_756' title='bbox 2438 3584 2663 3663; x_wconf 86' lang='lat' dir='ltr'><strong>bonum.</strong></span> <span class='ocrx_word' id='word_1_757' title='bbox 2694 3585 2969 3656; x_wconf 77' lang='lat' dir='ltr'><strong>Rogemus</strong></span> <span class='ocrx_word' id='word_1_758' title='bbox 3012 3586 3177 3657; x_wconf 83' lang='lat' dir='ltr'><strong>igitur</strong></span> <span class='ocrx_word' id='word_1_759' title='bbox 3217 3586 3518 3641; x_wconf 90' lang='lat' dir='ltr'><strong>Dominum</strong></span> <span class='ocrx_word' id='word_1_760' title='bbox 3563 3594 3791 3641; x_wconf 85' lang='lat' dir='ltr'><strong>nostrum</strong></span> 
     </span>
    </p>
   </div>
   <div class='ocr_carea' id='block_1_97' title="bbox 2211 3677 3795 3750">
    <p class='ocr_par' dir='ltr' id='par_1_97' title="bbox 2211 3677 3795 3750">
     <span class='ocr_line' id='line_1_97' title="bbox 2211 3677 3795 3750; baseline -0.001 -15"><span class='ocrx_word' id='word_1_761' title='bbox 2211 3677 2576 3744; x_wconf 89' lang='lat' dir='ltr'><strong>Salvatorem,</strong></span> <span class='ocrx_word' id='word_1_762' title='bbox 2603 3690 2659 3733; x_wconf 90' lang='lat' dir='ltr'><strong>ut</strong></span> <span class='ocrx_word' id='word_1_763' title='bbox 2687 3679 2951 3750; x_wconf 89' lang='lat' dir='ltr'><strong>splendor</strong></span> <span class='ocrx_word' id='word_1_764' title='bbox 2976 3680 3094 3749; x_wconf 83' lang='lat' dir='ltr'><strong>ejus</strong></span> <span class='ocrx_word' id='word_1_765' title='bbox 3118 3679 3302 3736; x_wconf 83' lang='lat' dir='ltr'><strong>luceat</strong></span> <span class='ocrx_word' id='word_1_766' title='bbox 3323 3678 3376 3735; x_wconf 92' lang='lat' dir='ltr'><strong>in</strong></span> <span class='ocrx_word' id='word_1_767' title='bbox 3398 3679 3662 3736; x_wconf 89' lang='lat' dir='ltr'><strong>cordibus</strong></span> <span class='ocrx_word' id='word_1_768' title='bbox 3677 3693 3795 3733; x_wconf 84' lang='lat' dir='ltr'><strong>nos-</strong></span> 
     </span>
    </p>
   </div>
   <div class='ocr_carea' id='block_1_98' title="bbox 2212 3771 3792 3846">
    <p class='ocr_par' dir='ltr' id='par_1_98' title="bbox 2212 3771 3792 3846">
     <span class='ocr_line' id='line_1_98' title="bbox 2212 3771 3792 3846; baseline 0.001 -20"><span class='ocrx_word' id='word_1_769' title='bbox 2212 3772 2310 3827; x_wconf 92' lang='lat' dir='ltr'><strong>tris</strong></span> <span class='ocrx_word' id='word_1_770' title='bbox 2335 3813 2349 3838; x_wconf 95' lang='lat'><strong>,</strong></span> <span class='ocrx_word' id='word_1_771' title='bbox 2399 3780 2456 3827; x_wconf 91' lang='lat' dir='ltr'><strong>ut</strong></span> <span class='ocrx_word' id='word_1_772' title='bbox 2487 3771 2668 3843; x_wconf 89' lang='lat' dir='ltr'><strong>ejiciat</strong></span> <span class='ocrx_word' id='word_1_773' title='bbox 2695 3788 2727 3827; x_wconf 94' lang='lat' dir='ltr'><strong>a</strong></span> <span class='ocrx_word' id='word_1_774' title='bbox 2757 3773 2916 3830; x_wconf 88' lang='lat' dir='ltr'><strong>nobis</strong></span> <span class='ocrx_word' id='word_1_775' title='bbox 2945 3774 3293 3831; x_wconf 84' lang='lat' dir='ltr'><strong>tenebrarum</strong></span> <span class='ocrx_word' id='word_1_776' title='bbox 3325 3773 3792 3846; x_wconf 84' lang='lat' dir='ltr'><strong>impugnationes,</strong></span> 
     </span>
    </p>
   </div>
   <div class='ocr_carea' id='block_1_99' title="bbox 2209 3863 3799 3937">
    <p class='ocr_par' dir='ltr' id='par_1_99' title="bbox 2209 3863 3799 3937">
     <span class='ocr_line' id='line_1_99' title="bbox 2209 3863 3799 3937; baseline -0.001 -17"><span class='ocrx_word' id='word_1_777' title='bbox 2209 3873 2264 3920; x_wconf 88' lang='lat' dir='ltr'><strong>et</strong></span> <span class='ocrx_word' id='word_1_778' title='bbox 2288 3863 2541 3921; x_wconf 90' lang='lat' dir='ltr'><strong>sordidas</strong></span> <span class='ocrx_word' id='word_1_779' title='bbox 2571 3866 2956 3936; x_wconf 84' lang='lat' dir='ltr'><strong>cogitationes,</strong></span> <span class='ocrx_word' id='word_1_780' title='bbox 2987 3877 3043 3923; x_wconf 89' lang='lat' dir='ltr'><strong>et</strong></span> <span class='ocrx_word' id='word_1_781' title='bbox 3064 3865 3248 3922; x_wconf 89' lang='lat' dir='ltr'><strong>omnia</strong></span> <span class='ocrx_word' id='word_1_782' title='bbox 3280 3874 3510 3937; x_wconf 79' lang='lat' dir='ltr'><strong>peccata</strong></span> <span class='ocrx_word' id='word_1_783' title='bbox 3540 3864 3799 3937; x_wconf 82' lang='lat' dir='ltr'><strong>propellat</strong></span> 
     </span>
    </p>
   </div>
   <div class='ocr_carea' id='block_1_100' title="bbox 2208 3957 3793 4027">
    <p class='ocr_par' dir='ltr' id='par_1_100' title="bbox 2208 3957 3793 4027">
     <span class='ocr_line' id='line_1_100' title="bbox 2208 3957 3793 4027; baseline -0.003 -14"><span class='ocrx_word' id='word_1_784' title='bbox 2208 3957 2278 4014; x_wconf 87' lang='lat' dir='ltr'><strong>de</strong></span> <span class='ocrx_word' id='word_1_785' title='bbox 2304 3958 2564 4014; x_wconf 90' lang='lat' dir='ltr'><strong>cordibus</strong></span> <span class='ocrx_word' id='word_1_786' title='bbox 2594 3960 2822 4027; x_wconf 90' lang='lat' dir='ltr'><strong>nostris,</strong></span> <span class='ocrx_word' id='word_1_787' title='bbox 2870 3969 2929 4015; x_wconf 89' lang='lat' dir='ltr'><strong>ut</strong></span> <span class='ocrx_word' id='word_1_788' title='bbox 2968 3959 3238 4015; x_wconf 89' lang='lat' dir='ltr'><strong>illuminet</strong></span> <span class='ocrx_word' id='word_1_789' title='bbox 3267 3969 3489 4014; x_wconf 69' lang='lat' dir='ltr'><strong>noswas</strong></span> <span class='ocrx_word' id='word_1_790' title='bbox 3520 3958 3793 4022; x_wconf 88' lang='lat' dir='ltr'><strong>tenebras,</strong></span> 
     </span>
    </p>
   </div>
   <div class='ocr_carea' id='block_1_101' title="bbox 2213 4051 3797 4123">
    <p class='ocr_par' dir='ltr' id='par_1_101' title="bbox 2213 4051 3797 4123">
     <span class='ocr_line' id='line_1_101' title="bbox 2213 4051 3797 4123; baseline -0.002 -16"><span class='ocrx_word' id='word_1_791' title='bbox 2213 4060 2272 4107; x_wconf 81' lang='lat' dir='ltr'><strong>ut.</strong></span> <span class='ocrx_word' id='word_1_792' title='bbox 2292 4051 2505 4123; x_wconf 82' lang='lat' dir='ltr'><strong>fugiant</strong></span> <span class='ocrx_word' id='word_1_793' title='bbox 2527 4051 2790 4120; x_wconf 66' lang='lat' dir='ltr'><strong>tenebrae,</strong></span> <span class='ocrx_word' id='word_1_794' title='bbox 2819 4062 2874 4108; x_wconf 90' lang='lat' dir='ltr'><strong>et</strong></span> <span class='ocrx_word' id='word_1_795' title='bbox 2902 4052 3110 4109; x_wconf 88' lang='lat' dir='ltr'><strong>habitet</strong></span> <span class='ocrx_word' id='word_1_796' title='bbox 3136 4051 3400 4123; x_wconf 91' lang='lat' dir='ltr'><strong>splendor</strong></span> <span class='ocrx_word' id='word_1_797' title='bbox 3433 4052 3577 4107; x_wconf 90' lang='lat' dir='ltr'><strong>lucis</strong></span> <span class='ocrx_word' id='word_1_798' title='bbox 3601 4052 3655 4107; x_wconf 87' lang='lat' dir='ltr'><strong>in</strong></span> <span class='ocrx_word' id='word_1_799' title='bbox 3684 4065 3797 4106; x_wconf 82' lang='lat' dir='ltr'><strong>cor-</strong></span> 
     </span>
    </p>
   </div>
   <div class='ocr_carea' id='block_1_102' title="bbox 2210 4143 3794 4215">
    <p class='ocr_par' dir='ltr' id='par_1_102' title="bbox 2210 4143 3794 4215">
     <span class='ocr_line' id='line_1_102' title="bbox 2210 4143 3794 4215; baseline -0.003 -14"><span class='ocrx_word' id='word_1_800' title='bbox 2210 4143 2370 4201; x_wconf 88' lang='lat' dir='ltr'><strong>dibus</strong></span> <span class='ocrx_word' id='word_1_801' title='bbox 2398 4144 2628 4201; x_wconf 89' lang='lat' dir='ltr'><strong>nostris.</strong></span> <span class='ocrx_word' id='word_1_802' title='bbox 2663 4144 2949 4215; x_wconf 81' lang='lat' dir='ltr'><strong>Templum</strong></span> <span class='ocrx_word' id='word_1_803' title='bbox 2984 4143 3224 4211; x_wconf 90' lang='lat' dir='ltr'><strong>Domini,</strong></span> <span class='ocrx_word' id='word_1_804' title='bbox 3258 4152 3315 4200; x_wconf 93' lang='lat' dir='ltr'><strong>et</strong></span> <span class='ocrx_word' id='word_1_805' title='bbox 3337 4143 3755 4200; x_wconf 88' lang='lat' dir='ltr'><strong>tabernaculum</strong></span> <span class='ocrx_word' id='word_1_806' title='bbox 3779 4181 3794 4209; x_wconf 91' lang='lat'><strong>,</strong></span> 
     </span>
    </p>
   </div>
   <div class='ocr_carea' id='block_1_103' title="bbox 2209 4238 3802 4310">
    <p class='ocr_par' dir='ltr' id='par_1_103' title="bbox 2209 4238 3802 4310">
     <span class='ocr_line' id='line_1_103' title="bbox 2209 4238 3802 4310; baseline -0.003 -14"><span class='ocrx_word' id='word_1_807' title='bbox 2209 4248 2265 4296; x_wconf 90' lang='lat' dir='ltr'><strong>et</strong></span> <span class='ocrx_word' id='word_1_808' title='bbox 2289 4239 2486 4297; x_wconf 81' lang='lat' dir='ltr'><strong>Sancta</strong></span> <span class='ocrx_word' id='word_1_809' title='bbox 2510 4248 2854 4307; x_wconf 90' lang='lat' dir='ltr'><strong>sanctorum,</strong></span> <span class='ocrx_word' id='word_1_810' title='bbox 2889 4254 3106 4310; x_wconf 90' lang='lat' dir='ltr'><strong>semper</strong></span> <span class='ocrx_word' id='word_1_811' title='bbox 3139 4240 3418 4296; x_wconf 89' lang='lat' dir='ltr'><strong>lucernam</strong></span> <span class='ocrx_word' id='word_1_812' title='bbox 3451 4238 3695 4295; x_wconf 86' lang='lat' dir='ltr'><strong>habeant</strong></span> <span class='ocrx_word' id='word_1_813' title='bbox 3721 4252 3802 4293; x_wconf 83' lang='lat' dir='ltr'><strong>ar-</strong></span> 
     </span>
    </p>
   </div>
   <div class='ocr_carea' id='block_1_104' title="bbox 2207 4332 3798 4406">
    <p class='ocr_par' dir='ltr' id='par_1_104' title="bbox 2207 4332 3798 4406">
     <span class='ocr_line' id='line_1_104' title="bbox 2207 4332 3798 4406; baseline -0.002 -15"><span class='ocrx_word' id='word_1_814' title='bbox 2207 4335 2429 4392; x_wconf 87' lang='lat' dir='ltr'><strong>dentem</strong></span> <span class='ocrx_word' id='word_1_815' title='bbox 2463 4353 2475 4389; x_wconf 88' lang='lat'><strong>:</strong></span> <span class='ocrx_word' id='word_1_816' title='bbox 2504 4349 2725 4406; x_wconf 88' lang='lat' dir='ltr'><strong>semper</strong></span> <span class='ocrx_word' id='word_1_817' title='bbox 2759 4335 3112 4405; x_wconf 88' lang='lat' dir='ltr'><strong>superluceat</strong></span> <span class='ocrx_word' id='word_1_818' title='bbox 3152 4334 3375 4390; x_wconf 90' lang='lat' dir='ltr'><strong>lucerna</strong></span> <span class='ocrx_word' id='word_1_819' title='bbox 3406 4333 3464 4389; x_wconf 89' lang='lat' dir='ltr'><strong>in</strong></span> <span class='ocrx_word' id='word_1_820' title='bbox 3494 4333 3669 4390; x_wconf 91' lang='lat' dir='ltr'><strong>domo</strong></span> <span class='ocrx_word' id='word_1_821' title='bbox 3698 4332 3798 4389; x_wconf 88' lang='lat' dir='ltr'><strong>Do-</strong></span> 
     </span>
    </p>
   </div>
   <div class='ocr_carea' id='block_1_105' title="bbox 2209 4424 3801 4492">
    <p class='ocr_par' dir='ltr' id='par_1_105' title="bbox 2209 4424 3801 4492">
     <span class='ocr_line' id='line_1_105' title="bbox 2209 4424 3801 4492; baseline -0.001 -9"><span class='ocrx_word' id='word_1_822' title='bbox 2209 4428 2364 4483; x_wconf 91' lang='lat' dir='ltr'><strong>mini.</strong></span> <span class='ocrx_word' id='word_1_823' title='bbox 2400 4427 2458 4485; x_wconf 89' lang='lat' dir='ltr'><strong>Si</strong></span> <span class='ocrx_word' id='word_1_824' title='bbox 2489 4429 2636 4484; x_wconf 91' lang='lat' dir='ltr'><strong>enim</strong></span> <span class='ocrx_word' id='word_1_825' title='bbox 2662 4428 2937 4485; x_wconf 88' lang='lat' dir='ltr'><strong>exstincta</strong></span> <span class='ocrx_word' id='word_1_826' title='bbox 2968 4427 3136 4483; x_wconf 88' lang='lat' dir='ltr'><strong>fuerit</strong></span> <span class='ocrx_word' id='word_1_827' title='bbox 3163 4427 3407 4492; x_wconf 89' lang='lat' dir='ltr'><strong>lucerna,</strong></span> <span class='ocrx_word' id='word_1_828' title='bbox 3440 4426 3714 4483; x_wconf 89' lang='lat' dir='ltr'><strong>Dominus</strong></span> <span class='ocrx_word' id='word_1_829' title='bbox 3752 4424 3801 4481; x_wconf 89' lang='lat' dir='ltr'><strong>in</strong></span> 
     </span>
    </p>
   </div>
   <div class='ocr_carea' id='block_1_106' title="bbox 2212 4520 3801 4591">
    <p class='ocr_par' dir='ltr' id='par_1_106' title="bbox 2212 4520 3801 4591">
     <span class='ocr_line' id='line_1_106' title="bbox 2212 4520 3801 4591; baseline 0.001 -17"><span class='ocrx_word' id='word_1_830' title='bbox 2212 4521 2452 4579; x_wconf 90' lang='lat' dir='ltr'><strong>tenebris</strong></span> <span class='ocrx_word' id='word_1_831' title='bbox 2503 4536 2612 4578; x_wconf 88' lang='lat' dir='ltr'><strong>non</strong></span> <span class='ocrx_word' id='word_1_832' title='bbox 2653 4521 2882 4579; x_wconf 89' lang='lat' dir='ltr'><strong>habitat.</strong></span> <span class='ocrx_word' id='word_1_833' title='bbox 2926 4520 3178 4577; x_wconf 90' lang='lat' dir='ltr'><strong>Dicamus</strong></span> <span class='ocrx_word' id='word_1_834' title='bbox 3205 4521 3373 4591; x_wconf 82' lang='lat' dir='ltr'><strong>igitur</strong></span> <span class='ocrx_word' id='word_1_835' title='bbox 3402 4530 3459 4576; x_wconf 90' lang='lat' dir='ltr'><strong>et</strong></span> <span class='ocrx_word' id='word_1_836' title='bbox 3509 4535 3617 4576; x_wconf 86' lang='lat' dir='ltr'><strong>nos</strong></span> <span class='ocrx_word' id='word_1_837' title='bbox 3654 4540 3666 4574; x_wconf 92' lang='lat'>:</span> <span class='ocrx_word' id='word_1_838' title='bbox 3700 4520 3801 4575; x_wconf 85' lang='lat' dir='ltr'><strong>Lu-</strong></span> 
     </span>
    </p>
   </div>
   <div class='ocr_carea' id='block_1_107' title="bbox 2133 4593 3802 4686">
    <p class='ocr_par' dir='ltr' id='par_1_107' title="bbox 2133 4593 3802 4686">
     <span class='ocr_line' id='line_1_107' title="bbox 2133 4593 3802 4686; baseline -0.002 -16"><span class='ocrx_word' id='word_1_839' title='bbox 2133 4593 2377 4670; x_wconf 62' lang='lat' dir='ltr'><strong>l)cerna</strong></span> <span class='ocrx_word' id='word_1_840' title='bbox 2417 4614 2647 4686; x_wconf 87' lang='lat' dir='ltr'><strong>pedibus</strong></span> <span class='ocrx_word' id='word_1_841' title='bbox 2683 4615 2820 4671; x_wconf 86' lang='lat' dir='ltr'><strong>meis</strong></span> <span class='ocrx_word' id='word_1_842' title='bbox 2864 4614 3094 4672; x_wconf 88' lang='lat' dir='ltr'><strong>verbum</strong></span> <span class='ocrx_word' id='word_1_843' title='bbox 3144 4623 3322 4682; x_wconf 91' lang='lat' dir='ltr'><strong>tuum,</strong></span> <span class='ocrx_word' id='word_1_844' title='bbox 3366 4613 3604 4671; x_wconf 88' lang='lat' dir='ltr'><strong>Domine</strong></span> <span class='ocrx_word' id='word_1_845' title='bbox 3632 4612 3802 4685; x_wconf 88' lang='lat' dir='ltr'><strong>(Psol.</strong></span> 
     </span>
    </p>
   </div>
   <div class='ocr_carea' id='block_1_108' title="bbox 2210 4705 3801 4779">
    <p class='ocr_par' dir='ltr' id='par_1_108' title="bbox 2210 4705 3801 4779">
     <span class='ocr_line' id='line_1_108' title="bbox 2210 4705 3801 4779; baseline -0.004 -16"><span class='ocrx_word' id='word_1_846' title='bbox 2210 4707 2414 4778; x_wconf 84' lang='lat' dir='ltr'><strong>cxvm)</strong></span> <span class='ocrx_word' id='word_1_847' title='bbox 2452 4708 2576 4763; x_wconf 89' lang='lat' dir='ltr'><strong>:cui</strong></span> <span class='ocrx_word' id='word_1_848' title='bbox 2605 4707 2679 4764; x_wconf 88' lang='lat' dir='ltr'><strong>sit</strong></span> <span class='ocrx_word' id='word_1_849' title='bbox 2703 4706 2875 4779; x_wconf 86' lang='lat' dir='ltr'><strong>gloria</strong></span> <span class='ocrx_word' id='word_1_850' title='bbox 2901 4706 2955 4764; x_wconf 90' lang='lat' dir='ltr'><strong>in</strong></span> <span class='ocrx_word' id='word_1_851' title='bbox 2988 4707 3189 4763; x_wconf 71' lang='lat' dir='ltr'><strong>sarcula</strong></span> <span class='ocrx_word' id='word_1_852' title='bbox 3216 4705 3575 4763; x_wconf 66' lang='lat' dir='ltr'><strong>surculorum.</strong></span> <span class='ocrx_word' id='word_1_853' title='bbox 3610 4706 3801 4762; x_wconf 77' lang='lat' dir='ltr'><strong>Amen.</strong></span> 
     </span>
    </p>
   </div>
   <div class='ocr_carea' id='block_1_109' title="bbox 2759 4844 3230 4903">
    <p class='ocr_par' dir='ltr' id='par_1_109' title="bbox 2759 4844 3230 4903">
     <span class='ocr_line' id='line_1_109' title="bbox 2759 4844 3230 4903; baseline -0.004 -1"><span class='ocrx_word' id='word_1_854' title='bbox 2759 4844 3081 4903; x_wconf 80' lang='lat' dir='ltr'><strong>PSALMUS</strong></span> <span class='ocrx_word' id='word_1_855' title='bbox 3117 4844 3230 4902; x_wconf 81' lang='lat' dir='ltr'><strong>XC.</strong></span> 
     </span>
    </p>
   </div>
   <div class='ocr_carea' id='block_1_110' title="bbox 2209 4935 3803 5009">
    <p class='ocr_par' dir='ltr' id='par_1_110' title="bbox 2209 4935 3803 5009">
     <span class='ocr_line' id='line_1_110' title="bbox 2209 4935 3803 5009; baseline -0.001 -15"><span class='ocrx_word' id='word_1_856' title='bbox 2209 4935 2316 4995; x_wconf 89' lang='lat' dir='ltr'><strong>Iste</strong></span> <span class='ocrx_word' id='word_1_857' title='bbox 2331 4937 2567 5009; x_wconf 79' lang='lat' dir='ltr'><strong>psalmus</strong></span> <span class='ocrx_word' id='word_1_858' title='bbox 2592 4952 2703 4993; x_wconf 91' lang='lat' dir='ltr'><strong>non</strong></span> <span class='ocrx_word' id='word_1_859' title='bbox 2719 4939 2883 5009; x_wconf 80' lang='lat' dir='ltr'><strong>habet</strong></span> <span class='ocrx_word' id='word_1_860' title='bbox 2900 4939 3140 5004; x_wconf 91' lang='lat' dir='ltr'><strong>titulum,</strong></span> <span class='ocrx_word' id='word_1_861' title='bbox 3155 4954 3221 4993; x_wconf 92' lang='lat' dir='ltr'><strong>eo</strong></span> <span class='ocrx_word' id='word_1_862' title='bbox 3239 4936 3379 5009; x_wconf 91' lang='lat' dir='ltr'><strong>quod</strong></span> <span class='ocrx_word' id='word_1_863' title='bbox 3394 4938 3699 5008; x_wconf 79' lang='lat' dir='ltr'><strong>decapite,</strong></span> <span class='ocrx_word' id='word_1_864' title='bbox 3719 4936 3803 4993; x_wconf 88' lang='lat' dir='ltr'><strong>vel</strong></span> 
     </span>
    </p>
   </div>
   <div class='ocr_carea' id='block_1_111' title="bbox 2277 5008 3804 5080">
    <p class='ocr_par' dir='ltr' id='par_1_111' title="bbox 2277 5008 3804 5080">
     <span class='ocr_line' id='line_1_111' title="bbox 2277 5008 3804 5080; baseline -0.001 -15"><span class='ocrx_word' id='word_1_865' title='bbox 2277 5008 2818 5065; x_wconf 89' lang='lat' dir='ltr'><strong>membriscantatur.</strong></span> <span class='ocrx_word' id='word_1_866' title='bbox 2840 5008 3234 5080; x_wconf 76' lang='lat' dir='ltr'><strong>Caputincoelo</strong></span> <span class='ocrx_word' id='word_1_867' title='bbox 3254 5028 3267 5062; x_wconf 88' lang='lat'>:</span> <span class='ocrx_word' id='word_1_868' title='bbox 3291 5009 3537 5065; x_wconf 88' lang='lat' dir='ltr'><strong>membra</strong></span> <span class='ocrx_word' id='word_1_869' title='bbox 3556 5011 3614 5065; x_wconf 90' lang='lat' dir='ltr'><strong>in</strong></span> <span class='ocrx_word' id='word_1_870' title='bbox 3641 5018 3804 5065; x_wconf 89' lang='lat' dir='ltr'><strong>terra.</strong></span> 
     </span>
    </p>
   </div>
   <div class='ocr_carea' id='block_1_112' title="bbox 2284 5080 3806 5152">
    <p class='ocr_par' dir='ltr' id='par_1_112' title="bbox 2284 5080 3806 5152">
     <span class='ocr_line' id='line_1_112' title="bbox 2284 5080 3806 5152; baseline 0 -17"><span class='ocrx_word' id='word_1_871' title='bbox 2284 5081 2354 5135; x_wconf 84' lang='lat' dir='ltr'><strong>Et</strong></span> <span class='ocrx_word' id='word_1_872' title='bbox 2381 5084 2604 5152; x_wconf 82' lang='lat' dir='ltr'><strong>proprie</strong></span> <span class='ocrx_word' id='word_1_873' title='bbox 2635 5082 2955 5152; x_wconf 89' lang='lat' dir='ltr'><strong>intelligitur</strong></span> <span class='ocrx_word' id='word_1_874' title='bbox 2972 5082 3040 5136; x_wconf 91' lang='lat' dir='ltr'><strong>de</strong></span> <span class='ocrx_word' id='word_1_875' title='bbox 3056 5081 3285 5149; x_wconf 81' lang='lat' dir='ltr'><strong>jejunio,</strong></span> <span class='ocrx_word' id='word_1_876' title='bbox 3303 5089 3358 5136; x_wconf 88' lang='lat' dir='ltr'><strong>et</strong></span> <span class='ocrx_word' id='word_1_877' title='bbox 3387 5080 3475 5136; x_wconf 89' lang='lat' dir='ltr'><strong>illa</strong></span> <span class='ocrx_word' id='word_1_878' title='bbox 3499 5082 3806 5137; x_wconf 83' lang='lat' dir='ltr'><strong>tentatione</strong></span> 
     </span>
    </p>
   </div>
   <div class='ocr_carea' id='block_1_113' title="bbox 2283 5151 3809 5224">
    <p class='ocr_par' dir='ltr' id='par_1_113' title="bbox 2283 5151 3809 5224">
     <span class='ocr_line' id='line_1_113' title="bbox 2283 5151 3809 5224; baseline -0.002 -16"><span class='ocrx_word' id='word_1_879' title='bbox 2283 5153 2477 5224; x_wconf 83' lang='lat' dir='ltr'><strong>eremi.</strong></span> <span class='ocrx_word' id='word_1_880' title='bbox 2520 5151 2866 5209; x_wconf 84' lang='lat' dir='ltr'><strong>Praevidebat</strong></span> <span class='ocrx_word' id='word_1_881' title='bbox 2900 5152 3186 5222; x_wconf 85' lang='lat' dir='ltr'><strong>propheta,</strong></span> <span class='ocrx_word' id='word_1_882' title='bbox 3209 5152 3363 5224; x_wconf 86' lang='lat' dir='ltr'><strong>quod</strong></span> <span class='ocrx_word' id='word_1_883' title='bbox 3391 5161 3659 5224; x_wconf 73' lang='lat' dir='ltr'><strong>venturus</strong></span> <span class='ocrx_word' id='word_1_884' title='bbox 3690 5159 3809 5208; x_wconf 86' lang='lat' dir='ltr'><strong>erat</strong></span> 
     </span>
    </p>
   </div>
   <div class='ocr_carea' id='block_1_114' title="bbox 2282 5222 3805 5296">
    <p class='ocr_par' dir='ltr' id='par_1_114' title="bbox 2282 5222 3805 5296">
     <span class='ocr_line' id='line_1_114' title="bbox 2282 5222 3805 5296; baseline -0.001 -17"><span class='ocrx_word' id='word_1_885' title='bbox 2282 5223 2528 5280; x_wconf 81' lang='lat' dir='ltr'><strong>Christus</strong></span> <span class='ocrx_word' id='word_1_886' title='bbox 2548 5224 2601 5278; x_wconf 92' lang='lat' dir='ltr'><strong>in</strong></span> <span class='ocrx_word' id='word_1_887' title='bbox 2625 5238 2812 5292; x_wconf 89' lang='lat' dir='ltr'><strong>carne,</strong></span> <span class='ocrx_word' id='word_1_888' title='bbox 2833 5234 2888 5279; x_wconf 91' lang='lat' dir='ltr'><strong>ut</strong></span> <span class='ocrx_word' id='word_1_889' title='bbox 2904 5222 3479 5280; x_wconf 85' lang='lat' dir='ltr'><strong>tentareturadiabolo</strong></span> <span class='ocrx_word' id='word_1_890' title='bbox 3494 5222 3686 5296; x_wconf 72' lang='lat' dir='ltr'><strong>(Matt.</strong></span> <span class='ocrx_word' id='word_1_891' title='bbox 3706 5223 3805 5292; x_wconf 71' lang='grc' dir='ltr'><strong>ιτ).</strong></span> 
     </span>
    </p>
   </div>
   <div class='ocr_carea' id='block_1_115' title="bbox 2282 5357 3806 5431">
    <p class='ocr_par' dir='ltr' id='par_1_115' title="bbox 2282 5357 3806 5431">
     <span class='ocr_line' id='line_1_115' title="bbox 2282 5357 3806 5431; baseline 0.004 -19"><span class='ocrx_word' id='word_1_892' title='bbox 2282 5358 2387 5426; x_wconf 88' lang='lat' dir='ltr'><strong>Qui</strong></span> <span class='ocrx_word' id='word_1_893' title='bbox 2412 5357 2614 5413; x_wconf 82' lang='lat' dir='ltr'><strong>habitat</strong></span> <span class='ocrx_word' id='word_1_894' title='bbox 2636 5359 2691 5413; x_wconf 85' lang='lat' dir='ltr'><strong>in</strong></span> <span class='ocrx_word' id='word_1_895' title='bbox 2715 5358 2987 5431; x_wconf 85' lang='lat' dir='ltr'><strong>adjutorio</strong></span> <span class='ocrx_word' id='word_1_896' title='bbox 3016 5358 3292 5414; x_wconf 84' lang='lat' dir='ltr'><strong>Altissimi.</strong></span> <span class='ocrx_word' id='word_1_897' title='bbox 3323 5357 3684 5430; x_wconf 73' lang='lat' dir='ltr'><strong>Adjutorium</strong></span> <span class='ocrx_word' id='word_1_898' title='bbox 3720 5361 3806 5418; x_wconf 85' lang='lat' dir='ltr'><strong>in-</strong></span> 
     </span>
    </p>
   </div>
   <div class='ocr_carea' id='block_1_116' title="bbox 2206 5450 3809 5527">
    <p class='ocr_par' dir='ltr' id='par_1_116' title="bbox 2206 5450 3809 5527">
     <span class='ocr_line' id='line_1_116' title="bbox 2206 5450 3809 5527; baseline 0.002 -18"><span class='ocrx_word' id='word_1_899' title='bbox 2206 5460 2572 5524; x_wconf 89' lang='lat' dir='ltr'><strong>terpretatur,</strong></span> <span class='ocrx_word' id='word_1_900' title='bbox 2607 5450 2793 5508; x_wconf 78' lang='lat' dir='ltr'><strong>Ezras.</strong></span> <span class='ocrx_word' id='word_1_901' title='bbox 2840 5451 3080 5524; x_wconf 89' lang='lat' dir='ltr'><strong>Denique</strong></span> <span class='ocrx_word' id='word_1_902' title='bbox 3099 5454 3284 5526; x_wconf 77' lang='grc' dir='ltr'><strong>βοηθὸς</strong></span> <span class='ocrx_word' id='word_1_903' title='bbox 3325 5454 3494 5511; x_wconf 84' lang='lat' dir='ltr'><strong>Ezras</strong></span> <span class='ocrx_word' id='word_1_904' title='bbox 3529 5457 3809 5527; x_wconf 88' lang='lat' dir='ltr'><strong>propheta</strong></span> 
     </span>
    </p>
   </div>
   <div class='ocr_carea' id='block_1_117' title="bbox 2206 5543 3813 5619">
    <p class='ocr_par' dir='ltr' id='par_1_117' title="bbox 2206 5543 3813 5619">
     <span class='ocr_line' id='line_1_117' title="bbox 2206 5543 3813 5619; baseline 0.004 -19"><span class='ocrx_word' id='word_1_905' title='bbox 2206 5543 2427 5600; x_wconf 88' lang='lat' dir='ltr'><strong>dicitur.</strong></span> <span class='ocrx_word' id='word_1_906' title='bbox 2458 5544 2565 5601; x_wconf 89' lang='lat' dir='ltr'><strong>Iste</strong></span> <span class='ocrx_word' id='word_1_907' title='bbox 2590 5554 2677 5601; x_wconf 90' lang='lat' dir='ltr'><strong>est</strong></span> <span class='ocrx_word' id='word_1_908' title='bbox 2701 5543 2796 5617; x_wconf 90' lang='lat' dir='ltr'><strong>qui</strong></span> <span class='ocrx_word' id='word_1_909' title='bbox 2834 5544 3053 5602; x_wconf 88' lang='lat' dir='ltr'><strong>reduxit</strong></span> <span class='ocrx_word' id='word_1_910' title='bbox 3084 5547 3343 5619; x_wconf 89' lang='lat' dir='ltr'><strong>populum</strong></span> <span class='ocrx_word' id='word_1_911' title='bbox 3387 5546 3457 5603; x_wconf 90' lang='lat' dir='ltr'><strong>de</strong></span> <span class='ocrx_word' id='word_1_912' title='bbox 3484 5549 3813 5619; x_wconf 81' lang='lat' dir='ltr'><strong>captivitate</strong></span> 
     </span>
    </p>
   </div>
   <div class='ocr_carea' id='block_1_118' title="bbox 2207 5639 3810 5715">
    <p class='ocr_par' dir='ltr' id='par_1_118' title="bbox 2207 5639 3810 5715">
     <span class='ocr_line' id='line_1_118' title="bbox 2207 5639 3810 5715; baseline 0.002 -19"><span class='ocrx_word' id='word_1_913' title='bbox 2207 5640 2543 5712; x_wconf 74' lang='lat' dir='ltr'><strong>Babyloniae,</strong></span> <span class='ocrx_word' id='word_1_914' title='bbox 2566 5647 2625 5696; x_wconf 87' lang='lat' dir='ltr'><strong>et</strong></span> <span class='ocrx_word' id='word_1_915' title='bbox 2648 5639 2935 5696; x_wconf 85' lang='lat' dir='ltr'><strong>induxitin</strong></span> <span class='ocrx_word' id='word_1_916' title='bbox 2967 5649 3167 5697; x_wconf 89' lang='lat' dir='ltr'><strong>terram</strong></span> <span class='ocrx_word' id='word_1_917' title='bbox 3194 5642 3673 5715; x_wconf 85' lang='lat' dir='ltr'><strong>repromissionis.</strong></span> <span class='ocrx_word' id='word_1_918' title='bbox 3706 5643 3810 5712; x_wconf 89' lang='lat' dir='ltr'><strong>Qui</strong></span> 
     </span>
    </p>
   </div>
   <div class='ocr_carea' id='block_1_119' title="bbox 2206 5731 3813 5803">
    <p class='ocr_par' dir='ltr' id='par_1_119' title="bbox 2206 5731 3813 5803">
     <span class='ocr_line' id='line_1_119' title="bbox 2206 5731 3813 5803; baseline 0.001 -14"><span class='ocrx_word' id='word_1_919' title='bbox 2206 5748 2338 5803; x_wconf 87' lang='lat' dir='ltr'><strong>ergo</strong></span> <span class='ocrx_word' id='word_1_920' title='bbox 2376 5732 2584 5787; x_wconf 90' lang='lat' dir='ltr'><strong>habitat</strong></span> <span class='ocrx_word' id='word_1_921' title='bbox 2611 5732 2666 5787; x_wconf 92' lang='lat' dir='ltr'><strong>in</strong></span> <span class='ocrx_word' id='word_1_922' title='bbox 2696 5732 2864 5788; x_wconf 86' lang='lat' dir='ltr'><strong>Ezras</strong></span> <span class='ocrx_word' id='word_1_923' title='bbox 2888 5772 2905 5800; x_wconf 94' lang='lat'><strong>,</strong></span> <span class='ocrx_word' id='word_1_924' title='bbox 2940 5732 3148 5789; x_wconf 89' lang='lat' dir='ltr'><strong>habitat</strong></span> <span class='ocrx_word' id='word_1_925' title='bbox 3176 5732 3230 5790; x_wconf 91' lang='lat' dir='ltr'><strong>in</strong></span> <span class='ocrx_word' id='word_1_926' title='bbox 3275 5733 3427 5791; x_wconf 83' lang='lat' dir='ltr'><strong>Jesu.</strong></span> <span class='ocrx_word' id='word_1_927' title='bbox 3454 5731 3692 5790; x_wconf 85' lang='lat' dir='ltr'><strong>Interim</strong></span> <span class='ocrx_word' id='word_1_928' title='bbox 3727 5750 3813 5791; x_wconf 83' lang='lat' dir='ltr'><strong>se-</strong></span> 
     </span>
    </p>
   </div>
   <div class='ocr_carea' id='block_1_120' title="bbox 2203 5822 3815 5897">
    <p class='ocr_par' dir='ltr' id='par_1_120' title="bbox 2203 5822 3815 5897">
     <span class='ocr_line' id='line_1_120' title="bbox 2203 5822 3815 5897; baseline 0.002 -14"><span class='ocrx_word' id='word_1_929' title='bbox 2203 5823 2439 5884; x_wconf 90' lang='lat' dir='ltr'><strong>cundum</strong></span> <span class='ocrx_word' id='word_1_930' title='bbox 2489 5822 3017 5897; x_wconf 82' lang='lat' dir='ltr'><strong>tropologiaszui</strong></span> <span class='ocrx_word' id='word_1_931' title='bbox 3069 5824 3360 5885; x_wconf 62' lang='lat' dir='ltr'><strong>aedificavit</strong></span> <span class='ocrx_word' id='word_1_932' title='bbox 3407 5825 3637 5885; x_wconf 88' lang='lat' dir='ltr'><strong>domum</strong></span> <span class='ocrx_word' id='word_1_933' title='bbox 3691 5828 3815 5888; x_wconf 81' lang='lat' dir='ltr'><strong>sine</strong></span> 
     </span>
    </p>
   </div>
  </div>
