3954 6340
188 295 348 368 lOO'l\
1111 290 1542 351 BREVIARIUSI
1583 289 1646 346 IN
1688 287 1767 346 PS

1874 286 2021 344 nos.
2066 269 2312 344 usam.
2355 282 2466 340 xc.
3304 275 3444 334 was

186 419 412 479 omnibus
438 414 584 483 i‘"ila
618 409 966 480 Αβοειοωιην
994 408 1142 465 “iam
1166 409 1386 463 domum
1417 421 1576 477 (ιυθηι
1604 404 1739 459 sed“
1768 413 1819 475 Α
1847 439 2036 479 sumus
2088 422 2399 491 intelligere
2444 417 2828 473 haereticorum
2871 423 2928 471 et
2956 411 3407 486 philosoidiornm
3429 459 3443 478 ,

186 516 416 570 ἢοεινειειι
472 507 726 562 Dominus
758 505 923 560 ειὶςιιιι
977 502 1368 558 υἱιδιειιίειὶιιιδ
1416 501 1468 554 ili
1506 499 1742 570 .-Egypto
1847 526 1900 570 cl
1924 514 2270 578 Judmorun‘,
2322 520 2376 568 οι
2409 511 2513 565 [mc
2545 510 2697 579 quasi
2730 508 2962 564 Verbi)!“
2993 523 3245 574 asperum
3267 552 3280 573 ’
3336 523 3442 560 υοη

185 605 380 682 (Exod.
424 600 496 673 ι).
547 599 609 654 In
648 601 963 672 protectioue
1006 595 1103 650 Dei
1157 595 1272 650 caeli
1318 594 1740 649 commorabitur.

1874 619 1932 664 :st
1947 624 2158 672 verum,
2184 606 2278 661 sed
2297 603 2528 660 mendax
2548 613 2652 660 est.
2675 603 2975 672 Propterea
2990 601 3135 656 enim
3163 599 3443 654 turbidum

185 701 311 758 Dicet
351 696 568 753 Domino
605 710 624 748 :
657 693 946 763 Susceptor
983 707 1126 745 meus
1168 706 1221 743 es
1268 697 1362 752 tu,
1394 697 1440 741 et
1478 685 1744 755 refugium

1874 713 1951 768 :st,
1983 702 2108 772 quia
2144 699 2378 755 mendax
2412 709 2514 754 est.
2549 697 2848 766 Propterea
2882 693 3156 750 turbidum
3181 703 3286 760 est,
3319 693 3444 762 quia

183 807 352 856 meum,
381 789 514 844 Deus
537 803 699 842 meus.
734 785 885 840 Multi
908 784 1053 840 enim
1079 797 1166 838 me
1194 786 1600 852 persequuntur
1629 777 1746 832 hos-

1874 796 2143 851 ;onturhat
2180 795 2394 850 animas
2442 801 2703 858 nostras,
2750 805 2846 860 per
2877 787 3215 844 mendacium
3264 800 3444 840 suum.

185 899 255 946 tes
284 905 294 938 ε
325 893 600 956 propterea
634 889 690 937 tu
724 895 783 936 es
810 878 1080 950 refugium
1111 891 1288 931 meum
1315 915 1330 942 ,
1381 873 1526 928 Deus
1569 885 1743 926 mens.

1874 888 2112 944 )ominus
2145 901 2280 958 ergo
2323 886 2416 957 qui
2468 885 2667 940 veritas
2699 892 2783 938 est
2810 927 2824 951 ,
2879 890 2934 936 et
2957 881 3087 936 dicit
3122 898 3132 934 :
3171 879 3281 949 Ego
3325 893 3446 932 sum

184 980 394 1053 Sperabo
421 977 474 1031 in
501 975 722 1030 Domino
748 990 767 1028 :
795 974 1037 1044 quoniam
1060 971 1168 1040 ipse
1196 967 1437 1024 liberabit
1463 982 1542 1021 me
1571 966 1634 1020 de
1670 966 1748 1018 la-

1874 980 2052 1036 'eritas
2083 979 2288 1052 (Joan.
2338 978 2506 1049 xw),
2558 960 2718 1034 scuto
2769 975 3076 1032 circumdat
3112 989 3212 1028 nos
3242 973 3448 1029 veritas

183 1089 295 1145 queo
347 1068 652 1125 venantium.
700 1067 814 1123 Non
865 1065 1023 1134 dixit,
1067 1079 1273 1135 spero:
1317 1059 1411 1117 sed
1438 1104 1451 1126 ,
1505 1057 1741 1128 sperabo.

1874 1076 2001 1144 eius,
2052 1090 2122 1130 ne
2163 1073 2485 1129 ardentibus
2534 1071 2750 1142 sagittis
2792 1069 2997 1126 diaboli
3054 1068 3446 1139 percutiamur.

181 1164 423 1234 Quamdiu
453 1163 598 1220 enim
629 1176 938 1234 peccamus,
969 1176 1076 1216 non
1101 1171 1410 1227 speramus.
1435 1153 1492 1209 Si
1521 1166 1747 1222 peccare

1874 1169 2145 1238 ’ropterea
2174 1165 2428 1220 Christus
2454 1165 2554 1237 qui
2579 1175 2662 1220 est
2695 1164 2923 1229 veritas,
2949 1161 3206 1232 supponit
3231 1172 3446 1217 scutum

180 1260 478 1318 desierimus
500 1301 513 1326 ,
540 1274 845 1329 speramus.
882 1258 1138 1324 Quoniam
1168 1257 1276 1328 ipse
1308 1250 1547 1306 liberabit
1579 1265 1656 1303 me
1685 1248 1749 1302 de

1874 1275 2007 1314 .uum
2029 1300 2042 1322 ,
2079 1266 2138 1313 nt
2174 1269 2332 1313 scuto
2363 1257 2610 1314 veritatis
2655 1263 2884 1325 superet
2912 1255 3279 1310 mendacium.
3323 1253 3449 1308 Non

181 1355 344 1425 laqueo
370 1351 681 1407 venantium.
723 1350 870 1406 Multi
898 1361 1027 1405 sunt
1055 1357 1344 1402 venatores
1373 1344 1426 1398 in
1459 1343 1567 1398 iSIO
1593 1357 1748 1396 ηὶυη-
1852 1353 2055 1406 timebis
2084 1368 2115 1404 a
2148 1353 2333 1405 timore
2371 1360 2640 1404 nocturno.
2679 1349 2939 1404 Diabolus
2969 1347 3113 1404 enim
3147 1362 3364 1418 semper
3395 1347 3447 1401 in

181 1447 260 1513 ἀοι
285 1449 368 1517 (Illi
396 1445 632 1500 animam
678 1454 918 1499 "05mm
963 1441 1147 1498 Venari
1181 1447 1468 1495 οοηθηῑυν·
1506 1436 1749 1505 Denique
1854 1447 2099 1501 tenebris
2120 1457 2234 1512 est;
2269 1455 2325 1500 ut
2361 1445 2666 1516 percutiat,
2701 1443 2904 1514 inquit,
2943 1444 2994 1499 in
3025 1443 3257 1498 occultis
3290 1444 3448 1497 inno-

181 1551 229 1598 et
252 1541 472 1596 Ncmrod
501 1539 593 1594 ille
616 1539 804 1611 gigas,
837 1553 1063 1609 magnus
1089 1536 1142 1591 in
1172 1541 1471 1605 conspectu
1522 1531 1611 1586 Dei
1660 1546 1751 1586 ve-
1853 1549 2069 1596 ccnlem
2097 1537 2231 1609 (Ρε,
2265 1555 2320 1592 ix
2347 1548 2393 1592 et
2423 1541 2607 1607 ικιιι),
2647 1536 2812 1593 Vides
2839 1552 2968 1608 ergo
3008 1536 3153 1608 quod
3185 1536 3278 1607 qui
3312 1536 3448 1591 sim-

181 1642 322 1689 nator
339 1631 434 1686 fuit
458 1629 623 1703 (Gen.
648 1631 728 1704 Χ),
753 1643 806 1689 ει
823 1633 962 1686 Esau
977 1639 1332 1685 venalorerat
1358 1626 1520 1699 (Gen.
1539 1623 1746 1695 XXVII):
1857 1634 1981 1702 plex
2015 1643 2117 1703 est,
2142 1633 2408 1689 innocens
2433 1643 2516 1688 est
2533 1676 2546 1698 ν
2580 1641 2638 1689 el,
2665 1648 2886 1704 semper
2915 1634 2967 1686 in
2999 1633 3232 1688 occultis
3253 1647 3451 1702 percu-

179 1725 462 1797 aquOniam
499 1735 753 1794 peccator
783 1733 902 1780 crat
937 1742 948 1776 ἰ
982 1732 1039 1777 ει
1061 1722 1276 1794 penitus
1307 1735 1412 1775 non
1445 1719 1751 1775 invenimus
1855 1727 2008 1782 titur,
2044 1725 2169 1781 Νοη
2193 1727 2394 1781 timebis
2418 1742 2452 1779 a
2483 1727 2663 1781 timore
2689 1734 2961 1780 nocturna,
2993 1725 3148 1793 Quod
3174 1725 3328 1792 dicit,
3348 1725 3454 1781 hoc

177 1819 225 1875 in
271 1818 561 1888 Scripturis
625 1818 861 1885 sanctis,
930 1824 1175 1872 sanctum
1231 1816 1468 1886 aliquem
1533 1822 1754 1869 venato-
1785 1817 1830 1877 Β
1858 1829 1944 1876 est
1974 1840 1984 1874 :
2023 1821 2151 1875 licet
2180 1821 2233 1875 in
2266 1835 2458 1875 errore
2489 1819 2680 1885 fueris,
2709 1834 2831 1891 quae
2863 1833 2968 1874 nox
2997 1827 3108 1886 est,
3143 1826 3320 1876 tamen
3345 1834 3454 1874 non

176 1928 293 1972 rem.
320 1912 622 1970 Piscatores
653 1913 964 1968 invenimus
987 1923 1227 1969 sanctos.
1859 1912 2111 1979 timebis,
2144 1913 2271 1983 quia
2301 1913 2469 1968 habes
2505 1923 2724 1968 scutum
2757 1912 3023 1968 veritatis.
3178 1909 3183 1914 ’

241 2005 486 2072 Quoniam
537 2007 649 2078 ipse
695 2005 928 2061 liberabit
967 2021 1048 2060 me
1094 2005 1158 2060 de
1205 2007 1390 2077 laqueo
1435 2003 1748 2060 venantium.

176 2099 350 2156 Anima
380 2108 565 2156 nostra
598 2100 737 2154 sicut
767 2113 953 2170 passer
980 2107 1168 2168 erepta
1212 2107 1296 2152 est
1331 2097 1398 2152 de
1437 2096 1634 2166 laqueo
1664 2111 1756 2150 ve-

178 2197 422 2252 nantium.
454 2195 708 2267 Laqueus
736 2193 1005 2250 contritus
1033 2203 1149 2262 est,
1196 2204 1250 2249 et
1279 2209 1380 2250 nos
1422 2193 1634 2248 liberati
1665 2206 1753 2246 su-

178 2305 284 2345 mus
309 2291 328 2362 (
352 2288 440 2344 Ps.
469 2304 635 2345 cum
666 2291 706 2360 ).
737 2289 870 2358 Quis
891 2298 974 2344 est
1003 2290 1105 2344 iste
1131 2289 1355 2358 laqueus
1376 2286 1469 2357 qui
1489 2285 1756 2341 contritus

177 2383 288 2440 est?
319 2385 598 2450 Dominus,
626 2384 821 2455 inquit,
848 2393 1096 2440 conterat
1119 2383 1374 2440 Satanam
1403 2381 1505 2437 sub
1528 2380 1756 2452 pedibus

178 2478 364 2534 nostris
396 2478 690 2543 velociter;
719 2485 773 2532 et
805 2477 1103 2549 Apostolus
1135 2477 1268 2531 dicit
1300 2493 1312 2529 :
1347 2474 1417 2532 Ut
1446 2473 1754 2530 liberemini

178 2587 204 2626 a
252 2572 437 2643 laqueo
489 2571 694 2627 diaboli
723 2570 742 2644 (
768 2570 924 2626 Rom.
949 2585 1037 2626 xvi
1062 2568 1103 2642 ).
1133 2569 1299 2625 Vides
1344 2583 1476 2639 ergo
1503 2567 1754 2638 quoniam

176 2666 269 2722 iste
295 2676 525 2722 venator
555 2679 658 2730 εει,
691 2666 785 2736 qui
811 2665 1020 2720 animas
1051 2673 1263 2720 nostras
1293 2662 1486 2718 venari
1516 2661 1663 2732 cupit
1691 2659 1758 2718 ad

176 2758 565 2830 perditionem?
597 2758 794 2814 Multos
837 2757 1003 2814 habet
1032 2756 1282 2812 diabolus
1309 2756 1533 2826 laqueos
1555 2796 1569 2821 ,
1597 2762 1651 2810 et
1679 2752 1762 2808 di-

176 2868 354 2909 versos
384 2854 550 2910 habet
581 2854 828 2924 laqueos.
861 2851 1102 2908 Avaritia
1139 2849 1348 2905 diaboli
1375 2849 1604 2920 laqueus
1629 2857 1714 2904 est
1744 2863 1757 2900 :

175 2946 269 3015 ira,
291 2949 588 3015 detractio,
604 2959 710 3005 etc.
728 2947 1004 3004 Etaverbo
1025 2962 1232 3018 aspero.
1247 2943 1519 3013 Quamdiu
1538 2944 1589 2997 in
1604 2957 1761 2998 sanc-

178 3047 319 3103 titate
348 3063 574 3113 sumus,
615 3047 796 3102 anima
832 3053 1020 3100 nostra
1055 3041 1347 3113 tranquilla
1387 3048 1490 3096 est.
1534 3036 1762 3106 Quando

175 3153 298 3196 vero
340 3141 407 3197 de
452 3139 704 3212 peccatis
754 3141 1001 3210 cogitare
1045 3136 1278 3206 coeperit
1321 3133 1500 3189 anima
1534 3138 1717 3186 nostra
1742 3170 1759 3197 ,

1930 2006 1971 2060 Α
1999 2006 2189 2078 sagitta
2242 2004 2447 2060 volante
2477 2007 2531 2060 in
2582 2007 2686 2060 die.
2717 2004 2929 2077 Sagitta
2977 2007 3173 2062 volans
3209 2007 3452 2075 diaboli,

1856 2099 2075 2156 videtur
2125 2100 2257 2156 mihi
2290 2116 2477 2156 sermo
2517 2116 2640 2156 esse
2672 2099 3055 2157 hereticorum
3084 2143 3098 2168 ,
3131 2114 3187 2158 et
3218 2104 3460 2173 philoso-

1858 2195 2111 2266 phorum.
2149 2195 2215 2249 Et
2244 2195 2334 2250 isti
2356 2195 2501 2250 enim
2529 2197 2708 2251 lucem
2737 2195 2992 2251 scientia:
3025 2199 3368 2267 promittunt,
3405 2208 3462 2255 et

1858 2290 2044 2345 dicunt
2070 2303 2130 2345 se
2161 2288 2364 2344 habere
2377 2289 2520 2344 diem
2540 2305 2554 2355 ;
2581 2298 2636 2345 et
2664 2306 2771 2344 non
2798 2299 3026 2360 possunt
3047 2290 3322 2361 decipere,
3355 2294 3458 2349 nisi

1861 2385 2036 2442 lucem
2059 2384 2440 2456 promiserint.
2456 2383 2659 2440 Verum
2683 2385 2776 2440 lux
2803 2385 2906 2440 ista
2933 2400 3094 2456 quam
3111 2390 3456 2459 promittunt,

1858 2478 1928 2535 de
1971 2479 2290 2533 ardentibus
2320 2478 2537 2550 sagittis
2566 2487 2674 2534 est.
2709 2477 2778 2532 Et
2809 2490 3099 2550 propterea
3133 2481 3339 2536 dicitur
3373 2501 3384 2536 :
3417 2485 3462 2538 Α

1859 2571 2049 2643 sagitta
2077 2570 2283 2625 volante
2311 2570 2366 2624 iu
2395 2569 2500 2636 die,
2533 2587 2565 2624 a
2593 2571 2798 2641 negotio
2825 2571 3218 2643 perambulante
3240 2575 3292 2628 in
3324 2583 3462 2631 tene-

1862 2665 1987 2720 bris.
2023 2665 2228 2736 Sagitta
2261 2664 2484 2735 quidem
2507 2665 2654 2720 volat
2673 2667 2826 2735 quasi
2857 2666 2908 2720 in
2928 2665 3039 2732 die,
3067 2666 3160 2722 sed
3186 2671 3461 2740 negotium

1828 2768 1948 2821 _est
2003 2757 2390 2828 perambulans
2441 2758 2494 2813 in
2555 2757 2815 2814 tenebris.
2862 2759 2938 2812 Ab
2983 2759 3194 2815 incursu
3257 2771 3307 2815 et
3360 2762 3470 2818 dw-

1864 2852 2036 2907 mouio
2093 2851 2402 2907 meridiano.
2481 2851 2672 2908 Melius
2725 2861 2810 2907 est
2875 2853 3060 2910 dicere
3120 2854 3310 2912 Graece
3364 2859 3467 2914 ἀπὸ

1864 2950 2277 3020 συμπτώματος.
2310 2949 2608 3020 Σύμπτωμα
2638 2954 2818 3003 autem
2847 2946 3048 3002 dicitur
3073 2959 3328 3020 eventus,
3362 2951 3466 3008 hoc

1864 3050 1968 3109 est,
2001 3040 2218 3110 quando
2251 3056 2358 3095 non
2391 3053 2704 3109 speramus,
2739 3050 2795 3095 et
2819 3040 3022 3111 aliquid
3048 3043 3169 3098 novi
3197 3045 3464 3102 evenerit.

1866 3132 1974 3189 Aut
1999 3136 2301 3207 σύμπτωμα
2328 3132 2528 3189 dicitur
2553 3174 2567 3200 ,
2595 3133 2813 3205 quando
2843 3134 3006 3190 simul
3048 3136 3204 3190 multi
3235 3138 3462 3195 cadunt.

179 3237 411 3293 turbatur
433 3280 448 3304 ,
491 3247 549 3293 et
586 3235 740 3306 quasi
780 3231 1106 3305 quibusdam
1136 3229 1394 3285 ﬂuctibus
1429 3226 1759 3282 concutitur.
1789 3222 1835 3286 C
1872 3225 2065 3282 Videte
2080 3242 2211 3298 ergo
2241 3227 2369 3296 quid
2395 3226 2736 3283 dicatzLicet
2770 3227 2954 3296 plures
2985 3229 3191 3286 indocti
3221 3230 3459 3302 luerunt,

242 3332 491 3403 Scapulis
535 3331 642 3385 suis
672 3327 992 3384 obumbrabit
1025 3327 1137 3380 tibi.
1164 3324 1270 3381 Sed
1308 3325 1424 3379 haec
1465 3321 1762 3378 secundum

175 3423 298 3479 illud
351 3421 766 3479 Deuteronomii
802 3439 813 3474 :
858 3420 1120 3474 Dominus
1167 3417 1334 3487 quasi,
1368 3415 1546 3486 pullos
1592 3428 1720 3468 suos
1747 3457 1761 3483 ,

173 3517 266 3572 slis
312 3518 428 3574 suis
478 3515 715 3588 protegit
765 3528 864 3570 nos
910 3514 1064 3585 quasi
1096 3512 1276 3581 aquila
1307 3509 1511 3580 (Deut.
1548 3508 1764 3578 xxxii),

175 3611 379 3668 Dicitur
401 3613 552 3670 enim
584 3611 680 3677 ibi,
703 3608 860 3682 quasi
889 3607 1065 3679 aquila
1094 3618 1380 3677 protegere
1407 3604 1582 3675 pullos
1613 3618 1756 3658 suos.

175 3703 318 3760 Licet
346 3720 482 3777 ergo
531 3701 805 3774 possimus
845 3699 1030 3756 dicere
1059 3699 1196 3766 hoc,
1240 3697 1386 3768 quod
1440 3697 1584 3751 Deus
1613 3692 1767 3766 quasi

174 3809 319 3869 pater
357 3816 458 3856 nos
497 3797 776 3869 protegit,
820 3804 876 3852 et
903 3793 1058 3864 quasi
1095 3792 1295 3864 gallina
1329 3790 1566 3861 protegit
1595 3787 1768 3859 pullos

171 3908 293 3950 suos
315 3940 328 3965 ,
357 3910 428 3951 ne
455 3892 742 3964 rapiantur
768 3889 839 3946 ab
882 3887 1141 3958 accipitre
1170 3887 1190 3958 (
1214 3884 1408 3940 Matth.
1441 3898 1576 3940 χχιιι
1597 3887 1636 3953 ).
1660 3883 1765 3938 Ta-

172 4005 288 4046 men
333 4000 386 4046 et
414 3988 564 4044 aliud
596 3999 884 4058 possumus
908 3985 1132 4040 dicere:
1163 3979 1410 4051 Scapulis
1450 3980 1556 4034 suis
1589 3978 1770 4033 obum-

171 4084 334 4140 brabit
362 4085 477 4139 tibi.
515 4080 858 4138 Exaltabitur
885 4081 937 4133 in
967 4091 1160 4144 cruce,
1192 4074 1450 4131 extendet
1478 4087 1688 4140 manus,
1713 4080 1770 4128 et

174 4188 426 4249 proteget
452 4193 576 4234 nos.
611 4175 680 4232 Et
706 4177 800 4232 sub
828 4171 1009 4246 pennis
1037 4172 1150 4242 ejus
1173 4168 1424 4242 sperabis.
1457 4167 1765 4238 Aspiciens,

174 4272 380 4344 inquit,
419 4289 616 4330 manus
657 4271 779 4343 ejus
808 4271 1131 4338 cruciﬁxas,
1164 4277 1219 4322 et
1246 4268 1291 4322 si
1321 4277 1373 4322 te
1399 4279 1628 4336 serpens
1653 4278 1769 4318 mo-

171 4367 461 4437 morderit,
489 4361 1131 4436 sanaberis(Num.xxi).
1152 4360 1301 4416 Licet
1324 4359 1568 4415 ambules
1599 4357 1652 4411 in
1673 4355 1770 4411 dc-

171 4469 318 4515 serto
350 4459 513 4516 istius
540 4457 820 4515 saeculizsi
853 4465 904 4512 te
933 4454 1267 4527 percusserit
1287 4451 1532 4522 scorpio,
1551 4449 1769 4521 siregu-

170 4551 254 4608 lus
279 4598 296 4624 ,
326 4555 372 4610 si
404 4553 588 4624 aspis,
622 4552 665 4608 si
689 4559 888 4608 caetera
912 4558 1185 4606 venenata
1217 4545 1499 4613 animalia,
1540 4559 1768 4601 securus

1869 3327 2051 3376 tamen
2068 3331 2122 3375 tu
2139 3319 2466 3391 quisanctus
2477 3334 2539 3376 es
2554 3361 2568 3387 ,
2594 3335 2700 3376 non
2718 3320 3011 3378 inducaris.
3031 3323 3106 3378 Do
3128 3326 3464 3398 exemplum,

1867 3425 1928 3471 ut
1971 3414 2337 3486 simpliciores
2370 3414 2583 3484 possint
2631 3414 2937 3486 intelligere
2964 3415 3094 3486 quid
3128 3417 3372 3475 dicitur:
3407 3419 3466 3477 Si

1868 3511 2003 3566 ieris
2027 3511 2082 3564 in
2111 3510 2390 3565 civitatem
2421 3509 2722 3565 monachus
2749 3511 2992 3578 solus,et
3023 3515 3260 3584 coeperis
3282 3517 3470 3573 deamo

1868 3605 2092 3670 balare,
2141 3613 2198 3660 et
2228 3604 2470 3659 audieris
2511 3604 2810 3660 clamorem
2861 3606 2911 3659 in
2941 3606 3135 3677 circo,
3189 3618 3237 3664 et
3274 3611 3470 3682 aliquis

1871 3697 1966 3754 tibi
1997 3697 2217 3763 dixerit,
2255 3697 2377 3752 veni
2401 3708 2457 3753 et
2482 3707 2670 3778 specta
2697 3697 2909 3754 :circus
2930 3709 3044 3763 est;
3079 3710 3134 3756 et
3155 3707 3388 3774 coeperis
3419 3709 3469 3762 ei

1873 3799 1928 3845 tu
1981 3788 2167 3845 dicere
2194 3829 2208 3854 ,
2259 3803 2368 3844 non
2401 3787 2569 3844 licet:
2601 3804 2710 3844 non
2743 3805 2964 3859 possum
2995 3793 3099 3849 ire.
3134 3794 3190 3850 Si
3241 3797 3330 3852 ille
3371 3801 3468 3856 tibi

1871 3883 2178 3940 ostenderit
2215 3881 2424 3937 inﬁnita
2455 3882 2734 3939 hominum
2766 3884 2932 3939 millia
2954 3924 2971 3952 ,
3023 3895 3078 3942 et
3108 3887 3306 3944 dixerit
3330 3893 3423 3948 tibi
3452 3911 3464 3947 :

1871 3981 2106 4036 ducenta
2149 3980 2431 4035 hominum
2466 3977 2634 4033 millia
2679 3979 2750 4035 ibi
2794 3989 2962 4038 sunt:
2995 3997 3130 4052 ergo
3160 3985 3237 4039 illi
3276 4001 3469 4046 omnes

1871 4073 2100 4148 perituri
2127 4080 2290 4136 sunt;
2333 4082 2388 4128 et
2415 4080 2473 4127 tu
2504 4072 2654 4127 solus
2687 4072 2880 4128 salvus
2908 4075 3049 4130 eris?
3081 4075 3159 4130 Tu
3187 4077 3358 4135 debes
3383 4081 3467 4138 in-

1873 4170 2140 4240 telligere,
2173 4168 2294 4238 quia
2319 4176 2628 4239 symptoma
2654 4165 2856 4221 diaboli
2890 4175 2994 4236 est,
3021 4167 3124 4224 hoc
3149 4180 3234 4226 est
3262 4213 3276 4239 ,
3325 4176 3469 4234 scire

1871 4261 2040 4319 debes
2088 4263 2214 4333 quia
2253 4260 2438 4332 plures
2484 4259 2708 4316 cadunt.
2757 4257 2827 4314 Et
2858 4260 3114 4318 dtemonio
3144 4265 3459 4326 meridiano.

1872 4357 2071 4413 Dicunt
2115 4355 2334 4429 quidem
2379 4355 2532 4412 multi
2561 4373 2573 4410 :
2598 4356 2725 4426 quia
2753 4367 2878 4410 sunt
2907 4356 3184 4414 daemones
3211 4368 3267 4416 et
3295 4365 3465 4418 meri-

1872 4451 2018 4506 diani
2041 4491 2056 4518 ,
2090 4457 2145 4505 et
2175 4453 2280 4504 hoc
2311 4450 2472 4521 vulgo
2498 4448 2717 4504 dicitur.
2751 4449 3023 4507 Craterum
3056 4465 3158 4523 ego
3186 4454 3312 4510 dico
3340 4457 3473 4514 sim-

1875 4544 2129 4615 pliciter:
2163 4542 2420 4614 qunniam
2451 4541 2785 4597 daemonium
2832 4556 2900 4598 eo
2933 4553 3180 4614 tempore
3221 4557 3469 4618 potesta-

166 4654 285 4698 esto
321 4648 391 4703 de
424 4648 662 4702 sanitate
697 4665 708 4700 :
746 4644 990 4714 Serpens
1021 4644 1076 4699 in
1106 4656 1296 4699 eremo
1327 4653 1625 4710 suSpensus
1660 4646 1764 4693 est.
1792 4637 1846 4699 Ι)
1873 4647 1982 4693 ιειη
2009 4637 2175 4692 habet
2201 4639 2254 4692 in
2279 4653 2400 4705 nos,
2430 4635 2648 4707 quando
2674 4650 2985 4706 peccamus.
3007 4639 3136 4695 Sive
3165 4657 3324 4700 mane
3347 4663 3474 4716 pec.

239 4736 404 4793 Scuto
438 4738 772 4794 circumdabit
801 4749 850 4794 te
881 4739 1063 4794 ueritas
1096 4735 1229 4807 ejus.
1262 4733 1485 4791 Scutum
1517 4740 1768 4788 nostrum

163 4831 474 4887 rotundum
498 4841 600 4897 est,
634 4831 739 4888 hoc
771 4843 955 4898 est,ex
983 4831 1132 4886 omni
1162 4838 1318 4900 parte
1346 4843 1444 4884 nos
1458 4829 1620 4897 sepit.
1650 4825 1769 4880 Non

166 4923 346 4978 solum
379 4932 594 4979 scutum
625 4930 730 4991 est,
771 4924 864 4979 sed
897 4931 953 4978 et
1002 4938 1210 4978 murus.
1248 4921 1496 4983 Domine,
1527 4927 1590 4972 ιιι
1617 4926 1774 4973 scuto

166 5015 329 5074 bona:
356 5018 664 5075 voluntatis
687 5029 790 5072 tua:
813 5017 1096 5073 coronasti
1131 5030 1248 5071 nos.
1280 5015 1510 5083 Aliquos
1529 5012 1596 5068 de
1619 5020 1775 5066 scuto

166 5124 428 5169 coronat.
460 5113 658 5170 Videte
688 5112 817 5184 quid
846 5111 991 5167 dicat
1019 5129 1032 5166 :
1067 5110 1320 5172 Domine,
1345 5115 1405 5163 ut
1431 5113 1588 5163 scuto
1620 5108 1776 5160 bona:

169 5206 482 5262 voluntatis
527 5217 633 5263 tua:
673 5205 950 5262 coronasti
979 5217 1079 5260 nos
1102 5202 1122 5274 (
1149 5200 1296 5257 Psal.
1325 5202 1414 5271 v).
1444 5199 1585 5267 Quid
1617 5197 1781 5254 dicit?

171 5297 446 5370 Proteges
488 5320 618 5369 nos;
667 5310 724 5359 et
752 5300 920 5358 facies
950 5301 1174 5355 vincere
1199 5341 1213 5365 ,
1265 5304 1322 5351 et
1348 5303 1469 5367 post
1498 5295 1779 5350 victoriam

170 5392 504 5449 coronabis.
532 5395 691 5447 Scuto
711 5393 1050 5449 circumdabit
1073 5401 1120 5446 te
1145 5391 1331 5446 veritas
1353 5389 1488 5452 eius.
1511 5387 1781 5455 Quoniam

169 5484 441 5553 dixerat,
483 5502 513 5539 α
544 5485 696 5539 verba
725 5499 941 5555 aspero,
974 5496 1028 5543 et
1055 5486 1285 5543 verbum
1317 5499 1578 5556 asperum
1606 5488 1783 5557 ,‘pos-

245 5651 275 5679 ι
302 5641 491 5699 Verus
518 5641 836 5713 Hieronym.
875 5645 928 5716 in
956 5641 1234 5697 Michmam
1259 5658 1384 5716 cap.
1418 5660 1450 5699 v
1481 5661 1494 5698 :
1521 5643 1786 5711 Quantum

174 5730 269 5786 ego
329 5730 550 5782 possum
582 5730 712 5786 mea
751 5713 977 5769 recolere
1025 5717 1271 5770 memoria
1295 5713 1641 5784 {numquam
1697 5733 1783 5770 ve-

173 5785 429 5841 natorem
472 5786 526 5840 in
570 5785 756 5840 bonam
810 5796 1006 5856 partem
1057 5788 1174 5857 legi.
1220 5786 1414 5843 lsmael
1447 5798 1493 5844 et
1525 5787 1669 5842 Esau
1697 5803 1782 5841 ve-

175 5868 399 5913 natores
445 5857 693 5928 fuerunt,
743 5869 790 5912 et
838 5867 1206 5929 praecesserunt
1234 5861 1289 5916 in
1331 5870 1453 5933 typo
1485 5859 1666 5934 populi
1690 5859 1788 5916 Ju-

480 5954 759 6019 PATBOL.
806 5949 1039 6016 XXVI.

1876 4731 2207 4796 caverimus,
2231 4730 2445 4784 daemon
2469 4727 2773 4799 ingreditur
2795 4727 2848 4783 in
2880 4730 3055 4800 nobis,
3082 4734 3198 4790 sive
3224 4753 3472 4810 vespere,

1879 4825 1994 4880 sive
2025 4831 2183 4880 nocte
2208 4841 2220 4877 :
2263 4835 2605 4892 quacumque
2637 4822 3039 4890 peccaverimus
3069 4824 3226 4893 bora,
3254 4828 3470 4887 daemon

1882 4918 2182 4990 ingreditur
2236 4917 2289 4972 in
2351 4917 2529 4972 nobis.
2595 4915 2799 4972 Videtis
2834 4933 2965 4990 ergo
3011 4921 3154 4987 quod
3211 4921 3472 4984 frivolum

1882 5025 1968 5071 est
2001 5013 2145 5084 quod
2185 5011 2345 5083 vulgo
2383 5011 2605 5066 dicitur.
2639 5009 2778 5077 Quid
2803 5026 2930 5081 ergo
2964 5010 3124 5082 dicit,
3163 5032 3194 5067 a
3215 5015 3472 5075 dwmouio

1888 5107 2208 5162 meridiano?
2249 5107 2516 5173 Quoniam
2565 5101 2841 5159 Abraham
2895 5105 3119 5175 angelos
3159 5121 3480 5180 susceperat

1889 5203 1944 5257 in
1996 5199 2250 5266 meridie,
2303 5207 2359 5255 et
2405 5197 2606 5268 Joseph
2653 5195 2852 5252 fratres
2893 5210 3022 5252 suos
3073 5199 3139 5253 ad
3195 5205 3477 5270 prandium

1886 5294 2213 5352 invitaverat
2262 5293 2316 5348 in
2364 5290 2594 5348 meridie
2624 5287 2937 5362 (Gemxvm
2971 5298 3019 5344 et
3047 5292 3242 5363 sun).
3285 5295 3476 5357 Sancti

1889 5393 2036 5449 enim
2081 5397 2273 5455 erant,
2306 5397 2362 5444 et
2387 5387 2661 5444 Abraham
2710 5395 2764 5439 et
2815 5383 3038 5456 Joseph,
3089 5397 3144 5442 et
3197 5400 3483 5462 propterea

1891 5484 2202 5544 convivium
2227 5497 2420 5540 eorum
2449 5483 2502 5536 in
2523 5479 2668 5534 clara
2695 5477 2818 5534 luce
2849 5486 2986 5549 erat,
3011 5488 3066 5537 et
3089 5481 3207 5538 sole
3219 5486 3484 5555 perfecto.

1893 5644 2054 5700 daici.
2101 5642 2329 5714 Quibus,
2358 5638 2976 5714 succinithAmbrosius
3022 5641 3074 5696 in
3107 5643 3245 5714 psal.
3276 5619 3448 5706 cxvtn
3476 5670 3489 5708 :

1891 5711 2448 5772 Nullum’invenimus
2478 5713 2533 5765 in
2581 5711 2872 5766 divinarum
2919 5714 3049 5769 serie
3095 5711 3384 5774 litterarum
3427 5722 3492 5781 de

1891 5787 2221 5845 venatoribus
2258 5787 2482 5858 justum.
2964 5795 2972 5801 ·

2854 5950 2938 6016 35
