3954 6340
478 293 620 355 1090

1273 286 1626 345 APPENDIX
1660 284 1754 341 AD
1792 253 2039 340 Touuu
2081 277 2429 339 summm:
2471 278 2530 338 s.
2575 278 2983 338 HIERDNYMI.

3625 279 3750 337 “00

462 416 761 486 Propterea
787 418 1019 482 pascunt
1040 409 1093 464 in
1122 405 1373 462 meridie.
1411 406 1477 462 Et
1498 420 1623 476 ego,
1651 404 1694 459 si
1727 404 1939 475 plenam
1971 399 2065 454 ha-
2090 400 2147 462 Α
2168 402 2303 470 forte
2333 396 2568 464 alien-ias
2594 396 2662 451 ad
2685 396 2918 467 lapidein
2942 393 3123 467 pedem
3151 402 3319 450 tuum.
3349 390 3596 450 Diabolus
3620 393 3745 455 nihil

462 509 637 567 buero
661 506 946 564 scientiam
972 504 1409 570 Scripturaruin,
1436 501 1566 556 licet
1596 499 1731 556 hora
1762 499 1920 554 tertia
1948 496 2021 553 sit
2046 538 2060 563 ,

464 612 648 658 tamen
702 612 865 670 pasco
895 611 992 652 vos
1038 595 1092 651 in
1125 594 1375 651 meridie.
1409 594 1650 665 Denique
1690 602 1745 647 et
1774 605 1978 662 sponsa
2010 590 2061 643 in

469 693 695 749 Cantica
721 691 1061 747 canticorum
1088 687 1223 743 dicit
1256 707 1271 743 :
1308 686 1408 743 Ubi
1438 686 1617 756 pascis
1642 727 1657 751 ,
1710 686 1923 755 inquit,
1975 681 2064 737 ubi

464 785 672 842 cubas?
703 783 761 839 ln
789 780 1021 837 meridie
1045 779 1235 852 (Cant.
1262 778 1311 849 ι)
1334 778 1356 832 τ
1380 777 1592 833 Videtis
1612 777 1868 846 quoniam
1899 788 2066 845 spon-

466 891 561 933 sus
584 891 692 932 non
726 874 926 945 pascit,
963 887 1072 929 non
1114 870 1385 928 recumbit
1416 871 1472 925 in
1504 868 1637 924 bora
1665 868 1822 924 tertia
1843 908 1858 933 ,
1879 866 1974 922 sed
2008 865 2062 921 in

463 970 719 1028 meridie.
752 968 856 1025 Ubi
889 967 1089 1038 pascis,
1121 964 1214 1020 ubi
1240 964 1441 1030 cubas,
1466 963 1557 1019 ubi
1591 973 1643 1018 te
1675 961 1896 1018 invenio
1918 1001 1934 1026 ,
1969 960 2061 1014 ubi

466 1064 686 1122 deliciis
714 1061 916 1118 frueris
942 1104 956 1129 ,
990 1060 1083 1116 ubi
1129 1068 1182 1114 te
1229 1072 1447 1127 possum
1496 1054 1763 1119 invenire,
1791 1071 1824 1107 ο
1856 1067 2062 1122 sponse

458 1157 662 1214 meus?
692 1155 783 1211 Vis
806 1170 892 1211 me
917 1151 1204 1209 invenire?
1232 1150 1292 1205 lu
1319 1148 1572 1215 meridie,
1607 1149 1658 1201 in
1681 1146 1908 1201 scientia
1939 1161 2062 1214 per-

456 1250 597 1308 fecta
625 1269 635 1303 :
673 1252 728 1304 in
759 1248 918 1303 bonis
948 1246 1207 1316 operibus
1244 1263 1255 1297 :
1286 1244 1339 1298 iu
1369 1243 1519 1298 claro
1543 1242 1765 1297 lumine.
1789 1239 2056 1306 Quoniam

460 1357 593 1415 ergo
620 1340 885 1397 habemus
919 1353 1018 1394 nos
1048 1336 1333 1393 meridiem
1370 1353 1382 1389 :
1425 1344 1715 1405 propterea
1744 1332 1912 1387 etiam
1939 1330 2054 1385 dia-

449 1437 612 1495 bolus
644 1433 1064 1491 transformatur
1113 1433 1166 1487 in
1195 1431 1450 1500 angelum
1485 1429 1622 1483 lucis
1652 1426 1729 1497 (ll
1756 1424 1876 1482 Cor.
1910 1441 1964 1481 xi
1992 1423 2011 1495 )
2038 1465 2052 1490 ,

450 1540 509 1587 et
555 1531 671 1600 ipse
714 1527 939 1583 simulat
984 1525 1187 1580 habere
1218 1538 1278 1578 so
1309 1523 1517 1584 lucem.
1556 1520 1756 1575 habere
1784 1533 1845 1575 se
1885 1519 2053 1574 meri-

451 1622 622 1679 diem.
674 1620 905 1689 Quando
949 1617 1194 1674 haaretici
1227 1615 1381 1685 quasi
1414 1614 1673 1686 mysteria
1715 1611 1895 1682 aliqua
1929 1626 2052 1679 pro-

448 1716 705 1778 mittunt,
738 1710 957 1780 quando
984 1725 1148 1780 regna
1198 1707 1488 1767 eteloruin,
1520 1704 1735 1774 quando
1766 1703 2051 1759 continen-

2166 491 2410 558 amplius
2438 491 2604 557 dixit,
2631 491 2736 546 nisi
2763 492 2899 546 hoc:
2928 490 3196 558 Quoniam
3223 488 3429 559 angelis
3459 488 3568 543 suis
3610 504 3744 543 mau-

2164 581 2314 637 darit
2341 582 2410 639 de
2442 594 2513 646 te,
2556 594 2612 637 nt
2655 584 2705 637 in
2746 582 2999 638 inanibus
3040 588 3261 651 portent
3298 590 3386 644 te,
3427 595 3492 639 ne
3525 579 3657 635 forte
3685 580 3744 637 ad

2165 678 2400 747 lapidein
2429 676 2675 736 olfendas
2703 678 2899 750 pedem
2929 686 3101 732 tuum.
3130 676 3356 733 Mediam
3378 683 3579 744 partem
3605 675 3746 731 dimi-

2165 769 2255 825 sit.
2289 769 2388 824 llic
2413 772 2557 825 enim
2581 770 2811 827 dicitur:
2839 769 3105 838 Quoniam
3128 767 3337 839 angelis
3357 767 3473 825 suis
3494 765 3745 825 mandavit

2164 860 2234 917 de
2257 873 2331 930 te,
2378 872 2436 917 ut
2472 862 2779 919 custodiant
2803 874 2854 919 te
2882 864 2935 919 in
2957 861 3213 919 omnibus
3242 860 3339 917 viis
3366 862 3488 916 tuis.
3521 859 3628 917 lioc
3652 877 3742 916 non

2169 955 2332 1020 dixit,
2365 964 2424 1010 ut
2446 957 2759 1013 custodiant
2785 972 2875 1014 te:
2916 958 3122 1014 sciebat
3145 958 3291 1015 enim
3320 968 3508 1015 contra
3536 971 3594 1013 se
3618 971 3740 1016 esse.

2170 1050 2393 1106 Poterat
2411 1051 2556 1106 enim
2587 1051 2847 1108 Dominus
2868 1054 2917 1106 ei
2941 1051 3309 1121 responderet
3340 1050 3400 1108 Si
3421 1050 3648 1109 custodit
3671 1067 3749 1107 me

2163 1143 2430 1200 Dominus
2460 1146 2512 1200 in
2556 1145 2808 1201 omnibus
2850 1146 2994 1201 viis:
3041 1159 3173 1217 ergo
3213 1154 3269 1200 et
3304 1159 3336 1199 ιι
3372 1153 3428 1200 ιε
3464 1142 3742 1200 custodiat.

2161 1237 2352 1293 Tacuit
2396 1255 2526 1309 ergo
2565 1239 2711 1311 quod
2754 1240 2965 1297 sciebat
3002 1254 3193 1297 contra
3224 1255 3285 1297 se
3324 1255 3481 1305 esse,
3510 1248 3563 1295 et
3590 1239 3750 1311 posuit

2157 1333 2300 1404 quod
2333 1348 2429 1403 pro
2459 1350 2518 1390 se
2549 1344 2685 1389 erat.
2720 1334 2859 1390 Vere
2888 1334 3143 1391 diabolus
3172 1332 3332 1405 quasi
3360 1332 3637 1399 diabolus,
3678 1333 3751 1388 iu-

2157 1436 2489 1495 terpretatur
2513 1427 2583 1483 de
2610 1428 2918 1496 Salvatore,
2946 1427 3092 1500 quod
3119 1444 3228 1485 non
3257 1437 3342 1484 cst
3362 1427 3435 1484 de
3455 1426 3745 1485 Salvatore.

2154 1518 2215 1577 Si
2244 1520 2390 1574 enim
2421 1520 2489 1576 dc
2517 1521 2801 1577 Salvatore
2829 1532 2913 1577 est
2946 1529 3091 1577 totus
3123 1522 3386 1591 psalmus,
3419 1521 3561 1578 sicut
3591 1520 3748 1577 inter-

2153 1616 2411 1685 pretaris,
2440 1631 2474 1670 ο
2500 1615 2734 1679 diabolo,
2768 1624 2823 1672 et
2849 1615 2917 1681 de
2947 1615 3067 1686 ipso
3096 1626 3179 1672 est
3203 1616 3349 1687 quod
3381 1615 3616 1673 dicitur:

2223 1704 2504 1778 Protegmn
2532 1724 2669 1775 cani,
2702 1709 2948 1779 quoniam
2971 1710 3205 1780 cognovit
3232 1725 3419 1766 nomen
3443 1725 3625 1765 nteant.
3651 1709 3751 1767 Hoc

452 1810 581 1865 tiam
606 1850 621 1875 ,
650 1805 871 1878 quando
893 1803 1101 1874 jejunia
1122 1843 1136 1867 ,
1169 1801 1390 1871 quando
1414 1800 1786 1861 sanctitatem,
1835 1795 2013 1868 quand
2040 1819 2049 1844 ι
2080 1793 2130 1855 Β
2155 1812 2257 1863 est.
2287 1818 2391 1871 ego
2424 1802 2581 1859 Pater
2611 1812 2890 1874 protegam
2924 1803 3124 1859 Filium
3155 1820 3358 1859 meum.
3388 1803 3448 1861 Si
3487 1805 3567 1860 sic
3600 1804 3751 1860 inter-

449 1902 925 1962 renuntiatiouem
967 1898 1154 1955 steculi
1178 1936 1194 1964 ,
1230 1896 1555 1966 promittunt
1597 1891 1902 1949 meridiem.
1942 1889 2048 1945 Sed

445 2000 704 2071 quoniam
729 2012 837 2053 non
866 2005 952 2051 est
980 1992 1179 2048 Christi
1224 1991 1409 2046 lumen
1446 2008 1457 2041 :
1493 2004 1603 2045 non
1632 1996 1718 2044 est
1749 1984 2006 2043 meridies
2033 2028 2047 2051 ,

446 2093 543 2148 sed
576 2091 917 2148 daemonium
950 2085 1340 2142 meridianum.

523 2181 718 2237 Cadent
745 2196 778 2234 a
804 2178 963 2233 latere
988 2184 1076 2230 tuo
1108 2174 1249 2229 inille
1267 2213 1284 2239 ,
1329 2182 1374 2227 et
1405 2172 1582 2226 decem
1604 2168 1774 2224 millia
1802 2185 1833 2221 a
1856 2166 2051 2221 dextris

452 2277 577 2334 tuis.
625 2274 847 2345 Singula
891 2272 1057 2328 verba
1097 2269 1545 2339 Scripturarum,
1594 2263 1806 2334 singuli
1857 2275 2049 2317 sacra-

462 2381 645 2427 menta
677 2377 827 2429 sunt.
865 2366 968 2422 Ista
1002 2364 1186 2428 verba,
1221 2377 1345 2433 quae
1376 2360 1580 2417 rustica
1612 2365 1871 2429 putantur
1898 2371 1926 2409 τι
1953 2370 2052 2409 sa:-

452 2466 562 2525 culi
598 2462 945 2527 hominibus,
998 2460 1154 2531 plena
1197 2466 1329 2513 sunt
1353 2455 1739 2511 sacramentis.
1778 2450 2052 2505 Habemus

453 2558 599 2615 enim
634 2559 955 2612 thesaurum
984 2554 1145 2608 istum
1168 2552 1219 2606 in
1243 2551 1389 2605 vasis
1413 2547 1673 2604 tictilibus
1699 2542 1913 2613 (llCor.
1952 2543 2045 2613 tv).

451 2650 832 2714 Thesaurmn,
881 2660 1102 2703 sensum
1135 2645 1417 2706 divinum,
1462 2640 1725 2697 habemus
1773 2641 1826 2694 in
1871 2635 2051 2694 verbis

447 2744 750 2799 vilissimis.
781 2739 977 2795 Cadent
1000 2756 1033 2795 a
1061 2739 1223 2793 latere
1248 2746 1337 2791 tuo
1358 2736 1522 2796 mille,
1554 2744 1601 2788 et
1629 2733 1805 2788 decem
1835 2729 2001 2785 millia
2019 2745 2052 2783 a

451 2838 650 2895 dextris
694 2836 818 2891 tuis.
866 2833 946 2889 Es
1001 2834 1173 2888 latere
1202 2831 1402 2901 cujus?
1438 2828 1522 2885 Ab
1561 2829 1682 2897 ejus
1728 2829 1814 2881 cui
1847 2825 2051 2881 dictqu

453 2930 635 2987 fuerat
666 2947 680 2985 :
715 2929 876 2987 Scuto
905 2926 1244 2983 circumdabit
1265 2938 1312 2981 te
1331 2925 1521 2980 veritas
1545 2927 1660 2998 ejus
1682 2939 1701 2979 .·
1725 2939 1829 2978 non
1852 2920 2051 2978 timebis

446 3043 480 3081 a
508 3027 691 3081 timore
714 3032 983 3079 nocturno.
1006 3021 1140 3089 Quis
1154 3028 1239 3075 est
1262 3020 1401 3075 iste?
1426 3019 1501 3073 De
1520 3033 1632 3086 quo
1650 3032 1814 3087 supra
1844 3016 2050 3071 dictum

451 3128 577 3177 est:
616 3117 718 3184 Qui
746 3116 947 3172 habitat
974 3116 1029 3169 in
1048 3114 1314 3186 adjutorio
1348 3112 1622 3182 Altissimi,
1648 3112 1701 3166 in
1732 3110 2051 3183 protectione

2155 1903 2417 1963 pretatur,
2458 1895 2691 1958 diabole,
2735 1895 3010 1967 quomodo
3052 1908 3106 1951 tu
3148 1897 3449 1969 intelligis:
3487 1896 3752 1954 videamus

2154 1988 2200 2041 si
2225 1995 2335 2043 stet
2363 2005 2556 2044 sensus
2582 2005 2597 2042 :
2631 1988 2918 2060 Protegam
2947 2005 3092 2053 eum,
3119 1990 3244 2061 quia
3270 1990 3538 2061 cognovit
3562 2004 3745 2047 nomen

2155 2096 2337 2139 meum
2373 2100 2390 2138 :
2420 2083 2523 2139 hoc
2553 2092 2657 2153 est,
2687 2098 2790 2153 ego
2821 2083 2985 2140 Pater
3017 2084 3213 2141 Filium
3245 2102 3424 2141 meum
3459 2096 3749 2155 protegam.

2225 2176 2483 2232 Clamavit
2518 2178 2590 2232 ad
2627 2193 2726 2244 me,
2771 2188 2817 2232 et
2856 2180 3134 2234 exaudiam
3159 2196 3299 2236 eum.
3337 2179 3452 2235 Hoc
3481 2180 3646 2236 estin
3670 2179 3751 2234 die

2153 2269 2351 2326 crucis.
2384 2268 2514 2325 Cum
2544 2273 2656 2343 ipso
2680 2287 2800 2325 sum
2826 2271 2879 2325 in
2907 2271 3262 2338 tribulatione,
3309 2273 3535 2342 eripiant
3571 2288 3681 2327 eum
3708 2280 3752 2327 et

2152 2362 2456 2436 glori/iuba
2485 2378 2626 2419 eam.
2654 2363 2769 2419 Hoc
2788 2372 2894 2428 est,
2920 2378 3045 2420 eum
3080 2364 3275 2423 faciam
3307 2380 3619 2435 resurgere.

2223 2453 2575 2529 Longitudine
2603 2455 2808 2511 dierum
2837 2458 3041 2527 replebo
3069 2473 3210 2515 eum.
3242 2458 3355 2514 lloc
3381 2468 3491 2525 eat,
3529 2459 3581 2513 in
3608 2470 3754 2514 aiter-

2154 2564 2282 2603 num
2312 2560 2477 2611 vivet.
2510 2549 2575 2607 Et
2608 2551 2710 2605 hoc
2741 2550 3109 2620 intelligamus
3134 2551 3206 2606 de
3240 2550 3379 2611 Filio
3408 2551 3534 2607 Dei.
3566 2550 3750 2621 Longi-

2155 2642 2342 2698 tudine
2369 2641 2578 2698 dierum
2607 2643 2832 2713 replebo
2852 2658 2999 2699 eum.
3029 2643 3143 2700 Hoc
3163 2642 3308 2714 quod
3336 2646 3610 2713 sequitur,
3630 2658 3753 2713 quo—

2155 2733 2318 2789 modo
2352 2742 2458 2791 stat
2507 2736 2562 2790 in
2608 2735 2930 2793 Salvatore?
2976 2735 3044 2790 Et
3094 2737 3365 2793 ostendant
3406 2738 3489 2791 illi
3537 2737 3754 2792 salutare

2154 2842 2342 2883 meum.
2372 2828 2618 2885 Salutare
2649 2828 2766 2894 Dei.
2799 2828 2965 2886 Filius
2990 2830 3084 2889 Dei
3113 2841 3221 2885 est.
3251 2828 3308 2886 Si
3334 2844 3469 2901 ergo
3512 2830 3583 2886 de
3620 2830 3751 2885 Fiiio
3782 2830 3785 2831 ⁷

2154 2920 2372 2987 dicitur,
2401 2920 2676 2992 quomodo
2706 2932 2885 2990 potest
2927 2929 3106 2979 stare:
3153 2924 3281 2995 quia
3329 2924 3575 2981 salutare
3628 2924 3753 2992 Dei,

2155 3013 2324 3073 Filius
2348 3015 2444 3071 Dei
2472 3016 2596 3072 est?
2631 3015 2790 3073 Vides
2817 3032 2951 3087 ergo
2976 3017 3232 3087 quoniam
3263 3018 3402 3073 male
3437 3018 3756 3088 interpreta-

2156 3118 2242 3163 tus
2271 3124 2354 3175 es,
2385 3125 2419 3167 o
2449 3109 2686 3166 diabole.
2720 3110 2826 3169 Sed
2852 3109 2934 3166 iac
2959 3118 3014 3166 ut
3042 3113 3121 3168 sic
3156 3112 3575 3182 ittletpt‘etetut‘,
3614 3120 3670 3167 ut
3705 3120 3755 3168 tu

449 3211 552 3268 Dei
598 3212 715 3267 cali
756 3208 1182 3267 commorabitur.
1215 3206 1299 3264 Ab
1335 3221 1403 3263 eo
1444 3221 1579 3275 ergo
1611 3209 1701 3274 qui
1737 3205 1944 3259 habitat
1998 3206 2050 3258 in
2078 3192 2123 3255 C
2154 3203 2314 3261 dicis.
2352 3204 2541 3261 Dixisti
2569 3221 2584 3264 ;
2616 3204 2883 3274 Quoniam
2911 3206 3122 3275 angelis
3141 3207 3256 3261 suis
3284 3206 3567 3261 mandavit
3593 3205 3662 3262 de
3687 3215 3751 3272 te,

456 3304 733 3375 adjutorio
760 3300 1000 3365 Domini,
1021 3300 1220 3357 cadent
1246 3316 1274 3354 a
1308 3300 1482 3355 latere
1512 3297 1630 3369 ejus
1660 3298 1830 3365 mille,
1865 3309 1920 3353 et
1949 3297 2051 3352 de-

457 3412 576 3453 cem
626 3396 796 3453 millia
848 3410 878 3450 a
923 3394 1132 3450 dextris
1161 3392 1298 3463 ejus.
1348 3392 1580 3448 Dextera
1612 3391 1785 3446 sancti
1813 3390 2049 3451 dicitur:

455 3490 680 3546 sinistra
727 3502 835 3543 non
866 3487 1099 3551 dicitur,
1156 3484 1253 3541 sed
1285 3485 1450 3540 latus.
1490 3484 1681 3540 \‘idcte
1723 3484 1872 3539 enim
1927 3482 2054 3551 quid

458 3581 660 3637 dicitur
693 3598 704 3632 :
738 3578 807 3634 Et
835 3579 1011 3635 decem
1038 3578 1204 3633 millia
1234 3595 1265 3631 α
1300 3578 1498 3631 άρηιινὶε
1528 3578 1651 3631 tuis.
1689 3576 1752 3631 Et
1782 3576 2056 3646 quomodo

458 3672 680 3730 dixeras
710 3690 721 3725 :
749 3671 945 3727 Cadent
984 3689 1017 3724 a
1061 3671 1221 3725 latere
1271 3678 1357 3723 tuo
1401 3668 1592 3723 mille?
1637 3668 1865 3737 Quando
1911 3668 2057 3728 enim

457 3768 684 3824 dextera
715 3766 940 3833 dicitur,
976 3776 1031 3821 et
1059 3765 1282 3820 sinistra
1316 3779 1423 3819 non
1450 3763 1767 3819 nominatur
1801 3781 1814 3818 :
1850 3780 1948 3833 pro
1979 3764 2057 3819 si-

461 3860 656 3929 nistra,
701 3860 845 3915 latus
876 3858 1210 3914 nominatur.
1260 3855 1379 3912 Non
1420 3856 1565 3911 enim
1603 3864 1821 3926 poterat
1850 3855 2058 3926 juStuui

462 3968 586 4010 esse
609 3997 624 4022 ,
659 3965 714 4008 ut
747 3952 931 4022 jusms
962 3950 1195 4005 haberet
1222 3949 1521 4004 sinistrum.
1553 3948 1654 4019 Qui
1704 3960 1753 4004 te
1774 3988 1790 4016 ,
1846 3951 2059 4019 inquit,

466 4046 801 4118 percusserit
833 4045 886 4099 in
910 4043 1197 4100 dexteram
1232 4044 1529 4107 maxillam,
1560 4042 1746 4113 praebe
1775 4043 1824 4098 ei
1848 4056 1897 4097 ει
1927 4044 2063 4098 alte-

470 4154 611 4195 ram.
645 4137 762 4193 Non
792 4137 953 4204 dixit,
982 4146 1039 4191 et
1062 4136 1341 4190 sinistram
1369 4154 1379 4187 ;
1410 4152 1518 4191 nun
1551 4136 1697 4191 enim
1726 4145 1812 4191 οτι
1841 4134 2061 4191 sinistra

470 4248 594 4303 qua:
623 4233 921 4304 praebetur,
956 4230 1052 4287 sed
1078 4230 1303 4286 dextera
1336 4232 1529 4285 altera.
1565 4228 1710 4301 Ergo
1742 4229 2067 4298 simpliciter

472 4325 596 4382 dico
620 4342 634 4380 :
662 4327 917 4396 quoniam
940 4323 1123 4395 justus
1148 4321 1283 4379 duas
1311 4324 1563 4379 dexteras
1594 4323 1772 4379 habet.
1826 4323 2068 4394 Denique

472 4429 527 4476 et
553 4418 646 4474 ille
676 4418 862 4489 Ajotb,
892 4418 982 4487 qui
1012 4416 1267 4472 scribitur
1296 4417 1348 4471 in
1372 4416 1620 4473 Judicuiu
1670 4416 1832 4481 libro,
1852 4424 2068 4487 propte'

471 4526 568 4568 rea
594 4510 728 4566 duas
758 4510 1013 4566 dexteras
1040 4509 1244 4565 habere
1285 4509 1485 4564 dicitur
1522 4526 1532 4560 :
1564 4509 1689 4580 quia
1713 4508 1894 4579 justus
1916 4519 2064 4575 erat,

474 4612 531 4659 et
578 4601 849 4657 interiecit
895 4602 1047 4657 illum
1094 4601 1511 4673 pinguissimum
1556 4578 1759 4670 regem.
1796 4598 1991 4655 Cadent
2038 4578 2152 4655 an

474 4698 636 4751 latere
659 4705 747 4750 tuo
776 4694 918 4749 mille
942 4710 958 4746 :
991 4703 1037 4748 et
1060 4695 1233 4769 decem
1255 4692 1422 4751 millia
1445 4713 1476 4747 a
1505 4696 1697 4749 dextris
1729 4695 1849 4748 tuis.
1880 4694 2071 4750 Plures

475 4801 620 4851 sunt,
671 4788 764 4859 qui
817 4787 1146 4842 insidiantur
1174 4787 1415 4842 dexterae
1443 4795 1675 4853 nostrae;
1706 4797 1760 4842 et
1803 4805 1911 4843 non
1946 4798 2073 4843 sunt

482 4883 687 4955 plures,
719 4883 811 4952 qui
843 4881 1166 4936 insidiantur
1196 4882 1452 4936 sinistrae.
1484 4882 1777 4952 Propterea
1820 4899 1851 4934 a
1899 4882 2073 4939 latere

478 4976 627 5030 inille
658 4974 889 5040 cadent,
940 4984 997 5029 et
1023 4990 1052 5028 ιι
1102 4974 1314 5030 dextris
1339 4976 1527 5031 decem
1558 4976 1754 5030 millia.
1792 4975 1891 5031 Ubi
1923 4975 2069 5031 enim

477 5080 655 5150 major
686 5095 895 5150 pugna,
935 5078 1114 5148 major
1145 5078 1398 5134 victoria.
1433 5080 1598 5134 Pauci
1628 5079 1962 5135 insidiantur
1989 5079 2071 5135 la-

477 5175 578 5230 teri
607 5193 621 5229 :
652 5174 836 5244 plures
868 5172 1192 5229 insidiantur
1232 5173 1498 5230 dexterae.

547 5263 807 5331 Quoniam
834 5261 1033 5336 angelis
1057 5262 1165 5316 suis
1194 5263 1456 5318 mandavit
1485 5263 1549 5317 de
1574 5273 1644 5327 te,
1690 5273 1743 5316 ut
1774 5263 2069 5318 custodiant

466 5356 594 5410 tein
622 5354 861 5409 omnibus
890 5356 981 5409 riis
1028 5358 1167 5424 tuis,
1224 5367 1332 5412 etc.
1385 5357 1548 5411 istum
1594 5357 1770 5412 locum
1821 5357 2067 5415 diabolus

463 5465 629 5521 super
673 5450 902 5505 Domino
946 5451 1336 5520 interpretatus
1373 5458 1479 5517 est,
1531 5465 1597 5505 eo
1634 5452 1780 5505 cnim
1818 5462 2065 5520 tempuie

460 5558 571 5615 quo
620 5545 848 5599 tentavit
900 5545 1184 5598 Dominum
1221 5546 1345 5612 :Si,
1402 5544 1599 5612 inquit,
1651 5544 1820 5599 Filius
1853 5546 1942 5599 Dei
1976 5562 2059 5609 es,

459 5639 613 5695 Mitte
642 5650 696 5693 te
723 5637 980 5693 deorsum
1017 5636 1206 5706 (Matt.
1246 5636 1343 5707 iv).
1382 5635 1656 5704 Scriptum
1694 5648 1777 5691 est
1811 5640 1952 5692 enim
1991 5637 2059 5693 de

453 5742 529 5795 te,
561 5730 823 5799 Quoniam
847 5728 1044 5799 angelis
1081 5729 1187 5784 suis
1216 5729 1475 5783 mandavit
1501 5729 1564 5781 de
1590 5740 1657 5797 te,
1686 5738 1741 5782 ut
1768 5731 2057 5785 custodiant

446 5832 499 5880 te
527 5827 580 5880 in
605 5823 839 5880 omnibus
871 5824 965 5880 viis
1002 5824 1124 5878 tuis.
1169 5821 1236 5877 In
1279 5823 1513 5878 manibus
1552 5824 1831 5894 portabunt
1868 5834 1914 5879 te
1937 5867 1952 5894 ,
1994 5840 2056 5879 ne

2157 3297 2292 3354 utin
2324 3299 2574 3353 manibus
2598 3308 2809 3366 portent
2837 3308 2912 3369 te,
2944 3288 3012 3355 ne
3047 3300 3190 3357 forte
3229 3300 3473 3357 ollendas
3514 3300 3583 3361 ad
3627 3301 3755 3371 lapi-

2156 3390 2280 3446 dem
2331 3391 2519 3460 pedem
2554 3401 2724 3447 tuum.
2773 3392 2866 3446 Dic
2912 3391 3055 3462 quod
3108 3391 3373 3462 sequitur.
3405 3391 3549 3462 Quid
3583 3391 3758 3449 taces?

2158 3483 2335 3553 Super
2365 3483 2630 3553 aSpidem,
2655 3496 2704 3539 et
2730 3483 3041 3540 basiliscum
3085 3484 3406 3554 ambulabit,
3452 3495 3515 3540 et
3550 3486 3762 3543 concul-

2157 3578 2305 3634 cabit
2348 3579 2559 3634 leonem
2586 3588 2641 3633 et
2665 3578 2958 3635 draconem
2990 3580 3236 3635 Christus
3265 3579 3534 3637 Dominus
3564 3590 3756 3647 uester,

2159 3667 2251 3743 qui
2282 3668 2412 3726 vivit
2438 3679 2493 3726 et
2526 3681 2710 3739 iegnat
2735 3669 2789 3723 in
2817 3669 3016 3727 sa‘cula
3042 3671 3388 3729 ateculorum.
3423 3673 3625 3729 Anien.

2713 3780 3036 3839 PSALMUS
3070 3780 3206 3837 XCI.

2166 3889 2410 3947 I'salmus
2436 3892 2627 3947 cantici
2652 3891 2707 3944 in
2735 3891 2821 3946 die
2846 3890 3064 3945 sabbati.
3087 3891 3195 3948 Iste
3219 3891 3456 3961 psalmus
3478 3892 3589 3951 hoc
3617 3896 3765 3950 titulo

2234 3974 2588 4033 prmiiotatur.
2630 3963 2746 4018 Non
2792 3972 2970 4034 potest
3004 3963 3148 4019 diem
3188 3964 3396 4019 sabbati
3435 3980 3624 4034 agere,
3668 3970 3765 4023 nisi

2236 4039 2324 4105 qui
2353 4053 2447 4091 sex
2473 4036 2590 4093 dies
2620 4034 2911 4105 transierit.
2943 4033 3050 4091 Sex
3083 4034 3275 4091 diebus
3323 4033 3639 4093 laboramus
3664 4080 3679 4103 ,
3714 4039 3765 4094 in

2238 4104 2463 4176 Septima
2511 4108 2599 4163 die
2645 4104 3054 4176 requiescimus.
3104 4106 3244 4171 Ergo
3290 4106 3524 4161 Domino
3553 4120 3765 4164 cantare

2239 4195 2344 4232 non
2378 4194 2687 4249 possumus,
2721 4178 2824 4232 nisi
2854 4179 2913 4250 in
2937 4178 3027 4233 die
3055 4178 3286 4233 sabbati.
3310 4179 3583 4245 Quamdiu
3605 4195 3764 4250 opera

2240 4248 2393 4304 istius
2415 4251 2600 4305 mundi
2630 4249 2877 4315 facimus,
2902 4248 3003 4305 hoc
3026 4259 3131 4313 est,
3163 4265 3256 4305 sex
3286 4250 3504 4317 diebus,
3542 4248 3768 4307 Domino

2240 4331 2464 4378 eantare
2488 4340 2592 4377 nun
2619 4337 2923 4390 pessumus.
2954 4321 3192 4392 Denique
3213 4321 3410 4377 dicitur
3428 4322 3479 4377 in
3502 4324 3765 4380 Levitiu'o:

2238 4392 2352 4447 Non
2379 4393 2585 4447 facietis
2610 4393 2659 4447 iu
2685 4392 2771 4447 die
2793 4391 3000 4446 sabbati
3019 4391 3177 4447 omne
3198 4408 3331 4461 Opus
3355 4395 3563 4450 servile
3588 4394 3763 4459 (Levii.

2245 4465 2434 4535 xxiii).
2463 4465 2798 4534 Quicumque
2831 4479 2959 4533 ergo
2996 4463 3047 4518 in
3082 4464 3306 4518 sabbato
3342 4475 3446 4525 est.
3488 4477 3547 4521 et
3585 4468 3638 4522 in
3682 4484 3767 4521 re-

2245 4538 2373 4605 quie
2398 4536 2631 4602 Domini,
2659 4550 2798 4604 opus
2826 4535 3025 4590 servile
3057 4537 3235 4590 facere
3278 4552 3384 4590 non
3427 4538 3628 4606 debet,
3670 4539 3768 4606 hoc

2250 4617 2355 4676 est,
2384 4609 2525 4678 quod
2552 4608 2619 4662 ad
2666 4608 2925 4662 mundum
2970 4608 3130 4664 Num
3180 4609 3451 4675 pertinet:
3494 4610 3593 4664 sed
3636 4605 3765 4678 illud

2253 4677 2413 4733 debet
2442 4696 2575 4746 opus
2630 4681 2826 4746 facere,
2874 4678 3016 4749 quod.
3060 4682 3125 4732 ad
3174 4679 3455 4733 srtbbatnm
3507 4677 3761 4743 pertinet.

2253 4750 2428 4807 Vultis
2456 4752 2595 4806 scire
2624 4753 2876 4819 quoniam
2909 4752 2960 4803 in
2995 4749 3219 4805 sabbato
3254 4756 3548 4816 opevantur
3578 4764 3764 4804 sacer-

2250 4822 2407 4878 dotes
2439 4824 2491 4877 in
2520 4823 2725 4890 templo
2757 4821 3004 4875 Domini?
3026 4821 3140 4875 Non
3170 4821 3296 4875 licet
3321 4822 3372 4872 in
3398 4819 3632 4883 sabbato
3653 4821 3767 4876 cui-ﬁ

2250 4910 2482 4965 cumque
2504 4895 2643 4963 ligna
2667 4892 2878 4948 caedere
2906 4890 3104 5017 ﬁNum.
3139 4890 3215 4961 ν).
3244 4891 3484 4960 Denique
3509 4907 3653 4947 unus
3672 4893 3765 4962 qui

2257 4967 2597 5017 itivenlusrst
2618 4964 2669 5017 in
2692 4979 2897 5017 eremo.
2936 4962 3179 5017 anidatus
3201 4973 3305 5017 est.
3330 4971 3385 5017 et
3406 4966 3640 5017 occisus.
3670 4964 3765 5017 De-

2257 4962 2597 5021 inventusest
2618 4964 2669 5018 in
2692 4962 3179 5032 eremo,lapidatus
3201 4973 3305 5031 est,
3330 4971 3385 5018 et
3406 4966 3640 5017 occisus.
3670 4964 3765 5017 De-

2254 5038 2415 5109 nique
2437 5052 2541 5092 non
2572 5037 2689 5109 licet
2722 5034 3286 5109 ignem__succendere:
3319 5051 3422 5087 ntn
3451 5034 3574 5109 licet
3606 5035 3767 5109 etiam

2244 5104 2443 5179 aliquid
2461 5108 2637 5177 operis
2662 5106 2856 5179 facere.
2880 5104 3085 5179 Videtis
3106 5119 3283 5159 autem
3304 5107 3562 5179 quoniam
3584 5107 3770 5159 oniuia

2247 5176 2360 5237 haec
2381 5176 2568 5248 quaiin
2585 5177 2950 5234 Inundoalicui
2974 5176 3152 5233 facere
3170 5194 3277 5233 nou
3302 5178 3425 5233 licet
3447 5179 3496 5231 in
3514 5179 3765 5242 sabbato,

2242 5251 2611 5308 sacerdotibus
2634 5250 2769 5306 solis
2797 5249 2940 5304 licet.
2973 5248 3105 5302 Nam
3143 5259 3198 5304 et
3243 5249 3385 5319 ligna
3427 5252 3683 5319 ειιιιιιιιιιἈ
3715 5256 3770 5302 ει

2243 5324 2417 5393 ignem
2450 5331 2773 5393 ~upponunt.
2807 5330 2859 5375 et
2885 5321 2983 5373 alia
3016 5321 3214 5375 faciunt
3244 5317 3556 5393 ministeria,
3585 5330 3637 5372 et
3674 5317 3769 5370 lio-

2236 5388 2367 5451 s‘t'ias
2404 5388 2705 5449 immolant.
2758 5394 2870 5447 Hoc
2905 5402 3072 5446 totum
3103 5406 3274 5462 quare
3294 5389 3439 5442 dixi?
3468 5388 3533 5443 Ut
3583 5400 3767 5443 osten-

2243 5470 2426 5523 derem
2458 5466 2716 5535 scriptum
2747 5479 2869 5519 esse
2904 5467 2954 5517 in
2987 5458 3137 5535 lese,
3169 5458 3388 5535 debere
3411 5476 3509 5514 nos
3545 5475 3768 5535 cessare

2244 5543 2404 5595 etiam
2436 5542 2486 5593 in
2512 5530 2597 5592 die
2625 5536 2832 5589 sabbati
2854 5530 3183 5599 aboperibus
3207 5530 3421 5598 mundi,
3443 5543 3571 5586 etea
3589 5532 3766 5585 facere

2242 5627 2359 5676 quae
2377 5612 2443 5665 ad
2468 5609 2633 5664 Deum
2650 5602 2937 5677 pertinent.
2956 5601 3199 5657 Psalmus
3221 5603 3381 5672 igitur
3398 5603 3587 5677 cantici
3603 5611 3687 5656 est
3712 5600 3764 5655 in

2238 5675 2325 5737 die
2353 5681 2561 5736 sabbati
2590 5698 2600 5730 :
2624 5675 2839 5744 quando
2866 5691 2969 5729 non
3000 5688 3293 5743 operantur
3319 5675 3539 5740 mundo,
3557 5682 3613 5727 et
3643 5688 3768 5739 0pc-

2236 5769 2421 5808 ramur
2459 5751 2589 5808 Deo.
2643 5749 2928 5805 Videamus
2975 5744 3101 5813 quid
3132 5745 3288 5805 nobis
3330 5748 3401 5802 sit
3437 5745 3766 5803 cantandum

2235 5825 2290 5882 in
2320 5823 2572 5893 sabbato,
2599 5819 2814 5895 quando
2842 5837 2869 5873 ιι
2899 5816 3083 5876 mundi
3109 5832 3386 5876 cessamus
3414 5814 3694 5891 operibus.
