3954 6340
230 290 347 354 llOi

1167 286 1596 353 BREVIABIUM
1634 286 1704 350 ΙΝ
1740 286 2069 355 PSAIMOS.
2109 292 2358 363 PSALM.
2397 300 2531 367 XCI.

3359 326 3497 383 “(’2

288 414 476 471 Bonum
503 418 577 513 est
602 409 838 513 confiteri
861 408 1110 513 Domino,
1143 418 1193 466 et
1222 407 1441 513 psallere
1469 409 1795 476 r'ominituo,
1829 409 1870 468 Α
1904 416 2141 487 operibus
2163 438 2630 483 manuumtuarum
2649 432 2939 488 easnltabo.
2961 430 3496 513 Cbristianusquod-

225 507 480 565 Altissime.
512 503 628 567 Non
655 504 832 561 dixit:
861 503 1062 563 bonum
1092 514 1177 562 est
1202 503 1464 576 psallere,
1504 515 1558 562 et
1603 512 1793 575 postea

224 597 603 661 conﬁterizsed
633 598 760 656 vide
798 599 1045 658 ordinem
1084 619 1095 653 :
1137 597 1342 655 Bonum
1389 608 1473 655 est
1520 596 1793 665 conﬁteri,

222 705 271 757 et
297 696 482 753 bonum
512 702 596 754 est
629 694 886 765 psallere.
915 693 1155 751 Primum
1179 710 1280 767 age
1308 693 1708 767 paenitentiam,
1742 705 1797 750 et

220 787 453 865 lacrymis
479 787 601 844 dele
632 797 875 860 peccata,
907 797 963 849 et
987 798 1175 859 postea
1203 796 1360 844 canta
1395 786 1652 844 Domino:
1692 785 1797 841 Bo-

221 900 329 943 nam
351 892 421 939 est
448 883 682 954 conﬁteri
713 881 971 948 Domino;
1000 897 1107 939 non
1145 880 1476 952 hominibus,
1522 880 1619 939 sed
1648 879 1794 944 Deo;

219 975 289 1033 illi
322 975 577 1035 contitere
606 984 847 1045 peccata,
880 976 970 1049 qui
995 989 1190 1032 sanare
1232 984 1430 1048 potest.
1464 973 1537 1033 Et
1576 974 1799 1052 psallere

220 1070 398 1126 nomini
425 1076 533 1138 tuo,
564 1067 843 1125 Altissime.

278 1161 355 1217 Ad
383 1162 796 1221 annuntiandum
819 1179 971 1217 mane
997 1161 1412 1218 misericordiam
1438 1172 1601 1229 tuum,
1634 1169 1681 1216 et
1717 1175 1801 1216 re-

213 1255 397 1311 ritatem
426 1263 569 1310 tuam
606 1271 696 1329 per
733 1263 955 1311 noctem.
997 1253 1293 1328 Diligenter
1332 1253 1613 1327 intelligite
1657 1251 1799 1323 quod

213 1347 426 1407 dicitur:
456 1347 539 1403 Ad
564 1349 985 1407 annuntiandum
1010 1365 1161 1405 mane
1185 1348 1592 1403 misericordia»:
1619 1355 1762 1400 tuam
1780 1387 1797 1414 ,

214 1453 258 1503 et
282 1442 535 1501 veritatem
559 1451 700 1498 tuam
731 1459 819 1507 per
838 1452 1058 1499 noctem.
1087 1441 1295 1517 Singuli
1320 1439 1577 1497 versiculi
1598 1439 1664 1495 ad
1690 1440 1802 1495 siu-

212 1536 353 1613 gulos
380 1533 706 1593 referuntur.
739 1534 941 1591 Bonum
963 1547 1036 1593 est
1064 1534 1298 1609 conﬁteri
1326 1532 1585 1590 Domino:
1609 1533 1679 1587 ad
1705 1549 1802 1588 an-

214 1630 540 1689 mtntiandum
564 1646 716 1687 mane
758 1628 1169 1687 misericordiam
1213 1639 1375 1685 tuam.
1422 1627 1477 1684 Si
1524 1626 1803 1682 conﬁteris

215 1724 446 1793 Domino,
474 1722 803 1780 annuntians
834 1739 991 1779 mane
1022 1720 1427 1779 misericordias
1456 1719 1692 1777 Domini.
1730 1716 1798 1775 Et

1898 529 2127 589 cumque
2157 518 2371 588 viderit,
2405 536 2624 595 semper
2650 524 2969 583 aediﬁcatur.
3002 528 3320 591 Monachum
3360 538 3496 594 nihil

1899 607 2162 701 destruet,
2190 611 2292 669 nisi
2318 625 2614 683 peccatum.
2635 618 3023 695 Quodcumque
3042 631 3343 701 aspexeris,
3368 633 3501 690 aedi-

1902 700 2078 759 ﬂcium
2101 711 2250 761 ttmm
2263 717 2364 764 est.
2389 707 2551 765 Vides
2571 711 2764 769 cmlum
2782 755 2797 779 ,
2813 714 3145 774 videssolem
3164 762 3178 785 ,
3194 721 3344 779 vides
3366 728 3498 782 stel-

1899 792 1997 861 las,
2019 795 2168 855 vides
2188 798 2393 865 lunam,
2418 799 2522 858 hoc
2545 803 2774 887 mdilicat
2798 814 2872 864 te.
2897 807 3071 868 Debes
3094 811 3238 868 enim
3260 817 3499 888 cogitare

1900 893 1956 943 et
1980 885 2188 946 dicere:
2215 890 2270 948 Si
2293 894 2397 961 sol,
2440 905 2495 952 et
2540 895 2689 969 luna,
2728 910 2781 954 et
2820 899 3040 967 caelum,
3085 913 3139 960 et
3181 885 3351 962 Stellae
3389 910 3499 966 Deo

1902 981 2169 1038 serviunt:
2185 1000 2351 1055 quare
2382 1002 2483 1058 ego
2506 1003 2610 1044 non
2635 992 2901 1048 serviam?
2923 993 3078 1052 Vides
3097 989 3323 1070 terram;
3346 1002 3501 1061 vides

1901 1075 2180 1146 animalia,
2208 1090 2261 1135 et
2291 1082 2471 1137 omnia
2502 1098 2622 1152 qua:
2653 1084 2703 1138 in
2730 1086 2890 1143 terris
2913 1096 3060 1155 sunt,
3092 1101 3145 1146 et
3174 1090 3276 1148 hoc
3310 1096 3499 1153 confer

1901 1182 2024 1226 eum
2074 1166 2257 1227 animo
2300 1181 2424 1239 tuo,
2474 1185 2527 1232 et
2576 1176 2811 1235 mdiﬂcat
2855 1191 2927 1245 te,
2967 1189 3022 1238 et
3047 1181 3134 1239 dic
3160 1187 3340 1242 animo
3370 1199 3499 1245 tuo:

1901 1263 2093 1319 Omnia
2124 1266 2178 1321 in
2226 1283 2326 1322 suo
2378 1278 2623 1341 tempore
2668 1283 2919 1330 currunt.
2969 1273 3249 1349 Siquidem
3301 1298 3396 1337 ver
3446 1297 3503 1340 et

1903 1367 2085 1428 testas,
2115 1370 2407 1418 autumnus
2436 1372 2488 1419 et
2517 1364 2727 1437 hyems,
2761 1384 3052 1441 numquam
3084 1384 3363 1431 mutantur
3384 1376 3499 1432 ha-c

1904 1460 2171 1523 tempora,
2199 1454 2294 1511 sed
2324 1457 2622 1514 secundum
2645 1457 3059 1535 dispositionem
3084 1465 3296 1524 Domini
3319 1472 3499 1529 omnia

1904 1548 2168 1599 serviunt.
2194 1542 2407 1603 leum
2435 1548 2625 1616 servit,
2649 1558 2701 1605 et
2729 1560 2871 1608 terra
2898 1554 3087 1618 servit.
3114 1566 3168 1612 et
3190 1557 3377 1615 infelix
3399 1577 3501 1633 ego

1907 1635 2073 1693 homo
2099 1653 2206 1694 non
2251 1643 2453 1696 servio.
2505 1639 2797 1699 Veniamus
2839 1645 2906 1699 ad
2956 1646 3160 1704 minuta
3208 1651 3501 1710 animalia:

1906 1726 2125 1786 dimitto
2167 1745 2311 1787 nunc
2358 1730 2427 1789 de
2474 1732 2804 1803 elephantis,
2852 1737 3067 1795 dimitto
3112 1741 3183 1798 de
3233 1745 3501 1817 leonibus,

213 1819 417 1892 νωιιετε
444 1818 641 1875 ηοηεῖηί
670 1828 781 1885 ιιιον
815 1816 1093 1873 Αυίδδίυιε·
1135 1814 1304 1871 Nam
1349 1811 1677 1871 νοτείουίυιη
1715 1827 1802 1867 Te-
1830 1805 1876 1866 Β
1905 1824 2120 1880 dimitto
2142 1825 2211 1881 de
2235 1824 2467 1883 diversis
2495 1830 2843 1895 animalibus,
2878 1834 3036 1889 venio
3057 1834 3123 1889 ad
3157 1838 3358 1895 minuta
3389 1805 3505 1896 ani:

211 1912 307 1973 fort
321 1914 383 1969 ad
403 1912 551 1971 hunc
564 1910 657 1985 qui
676 1908 939 1984 sequitur,
961 1921 1005 1965 et
1024 1910 1281 1966 veritatem
1302 1916 1445 1969 tuam
1467 1924 1558 1979 per
1575 1918 1796 1961 noctem.

210 2006 425 2080 Quando
448 2006 595 2065 enim
626 2005 949 2061 confitemur
977 2002 1230 2072 Domino,
1264 2016 1551 2073 speramus
1589 2000 1802 2056 miseri-

208 2099 457 2157 cordiam.
490 2099 720 2170 Quando
746 2113 876 2154 vero
904 2097 1209 2168 psallimus,
1232 2109 1523 2166 operamur
1549 2092 1795 2148 virtutes.

209 2194 282 2250 Ad
306 2193 721 2249 aununtiaudunt
744 2207 896 2246 mane
922 2190 1333 2246 misericordiam
1357 2194 1520 2242 tuam.
1545 2184 1648 2243 Ubi
1675 2193 1802 2240 sunt

209 2287 288 2360 qui
318 2285 611 2344 secundum
643 2287 875 2340 litteram
907 2282 1215 2355 Scripturas
1240 2279 1589 2351 intelligunt?
1626 2277 1797 2333 Media

207 2380 286 2438 die
307 2380 734 2439 misericordiam
769 2380 857 2436 Dei
887 2377 1217 2436 annuntlare
1244 2392 1351 2433 non
1380 2370 1706 2448 possumus?
1737 2372 1800 2427 Et

207 2482 344 2530 certe
370 2471 467 2528 Chl
486 2471 815 2529 istianorum
843 2480 901 2528 et
929 2469 1315 2526 monachorum
1347 2476 1449 2534 est,
1483 2466 1718 2521 maxime
1743 2465 1797 2519 in

205 2567 443 2624 noctibus
488 2575 709 2638 peccata
753 2580 850 2621 sua
897 2564 1164 2621 conﬁteri.
1221 2562 1288 2618 Et
1336 2559 1609 2634 quoinodo
1658 2573 1801 2615 nunc

204 2659 362 2718 dicit:
405 2661 487 2718 Ad
534 2659 954 2715 annuntiandum
993 2675 1143 2716 moue
1170 2655 1581 2712 misericordiam
1612 2654 1801 2709 tuam?

204 2753 350 2825 Quod
377 2755 532 2825 dicit,
553 2754 657 2813 hoc
672 2766 756 2812 est
779 2772 793 2812 :
815 2754 932 2811 Non
956 2768 1245 2830 possumus
1269 2750 1515 2807 cuniitcri
1547 2750 1797 2817 Domino,

204 2859 255 2908 et
273 2850 698 2908 misericordiam
721 2850 840 2922 ejus
859 2850 1142 2920 consequi,
1174 2833 1279 2903 nisi.
1301 2846 1530 2917 coeperit
1553 2843 1609 2901 in
1631 2843 1798 2901 corde

204 2954 382 3001 nostro
406 2945 617 3004 clarum
650 2945 830 3001 lumen
858 2945 1061 3000 lucere.
1095 2942 1205 2998 ΝιΒί
1237 2941 1620 3015 praecesserint
1647 2949 1800 2996 tene-

202 3038 331 3111 lme,
358 3051 416 3097 et
443 3056 606 3098 tuane
638 3039 835 3098 factum
867 3038 1052 3109 fuerit,
1101 3035 1533 3095 misericordiam
1587 3034 1796 3092 Domini

200 3136 452 3207 consequi
474 3149 584 3190 non
610 3146 918 3205 possumus.
940 3130 1093 3191 Tunc
1118 3139 1300 3186 autem
1324 3130 1610 3186 annuntias
1637 3144 1796 3184 mane

200 3227 623 3286 misericordiam
673 3227 917 3290 Domini,
962 3242 1084 3282 cum
1134 3225 1218 3281 sol
1255 3223 1487 3295 iustitia:
1538 3231 1691 3280 ortus
1742 3196 1866 3279 inc

199 3319 355 3376 corde
387 3330 482 3377 tuo
509 3317 694 3376 fuerit.
724 3315 795 3373 Et
827 3320 1094 3375 ueritatem
1122 3329 1265 3373 tuam
1293 3334 1385 3391 per
1420 3325 1637 3373 noctem.
1686 3315 1793 3372 Ve-

197 3414 325 3471 ritas
372 3414 591 3473 Domini
637 3429 742 3471 non
790 3415 1165 3480 annuntiatur,
1208 3410 1311 3468 nisi
1350 3411 1417 3467 ad
1452 3420 1668 3467 noctem
1696 3427 1710 3465 :
1742 3409 1798 3469 iu

197 3507 280 3569 die
308 3525 413 3567 non
441 3519 623 3583 potest
651 3508 983 3565 annuntiari.
1017 3506 1137 3564 Non
1162 3509 1315 3564 enim
1351 3516 1581 3580 possunt
1626 3506 1798 3563 imbe-

198 3600 344 3658 cilles
374 3601 522 3660 ferre
548 3617 671 3675 quae
699 3616 890 3674 magna
911 3612 1070 3657 sunt:
1097 3616 1272 3673 neque
1297 3608 1523 3671 possunt
1545 3614 1608 3656 ea
1632 3599 1798 3654 susti-

196 3710 323 3753 nere
349 3713 475 3769 quae
508 3696 748 3768 pretiosa
775 3703 923 3757 sunt.
955 3692 1113 3753 Unde
1139 3694 1339 3750 dicitur
1367 3703 1423 3751 et
1452 3692 1506 3749 in
1538 3693 1647 3749 alio
1676 3693 1797 3748 loco

195 3788 260 3846 de
280 3789 426 3849 Deo:
457 3788 645 3849 Posuit
662 3789 915 3847 tenebras
939 3787 1218 3846 latibulum
1237 3803 1395 3843 suum
1420 3784 1607 3858 (Psal.
1634 3784 1795 3858 xvu),

194 3882 295 3942 hoc
322 3893 430 3952 est,
466 3883 729 3941 Dominus
755 3883 939 3955 posuit
978 3881 1230 3940 tenebras
1279 3879 1560 3938 latibulum
1611 3896 1793 3937 suum.

193 3974 260 4037 Et
288 3978 493 4034 veritas
520 3991 651 4051 ergo
686 3975 898 4032 Domini
930 3974 1285 4032 annuntiatur
1314 3973 1367 4029 in
1397 3983 1556 4029 nocte
1584 3990 1596 4027 :
1638 3972 1795 4043 quasi

192 4071 521 4142 quibusdam
571 4071 859 4129 verborum
906 4068 1151 4126 tenebris
1186 4066 1513 4126 obvolvitur.
1547 4065 1602 4122 In
1628 4065 1797 4139 aenig-

190 4174 337 4225 mate
366 4166 595 4237 dicitur,
623 4173 680 4223 et
709 4167 761 4222 iu
807 4164 1120 4236 parabolis:
1166 4172 1225 4219 ut
1269 4161 1515 4220 videntes
1560 4179 1665 4218 non
1714 4163 1781 4217 vi

189 4256 378 4329 deant,
400 4268 461 4316 et
486 4258 768 4315 audientes
797 4273 905 4314 non
932 4256 1233 4328 intelligant
1261 4253 1471 4330 (Marc.
1502 4255 1603 4329 tv).
1633 4255 1789 4327 Legi-

188 4364 311 4407 mus
336 4352 393 4409 in
420 4351 583 4420 Osee,
615 4362 671 4409 et
692 4350 892 4408 dicitur
915 4350 981 4407 ad
1020 4353 1339 4424 prophetam
1367 4369 1379 4405 :
1413 4349 1493 4407 Tu
1533 4350 1699 4419 vade,
1739 4361 1795 4408 et

186 4445 377 4513 accipe
420 4444 515 4502 tibi
556 4460 803 4511 uxorem,
845 4460 1070 4501 uxorem
1118 4443 1463 4502 fornicariam
1498 4443 1666 4517 (Osee
1698 4444 1791 4518 t):

185 4533 362 4593 Judaei
386 4547 445 4594 et
464 4536 697 4613 gentiles
730 4528 1138 4604 rident.‘Quare
1169 4536 1382 4593 rident?
1407 4536 1673 4606 Quoniam
1702 4554 1789 4594 ve-

1906 1917 2086 1972 malia.
2112 1917 2343 1987 Respice
2363 1935 2547 1991 apem,
2566 1918 2777 1989 respice
2799 1922 3111 1984 formicam:
3142 1929 3263 1985 vide
3283 1944 3503 2002 corpus,

1903 2017 1959 2066 et
2008 2009 2222 2081 inquire
2262 2008 2584 2081 sapientiam
2626 2011 2824 2086 (Prov.
2861 2033 2911 2071 vt
2946 2028 2992 2072 et
3026 2017 3180 2093 xxx).
3214 2021 3384 2092 Major
3413 2042 3504 2077 sa-

1905 2100 2125 2171 pientia,
2153 2117 2313 2172 quam
2344 2105 2591 2175 corporis
2620 2106 2951 2176 magnitudo.
2986 2110 3135 2181 Apes
3167 2123 3225 2168 et
3255 2113 3502 2174 formica:

1903 2192 2146 2262 cogitant
2191 2193 2440 2268 hyemem
2488 2210 2611 2251 esse
2660 2207 2940 2253 venturam
2968 2216 2982 2263 ;
3015 2210 3073 2256 et
3120 2208 3418 2261 innuaehus
3451 2215 3507 2262 et

1901 2283 2241 2339 Christianus
2282 2301 2387 2340 non
2437 2287 2677 2358 cogitant
2717 2288 2981 2358 judicium
3024 2308 3147 2365 esse
3192 2308 3502 2357 venturum.

1900 2372 2015 2433 Illa:
2051 2379 2283 2449 cogitant
2334 2380 2589 2451 quoniam
2636 2380 2777 2437 fante
2825 2384 3118 2454 periclitari
3156 2402 3419 2461 possunt,
3458 2397 3505 2448 si

1903 2484 2009 2525 non
2040 2469 2406 2527 laboraverint
2437 2473 2489 2528 in
2520 2485 2706 2530 aestate
2748 2477 2890 2534 unde
2940 2481 3123 2536 vivant
3166 2482 3219 2537 iu
3268 2484 3500 2556 hyeme:

1903 2577 2004 2619 nos
2044 2578 2150 2620 non
2192 2564 2517 2637 cogitamus,
2546 2567 2670 2640 quia
2698 2568 2819 2624 sine
2852 2585 3015 2641 opere
3041 2576 3418 2646 torquebimur
3447 2581 3500 2637 in

1901 2659 2169 2729 gehenua.
2198 2658 2312 2715 Hoc
2335 2669 2502 2717 totum
2527 2677 2694 2736 quare
2722 2664 2875 2722 dixi?
2904 2669 3168 2736 Quoniam
3198 2688 3342 2730 nunc
3363 2678 3504 2733 scri-

1900 2761 2051 2822 ptum
2085 2762 2202 2810 est:
2238 2753 2374 2823 Quia
2400 2755 2668 2811 delectasti
2686 2774 2784 2827 me,
2818 2756 3061 2832 Domine,
3089 2765 3143 2818 in
3165 2767 3367 2835 factura
3387 2778 3496 2826 tua.

1899 2846 2289 2919 Quodcumque
2320 2865 2604 2921 aspexero,
2634 2851 2867 2909 delectat
2908 2871 3015 2914 me.
3056 2856 3307 2934 Intelligo
3352 2864 3499 2921 enim

1900 2939 2185 3007 factorem,
2209 2949 2265 2996 et
2294 2940 2552 2998 benedice
2580 2942 2773 2999 Deum.
2808 2944 2874 3000 Et
2899 2947 2951 3002 in
2981 2950 3219 3019 operibus
3252 2971 3501 3012 manuum

1898 3040 2109 3088 tuarum
2134 3035 2420 3092 exsultabo.
2451 3033 2622 3092 Video
2660 3038 2934 3105 arborem,
2960 3052 3013 3097 et
3044 3044 3332 3102 considero
3361 3064 3499 3119 quo-

1900 3124 2064 3181 modo
2090 3136 2279 3182 cortex
2307 3125 2519 3183 arboris
2545 3139 2629 3184 est
2655 3130 2806 3198 quasi
2839 3135 3039 3201 tunica,
3086 3153 3188 3205 qua
3235 3142 3494 3211 vestitur,

1900 3229 1956 3275 et
1992 3218 2145 3292 quasi
2194 3236 2416 3293 germen
2455 3223 2613 3278 viret.
2664 3224 2729 3279 Et
2776 3225 2975 3283 deinde
3022 3228 3179 3287 video
3227 3237 3501 3306 quomodo

1900 3313 1998 3368 llos
2031 3313 2125 3368 ﬁt:
2159 3314 2432 3386 quomodo
2465 3315 2562 3370 llos
2590 3317 2766 3381 cadat,
2799 3319 2914 3389 ipse
2941 3331 2994 3377 et
3024 3321 3127 3379 ﬂos
3158 3336 3400 3384 vertatur
3445 3330 3498 3386 in

1898 3420 2141 3479 pomum.
2170 3404 2336 3462 Video
2362 3409 2616 3478 paulatim
2651 3426 2746 3481 per
2773 3412 3015 3485 singulos
3043 3415 3182 3485 dies,
3216 3418 3266 3474 in
3291 3422 3501 3490 singula

1899 3505 2141 3570 tempora
2171 3498 2298 3555 mihi
2334 3515 2581 3555 naturam
2604 3504 2838 3575 operari,
2871 3513 2926 3560 et
2952 3507 3003 3562 in
3035 3523 3185 3565 meos
3207 3510 3359 3567 cibos
3382 3530 3503 3571 cre-

1897 3588 2251 3648 scere.Video
2276 3591 2545 3662 quomodo
2575 3593 2717 3650 Deus
2747 3597 2796 3650 in
2826 3598 3077 3654 onmibus
3108 3602 3237 3658 mihi
3268 3604 3499 3673 laborat,

1896 3691 1957 3738 ut
1982 3682 2115 3738 mihi
2140 3682 2269 3738 nihil
2298 3682 2457 3739 desit.
2495 3683 2790 3753 Propterea
2820 3690 3032 3746 exsulto
3060 3690 3112 3745 in
3146 3702 3217 3759 te,
3252 3693 3501 3754 Domine.

1973 3776 2145 3845 Quam
2174 3777 2508 3850 magnificam
2545 3787 2665 3830 sunt
2694 3795 2850 3846 opera
2879 3791 2995 3850 tua,
3029 3780 3288 3841 Domine!
3308 3788 3364 3843 in
3399 3791 3500 3846 hac

1899 3869 2020 3927 loco
2062 3869 2300 3925 Marcion
2333 3878 2390 3926 et
2438 3868 2768 3928 Manichacus
2814 3886 3122 3946 etumpunt.
3173 3878 3311 3949 Quid
3351 3884 3496 3941 enim

1897 3962 2182 4021 dicunt?Si
2208 3964 2391 4020 omnia
2417 3963 2558 4020 Deus
2585 3962 2733 4032 fecit,
2759 3974 2814 4021 et
2837 3967 2889 4022 in
2906 3969 3192 4027 utilitatem
3219 3973 3494 4032 hominum

1897 4055 2053 4114 fecit:
2087 4054 2214 4128 quid
2246 4070 2473 4115 necesse
2521 4056 2617 4112 fuit
2661 4058 2905 4114 cimicem
2934 4059 3111 4118 facere
3138 4076 3191 4120 et
3223 4066 3496 4136 pulicem?

1899 4148 2011 4221 Ego
2026 4150 2118 4206 tibi
2137 4150 2374 4207 breviter
2398 4150 2701 4221 respondeo
2729 4170 2741 4206 :
2760 4161 2815 4207 ut
2829 4153 3234 4225 ostenderetur,
3254 4173 3287 4214 ο
3302 4159 3485 4228 homo,

1896 4243 2162 4317 fragilitas
2191 4252 2301 4301 tua.
2329 4242 2432 4313 Qui
2459 4246 2605 4299 enim
2623 4245 3003 4319 cogitationem
3037 4261 3180 4305 tuam
3217 4254 3266 4307 iu
3293 4255 3490 4313 caelum

1898 4339 2076 4411 poois,
2114 4339 2345 4410 respice,
2394 4337 2664 4396 morderis
2700 4354 2730 4394 a
2762 4342 2978 4411 cimice,
3012 4353 3067 4400 et
3092 4327 3492 4409 contremiscis.

1896 4430 2034 4505 Quid
2066 4431 2293 4505 erigeris
2322 4433 2373 4488 iu
2398 4433 2594 4489 caelum
2614 4476 2628 4500 ,
2661 4444 2713 4489 et
2746 4436 3002 4506 cogitatio
3034 4447 3121 4495 tua
3161 4446 3497 4503 transcendit

1897 4521 1951 4584 in
1981 4525 2215 4584 caelum?
2245 4526 2382 4583 Ecce
2422 4543 2450 4580 a
2480 4525 2656 4597 pulice
2682 4527 3003 4584 vulneraris.
3053 4530 3224 4598 Quam
3248 4539 3492 4612 magni/5-

184 4628 319 4686 ι-ίιειε
347 4633 403 4686 ξι,
437 4591 598 4687 “Bac
627 4632 800 4703 ροδῖω
829 4640 929 4699 εει,
963 4646 1069 4687 non
1094 4632 1146 4687 ίιι
1168 4630 1278 4687 die,
1302 4629 1477 4688 vultis
1497 4633 1640 4689 scire
1660 4646 1792 4704 quo.
1821 4591 1873 4652 Β
1897 4632 2012 4677 cata
2036 4631 2155 4677 sunt
2183 4636 2337 4693 opera
2366 4627 2475 4683 tua,
2505 4615 2758 4675 Domine!
2780 4620 2947 4677 Parva
2982 4625 3197 4694 quidem
3230 4591 3455 4703 corpora
3474 4677 3490 4704 ,

185 4720 335 4778 niam
382 4722 593 4780 veritas
631 4722 727 4780 Dei
768 4723 829 4780 in
856 4734 1014 4781 nocte
1040 4733 1149 4793 est,
1175 4732 1233 4783 et
1261 4724 1414 4795 quasi
1446 4725 1505 4780 in
1527 4724 1791 4791 tenebris,

182 4813 319 4871 etin
350 4815 624 4886 parabolis
653 4816 830 4887 posita
855 4817 975 4873 est?
1003 4816 1216 4891 Moyses
1246 4819 1493 4874 ascendit
1539 4819 1591 4874 in
1637 4835 1793 4875 mon-

185 4914 296 4963 tem
321 4908 480 4978 Sina,
505 4908 854 4984 etingressns
874 4921 981 4978 est,
1006 4912 1198 4983 inquit,
1218 4913 1272 4968 in
1297 4912 1585 4976 turbinem,
1601 4922 1657 4969 et
1669 4914 1791 4970 cali.

181 4996 394 5070 ginem.
424 5011 479 5059 et
506 5002 559 5058 in
593 5004 868 5072 tenebras,
894 5015 945 5061 et
974 5003 1046 5060 ibi
1075 5003 1284 5060 locutus
1306 5016 1383 5062 eat
1408 5022 1530 5063 cum
1560 5005 1791 5061 Domino

183 5090 392 5165 (Exod.
410 5096 556 5171 xxrv)
570 5119 578 5127 ·
592 5096 778 5170 Neque
793 5100 938 5157 enim
955 5108 1162 5170 poterat
1176 5095 1337 5155 Israel
1358 5100 1586 5172 populus
1602 5100 1789 5157 videre

178 5191 453 5261 mysteria
486 5190 581 5248 Dei
609 5215 623 5249 :
657 5193 780 5267 quia
813 5191 866 5247 iu
896 5191 1181 5265 caliginem
1215 5192 1304 5248 Dei
1332 5209 1441 5247 non
1475 5193 1787 5249 intraverat.

252 5279 671 5340 lndecacltordo
695 5285 965 5356 psalterio,
987 5285 1316 5340 cumcantico
1339 5295 1386 5341 et
1406 5285 1627 5342 cithara.
1650 5284 1789 5342 Sint-

177 5370 409 5442 pliciter
452 5373 606 5445 dico,
647 5377 1092 5450 quotiescumque
1142 5375 1386 5434 levamus
1433 5392 1626 5435 manus
1674 5379 1792 5434 sine

175 5463 608 5537 cogitationibus
663 5477 719 5527 et
772 5467 1302 5545 disceptationibus,
1347 5470 1401 5526 in
1448 5470 1791 5527 decacltordo

179 5557 479 5630 psallimus
509 5562 758 5620 Domino.
789 5559 856 5619 In
877 5563 1200 5620 decachordo
1225 5563 1490 5639 psalterio,
1525 5580 1641 5618 cum
1667 5581 1792 5619 catt-

181 5652 290 5709 lico
311 5654 371 5709 in
394 5655 616 5715 cithara.
644 5658 699 5715 In
721 5656 929 5715 cithara
955 5667 1159 5726 nostra,
1185 5667 1240 5715 et
1260 5672 1479 5730 corpus,
1511 5666 1565 5715 et
1588 5657 1787 5724 anima,

179 5755 241 5804 et
262 5746 516 5822 spiritus,
549 5754 802 5811 omnibus
825 5753 1046 5811 chordis
1076 5755 1373 5827 composita
1405 5764 1551 5812 sunt.

262 5840 411 5911 Quia
437 5844 700 5903 delectasti
728 5865 827 5917 me,
861 5844 1185 5915 Dominegin
1233 5852 1435 5917 factura
1484 5858 1591 5917 tua,
1642 5859 1691 5904 et
1737 5851 1789 5904 in

1896 4715 1993 4772 sed
2022 4731 2213 4787 magna
2244 4717 2407 4771 ratio.
2437 4713 2658 4787 Singula
2680 4714 2883 4771 habent
2910 4719 3167 4778 utilitates
3205 4738 3352 4781 suas.
3378 4728 3491 4799 Ego

1898 4809 1977 4865 sic
2022 4808 2191 4863 miror
2221 4806 2509 4863 Dominum
2555 4807 2610 4862 in
2654 4808 3000 4878 elephantis,
3049 4817 3327 4886 quomodo
3348 4831 3403 4875 et
3435 4822 3487 4878 in

1897 4901 2120 4959 formica
2148 4921 2160 4957 :
2194 4901 2273 4957 sic
2323 4900 2470 4956 illum
2519 4900 2755 4972 praedico
2785 4902 2838 4959 in
2874 4907 3104 4973 camelo,
3133 4912 3406 4980 quomodo
3431 4926 3488 4971 et

1897 5001 1950 5054 in
1979 4998 2175 5054 culice.
2204 4994 2335 5054 Vide
2365 4996 2594 5052 culicem
2627 4999 2897 5067 qumuodo
2922 5001 3075 5069 quasi
3104 5014 3361 5071 punctum
3395 5023 3489 5064 cu-

1891 5088 2111 5163 jusdam
2138 5090 2440 5161 corpusculi
2482 5097 2587 5157 est,
2622 5102 2675 5144 et
2703 5083 2883 5145 tamen
2911 5090 3031 5145 vide
3063 5092 3115 5147 in
3146 5096 3263 5163 ipso
3292 5114 3491 5167 puncto

1894 5179 2235 5253 corpusculi,
2284 5180 2462 5235 omnia
2509 5196 2631 5237 esse
2677 5181 2918 5239 membra
2964 5183 3157 5240 divisa.
3186 5187 3359 5247 Habet
3389 5209 3484 5252 sex

1895 5282 2079 5355 pedes,
2122 5281 2285 5337 habet
2327 5282 2466 5336 duos
2504 5281 2714 5350 oculos,
2749 5280 2909 5337 habet
2936 5297 3019 5350 os,
3052 5284 3214 5342 habet
3261 5300 3318 5346 et
3358 5310 3490 5351 ven-

1896 5394 2059 5450 trem,
2092 5385 2256 5442 habet
2280 5397 2335 5442 et
2376 5385 2554 5440 tubam
2588 5383 2763 5447 vocis,
2792 5384 2953 5440 habet
2980 5396 3036 5442 et
3059 5388 3195 5446 alas.
3218 5393 3277 5450 Si
3304 5401 3487 5454 cousi-

1896 5479 2176 5536 deravcris
2220 5478 2482 5548 membra,
2529 5493 2727 5548 corpus
2779 5493 2884 5533 non
2932 5477 3164 5552 invenis,
3206 5498 3262 5543 et
3306 5500 3483 5550 tamen

1897 5571 2273 5643 magniticatur
2320 5571 2481 5636 Deus,
2532 5570 2655 5640 quia
2688 5570 2808 5625 sine
2835 5585 3065 5642 corpore
3088 5578 3331 5637 membra
3361 5597 3489 5641 sunt

1894 5665 2099 5723 Omnia.
2146 5663 2316 5719 Nimis
2348 5662 2625 5735 profundu‘
2661 5666 2811 5731 [at-Iw
2837 5674 2956 5717 sunt
2986 5668 3321 5738 cogitationes
3360 5688 3481 5735 tum.

1895 5756 2283 5830 Quodcumque
2350 5757 2690 5827 cogitaverit,
2764 5757 3005 5814 invenire
3082 5777 3190 5819 non
3248 5785 3485 5836 possum,

1895 5850 2142 5921 Apyssus
2180 5849 2386 5917 judicia
2434 5859 2542 5904 tua.
2600 5848 2646 5905 Ο
2685 5850 3005 5921 profundum
3043 5854 3349 5920 divitiarum
3399 5886 3485 5925 sa-
