3954 6340
371 268 513 330 “03

1170 265 1519 328 APPENDIX
1563 265 1656 325 AD
1695 264 1943 325 TOMUM
1980 240 2328 324 summost
2366 260 2425 324 s.
2467 256 2871 323 menoavm.

3534 248 3679 314 11οῑ

369 382 595 453 pientire
644 387 700 436 et
747 378 989 437 scientia
1045 378 1158 438 Dei.
1197 383 1384 436 Dicam
1414 391 1470 437 et
1500 395 1601 451 ego
1631 393 1754 435 cum
1787 378 1974 433 Eccle—
1998 386 2054 447 Α
2082 378 2351 433 tilabimus
2388 392 2558 433 cornu
2588 374 2761 448 (Psat.
2793 367 2968 443 xun).
3016 362 3264 439 Denique
3298 363 3507 423 nullum
3559 367 3682 420 ani-

372 478 539 531 siaste
565 492 577 529 :
607 474 761 541 Dixi,
808 474 1026 544 sapiens
1064 472 1287 540 elﬁciar,
1329 484 1383 529 et
1421 474 1533 543 ipsa
1580 472 1793 542 longius
1833 470 1972 525 laeta

369 576 460 623 est
490 582 518 621 a
552 582 637 622 me
670 585 685 622 :
721 566 933 637 longius
982 565 1152 621 multo
1200 580 1359 637 quam
1407 573 1544 621 erat.
1590 563 1658 617 Et
1706 559 1972 633 profunda

369 661 495 730 quis
532 658 774 713 invenire
805 666 983 730 potest
1012 656 1239 730 (Eccles.
1269 658 1401 728 vn)?
1433 656 1791 712 Ecclesiastes
1830 653 1971 726 quod

381 753 543 815 dicit,
585 752 689 807 hoc
737 757 823 807 est
871 768 883 803 :
926 750 1230 821 Antequam
1263 748 1645 820 cogitationem
1695 762 1870 804 meam
1915 747 1970 801 in

369 861 536 918 opere
586 860 869 917 ponerem,
926 860 1037 901 non
1085 844 1332 901 videbam
1362 843 1816 916 magniﬁcentiam
1849 841 1969 899 Dei.

367 940 524 1004 Dixi,
548 938 770 1009 sapiens
803 938 1036 1005 clﬁciar,
1069 938 1171 993 hoc
1198 949 1313 1007 est,
1347 938 1462 993 dixi
1486 980 1501 1006 ,
1527 938 1700 994 debeo
1728 951 1972 1009 qumrere

367 1032 612 1087 rationes
666 1030 1004 1102 singularum
1047 1046 1359 1102 causarum,
1397 1040 1453 1089 et
1493 1031 1612 1103 ipsa
1641 1033 1800 1103 longe
1828 1030 1970 1086 facta

363 1134 451 1180 est
480 1139 510 1179 a
538 1139 647 1192 me,
681 1125 893 1195 longius
924 1125 1095 1181 multo
1121 1141 1280 1196 quam
1309 1136 1451 1191 erat,
1479 1125 1584 1181 hoc
1614 1133 1718 1191 est,
1750 1125 1973 1195 sapien-

364 1218 500 1274 tiam
542 1234 706 1291 quam
752 1226 879 1275 ante
917 1235 1023 1274 non
1066 1219 1369 1290 inquirens,
1405 1220 1969 1290 ignorabam:postea

362 1327 614 1382 quaerere
644 1314 783 1382 ccepi
802 1352 818 1380 ,
844 1327 1006 1382 quam
1034 1311 1280 1368 invenire
1317 1326 1424 1366 non
1455 1322 1722 1380 poteram.

443 1404 541 1459 Vir
570 1405 822 1477 insipiens
863 1420 965 1459 non
990 1406 1274 1475 cognoscit,
1302 1412 1349 1456 et
1378 1403 1569 1458 stultus
1597 1418 1699 1457 non
1729 1402 1969 1474 intelligit

362 1498 496 1553 haec.
539 1498 881 1568 Quicumque
913 1514 1021 1551 non
1051 1505 1139 1552 est
1166 1496 1534 1564 Christianus,
1558 1496 1683 1553 etin
1710 1499 1968 1568 operibus

360 1610 474 1653 non
507 1594 761 1666 intelligit
789 1594 1143 1659 Creatorem,
1175 1591 1279 1649 iste
1307 1592 1568 1662 insipiens
1595 1602 1699 1648 est.

443 1685 573 1741 Cum
608 1686 775 1740 exorti
806 1685 1001 1756 fuerint
1032 1693 1328 1753 peccatores
1363 1684 1496 1738 sicut
1530 1683 1725 1753 fenum.
1770 1682 1967 1739 Vidisti

2076 474 2183 527 mal
2210 474 2262 527 in
2312 472 2513 542 templo
2560 470 2872 525 immolatur
2907 464 3137 520 Domino
3166 462 3268 518 nisi
3316 461 3459 532 quod
3502 474 3678 515 cornu

2077 566 2260 621 habet.
2292 563 2419 620 Tria
2467 561 2889 617 immolabantur
2934 556 3161 612 Domino
3205 554 3259 610 in
3302 553 3535 625 templo,
3571 553 3676 606 im-

2075 657 2380 714 molabatur
2426 665 2633 722 taurus,
2662 651 3044 709 immolabatur
3090 650 3255 715 aries,
3287 645 3681 701 immolabatur

2075 752 2283 808 hircus.
2339 749 2465 806 Tria
2523 748 2974 811 immolabantur,
3034 754 3089 800 et
3137 744 3386 798 universa
3441 750 3679 795 cornuta

2077 854 2226 903 sunt.
2258 845 2370 901 Nisi
2402 845 2544 901 enim
2570 842 2765 915 aliquis
2793 838 3045 896 habuerit
3068 852 3237 894 cornu
3267 837 3321 892 in
3351 849 3461 907 quo
3493 833 3680 890 inimi-

2075 956 2169 997 cos
2196 938 2440 1005 ventilet,
2467 954 2571 994 non
2602 947 2687 994 est
2713 936 2910 1007 dignus
2948 932 3219 988 immolari
3248 930 3382 986 Deo.
3420 930 3683 1000 Propter-

2075 1051 2136 1092 ea
2163 1044 2218 1090 et
2234 1034 2497 1090 Dominus
2524 1048 2692 1089 cornu
2724 1030 2943 1099 dicitur,
2961 1029 3042 1084 his
3060 1028 3152 1099 qui
3173 1025 3407 1082 credunt
3432 1025 3485 1080 in
3510 1038 3676 1080 eum:

2076 1130 2144 1185 Et
2188 1129 2245 1184 in
2291 1128 2549 1185 cornibus
2589 1127 2769 1182 crucis
2804 1140 2916 1181 sua:
2955 1120 3239 1179 ventilavit
3272 1118 3548 1174 inimicos.
3596 1115 3683 1173 Ibi

2073 1224 2321 1279 confudit
2375 1222 2693 1287 diabolum,
2750 1230 2806 1276 et
2853 1234 3070 1274 omnem
3116 1215 3259 1295 pejus
3306 1213 3617 1271 exercitum
3662 1230 3675 1264 :

2073 1316 2323 1373 Christus
2350 1315 2571 1387 quidem
2599 1312 2894 1371 cruciﬁxus
2917 1322 3034 1367 erat
3064 1310 3117 1365 in
3151 1322 3382 1380 corpore
3411 1324 3426 1362 :
3452 1305 3548 1363 sed
3581 1319 3682 1362 ve-

2071 1427 2133 1467 re
2182 1409 2531 1482 cruciﬁgebat
2579 1408 2650 1464 ibi
2691 1407 2989 1462 daemones.
3030 1403 3147 1461 Non
3197 1400 3300 1458 fuit
3348 1417 3529 1458 crux:
3577 1397 3680 1455 sed

2071 1505 2381 1576 triumphus
2420 1503 2548 1565 luit,
2597 1500 2692 1556 sed
2742 1498 2997 1556 vexillum
3040 1497 3158 1552 fuit.
3202 1494 3502 1566 Propterea
3542 1507 3682 1549 con-

2070 1598 2283 1653 scendit
2308 1612 2547 1663 crucem,
2572 1604 2750 1649 utnos
2781 1593 2850 1649 de
2881 1600 3029 1648 terra
3057 1591 3109 1647 in
3142 1589 3310 1645 altum
3341 1587 3578 1643 tolleret.
3607 1583 3683 1641 Et

2071 1700 2204 1761 puto
2240 1704 2453 1745 crucem
2497 1686 2800 1745 Salvatoris
2828 1685 2987 1741 istam
3016 1699 3138 1740 esse
3164 1683 3366 1738 scalam
3397 1668 3563 1752 quam
3593 1677 3680 1733 vi-

358 1779 775 1850 imperatores:
819 1772 1006 1829 vidisti
1050 1772 1349 1843 praefectos
1379 1792 1391 1827 :
1419 1774 1600 1830 vidisti
1646 1776 1961 1831 exercitus:

2070 1783 2147 1839 dit
2169 1783 2362 1841 Jacob.
2389 1781 2445 1837 In
2477 1781 2578 1837 ista
2609 1782 2755 1837 scala
2788 1778 3194 1836 descendebant
3220 1774 3422 1846 angeli,
3453 1786 3509 1830 et
3540 1788 3682 1829 con-

358 1871 552 1927 vidisti
584 1870 841 1926 victorias
890 1878 946 1923 et
993 1867 1319 1942 triumphos.
1365 1869 1495 1924 lleri
1544 1868 1675 1938 luit,
1705 1880 1760 1925 et
1803 1868 1965 1924 hodie

360 1982 473 2021 non
500 1975 603 2020 est.
641 1962 707 2017 Et
748 1960 1093 2033 apparuerint
1135 1971 1312 2015 omnes
1339 1963 1427 2031 qui
1459 1972 1739 2033 operantur
1771 1962 1967 2032 iniqui-

356 2067 537 2128 tatem,
578 2064 634 2110 ut
661 2057 912 2109 intereant
951 2055 1006 2108 in
1035 2053 1280 2109 swculum
1320 2053 1520 2109 swculi.
1559 2055 1681 2110 Heri
1715 2055 1967 2124 apparuit

355 2151 517 2222 quasi
550 2149 651 2204 ﬁos
688 2165 699 2200 :
734 2146 897 2203 hodie
924 2146 1023 2201 ﬁos
1057 2147 1176 2218 ipse
1201 2163 1308 2202 non
1340 2156 1639 2218 comparet.
1670 2147 1794 2202 lleri
1824 2145 1966 2202 vire-

354 2244 451 2301 bat
504 2243 672 2299 herba
707 2261 719 2297 :
758 2242 917 2298 hodie
961 2241 1160 2297 siccata
1197 2251 1303 2298 est.
1332 2241 1431 2298 Ubi
1464 2252 1549 2303 est
1586 2241 1680 2296 illa
1722 2240 1964 2311 pulchri-

352 2339 521 2395 tudo?
571 2338 715 2393 Nihil
761 2336 965 2392 bonum
1018 2347 1132 2402 est,
1196 2335 1303 2391 nisi
1361 2335 1507 2407 quod
1561 2345 1827 2390 aeternum
1856 2344 1963 2389 cst.

352 2432 503 2491 Nihil
552 2433 753 2488 bonum
806 2438 920 2499 est,
961 2430 1067 2485 nisi
1102 2429 1248 2500 quod
1291 2440 1608 2500 perpetuum
1642 2436 1748 2483 est.
1780 2426 1966 2495 Quod-

352 2541 595 2598 cumque
627 2526 790 2581 ﬁnem
839 2525 1026 2590 habet,
1076 2538 1177 2577 nec
1224 2523 1365 2577 inter
1393 2522 1533 2577 bona
1564 2521 1962 2576 numerandum

350 2632 457 2679 εει.
489 2619 626 2687 Quid
659 2620 801 2675 enim
833 2618 967 2672 mihi
1001 2616 1251 2686 prodest,
1284 2616 1329 2669 si
1372 2614 1492 2671 lteri
1530 2616 1822 2686 praefectus
1856 2613 1961 2679 lui,

354 2726 410 2773 et
437 2713 602 2771 hodie
631 2712 773 2768 laute
807 2711 1046 2767 morior?
1092 2710 1236 2778 Quid
1276 2710 1421 2764 enim
1462 2708 1595 2763 mihi
1632 2708 1884 2779 prodest,
1916 2706 1964 2763 si

352 2810 629 2865 anteriori
679 2809 767 2863 die
816 2822 911 2862 rex
945 2805 1055 2874 lui,
1090 2816 1144 2859 et
1192 2804 1355 2861 hodie
1383 2803 1436 2858 in
1470 2818 1690 2859 carcere
1719 2800 1964 2858 morior?

354 2902 528 2960 Omne
552 2902 697 2974 quod
747 2901 1086 2971 prmterilum
1140 2908 1247 2965 est,
1300 2908 1352 2954 et
1385 2897 1549 2952 linem
1597 2895 1791 2964 habet,
1827 2892 1963 2949 nihil

355 3011 460 3056 est.
495 2997 876 3076 Unusquisque
921 3004 1168 3050 nostrum
1204 2994 1272 3049 de
1316 2993 1522 3049 srcculo
1550 2994 1699 3048 venit
1726 2991 1793 3047 ad
1824 2993 1963 3045 hanc

350 3095 542 3152 vitam.
581 3093 732 3148 Alius
765 3100 993 3147 matrem
1020 3090 1264 3162 reliquit,
1294 3089 1436 3144 alius
1469 3088 1632 3155 ﬁlios,
1662 3088 1801 3143 alius
1824 3103 1962 3143 uxo-

2069 1878 2405 1934 scendebant
2423 1875 2582 1949 (Gen.
2604 1874 2835 1948 Luxu).
2852 1873 2909 1928 ln
2925 1873 3028 1928 ista
3048 1871 3217 1937 scala,
3238 1870 3341 1925 hoc
3359 1878 3466 1939 cst,
3482 1882 3674 1932 cruce,

2071 1972 2415 2030 descendunt
2465 1969 2661 2038 Jndwi,
2726 1980 2783 2026 et
2849 1966 3229 2025 conscendunt
3294 1964 3550 2037 gentiles.
3601 1959 3676 2015 Et

2070 2065 2383 2120 exuitabitur
2406 2063 2537 2119 sicut
2571 2061 2844 2117 unicornis
2882 2077 3043 2114 cornu
3080 2074 3272 2113 meum.
3298 2053 3401 2112 Alii
3437 2055 3681 2111 habeant

2071 2161 2226 2232 plura
2259 2164 2461 2216 cornua
2492 2177 2503 2211 :
2538 2173 2637 2228 ego
2679 2171 2842 2212 unum
2886 2154 3063 2210 solum
3105 2168 3276 2208 cornu
3306 2150 3509 2205 habeo.
3540 2147 3679 2203 Mihi

2068 2264 2249 2310 autem
2277 2255 2421 2312 absit
2442 2250 2667 2326 gloriari
2695 2252 2796 2307 nisi
2829 2252 2882 2305 in
2908 2265 3073 2304 cruce
3102 2246 3312 2303 Domini
3337 2264 3349 2299 :
3384 2259 3480 2316 per
3508 2257 3679 2314 quem

2068 2348 2202 2405 mihi
2234 2348 2468 2404 mundus
2496 2346 2795 2403 cruciﬁxus
2825 2353 2927 2409 est,
2959 2350 3017 2397 et
3044 2358 3143 2413 ego
3175 2337 3378 2394 mundo
3411 2333 3676 2408 (Gat.vt).

2142 2444 2208 2498 Et
2248 2452 2479 2498 senectus
2518 2458 2632 2495 mea
2679 2440 2734 2494 in
2787 2434 3145 2493 misericordia
3191 2433 3348 2488 uberi.
3404 2430 3682 2487 Senectus

2068 2547 2253 2594 nostra
2271 2539 2397 2593 oleo
2423 2536 2520 2593 Dei
2542 2536 2764 2605 indiget.
2794 2532 3083 2600 Quomodo
3108 2531 3251 2587 enim
3279 2542 3513 2599 corpora
3540 2542 3681 2583 nos-

2066 2639 2147 2686 tra
2195 2630 2410 2701 quando
2460 2628 2769 2684 laboramus
2825 2624 3059 2700 (loquor
3097 2622 3399 2694 simplicius
3447 2630 3683 2691 propter

2067 2723 2431 2794 simpliciores
2461 2723 2685 2787 fratres,
2720 2722 2809 2791 qui
2855 2736 2960 2775 non
2993 2728 3220 2790 possunt
3247 2716 3554 2789 intelligere
3581 2731 3685 2770 su-

2064 2816 2306 2886 blimius)
2334 2814 2605 2887 quomodo
2632 2829 2859 2885 corpora
2891 2822 3099 2879 nostra,
3131 2810 3347 2882 quando
3380 2809 3678 2878 laborant,

2064 2925 2171 2964 non
2204 2909 2539 2976 reﬁciuntur,
2576 2908 2675 2963 nisi
2708 2908 2963 2963 unctione
3005 2906 3108 2961 olei
3135 2925 3148 2960 :
3178 2902 3451 2973 quomodo
3481 2902 3678 2958 lumen

2064 3002 2208 3072 quod
2237 3004 2288 3057 in
2322 3004 2541 3058 lucerna
2590 3010 2674 3056 cst
2697 3043 2710 3067 ,
2739 3000 2844 3056 nisi
2873 2999 3051 3057 oleum
3091 2998 3332 3062 miseris,
3364 2994 3682 3064 exatingui-

2063 3100 2156 3149 tur
2182 3114 2193 3147 :
2220 3095 2296 3150 sic
2324 3104 2378 3150 ct
2409 3094 2587 3149 lumen
2609 3093 2910 3151 senectutis
2940 3108 3098 3157 mere,
3127 3090 3245 3146 oleo
3275 3100 3330 3145 et
3355 3087 3684 3145 misericor-

351 3204 491 3252 rem,
526 3188 662 3243 alius
693 3197 969 3258 parentes.
1014 3184 1394 3241 Recordemur
1436 3184 1676 3238 infantia:
1708 3193 1908 3238 nostrae
1944 3202 1955 3236 :
1985 3187 2032 3252 C
2065 3187 2152 3242 dia
2183 3187 2275 3242 Dei
2303 3186 2504 3259 indiget
2530 3197 2587 3243 ut
2610 3198 2842 3243 crescat.
2866 3185 3108 3257 Denique
3130 3194 3186 3240 et
3215 3183 3442 3257 apostoli
3475 3197 3682 3239 ascen-

354 3283 714 3340 recordemnr
762 3281 1150 3336 adolescentia:
1198 3296 1209 3331 :
1266 3277 1621 3334 recordemur
1670 3276 1814 3345 quod
1860 3276 1962 3330 ali-

354 3374 578 3446 quando
606 3373 962 3429 habuerimus
990 3371 1227 3437 divitias,
1260 3381 1312 3426 et
1343 3369 1718 3441 unusquisque
1747 3384 1846 3440 pro
1877 3368 1961 3423 vi-

356 3469 514 3524 ribus
562 3468 680 3523 suis
732 3466 925 3520 habuit
953 3464 1097 3536 quod
1130 3465 1323 3534 potuit.
1349 3463 1491 3518 Ecce
1521 3463 1869 3518 transivimus
1895 3462 1962 3517 ad

358 3557 502 3615 hznlc
554 3560 743 3614 vitam.
792 3556 897 3613 Ubi
946 3566 1077 3614 sunt
1102 3556 1191 3611 illa
1238 3555 1459 3612 omnia?
1512 3553 1755 3626 Cogitata
1786 3554 1962 3627 magis

358 3654 610 3708 dolorem
636 3650 878 3717 faciunt,
911 3666 1076 3721 quam
1111 3650 1462 3720 voluptatem.
1494 3649 1638 3705 Nihil
1668 3659 1752 3705 est
1782 3651 1965 3721 itaque

356 3749 560 3805 beaum
583 3790 599 3816 ,
634 3747 736 3803 nisi
766 3748 909 3820 quod
941 3756 1259 3818 perpetuum
1291 3756 1397 3800 est.

433 3841 511 3897 Tu
556 3851 732 3897 autem
778 3840 1079 3894 Altissimus
1133 3840 1185 3893 in
1212 3848 1466 3893 internum
1498 3882 1513 3907 ,
1545 3836 1789 3903 Domine,
1832 3852 1963 3906 quo-

358 3940 504 3995 niam
530 3954 648 3993 ecce
677 3936 874 3991 inimici
906 3935 1002 4003 tui,
1037 3932 1258 3987 Domine
1281 3949 1300 3987 :
1326 3932 1574 4004 quoniam
1613 3947 1727 3986 ecce
1765 3929 1962 3985 inimici

359 4034 435 4089 tui
463 4029 725 4105 peribunt,
758 4039 803 4083 et
848 4028 1212 4099 dispergentur
1238 4043 1410 4079 omnes
1438 4025 1527 4095 qui
1554 4032 1834 4094 operantur
1861 4022 1961 4075 ini-

359 4131 629 4198 quitatem.
670 4125 726 4182 Si
776 4123 1053 4195 peribnnt,
1087 4118 1355 4191 quomodo
1386 4116 1803 4188 dispergentur?
1857 4112 1962 4183 Qui

354 4222 503 4275 enim
566 4215 734 4273 semel
798 4213 1051 4287 perierit,
1113 4212 1354 4282 dispergi
1424 4226 1531 4265 non
1594 4217 1788 4279 potest.
1848 4206 1955 4262 De-

361 4314 487 4370 huit
528 4312 712 4367 dicere
744 4328 757 4364 :
791 4309 932 4364 Ecce
974 4308 1356 4377 dispergentur
1402 4312 1457 4359 ct
1496 4302 1768 4374 peribunt.
1802 4299 1958 4368 Quod

361 4423 493 4480 ergo
535 4406 687 4472 dicit,
725 4402 829 4460 hoc
876 4409 961 4458 est
989 4419 1001 4454 :
1032 4399 1227 4454 inimici
1277 4399 1376 4465 tui,
1418 4396 1661 4463 Domine,
1694 4395 1954 4469 peribunt,

361 4520 486 4561 cum
516 4502 697 4555 omnia
730 4497 824 4553 tibi
849 4496 1090 4566 subjecta
1123 4494 1323 4550 luerint
1347 4511 1357 4546 :
1384 4492 1561 4548 omnis
1595 4490 1685 4563 qui
1709 4491 1958 4546 inimicus

2067 3283 2205 3337 dunt
2234 3282 2285 3337 in
2317 3296 2555 3338 montem
2602 3281 2832 3351 Oliveti,
2877 3291 2934 3337 nt
2966 3281 3219 3353 quoniam
3248 3280 3373 3334 lassi
3404 3285 3581 3345 erant,
3618 3285 3682 3331 et

2062 3374 2381 3445 indigebant
2414 3375 2654 3430 lucerna:
2705 3377 2947 3446 ipsorum
2978 3375 3102 3430 oleo
3138 3373 3371 3439 Domini,
3426 3370 3495 3426 de
3545 3370 3680 3426 oleo

2069 3466 2288 3522 Domini
2322 3468 2713 3524 illuminentur.
2752 3467 2904 3525 Unde
2933 3466 3063 3523 dicit
3092 3475 3147 3523 et
3171 3467 3346 3537 justus
3381 3483 3394 3519 :
3428 3465 3540 3536 Ego
3570 3479 3685 3519 au-

2068 3570 2176 3615 tem
2203 3562 2340 3616 sicut
2370 3561 2509 3616 oliva
2543 3560 2821 3617 lructil'era
2853 3560 2904 3615 in
2929 3560 3092 3617 domo
3116 3558 3325 3614 Domini
3345 3556 3522 3630 (Psal.
3555 3556 3673 3630 LI).

2067 3658 2135 3713 Et
2163 3658 2214 3712 in
2239 3656 2345 3712 alio
2374 3656 2496 3713 loco
2523 3656 2724 3712 dicitur
2758 3674 2769 3710 :
2800 3656 2924 3712 Filii
2954 3657 3027 3712 tui
3058 3656 3200 3711 sicut
3228 3654 3455 3711 novella:
3497 3653 3679 3707 oliva-

2066 3766 2185 3805 rum
2232 3750 2285 3805 in
2317 3751 2546 3807 circuitu
2578 3767 2779 3807 melisa:
2827 3761 2933 3807 tua:
2981 3748 3152 3824 (Psal.
3182 3747 3441 3821 ccxxvn).
3470 3747 3678 3804 Nullus

2066 3842 2203 3897 alius
2226 3857 2379 3897 mons
2403 3853 2540 3911 erat,
2572 3841 2641 3899 de
2672 3859 2780 3912 quo
2805 3842 3051 3897 ascendit
3078 3841 3340 3898 Dominus
3364 3855 3528 3911 regna
3558 3854 3683 3897 cre-

2065 3935 2273 4004 lorum,
2310 3935 2411 3990 nisi
2451 3950 2609 3990 mons
2653 3932 2889 3991 Oliveti?
2914 3933 3187 4005 Numquid
3215 3951 3319 3989 non
3359 3941 3477 3990 erat
3504 3949 3681 3989 mons

2065 4028 2349 4084 sublimior
2376 4029 2427 4083 in
2467 4027 2719 4095 Galilaza,
2748 4028 3006 4085 Thabor?
3040 4028 3177 4098 Quid
3202 4043 3427 4085 necesse
3464 4028 3565 4084 luit
3609 4038 3681 4085 ut

2064 4121 2326 4178 Dominus
2352 4123 2417 4179 de
2442 4131 2625 4178 monte
2653 4121 2848 4180 Oliveti
2889 4122 3279 4180 ceuscendcrct
3332 4124 3382 4179 in
3437 4139 3678 4195 regnum

2063 4215 2368 4272 clelorum?
2412 4216 2516 4272 Sed
2559 4217 2682 4284 vide
2706 4217 2834 4288 quid
2865 4226 2914 4272 te
2946 4217 3228 4289 Scriptura
3278 4217 3473 4274 doceat
3504 4234 3519 4273 :
3547 4215 3681 4274 Nisi

2065 4308 2160 4365 tibi
2191 4320 2254 4369 et,
2276 4308 2613 4380 lampadibus
2640 4310 2747 4366 tuis
2769 4309 2948 4366 oleum
2993 4310 3240 4378 miseris,
3297 4326 3404 4367 non
3455 4312 3683 4383 poteris

2063 4401 2361 4457 ascendere
2392 4402 2443 4457 in
2498 4418 2663 4474 regna
2696 4405 2983 4461 cmlorum.
3020 4403 3195 4460 Debes
3223 4418 3345 4461 esse
3392 4403 3445 4459 in
3478 4413 3685 4460 monte

2062 4496 2290 4564 Oliveti,
2320 4506 2373 4553 ct
2405 4516 2509 4554 non
2540 4500 2590 4554 in
2616 4500 2756 4556 valle
2786 4499 3068 4555 Oliuarum
3089 4544 3104 4570 ,
3130 4498 3225 4555 sed
3255 4500 3309 4555 in
3337 4509 3518 4553 monte
3549 4496 3684 4553 Oli-

362 4607 490 4652 ιιιιιὸ
522 4592 705 4659 mer".
754 4601 939 4661 Ροδιεθ
986 4587 1251 4643 cuidem"
1297 4588 1526 4651 amlCUS,
1563 4586 1665 4639 hoc
1713 4591 1819 4647 εει.
1850 4598 1958 4637 non
1984 4594 2041 4655 D
2066 4594 2193 4647 veli.
2230 4591 2383 4647 Dicat
2414 4592 2655 4664 aliquis:
2708 4596 2840 4662 Quae
2893 4605 2976 4649 est
3027 4593 3127 4649 i5ta
3160 4591 3316 4646 vallis
3347 4589 3684 4646 Ulivarum?

360 4688 566 4761 peribit
605 4686 769 4740 homo
810 4701 822 4737 :
867 4681 963 4739 sed
998 4681 1200 4753 peribit
1251 4679 1524 4736 inimicus.
1569 4678 1669 4745 Qui
1710 4677 1959 4733 inimicus

366 4784 493 4851 l‘nit,
525 4780 735 4836 amicus
777 4777 981 4843 erit,et
1028 4777 1107 4831 sic
1149 4774 1344 4845 peribit
1397 4774 1665 4829 inimicus.
1701 4772 1960 4838 Quoniam

366 4894 484 4933 (τοι
513 4873 711 4930 inimici
742 4871 815 4926 tui
861 4869 1119 4943 peribunt,
1149 4877 1198 4922 et
1242 4867 1601 4940 dispergentur
1646 4883 1818 4921 omnes
1869 4865 1960 4936 qui

364 4978 649 5041 operantur
670 4963 1016 5033 iniquitatem.
1047 4959 1330 5027 Quomodo
1357 4962 1401 5013 si
1431 4960 1602 5013 sat-eti
1626 4958 1787 5014 simul
1809 4966 1955 5023 sunt,

364 5061 662 5134 gratiosum
693 5067 774 5111 est
812 5055 927 5110 :sic
959 5053 1003 5108 si
1037 5061 1350 5123 peccatores
1379 5052 1536 5107 simul
1567 5052 1783 5121 fuerint,
1804 5052 1959 5121 quasi

362 5154 601 5227 pessima
654 5148 1001 5221 congregatio
1048 5154 1131 5203 est
1158 5145 1309 5220 (Gen.
1357 5143 1529 5217 xvnt).
1564 5146 1776 5215 Quanto
1815 5144 1959 5201 enim

363 5249 551 5319 plures
582 5245 743 5301 simul
777 5244 998 5309 luerint,
1027 5250 1177 5297 tanto
1204 5244 1420 5315 pejores
1447 5250 1594 5296 sunt.
1630 5241 1874 5311 Denique
1895 5254 1960 5295 co

366 5355 617 5413 tempore
646 5354 758 5411 quo
788 5339 953 5395 turris
994 5336 1364 5393 :ediﬁcabatur
1399 5348 1586 5392 contra
1630 5336 1824 5401 Deum,
1848 5334 1961 5390 dis-

360 5434 733 5508 pergebantur
757 5431 813 5487 in
859 5430 1147 5487 utilitatem
1180 5445 1356 5485 suam.
1405 5430 1718 5485 Conscnsus
1768 5442 1955 5484 eorum

358 5530 539 5588 malus
565 5528 663 5583 luit
691 5546 705 5582 :
735 5526 1005 5597 dispersio
1045 5540 1177 5582 vero
1225 5526 1430 5595 proluit
1475 5525 1638 5581 etiam
1678 5524 1784 5581 illis
1827 5526 1958 5595 ipsis

358 5624 451 5694 qui
490 5622 719 5692 dispersi
759 5628 907 5675 sunt.
1136 5662 1143 5667 .
1920 5597 1925 5605 ’

430 5715 765 5770 Exultabitur
803 5714 936 5769 sicut
986 5713 1245 5769 unicornis
1289 5730 1451 5769 cornu
1491 5730 1675 5768 meum.
1727 5714 1953 5785 Semper

355 5824 527 5870 cornu
554 5809 607 5864 in
630 5820 799 5879 regno
826 5806 1069 5879 ponitur.
1107 5806 1163 5863 ln
1204 5816 1257 5864 te
1300 5807 1549 5864 inimicos
1583 5818 1799 5865 nostros
1821 5825 1950 5867 ven-

2068 4686 2242 4741 llabct
2269 4686 2514 4743 diabolus
2545 4688 2715 4742 olivas
2743 4701 2869 4742 suas
2899 4705 2909 4739 :
2939 4686 3102 4742 habet
3132 4685 3489 4755 philosophos
3516 4700 3529 4736 :
3565 4681 3684 4737 ha-

2068 4778 2158 4834 bet
2185 4776 2471 4834 llmreticos
2502 4798 2514 4831 :
2544 4778 2747 4834 habent
2776 4787 2834 4834 et
2863 4778 2969 4849 ipsi
3000 4777 3203 4832 oleum.
3241 4775 3310 4831 Et
3341 4774 3445 4846 ipsi
3476 4774 3676 4829 lumen

2066 4872 2313 4927 scicntia:
2341 4873 2699 4942 promittunt,
2734 4870 2830 4928 sed
2862 4871 2951 4927 illa
2979 4871 3177 4926 oliveta
3217 4870 3269 4924 in
3300 4868 3676 4941 perditionem

2066 4963 2340 5021 deducunt
2366 4986 2378 5021 :
2409 4967 2601 5022 Oleum
2630 4977 2810 5022 autem
2861 4966 3167 5037 peccatoris
3221 4979 3328 5020 non
3362 4962 3680 5034 impinguet

2066 5068 2226 5129 caput
2254 5075 2429 5113 meum
2463 5058 2638 5128 (Psal.
2665 5057 2813 5131 οη).
2856 5058 2963 5114 Nos
2994 5074 3124 5130 ergo
3177 5072 3432 5130 rogemus
3476 5057 3675 5111 Domi-

2066 5168 2220 5218 num,
2266 5163 2326 5207 ut
2368 5161 2620 5209 senectus
2659 5162 2873 5216 nostra,
2923 5160 2977 5209 et
3021 5151 3199 5206 omnis
3246 5159 3432 5207 noster
3471 5148 3670 5219 labor,

2065 5253 2121 5302 et
2159 5261 2349 5301 omnes
2393 5247 2631 5303 Ieuehrtc
2660 5256 2862 5303 nostra:
2885 5288 2901 5313 ,
2944 5246 3070 5302 oleo
3100 5242 3317 5300 Domini
3359 5241 3677 5299 illuminen-

2064 5348 2173 5396 tur.
2235 5340 2533 5412 Diligenter
2579 5340 2806 5396 atteudo
2880 5339 2933 5395 in
2996 5336 3332 5408 Scripturis,
3398 5334 3488 5389 ubi
3551 5334 3673 5405 pri-

2065 5450 2212 5489 mum
2244 5434 2470 5506 legerim
2513 5441 2869 5490 scncctutem.
2919 5432 3090 5489 Adam
3120 5426 3405 5502 nongentis
3437 5426 3667 5498 triginta

2061 5530 2221 5583 annis
2244 5528 2407 5594 vixit,
2448 5535 2506 5584 et
2544 5536 2724 5582 tamen
2755 5542 2921 5583 senex
2953 5542 3060 5583 non
3089 5527 3287 5583 dicitur
3322 5546 3335 5581 :
3377 5527 3665 5583 Mathusa-

2060 5622 2168 5702 lem
2236 5622 2524 5693 nongentis
2571 5623 2851 5694 sexaginta
2909 5637 3104 5679 novem
3155 5622 3313 5678 annis
3376 5620 3541 5689 vixit,
3596 5633 3660 5677 et

2057 5733 2225 5776 senex
2295 5735 2399 5774 non
2453 5720 2674 5776 dicitur.
2735 5718 2909 5775 Venio
2981 5734 3152 5789 usque
3220 5716 3287 5774 ad
3354 5716 3656 5784 diluvium,

2055 5824 2111 5871 et
2168 5822 2291 5885 post
2314 5813 2576 5870 diluvium
2643 5830 2740 5885 per
2797 5828 2970 5871 annos
3032 5813 3202 5872 ferme
3271 5813 3368 5871 tria
3432 5812 3597 5869 millia
3633 5855 3651 5885 ,
