3954 6340
221 378 364 437 1105

1156 380 1583 441 BREVIARIUM
1620 381 1686 439 IN
1726 380 2063 440 PSALMOS.
2104 381 2350 440 PSAIM.
2393 382 2575 438 XCIII.

3382 379 3521 438 1106

221 506 275 553 ει
335 497 542 553 nullum
603 497 824 554 invenio
887 498 978 570 qui
1055 498 1236 555 dictus
1292 509 1378 555 est
1444 514 1630 556 senex.
1692 498 2244 571 Pri-Aprzeelegisti
2269 514 2362 555 cas
2390 508 2519 555 ante
2544 497 2987 555 constitutionem
3018 498 3229 566 mundi,
3258 508 3522 555 utessent

225 607 344 647 mus
389 592 665 648 Abraham
723 608 891 650 senex
952 594 1157 650 dicitur
1224 610 1237 649 :
1294 606 1359 650 .et
1433 607 1584 651 certe
1645 594 1820 651 multo

225 684 455 742 minoris
508 687 687 743 anatis
743 688 837 742 fuit
886 704 1045 759 quam
1099 686 1479 744 Mathusalent.
1542 687 1650 745 Sed
1699 702 1821 758 pro-

223 788 406 850 pterea
474 780 673 836 dicitur
730 795 939 847 senex,
1010 783 1265 853 quoniam
1323 792 1577 838 senectus
1651 781 1820 852 ip~ius

223 871 444 927 inuncta
496 872 597 927 fuit
624 874 744 930 oleo
776 874 948 928 uberi.
986 874 1235 946 Denique
1264 875 1527 945 scriptum
1577 886 1659 931 est
1693 873 1768 929 ibi
1805 893 1817 926 :

224 963 291 1020 Et
350 973 600 1022 mortuus
639 976 725 1022 est
768 966 1072 1034 Abraham,
1130 968 1366 1023 nutritus
1419 969 1471 1023 in
1539 978 1821 1024 senectute

223 1057 366 1113 bona
413 1075 426 1111 ε
477 1059 691 1128 plenus,
742 1059 944 1131 inquit,
1004 1060 1209 1115 dierum
1267 1059 1422 1135 (Gen.
1467 1060 1623 1132 xxv).
1684 1059 1819 1116 Pro-

221 1160 406 1221 pterea
438 1149 492 1206 in
525 1162 808 1209 senectute
858 1152 997 1208 bona
1025 1198 1039 1222 ,
1071 1154 1326 1224 quoniam
1354 1153 1544 1222 plenus
1582 1152 1815 1210 diermn.

218 1246 398 1303 Omne
440 1248 585 1305 enim
643 1257 856 1319 tempus
904 1249 1026 1304 vita:
1059 1248 1259 1319 ipsius,
1292 1248 1409 1304 dies
1467 1248 1707 1318 fuerunt,
1767 1258 1822 1305 et

219 1356 330 1397 non
357 1356 487 1397 nox.
515 1342 627 1398 lloc
668 1342 847 1414 ipsum
875 1342 1020 1414 quod
1053 1343 1256 1398 dictum
1288 1350 1371 1398 est
1417 1342 1482 1397 de
1518 1342 1817 1410 Abraham,

218 1433 427 1491 dictum
458 1443 543 1491 est
562 1435 631 1492 de
656 1435 810 1492 Isaac
840 1444 894 1492 et
946 1436 1013 1492 de
1059 1436 1246 1495 Jacob.
1298 1438 1400 1507 Qui
1458 1438 1604 1493 enim
1655 1437 1819 1493 simul

219 1528 529 1583 servierunt
560 1528 822 1598 Domino,
855 1538 1006 1585 recte
1044 1530 1206 1585 simul
1237 1547 1396 1587 senes
1426 1532 1636 1587 Domini
1671 1548 1818 1586 nun-
1846 1592 1851 1597 ,

220 1631 510 1689 cupantur.
548 1620 617 1677 Ut
654 1622 835 1677 cedrus
859 1622 1048 1677 Libani
1093 1623 1522 1696 multiplicabitur
1548 1641 1568 1680 :
1612 1625 1818 1696 lignum

222 1711 362 1769 bene
391 1713 566 1779 olens,
602 1715 803 1786 lignum
836 1715 979 1771 unde
1009 1716 1190 1786 templi
1213 1724 1354 1772 tecta
1382 1724 1635 1772 contecm
1668 1725 1816 1772 sunt.

225 1803 292 1859 Ut
311 1807 502 1860 cedrus
524 1805 710 1861 Libani
735 1806 1204 1879 multiplicabitur:
1231 1809 1433 1881 lignum
1462 1812 1530 1865 im
1540 1812 1814 1881 putribilc.

1925 609 2094 664 genus
2142 594 2395 650 electum.
2428 592 2496 647 Et
2544 604 2666 648 tunc
2696 613 2727 648 α
2756 594 2946 649 stcculo
2976 603 3031 649 tn
3079 610 3154 650 es.
3189 594 3255 650 Et
3276 605 3401 650 ante
3432 610 3519 651 re-

1925 686 2317 742 surrectionem
2351 687 2555 742 mundi.

1998 777 2335 833 Elevaverunt
2364 780 2609 850 ﬂumina,
2638 777 2861 834 Domine
2885 796 2904 834 :
2933 779 3263 836 elevaverunt
3291 781 3513 854 ﬂumina

1925 887 2093 925 vocem
2133 888 2301 925 suam.
2332 871 2578 942 Apostoli
2613 888 2884 942 :quorum
2935 870 3135 928 ﬂuenta
3175 872 3522 945 prmdicatio-

1924 982 2095 1031 num,
2154 966 2430 1021 ariditates
2479 967 2722 1038 gentium
2772 967 3155 1038 irrigaverunt.
3222 968 3264 1023 Α
3314 968 3521 1023 vocibus

1924 1075 2174 1132 aquarum
2202 1061 2504 1115 multarunt.
2541 1060 2949 1117 Detrahentium
2981 1061 3324 1132 papillarum.

1998 1150 2268 1207 Mirabiles
2293 1151 2541 1207 elationes
2561 1154 2741 1206 maris.
2766 1150 2823 1207 In
2853 1152 3035 1208 szeculi
3056 1152 3213 1224 hujus
3240 1153 3518 1210 ﬂuctibus.

1925 1245 2187 1301 Mirabilis
2226 1247 2278 1301 in
2325 1247 2445 1301 altis
2502 1247 2775 1303 Dominus.
2828 1246 3112 1304 Gloriosus
3171 1247 3417 1305 residens
3449 1248 3521 1305 ad

1924 1337 2205 1394 dexteram
2242 1338 2439 1393 Patris.

1999 1431 2315 1487 Testimonia
2336 1442 2445 1498 tua,
2473 1429 2715 1499 Domine,
2744 1433 3010 1489 credibilia
3031 1436 3175 1507 facta
3195 1445 3316 1490 sunt
3344 1436 3517 1491 nimis.

1924 1526 2028 1583 Per
2072 1527 2351 1597 apostolos
2402 1537 2543 1581 tuos.
2578 1526 2806 1582 Domum
2848 1538 2987 1583 tuam
3031 1531 3174 1587 decet
3204 1532 3519 1599 sanctitudo,

1926 1619 2168 1687 Domine,
2200 1624 2251 1674 in
2267 1619 2590 1693 longitudine
2612 1619 2834 1675 dierum.
2855 1621 3156 1677 Ecclesiam
3186 1631 3331 1678 tuam
3361 1638 3522 1694 quam

1923 1713 2215 1769 exhibuisti
2250 1713 2345 1767 tibi
2376 1730 2483 1768 non
2517 1712 2809 1770 habentem
2843 1715 3109 1770 maculam
3135 1726 3229 1771 aut
3256 1732 3439 1787 rugam
3466 1718 3517 1771 in

1924 1825 2026 1879 qua
2077 1824 2175 1864 nos
2228 1808 2466 1877 digneris
2498 1807 2731 1863 mundos
2778 1824 2840 1865 ac
2883 1808 3200 1877 splendidos
3245 1810 3523 1867 custodire

291 1896 532 1954 Planlati
555 1901 608 1954 in
630 1902 785 1955 domo
808 1901 1048 1957 Domini:
1079 1905 1133 1959 in
1178 1906 1329 1959 atriis
1348 1903 1445 1960 Dei
1475 1908 1639 1962 nostri
1660 1910 1817 1979 ﬂore-
1849 1901 1897 1963 B
1925 1900 2142 1975 (Ep/ws-
2201 1900 2289 1973 V);
2359 1916 2460 1957 nec
2501 1902 2749 1971 ΡΟΙιυοΓΘ
2800 1902 3055 1974 baptismi
3104 1904 3333 1975 gratiam
3357 1948 3372 1972 ,
3427 1920 3524 1975 Per

221 1989 367 2044 bunt.
402 1990 542 2045 Alibi
574 1991 903 2063 plantantur,
936 1995 988 2050 in
1012 1997 1809 2068 regnocmlorumﬂorebimus.

222 2081 337 2154 Ego
380 2098 515 2139 vero
556 2086 825 2156 plantavi:
876 2088 1108 2161 Appollo
1157 2092 1389 2163 rigavit,
1424 2095 1518 2150 sed
1550 2095 1816 2150 Dominus

222 2175 618 2234 incrementum
662 2179 813 2237 dedit
869 2181 916 2255 (l
943 2183 1064 2241 Cor.
1102 2187 1205 2255 ut).
1239 2185 1519 2241 Plantatus
1555 2185 1612 2243 in
1651 2187 1817 2243 domo

221 2265 467 2335 Domini,
521 2270 628 2328 hoc
669 2282 790 2339 est,
844 2275 895 2329 in
929 2274 1170 2332 Ecclesia
1204 2297 1218 2335 :
1253 2294 1362 2335 non
1404 2277 1574 2335 muris
1596 2322 1609 2345 ,
1639 2280 1733 2335 sed
1762 2280 1818 2336 in

221 2361 583 2433 dogmatibus.
642 2366 884 2439 Regnum
913 2372 1055 2426 enim
1091 2371 1220 2440 Dei,
1270 2373 1477 2445 inquit,
1523 2375 1666 2431 intra
1717 2391 1817 2432 vos

220 2469 301 2513 est
331 2457 487 2530 (Luc.
508 2460 667 2532 xvu).
693 2464 1030 2537 Quicumque
1060 2467 1330 2537 plantatus
1355 2467 1516 2524 fuerit
1564 2469 1615 2524 in
1656 2469 1819 2525 domo

223 2551 469 2624 Domini,
524 2556 570 2611 si
627 2558 714 2613 hic
766 2558 976 2615 radices
1025 2561 1254 2631 miserit,
1306 2564 1378 2620 ibi
1422 2564 1585 2621 ﬂores
1638 2565 1816 2622 aﬂ‘ert.

223 2645 457 2704 Plantati
487 2651 543 2704 in
589 2651 742 2706 domo
782 2651 992 2708 Domini
1024 2670 1043 2709 :
1070 2654 1123 2709 in
1162 2657 1313 2711 atriis
1343 2656 1443 2712 Dei
1474 2660 1637 2714 nostri
1665 2661 1822 2730 ﬂore-

219 2741 362 2797 bunt.
414 2742 516 2798 Ista
556 2753 681 2799 sunt
719 2752 921 2801 aeterna
965 2748 1333 2806 tabernacula.
1376 2751 1507 2820 Qua:
1552 2764 1678 2808 sunt
1718 2756 1818 2809 ista

215 2834 394 2889 atria?
414 2835 653 2892 Diversze
678 2838 731 2893 in
748 2824 906 2895 caelo
929 2840 1258 2898 mansiones.
1284 2842 1456 2899 Simul
1490 2845 1669 2902 videte
1690 2847 1820 2918 quid

216 2933 362 2989 dicat
393 2952 408 2990 :
453 2933 689 2991 Plantati
712 2938 765 2991 in
796 2937 952 2992 domo
982 2937 1196 2994 Domini
1224 2955 1244 2995 :
1271 2941 1325 2995 in
1352 2942 1500 2996 atriis
1531 2941 1625 2997 Dei
1654 2945 1821 2999 nostri

214 3026 496 3098 ﬂorebunt.
523 3027 622 3084 llic
634 3029 827 3086 domus
838 3039 924 3087 est
945 3048 959 3085 :
984 3031 1059 3087 ibi
1080 3033 1278 3089 atrium
1301 3044 1405 3089 est.
1426 3035 1821 3107 Debuitutique

215 3121 457 3193 primum
489 3121 675 3178 dicere
722 3125 1020 3182 secundum
1050 3126 1335 3196 ordinem,
1368 3131 1567 3186 atrium
1602 3150 1614 3184 :
1651 3141 1706 3188 et
1742 3134 1823 3190 sic

215 3216 461 3270 domum.
490 3215 597 3273 Sed
629 3218 807 3275 videte
829 3220 955 3291 quid
980 3221 1147 3277 dicat.
1178 3222 1277 3279 Hic
1298 3225 1425 3280 licet
1455 3226 1739 3283 videamur
1765 3228 1817 3283 in

214 3308 386 3363 domo
412 3323 535 3365 esse
570 3328 582 3363 :
624 3324 748 3367 cum
782 3312 1203 3384 migraverimus
1233 3317 1299 3371 ad
1331 3333 1494 3390 regna
1525 3322 1812 3390 cmlorum,
1845 3291 1892 3355 ο

215 3399 282 3454 ad
313 3403 780 3470 comparationem
825 3406 1169 3476 angelorum,
1219 3416 1275 3465 et
1301 3410 1559 3468 virtutum
1591 3421 1819 3470 caetera-

214 3509 366 3560 rum,
397 3511 505 3549 non
550 3510 741 3552 sumus
772 3498 823 3552 in
870 3499 1059 3566 domo,
1092 3502 1188 3557 sed
1233 3504 1284 3558 in
1314 3505 1453 3558 atrio
1481 3518 1671 3561 sumus
1698 3524 1709 3558 :
1759 3506 1815 3561 in

211 3586 373 3643 initio
401 3602 590 3644 sumus
616 3632 632 3657 ,
668 3604 774 3647 non
799 3592 849 3646 in
897 3592 1248 3661 perfectione.
1285 3594 1400 3650 Non
1434 3597 1579 3651 enim
1608 3596 1815 3654 erimus

211 3680 428 3750 angeli,
461 3681 557 3737 sed
580 3682 732 3753 quasi
761 3684 935 3756 angeli
967 3683 1147 3755 (Matt.
1181 3685 1337 3757 xxii).
1373 3686 1489 3743 Non
1530 3688 1627 3743 tibi
1658 3689 1812 3761 quasi

209 3786 406 3844 parum
432 3773 684 3829 videatur
707 3775 871 3832 homo
893 3818 908 3843 ,
931 3777 974 3832 si
997 3779 1137 3834 sicut
1157 3778 1382 3851 angelus
1413 3779 1603 3835 fueris.

288 3865 475 3920 Adhuc
505 3866 996 3938 multiplicabuntur
1020 3872 1074 3926 in
1094 3884 1297 3927 senecta
1329 3873 1496 3928 uberi.
1527 3872 1683 3930 Felix
1720 3873 1814 3929 ille

208 3957 305 4029 qui
336 3960 533 4015 crescit
577 3960 855 4032 quotidie,
892 3964 985 4034 qui
1006 3966 1242 4021 senescit
1274 3975 1456 4032 aetate,
1486 3965 1720 4022 senescit
1759 3975 1815 4022 et

208 4052 534 4109 virtutibus.
570 4054 703 4111 Ilaec
738 4055 961 4113 interim
1010 4059 1079 4115 de
1126 4059 1390 4115 Psalterio
1414 4060 1651 4116 diximus
1686 4080 1696 4114 :
1731 4062 1811 4117 lo-

206 4149 325 4201 cuti
350 4162 536 4203 sumus
565 4156 622 4203 et
648 4147 717 4205 de
749 4149 1047 4220 Evangelia
1081 4166 1247 4222 pauca
1273 4194 1288 4219 ,
1319 4152 1558 4208 diximus
1589 4169 1806 4225 quoque

210 4246 272 4294 et
301 4238 369 4295 de
407 4238 689 4310 Apostolo.
721 4240 954 4299 Oremus
1000 4244 1288 4300 Dominum
1310 4287 1325 4313 ,
1375 4255 1432 4300 ut
1461 4262 1620 4301 omne
1668 4246 1810 4317 quod

205 4331 452 4387 diximus
494 4349 624 4398 nos,
656 4344 710 4391 et
748 4352 870 4407 qua:
903 4338 1155 4405 audistis,
1210 4354 1376 4409 opere
1419 4338 1809 4410 compleamus,

205 4433 267 4480 et
290 4425 451 4479 verba
476 4435 752 4483 vertamus
772 4429 828 4483 in
858 4444 1019 4497 opera
1050 4448 1060 4483 :
1089 4431 1245 4502 utqui
1270 4431 1357 4488 hic
1379 4433 1605 4504 plautati
1621 4448 1811 4489 sumus

206 4520 269 4575 in
310 4518 473 4573 domo
519 4520 753 4589 Domini,
789 4523 844 4578 in
871 4524 1011 4579 atrio
1034 4524 1233 4581 Christi
1260 4528 1549 4584 ﬂoreamus
1586 4528 1708 4584 :cui
1739 4530 1812 4586 sit

202 4611 379 4684 gloria
403 4613 456 4668 iu
483 4616 680 4671 stccula
711 4617 1058 4674 smculorum.
1093 4622 1282 4675 Anton.

746 4731 1065 4791 PSALMUS
1107 4732 1270 4790 XCII.

202 4819 352 4900 Laus
380 4821 566 4900 cantici
600 4822 700 4895 ipsi
729 4823 898 4900 David
930 4827 984 4879 in
1013 4825 1098 4880 die
1120 4836 1243 4900 ante
1270 4828 1573 4894 sabbatum,
1598 4833 1810 4900 quando

284 4892 505 4963 fundata
541 4892 630 4949 est
674 4906 828 4951 terra.
877 4898 984 4953 Iste
1020 4897 1260 4963 psalmus
1320 4914 1509 4955 vocem
1558 4892 1813 4959 continet

286 4964 587 5041 prophetae,
620 4965 873 5023 virtutem
902 4976 1064 5039 atque
1096 4969 1546 5041 magniﬁcentiam
1600 4972 1813 5029 Domini

282 5033 449 5091 decan
459 5038 639 5094 tantis.

285 5152 539 5210 Dominus
562 5156 813 5227 regnavit,
844 5156 1081 5213 decorem
1110 5160 1300 5214 induit.
1334 5158 1469 5216 Cum
1506 5177 1797 5234 resurgens

196 5262 232 5303 :I
272 5250 521 5314 mortuis,
547 5257 861 5305 sanctorum
892 5250 991 5305 sibi
1022 5250 1249 5308 cbormn
1279 5253 1534 5323 adjunxit
1568 5271 1582 5314 :
1618 5254 1801 5311 Induit

196 5339 467 5395 Dominus
514 5342 891 5411 fortitudinem.
934 5344 1069 5411 Quia
1099 5344 1377 5400 diabolum
1410 5348 1704 5417 oppressit.
1738 5346 1806 5401 Et

192 5434 482 5507 pracinxit
519 5450 573 5489 se
635 5435 840 5490 uirtute.
897 5436 1125 5503 Quando
1177 5438 1520 5495 multitudine
1566 5439 1807 5510 angelica

197 5525 606 5595 circumdatus,
640 5527 905 5583 remeavit
929 5527 997 5582 ad
1026 5529 1265 5585 Patrem.

281 5618 486 5676 Etenim
506 5620 732 5690 ﬁrmavit
754 5621 925 5675 orbem
951 5629 1119 5691 terrm,
1139 5623 1227 5693 qui
1257 5639 1359 5677 non
1384 5624 1801 5680 commovebitur.

197 5712 479 5770 Instabilis
506 5712 673 5779 enim,
704 5723 758 5768 et
788 5711 1002 5767 mobilis
1040 5722 1186 5769 esset
1213 5713 1391 5771 adhuc
1415 5715 1517 5771 nisi
1546 5730 1643 5771 sua
1675 5714 1805 5772 fuis-

195 5814 295 5866 set
316 5805 714 5863 resurrectione
745 5806 1011 5862 ﬁrmatus.

284 5897 484 5955 Parata
535 5898 682 5957 sedes
713 5907 820 5956 tua.
848 5899 905 5956 In
934 5898 1226 5957 animabus
1252 5900 1499 5957 sanctis..
1532 5901 1612 5959 Tu
1672 5902 1819 5960 enim

1922 1992 2065 2065 quod
2099 1993 2150 2048 in
2178 2001 2229 2048 tc
2253 1995 2422 2049 renati
2453 2010 2643 2051 sumus
2665 1995 2729 2051 ad
2759 1995 2924 2050 vitam
2958 2015 2971 2051 :
3005 1998 3130 2067 quia
3158 1995 3254 2052 tibi
3282 2008 3367 2054 est
3395 2013 3521 2053 cum

1923 2095 2129 2143 alterno
2167 2085 2327 2142 Patre
2366 2095 2422 2142 et
2458 2086 2665 2158 Spiritu
2709 2098 2923 2160 sancto,
2957 2090 3133 2146 honor
3175 2099 3229 2150 et
3258 2091 3433 2165 gloria
3464 2090 3523 2149 in

1922 2179 2119 2236 sazcula
2151 2179 2496 2236 saeculorum.
2523 2179 2716 2236 Amen.

2477 2297 2796 2356 PSALMUS
2822 2297 3006 2355 XCIII.

1926 2409 2176 2468 Psalmus
2227 2412 2393 2469 Dauid
2440 2424 2631 2484 quarta
2685 2414 2904 2470 sabbati.
2966 2415 3196 2486 Semper
3239 2416 3310 2474 de
3367 2418 3522 2474 titulo

1997 2486 2367 2560 disputamus,
2420 2496 2475 2560 ut
2506 2503 2573 2542 ex
2609 2488 2762 2542 titulo
2794 2487 3125 2560 intelligatur
3167 2498 3223 2543 et
3261 2490 3520 2558 psalmus.

1998 2558 2246 2614 Psalmns
2296 2556 2469 2615 David
2518 2570 2705 2630 quarta
2758 2556 2993 2615 sabbati:
3036 2556 3522 2628 Quarta‘sabbati,

1998 2632 2052 2685 in
2083 2631 2263 2687 medio
2295 2633 2508 2687 sabbati
2539 2640 2624 2685 est
2653 2648 2665 2685 :
2697 2632 2850 2702 quasi
2880 2634 2931 2686 in
2957 2631 3124 2687 corde
3153 2631 3391 2699 sabbati,
3416 2633 3522 2689 hoc

1999 2712 2106 2769 est,
2138 2704 2190 2758 in
2218 2704 2396 2760 medio
2439 2703 2818 2758 hebdomadis.
2864 2704 2990 2759 Dies
3019 2705 3165 2758 enim
3190 2714 3380 2773 quarta
3412 2714 3520 2773 est,

1998 2787 2051 2830 et
2079 2785 2275 2846 quarta
2322 2776 2438 2831 dies
2474 2774 2640 2831 habet
2676 2789 2743 2829 ex
2797 2788 3026 2846 utroque
3073 2776 3242 2831 latere
3278 2777 3525 2844 aequales

1999 2847 2135 2903 dies.
2191 2848 2361 2902 liabet
2412 2848 2558 2903 enim
2598 2864 2663 2903 ex
2707 2862 2814 2901 uno
2857 2847 3029 2903 latere
3076 2847 3218 2902 diem
3257 2849 3518 2917 primum,

1997 2919 2314 2985 secundum,
2364 2922 2579 2975 tertium
2614 2938 2626 2973 :
2661 2929 2717 2975 et
2742 2933 2806 2973 ex
2836 2919 2942 2973 alio
2974 2919 3141 2974 latere
3185 2919 3345 2972 habet
3372 2918 3516 2974 diem

1998 2992 2270 3060 quintum,
2321 2999 2559 3061 sextum,
2598 2991 2911 3057 septimum.
2956 2988 3164 3045 Videtis
3201 2989 3360 3061 igitur
3385 3006 3521 3061 quo-

1999 3065 2143 3116 niam
2193 3062 2308 3117 dies
2340 3074 2554 3133 quarta,
2612 3062 2715 3119 hoc
2769 3070 2871 3126 cst,
2924 3070 3115 3132 quarta
3165 3062 3404 3124 sabbati,
3450 3077 3521 3117 ex

2003 3144 2236 3203 utroque
2288 3135 2457 3189 latere
2485 3134 2687 3204 duplici
2722 3134 2965 3188 trinitate
3018 3135 3277 3188 firmatur.
3312 3133 3515 3190 Simul-

2000 3221 2107 3275 que
2153 3206 2605 3277 considcrandum
2634 3223 2646 3260 :
2675 3204 2799 3277 quia
2842 3213 3065 3276 quartus
3097 3220 3379 3270 numerus,
3410 3206 3521 3259 vir-

2002 3284 2116 3330 tuto
2140 3277 2380 3333 decimus
2409 3286 2516 3333 est.
2543 3276 2865 3346 Quomodo?
2891 3278 2934 3333 si
2957 3280 3105 3332 enim
3124 3286 3424 3346 computes,
3459 3286 3516 3331 et

1998 3349 2247 3404 ordinem
2291 3349 2459 3403 facias
2491 3365 2723 3414 :unum,
2753 3348 2882 3413 duo,
2922 3360 3052 3412 tres,
3082 3356 3339 3418 quatuor,
3374 3347 3522 3403 deci-

1999 3435 2121 3477 mus
2161 3435 2421 3475 numerus
2476 3420 2735 3476 efﬁcitur.
2782 3420 3009 3476 Vidistis
3054 3418 3216 3491 igitur
3263 3421 3521 3491 quoniam

1998 3500 2224 3562 quartus
2266 3506 2523 3546 numerus
2572 3492 2742 3547 efﬁcit
2770 3490 3146 3562 decimum,et
3177 3490 3521 3546 considerate

1997 3577 2062 3617 ex
2086 3562 2227 3619 hoc:
2257 3566 2384 3634 quia
2413 3572 2649 3634 quatuor
2682 3563 2970 3629 Evangelia
3003 3564 3055 3616 in
3079 3561 3341 3631 decalogo
3366 3578 3520 3617 eom-

1993 3643 2265 3703 putantur,
2322 3644 2379 3689 ut
2410 3634 2791 3705 quodcumque
2840 3634 3123 3689 dicebatur
3153 3634 3204 3689 in
3252 3634 3516 3704 decalogo

1995 3708 2099 3761 hoc
2126 3707 2462 3775 compleatur
2488 3707 2544 3761 in
2568 3714 2802 3775 quatuor
2828 3706 3157 3775 Evangeliis,
3182 3712 3244 3760 ut
3274 3721 3378 3759 non
3407 3706 3521 3760 dis-

1991 3779 2187 3832 sentiat
2216 3778 2298 3831 lex
2330 3786 2485 3831 vetus
2510 3777 2579 3830 ab
2600 3776 2911 3845 evangelica
2934 3776 3214 3847 dignitate.
3240 3776 3352 3831 Iloc
3371 3776 3517 3832 inte-

1992 3848 2093 3902 rim
2116 3848 2358 3904 diximus
2378 3848 2445 3903 de
2461 3848 2634 3916 titulo,
2668 3862 2809 3901 nunc
2831 3845 3107 3901 veniamus
3130 3845 3198 3901 ad
3227 3847 3517 3916 psalmum.

1990 3941 2130 3996 Deus
2178 3939 2433 3997 ultionum
2484 3940 2785 4008 Dominus,
2832 3938 2974 3995 Deus
3044 3937 3304 3994 ultionum
3358 3939 3518 3995 libere

1917 4034 2038 4108 egit.
2086 4034 2187 4102 Qui
2220 4043 2370 4089 tanto
2419 4045 2665 4104 tempore
2698 4033 2870 4100 latuit,
2908 4042 2961 4087 et
2992 4047 3099 4087 non
3132 4030 3425 4102 apparebat
3457 4032 3516 4089 in

1918 4128 2117 4200 populo
2143 4146 2157 4183 :
2179 4136 2361 4197 postea
2391 4128 2562 4183 libere
2593 4125 2721 4198 egit.
2754 4125 2888 4195 Quia
2936 4135 3100 4181 antea
3129 4125 3516 4195 ignorabatur,

1915 4231 2103 4295 postea
2137 4221 2487 4292 triumphavit
2521 4223 2574 4277 in
2610 4236 2792 4277 cruce.
2830 4218 2973 4275 Deus
3015 4219 3274 4274 ultionum
3321 4218 3514 4275 Domi-

1914 4330 2031 4369 nus.
2076 4313 2135 4371 Si
2176 4314 2318 4370 Deus
2364 4315 2628 4369 ultionum
2683 4312 2949 4368 Dominus
3008 4320 3131 4382 est,
3188 4310 3320 4367 mihi
3385 4313 3515 4369 vin-

1913 4407 2112 4464 dictam
2163 4417 2217 4464 ει
2264 4423 2365 4479 ego
2396 4407 2721 4474 retribuam,
2769 4407 2900 4461 dicit
2929 4406 3215 4475 Dominus,
3268 4405 3396 4477 quid
3458 4414 3513 4463 te

1913 4503 2065 4572 cupis
2093 4501 2387 4568 vindicare,
2423 4500 2626 4556 homo?
2657 4500 2837 4557 llabes
2871 4501 3106 4556 ultorem
3150 4500 3346 4557 Deum.
3374 4499 3515 4555 Dicit

1918 4593 2022 4650 hoc
2071 4604 2125 4651 ει
2157 4594 2571 4665 Apostolus:Si
2618 4594 2877 4650 esurierit
2917 4593 3173 4650 inimicus
3215 4601 3359 4663 tuus,
3393 4594 3516 4651 ciba

1837 4682 2090 4748 Dillum.
2125 4691 2181 4746 Si
2226 4689 2362 4756 sitit,
2416 4689 2483 4745 da
2514 4688 2593 4744 illi
2639 4697 2845 4760 potum.
2898 4687 3028 4745 Haec
3079 4688 3227 4745 enim
3280 4688 3511 4753 faciens,

1913 4784 2177 4840 carbones
2219 4784 2357 4854 ignis
2387 4783 2742 4854 congregabis
2772 4797 2936 4853 super
2964 4791 3127 4854 caput
3166 4782 3285 4852 ejus
3326 4780 3507 4853 (Deut.

1915 4890 2092 4943 xxxu;
2116 4876 2268 4930 Rom.
2304 4872 2426 4945 xu).
2464 4874 2575 4929 [Ioc
2606 4890 2710 4929 non
2746 4874 2959 4930 videtur
2989 4873 3205 4944 pietatis
3234 4886 3386 4938 esse,
3417 4870 3516 4926 sed

1917 4968 2270 5023 crudelitatis.
2296 4967 2352 5023 Si
2380 4966 2522 5021 enim
2554 4966 2693 5023 bene
2724 4967 2800 5023 illi
2823 4966 2982 5034 facio,
3012 4976 3072 5020 ut
3098 4965 3177 5021 illi
3207 4963 3515 5019 malefaciat

1922 5060 2065 5115 Dcus
2098 5077 2112 5117 ;
2148 5074 2257 5114 non
2301 5060 2449 5115 venit
2481 5059 2585 5115 hoc
2611 5059 2680 5115 dc
2712 5059 2933 5129 pietate,
2963 5056 3061 5111 sed
3096 5056 3165 5111 de
3186 5053 3514 5112 crudelitate

1923 5153 2143 5209 mentis.
2169 5151 2326 5220 Quod
2355 5152 2498 5209 enim
2523 5151 2654 5208 dicit
2679 5150 2973 5223 Apostolus
3001 5165 3016 5203 :
3048 5147 3104 5204 Si
3132 5147 3387 5204 esurierit
3409 5147 3515 5203 ini-

1917 5247 2091 5302 micus
2112 5252 2256 5315 tuus,
2288 5246 2407 5303 ciba
2439 5245 2593 5302 illum
2622 5260 2637 5299 :
2670 5245 2715 5300 si
2747 5244 2888 5311 sitit,
2920 5241 2986 5296 da
3014 5241 3092 5296 illi
3117 5248 3301 5311 potum
3334 5255 3350 5295 :
3377 5240 3514 5295 hnc-

1919 5356 2089 5413 usque
2125 5342 2338 5398 videtur
2377 5339 2771 5401 misericordia,
2809 5337 2921 5393 Hoc
2950 5348 3082 5391 vero
3121 5335 3269 5406 quod
3304 5334 3513 5393 infert:

1919 5434 2047 5491 llaec
2076 5436 2220 5490 enim
2246 5433 2473 5502 faciens,
2502 5431 2777 5487 carbones
2805 5428 2943 5499 ignis
2965 5424 3322 5498 congregabis
3347 5440 3516 5497 super

1919 5534 2087 5598 caput
2126 5526 2265 5597 ejus.
2298 5525 2509 5582 Videtis
2534 5524 2679 5581 enim
2726 5527 3016 5593 propterea
3047 5534 3241 5591 panem
3269 5519 3421 5585 dare,
3459 5528 3518 5576 ct

1919 5635 2117 5693 aquam
2141 5620 2274 5677 dare
2300 5620 2505 5688 bibere,
2532 5628 2590 5674 ut
2618 5618 2713 5675 ille
2740 5617 2793 5674 in
2824 5615 3043 5673 sacculis
3072 5625 3408 5687 torqueatur.
3444 5614 3516 5671 Et

1920 5716 2028 5772 hoc
2073 5716 2208 5772 dicit
2244 5714 2567 5787 Apostolus,
2624 5722 2679 5769 et
2745 5709 3136 5769 misericordiae
3189 5710 3517 5782 praedicator

1919 5808 2296 5866 crudelitatem
2338 5805 2541 5861 docet?
2587 5805 2701 5861 Non
2751 5806 2913 5878 igitur
2957 5806 3036 5861 sic
3094 5802 3508 5875 accipiendum,

1931 5901 2027 5959 sed
2058 5900 2167 5960 alio
2193 5913 2377 5957 sensu.
2416 5897 2475 5956 Si
2508 5907 2559 5957 te
2590 5899 2819 5970 percutit
2846 5897 3129 5967 inimicus,
3166 5883 3225 5955 tu
3255 5898 3302 5956 ei
3337 5886 3522 5970 praebe
