3954 6340
450 325 471 379 1
495 326 585 377 ιΓιῖ

1245 319 1590 383 ΑΡΡΞεΝΜΧ
1632 321 1723 383 AD
1764 321 2005 385 TOMUM
2043 322 2393 391 SEPllliUll
2432 324 2490 382 S.
2534 325 2940 383 HIliilONYMI.

3591 335 3708 394 H08

448 449 503 493 ct
532 439 757 494 alteram
791 436 1063 492 maxillam
1096 440 1113 507 (
1141 435 1325 491 Matth.
1355 452 1384 490 v
1405 434 1448 508 ).
1483 434 1538 490 Si
1572 435 1666 491 tibi
1707 433 1799 491 ille
1828 436 2047 492 malefa-
2072 438 2128 509 Α
2150 448 2241 499 aut
2261 439 2351 508 qui
2375 438 2529 508 finxit
2559 441 2765 495 oculum
2784 481 2798 504 ,
2828 457 2932 496 non
2961 440 3395 517 considerat?Qoi
3421 444 3603 517 ﬁgulus
3622 459 3712 520 est,

448 533 555 601 cit,
602 539 654 583 tu
684 531 757 585 illi
788 528 869 584 fac
904 531 1061 593 bene,
1098 527 1155 585 Si
1191 527 1337 582 enim
1375 526 1477 583 Itoc
1510 525 1737 595 feceris,
1779 529 2048 585 carbones

451 625 589 696 ignis
622 621 978 693 congregabis
1021 636 1187 692 super
1215 630 1376 690 caput
1406 622 1543 690 ejus.
1581 621 1734 691 Quod
1760 621 1920 689 dicit,
1947 622 2052 679 hoc

452 729 537 774 est
559 762 573 782 ,
607 716 891 775 mundabis
916 731 1041 771 eum
1069 726 1373 791 aper-cato.
1409 714 1656 772 Vincitur
1689 717 1831 772 enim
1860 715 2053 775 crude-

456 813 584 868 litas
614 812 759 866 illius
792 808 1045 877 patientia
1085 818 1195 864 tua.
1227 808 1281 865 Si
1315 810 1564 879 sagittam
1596 809 1796 881 dirigas
1836 810 1886 864 in
1917 808 2052 878 iapi-

455 904 669 972 dcm,et
701 905 838 975 lapis
866 902 1036 958 durus
1069 900 1227 957 fuerit
1264 921 1274 955 :
1304 918 1408 956 non
1434 902 1609 956 sidunt
1649 917 1754 957 non
1792 901 2049 972 infigitur,

457 1000 553 1055 sed
587 998 782 1053 resilit.
815 997 905 1053 Sic
945 996 1198 1052 inimicus
1243 1003 1366 1057 tuus
1412 997 1455 1053 si
1491 996 1848 1067 percusserit,
1883 1008 1938 1050 ct
1969 1010 2055 1050 tc-

457 1107 745 1162 percu‘sm
795 1108 901 1146 non
951 1091 1133 1153 fuerit.
1184 1089 1442 1163 patientia
1494 1100 1579 1149 tua
1627 1096 1953 1160 Superatus,
1984 1088 2050 1145 ad

458 1189 685 1244 meliora
719 1185 1072 1241 convertitur.

535 1284 806 1355 Usqueqno
841 1289 1163 1349 peccatores,
1195 1277 1443 1340 Domine,
1478 1290 1736 1348 usquequo
1763 1288 2054 1348 peccatores

460 1373 870 1451 gloriabuntur?
922 1371 1261 1443 [inpatientia
1337 1370 1569 1427 humana
1620 1385 1726 1425 non
1786 1371 1900 1425 vult
1961 1371 2055 1427 Dci

464 1474 663 1528 habere
712 1468 1049 1540 patientiam.
1086 1465 1266 1523 Miseri
1302 1481 1422 1532 nos,
1470 1454 1565 1538 'qui
1611 1465 1865 1522 volumus
1898 1466 2056 1523 nobis

461 1567 630 1623 Deum
674 1579 793 1620 esse
842 1564 1159 1632 patientem,
1212 1567 1267 1616 et
1298 1559 1531 1615 inimicis
1578 1559 1970 1630 impatientem.
1999 1557 2058 1616 Si

462 1657 683 1730 quando
735 1670 1064 1727 peccamus,
1116 1652 1409 1724 patientem
1450 1650 1699 1723 cupimus
1762 1650 1954 1708 Deum.
1998 1650 2055 1709 Si

462 1750 683 1822 quando
706 1747 781 1803 ali
802 1748 903 1818 tuis
935 1745 988 1801 in
1021 1761 1119 1800 nos
1147 1745 1458 1818 deliquerit,
1484 1745 1537 1799 in
1570 1744 1742 1817 ipsum
1768 1763 1873 1800 non
1905 1745 2057 1802 volu-

2152 529 2363 599 ignnrat
2391 544 2482 583 vas
2512 530 2705 585 suum?
2733 530 2838 599 Qui
2878 532 3041 593 alium
3072 533 3195 591 facit
3226 536 3436 606 audire,
3465 553 3589 613 ergo
3616 542 3716 613 ipse

2151 635 2257 711 non
2302 620 2524 677 audiet?
2568 623 2670 691 Qui
2701 624 2834 685 milii
2879 624 3028 682 dedit
3075 627 3285 695 oculos,
3328 645 3457 701 ergo
3492 632 3599 711 ipse
3624 650 3713 692 non

2151 708 2336 767 videt?
2380 711 2479 783 Qui
2534 725 2724 770 auctor
2751 726 2837 771 est
2864 716 3239 789 intelligentia:
3287 736 3443 791 mea,
3496 708 3602 794 ipse
3628 741 3719 785 nou

2153 805 2443 881 intelligit?
2492 817 2516 843 ιι
2550 807 2655 864 Iste
2684 808 2838 865 locus
2866 807 3125 869 adversus
3170 828 3268 869 eos
3316 814 3546 873 maxime
3591 818 3720 889 facit,

2154 901 2245 971 qui
2277 902 2811 973 Antropomoriihittu
2839 914 2985 975 sunt,
3008 908 3100 978 qui
3133 906 3323 969 dicunt
3349 908 3515 967 Deum
3542 909 3724 971 habete

2155 995 2422 1064 membra,
2474 1012 2592 1066 quae
2641 997 2806 1053 etiam
2854 1012 2955 1059 nos
2994 998 3283 1061 habemus.
3335 999 3496 1063 Verbi
3540 1017 3721 1061 causa:

2157 1085 2381 1142 Dicatur
2428 1085 2574 1144 Deus
2606 1086 2808 1146 habere
2839 1091 3029 1151 oculos
3063 1109 3075 1144 :
3111 1094 3254 1153 oculi
3310 1092 3521 1153 Domini
3572 1098 3726 1171 respi-

2156 1180 2307 1234 ciunt
2353 1182 2536 1236 omnia
2570 1200 2582 1235 :
2616 1198 2808 1239 manus
2852 1184 2945 1240 Dei
2992 1184 3125 1241 facit
3175 1188 3381 1245 ninnia.
3415 1186 3483 1253 Et
3527 1190 3726 1265 auditit,

2155 1271 2351 1345 inquit,
2382 1272 2555 1337 Adam
2589 1290 2783 1335 sonum
2817 1277 3013 1348 pedum
3048 1277 3263 1337 Domini
3287 1281 3732 1345 deatubulamisiu

2159 1366 2412 1438 paradiso
2462 1367 2617 1445 (Gen.
2666 1369 2775 1443 ni).
2834 1371 2960 1431 llaec
3014 1373 3340 1444 simpliciter
3384 1375 3642 1443 audiunt.
3687 1389 3734 1436 et

2161 1460 2423 1519 humanas
2472 1461 2876 1521 itnbecillitates
2919 1466 2988 1521 ad
3019 1467 3114 1525 Dei
3143 1465 3594 1541 ttiagniﬁceutiam
3617 1471 3736 1529 rele-

2161 1568 2304 1613 runt.
2351 1558 2465 1629 Ego
2493 1568 2677 1615 autem
2708 1558 2830 1617 dico
2876 1560 3023 1631 quod
3057 1561 3200 1618 Deus
3227 1570 3371 1621 totus
3414 1563 3597 1621 oculus
3625 1576 3733 1622 est:

2161 1661 2310 1710 totus
2354 1668 2547 1709 manus
2593 1662 2717 1709 est:
2755 1663 2898 1710 totos
2944 1670 3039 1727 pes
3065 1665 3168 1713 est.
3200 1654 3370 1713 Totus
3416 1657 3604 1715 oculos
3628 1668 3733 1715 est:

2162 1752 2285 1822 quia
2329 1750 2513 1806 omnia
2560 1749 2730 1806 videt.
2781 1749 2951 1809 Totus
3002 1766 3195 1811 manus
3243 1763 3328 1808 est
3363 1770 3375 1805 :
3409 1751 3536 1827 quia
3579 1753 3738 1808 omnia

463 1862 584 1899 mus
636 1859 760 1897 esse
818 1841 1109 1910 laticntem
1166 1838 1359 1893 Deum.
1439 1836 1711 1908 Usquequo
1768 1842 2443 1914 peccatoreanperatur.
2488 1842 2659 1903 Totus
2710 1858 2804 1915 pes
2859 1855 2993 1900 est:
3037 1846 3160 1925 quia
3217 1845 3419 1921 ubique
3465 1857 3568 1902 est.
3609 1845 3739 1918 Ergo

466 1933 872 2010 gloriabuntur?
900 1933 1020 1988 Non
1052 1932 1134 1987 eis
1164 1930 1362 1986 sufficit
1392 1946 1641 2004 pecearc,
1685 1932 1778 1987 sed
1811 1933 1971 1988 etiam
2006 1935 2058 1989 in

466 2032 710 2103 peccatis
739 2027 1064 2099 gloriantur.
1117 2024 1296 2080 Prima
1347 2023 1631 2083 infelicitas
1672 2033 1758 2081 est
1792 2040 2058 2096 pcerare:

470 2121 706 2177 secunda
727 2118 1031 2183 infelicitas,
1058 2119 1225 2173 immo
1247 2117 1567 2185 novissima,
1586 2133 1691 2174 non
1706 2133 1869 2190 agere
1893 2119 2065 2188 paeni-

472 2217 719 2272 tentiam.
747 2216 837 2270 isti
864 2229 994 2283 ergo
1023 2223 1345 2286 peccatores
1367 2227 1472 2268 non
1491 2212 1665 2267 solum
1701 2229 1806 2268 non
1836 2213 2066 2270 ﬂectunt

469 2309 765 2375 cervicem,
789 2308 881 2363 scd
908 2308 1078 2362 libere
1107 2314 1228 2377 post
1251 2315 1530 2377 peccatum
1557 2322 1714 2361 suum
1742 2307 2061 2378 gloriantur.

549 2401 865 2470 liffabuntur
881 2408 926 2454 rt
940 2399 1572 2472 loquenturiniquitatem.
1606 2397 1837 2470 PrOprie
1862 2399 1979 2456 hinc
1998 2399 2067 2456 de

474 2496 750 2552 haereticis
798 2496 1055 2567 loquitur.
1087 2492 1388 2566 Loquentur
1431 2508 1607 2553 omnes
1648 2492 1735 2569 qui
1786 2505 2068 2567 aperantur

470 2593 821 2664 iniquitatem.
875 2590 1069 2646 Videte
1107 2590 1321 2661 signum
1352 2606 1366 2646 :
1392 2588 1495 2658 Qui
1533 2588 1812 2659 loquitur,
1838 2604 2065 2647 necesse

473 2697 553 2740 cst
604 2696 663 2740 ut
694 2686 838 2741 male
880 2685 1066 2740 faciat.
1100 2685 1174 2741 Ex
1216 2684 1549 2740 abundantia
1583 2684 1732 2739 enim
1776 2683 1962 2740 cordis
2005 2699 2066 2740 os

473 2785 713 2856 loquitur
744 2781 894 2857 (Luc.
926 2782 1028 2856 vt).
1058 2780 1398 2853 Ubicumque
1421 2779 1755 2839 coiiscientia
1788 2780 2068 2836 vulnerata

474 2890 581 2950 est,
606 2876 678 2932 ibi
712 2877 764 2932 in
797 2890 893 2932 ore
923 2874 1080 2931 facile
1112 2883 1389 2947 peccatur.

554 2972 821 3045 Populum
869 2980 1038 3037 tuum,
1082 2968 1325 3038 Domine,
1380 2969 1801 3027 humiliarerunt.
1837 2968 2074 3039 Semper

477 3067 571 3121 Ilei
617 3066 841 3136 populus
872 3064 1191 3120 humiliatur
1225 3083 1237 3116 :
1266 3063 1360 3119 Dei
1410 3063 1641 3134 pOpililIS
1687 3064 2016 3134 opprimitur
2056 3080 2070 3118 :

476 3158 739 3229 Populum
763 3169 926 3223 tuum,
949 3157 1191 3225 Domine,
1213 3156 1631 3215 humilinrernnt.
1652 3155 1881 3228 Semper
1895 3172 2064 3230 popu-

2164 1937 2345 1993 videte
2392 1936 2520 2009 quid
2551 1937 2732 1993 dicat:
2767 1936 2867 2011 Qui
2904 1937 3153 2011 plantarit
3182 1955 3383 2008 aurem,
3429 1956 3529 1994 non
3554 1925 3744 1995 audiet?

2166 2032 2283 2089 Non
2314 2032 2454 2088 dixit
2477 2050 2492 2089 :
2513 2031 2606 2105 qui
2634 2033 2898 2103 plantavit
2919 2048 3127 2101 aurem,
3151 2049 3282 2105 ergo
3308 2035 3424 2106 ipse
3450 2049 3631 2089 aurem
3650 2050 3741 2097 non

2167 2126 2350 2183 habet.
2382 2125 2500 2183 Non
2530 2127 2668 2185 dixit
2704 2146 2716 2181 :
2747 2143 2881 2199 ergo
2915 2127 3029 2200 ipse
3057 2129 3246 2184 oculos
3280 2144 3391 2185 non
3444 2129 3623 2185 liabet.
3651 2130 3744 2188 Sed

2167 2222 2297 2296 quid
2339 2220 2509 2279 dixit?
2538 2221 2640 2289 Qui
2687 2222 2938 2301 plantavit
2976 2240 3175 2291 aurem,
3205 2241 3308 2280 non
3356 2224 3578 2285 audiet?
3604 2235 3647 2281 st
3670 2227 3745 2296 qui

2168 2318 2320 2390 ﬁnxit
2351 2319 2549 2388 oculos,
2572 2334 2675 2379 non
2705 2318 3043 2377 considerat?
3073 2317 3316 2381 Membra
3335 2319 3461 2383 tulit
3493 2335 3509 2375 :
3535 2319 3750 2379 efﬁcien-

2172 2417 2274 2475 tias
2302 2412 2487 2470 dedit?

2250 2508 2352 2577 Qui
2396 2510 2615 2584 corripit
2662 2521 2863 2592 gentes,
2912 2527 3018 2567 non
3056 2520 3255 2583 arguet.
3298 2510 3403 2579 Qui
3429 2510 3573 2568 alios
3596 2511 3754 2580 docet,

2177 2620 2311 2678 ergo
2368 2606 2488 2683 ipse
2520 2620 2626 2661 non
2659 2605 2849 2669 novit?
2877 2606 2980 2677 Qui
3008 2608 3155 2663 docet
3193 2607 3458 2667 hominem
3488 2607 3755 2667 scientiate.

2175 2700 2530 2775 Subauditur,
2562 2714 2696 2772 ergo
2727 2702 2843 2772 ipse
2868 2715 2974 2756 non
3005 2700 3165 2757 habet
3190 2699 3478 2759 scientiam
3498 2703 3524 2757 Υ

2259 2793 2515 2851 Dominus
2539 2795 2635 2850 scit
2664 2795 3003 2866 cogitationes
3021 2792 3293 2855 hominum
3320 2809 3337 2849 :
3362 2793 3612 2862 quoniam
3636 2805 3762 2851 seu

2181 2903 2326 2951 sunt.
2357 2891 2612 2964 Legimus
2642 2893 2694 2946 in
2725 2903 2885 2962 poeta
2912 2890 3160 2951 sa‘culari
3195 2908 3209 2945 :

2237 3043 2251 3057 -
2270 3012 2315 3066 0
2336 3027 2485 3066 curas
2506 3014 2786 3065 inminuat
2803 3026 2835 3066 ο
2849 3023 3085 3080 quantum
3109 3020 3188 3066 est
3211 3016 3261 3065 tn
3282 3016 3438 3066 rebus
3456 3015 3630 3067 insae!

2178 3137 2249 3193 Et
2296 3137 2563 3210 gentiles.
2614 3148 2670 3194 et
2723 3136 3035 3208 pliilosOphi
3099 3138 3262 3192 istum
3326 3136 3655 3197 versiculum
3708 3134 3766 3191 ad

477 3226 570 3311 ιυέ
600 3255 692 3310 “ei
742 3254 1078 3318 “milia”...
1126 3263 1183 3306 θι
1226 3251 1471 3309 imm"...
1517 3250 1685 3305 "cum
1730 3226 1823 3319 ,μη
1855 3226 2076 3305 mnium
2103 3240 2149 3305 ρ
2180 3231 2376 3289 caelum
2408 3231 2610 3288 levant.
2639 3230 2703 3286 Et
2737 3231 2863 3303 quid
2894 3230 3125 3286 dicunt?
3151 3228 3295 3285 Nihil
3336 3230 3521 3311 potuit
3546 3226 3767 3303 prodeo.

478 3347 598 3410 fuit,
632 3355 682 3401 et
718 3346 866 3400 mitis
887 3344 1075 3400 corde.

555 3437 782 3491 Viduam
810 3443 860 3490 et
886 3437 1138 3491 advenam
1167 3435 1559 3508 interfecerunt,
1598 3443 1648 3497 et
1676 3433 1911 3507 pupillos
1937 3436 2075 3495 occi-

479 3532 670 3585 derunt
702 3545 719 3582 :
751 3537 802 3587 et
836 3528 1109 3595 dixerunt,
1137 3544 1238 3583 non
1273 3525 1461 3585 uidebit
1490 3524 1768 3589 Demittus.
1798 3527 1952 3589 Licet
1977 3527 2080 3583 hoc

482 3621 829 3676 manifestum
878 3623 950 3674 sit
991 3620 1293 3674 secundum
1337 3618 1651 3684 historiam,
1686 3634 1905 3690 semper
1934 3622 2077 3676 enim

481 3717 812 3789 quicumque
857 3713 1110 3788 pratsidlo
1148 3711 1392 3786 indiget,
1433 3712 1596 3770 facile
1636 3714 1982 3784 opprimitur,
2026 3724 2081 3772 ει

481 3818 683 3878 quanto
705 3809 903 3881 aliquis
929 3804 1187 3863 humilior
1202 3804 1382 3875 fuerit,
1400 3814 1552 3865 tanto
1582 3807 1675 3864 ille
1693 3805 1861 3879 magis
1880 3809 2082 3880 qoinp-

481 3900 701 3973 primit.
725 3899 950 3956 offendit
976 3899 1145 3959 Deum
1174 3918 1186 3953 :
1224 3909 1402 3955 tamen
1429 3907 1484 3954 et
1510 3899 1807 3954 secundum
1842 3895 2082 3972 tropolo-

480 3992 622 4062 giam
654 3986 1073 4061 interpretemur
1097 4007 1110 4043 :
1135 3988 1378 4047 dixeram
1404 3991 1547 4047 cnim
1578 3990 1645 4045 de
1671 3990 1937 4049 bii-reticis
1979 3991 2082 4049 boc

480 4084 611 4141 dici.
650 4084 875 4143 Viduam
903 4095 948 4138 et
975 4083 1227 4141 advenam
1246 4082 1635 4153 interfecerunt.
1663 4083 1835 4140 Vidua
1858 4083 2083 4159 illaqlm

481 4178 652 4239 Deum
687 4180 864 4235 virum
911 4179 1114 4237 habere
1156 4178 1376 4245 desivit,
1406 4178 1587 4241 anima
1643 4188 1728 4234 est
1756 4178 2077 4250 peccatoris.

481 4271 703 4325 Advena
732 4280 813 4327 est
865 4269 958 4336 qui
988 4283 1095 4325 nou
1123 4278 1206 4323 est
1255 4266 1549 4332 habitator,
1584 4268 1687 4325 hoc
1716 4280 1823 4336 est,
1850 4270 1941 4343 qui
1973 4284 2081 4331 non

484 4361 714 4419 tiabuat.
743 4359 840 4417 Ille
868 4359 964 4429 qui
988 4375 1161 4429 nuper
1186 4360 1519 4426 crediderat,
1555 4371 1782 4434 repente
1810 4362 2085 4421 scandali-

482 4460 636 4515 zatus
680 4453 840 4523 perit.
871 4450 938 4507 Et
972 4450 1201 4526 pupillos
1226 4452 1553 4522 occiderunt,
1583 4462 1631 4515 et
1657 4452 1900 4513 dixerunt
1932 4470 1951 4513 :
1980 4472 2085 4517 non

484 4544 674 4599 videbit
689 4544 959 4605 Dominus.
979 4544 1235 4602 Miramur
1247 4545 1292 4600 si
1309 4544 1495 4616 pupilli
1519 4545 1794 4612 dicuntur,
1815 4547 1908 4606 ubi
1925 4547 2082 4609 vidua

2185 3325 2291 3382 tius
2338 3325 2445 3381 dici
2486 3342 2498 3377 :
2539 3322 2681 3381 Ecce
2726 3324 3038 3381 rusticanus
3100 3333 3288 3381 noster
3339 3323 3608 3381 Hebraeus
3658 3332 3770 3379 ante

2185 3431 2332 3477 tanta
2369 3418 2566 3476 saecula
2602 3419 2704 3475 hoc
2737 3420 2950 3475 locutus
2976 3429 3080 3475 est.
3111 3417 3182 3474 Et
3220 3417 3347 3492 quid
3380 3416 3564 3475 dixit?
3615 3417 3772 3473 Domi-

2183 3531 2278 3570 nus
2305 3516 2403 3569 scit
2442 3514 2775 3586 cogitationes
2822 3513 3091 3571 hominum
3124 3529 3142 3567 :
3172 3512 3420 3585 quoniam
3460 3529 3607 3568 vana:
3649 3521 3770 3566 sunt.

2190 3607 2360 3664 Vultis
2404 3609 2550 3666 scire
2594 3606 2848 3679 quoniam
2897 3605 3257 3678 cogitationes
3288 3606 3578 3665 hominum
3631 3618 3774 3660 vana

2184 3701 2346 3757 sunt?
2393 3700 2556 3757 Pater
2603 3710 2659 3758 et
2686 3708 2861 3757 mater
2907 3702 3154 3757 nutriunt
3202 3699 3418 3755 lilium:
3464 3701 3773 3773 promittunt

2185 3796 2285 3854 sibi
2307 3795 2374 3853 de
2399 3796 2494 3857 illo
2522 3795 2838 3852 felicitatem
2873 3815 2886 3852 :
2921 3797 3144 3851 tnittunt
3168 3796 3236 3850 ad
3266 3795 3469 3863 Studia,
3496 3793 3769 3851 erudiunt:

2184 3888 2331 3944 venit
2377 3903 2549 3957 usuue
2609 3888 2675 3943 ad
2704 3887 3158 3953 adolescentiam,
3202 3886 3506 3961 disponunt
3534 3899 3596 3944 ut
3625 3887 3775 3949 etiam

2186 3979 2403 4035 militet.
2455 3975 2589 4034 Cum
2639 3978 2817 4033 omnia
2884 3977 3238 4050 cogitaverint
3305 3993 3402 4047 per
3457 3994 3636 4034 annos
3689 3976 3777 4034 tri-

2185 4072 2360 4143 ginta,
2396 4085 2500 4126 una
2558 4070 2818 4127 febricula
2862 4073 3031 4139 venit,
3087 4081 3145 4128 et
3174 4072 3318 4135 tollit
3364 4088 3563 4128 ouiues
3591 4075 3778 4149 cogita-

2189 4172 2386 4224 tiones.
2438 4166 2725 4224 Inimicum
2758 4167 2935 4225 habeo
2968 4186 2981 4224 :
3008 4177 3062 4223 ct
3091 4169 3207 4224 dies
3232 4169 3421 4240 jodicii
3479 4178 3567 4224 est
3597 4168 3664 4224 ad
3694 4168 3778 4227 tri-

2190 4261 2341 4336 ginta
2368 4264 2503 4330 dies,
2529 4263 2720 4320 diebus
2751 4270 2809 4317 et
2830 4262 3084 4318 noctibus
3110 4261 3243 4317 nihil
3270 4260 3416 4318 aliud
3448 4264 3658 4334 cogito,
3686 4259 3777 4317 nisi

2187 4356 2331 4429 quod
2377 4356 2454 4417 illi
2486 4354 2867 4428 respondeam.
2914 4352 2971 4409 In
3005 4354 3207 4410 lectulo
3234 4370 3355 4409 meo
3381 4368 3529 4425 sum,
3564 4365 3621 4411 et
3647 4352 3780 4423 cogi-

2192 4448 2327 4511 tatio
2379 4465 2497 4505 mea
2549 4448 2761 4505 absenti
2789 4447 3086 4518 respondet
3136 4448 3377 4503 inimico.
3415 4446 3540 4509 Non
3584 4444 3776 4505 esttibi

2190 4542 2464 4609 inimicus,
2518 4549 2577 4597 et
2620 4540 2788 4597 verba
2819 4538 3152 4611 respondent
3200 4539 3445 4595 inimico.
3494 4540 3702 4596 Diebus
3729 4544 3779 4593 et

483 4636 606 4691 est?
631 4635 774 4690 sient
802 4636 945 4690 enim
975 4635 1158 4703 vidua,
1191 4636 1370 4691 anima
1399 4638 1702 4707 peccatoris
1731 4649 1816 4697 est
1845 4640 1955 4696 :sic
1980 4655 2080 4712 pu-
2111 4640 2161 4713 ι)
2189 4634 2438 4690 n0clibus
2466 4635 2521 4691 in
2553 4635 2884 4706 cogitatione
2913 4648 3056 4689 sum.
3080 4630 3216 4688 Cum
3239 4642 3424 4689 autem
3450 4633 3574 4689 dies
3598 4628 3778 4703 iudicii

481 4726 782 4797 pillosillos
799 4726 1059 4799 dicit,qui
1087 4728 1302 4787 Patrem
1326 4730 1633 4787 amiserunt
1663 4730 1863 4789 habere
1884 4731 2076 4793 Deum.

559 4820 624 4874 Et
656 4821 920 4879 dixerunt.
945 4820 1085 4889 Quid
1114 4820 1402 4879 dixerunt?
1429 4822 1547 4878 Non
1576 4824 1762 4883 videbit
1789 4823 2080 4885 Dominus:

485 4928 575 4967 nec
600 4910 855 4987 intelliget
886 4912 1024 4971 Deus
1051 4911 1236 4974 Jocob.
1269 4914 1381 4971 Hoc
1411 4914 1546 4971 dicit
1572 4918 1754 4977 omnis
1783 4919 1875 4993 qui
1896 4921 2082 4993 oppri-

482 5009 583 5062 mit
628 5016 870 5071 sanctos.
930 5008 1041 5071 illis
1086 5008 1191 5067 hoc
1249 5010 1556 5071 dicentibus
1607 5010 1788 5079 videte
1844 5012 2080 5084 Spiritus

481 5110 700 5159 sanctus
729 5102 857 5173 quid
886 5100 1233 5172 reapondeat.

554 5191 841 5266 Intelligite
868 5194 959 5265 qui
1002 5193 1305 5263 insipientes
1340 5194 1460 5257 estis
1497 5195 1554 5251 in
1596 5194 1788 5277 populo
1818 5208 1906 5263 εει
1932 5198 2080 5261 stulti

478 5286 763 5360 aliquando
812 5288 977 5361 sapite
1000 5304 1021 5345 :
1052 5287 1156 5365 Qui
1202 5289 1456 5360 plantavit
1478 5305 1679 5367 aurem,
1717 5306 1824 5353 non
1850 5292 2027 5349 audiet
2054 5294 2082 5350 .9

544 5431 572 5463 ι
611 5422 747 5503 Tota
768 5425 912 5503 nisaee
947 5428 1201 5503 mw
1247 5422 1318 5479 ab
1358 5421 1447 5478 bis
1492 5422 1677 5503 verbis
1707 5421 1871 5503 :_Iste
1922 5425 2067 5503 locus

475 5510 652 5567 usque
682 5494 734 5551 in
762 5494 1028 5569 tinetnex'
1048 5496 1379 5569 Hieronymo
1405 5496 1604 5559 recitat
1630 5494 1690 5550 8.
1724 5496 2067 5569 Augustinus

474 5571 528 5625 in
562 5565 990 5622 Cottttnoutlorio
1017 5566 1084 5625 ad
1110 5565 1580 5635 Fortunatianum,
1604 5582 1701 5625 seu
1727 5565 1896 5636 Epist.
1932 5568 2059 5639 ΗΒ,

469 5640 814 5707 aftirmatqne
836 5640 903 5691 ab
934 5651 1001 5692 eo
1032 5642 1289 5707 scriptam
1312 5678 1328 5704 ,
1356 5654 1477 5693 cum
1513 5640 1655 5693 linuc
1688 5641 1940 5702 psalmum
1967 5656 2058 5695 ea;-

472 5721 700 5782 poneret.
734 5708 826 5763 Ait
853 5709 999 5782 enim
1029 5723 1043 5762 ι
1082 5706 1164 5762 Ne
1184 5710 1810 5782 muttireontmentorende
1836 5712 2065 5782 majores

473 5777 645 5854 morus
667 5781 882 5852 faciam,
918 5777 1017 5839 hoc
1048 5795 1208 5836 unum
1233 5779 1302 5837 S.
1328 5777 1644 5854 ﬂieronynsi
1677 5777 1971 5854 interpono,
2002 5793 2065 5840 ut

471 5853 667 5910 noverit
706 5853 802 5909 iste
846 5856 1032 5922 frater,
1079 5863 1282 5915 etc.....
1315 5851 1444 5915 Cum
1465 5851 1586 5925 crdo
1605 5853 1696 5909 ille
1725 5851 1895 5916 uiris
1916 5855 2060 5915 Stri-

2188 4726 2421 4795 venerit,
2467 4727 2651 4782 omnia
2697 4727 2790 4782 illa
2821 4741 2944 4798 quae
2972 4728 3362 4797 cogitaveram,
3418 4736 3654 4801 pereunt
3685 4743 3697 4779 :
3731 4731 3782 4781 et

2185 4820 2569 4894 quodcumque
2600 4820 2741 4877 Deus
2765 4819 2991 4889 dixerit,
3024 4817 3128 4877 hoc
3151 4820 3364 4892 loquor.
3397 4818 3704 4889 Promerea
3730 4827 3782 4875 ct

2190 4912 2449 4973 Dominus
2471 4915 2525 4971 iu
2551 4910 2844 4987 Evangelia
2864 4911 2944 4971 ait
2972 4910 3233 4983 :Quando
3260 4911 3480 4979 stabilis
3500 4909 3780 4983 anteiudi-

2182 5021 2297 5074 ces,
2332 5022 2438 5061 non
2466 5006 2717 5076 cogitetis
2742 5004 2871 5076 quid
2902 5005 3279 5075 respondeatis
3306 5021 3321 5058 :
3355 5003 3484 5075 quia
3522 5004 3782 5061 Dominus

2184 5099 2336 5156 dabit
2358 5098 2516 5159 vobis
2536 5099 2589 5161 in
2609 5098 2700 5153 illa
2725 5098 2856 5155 liora
2890 5096 3020 5171 quid
3044 5096 3427 5170 respondeatis
3465 5094 3626 5168 (Luc.
3666 5093 3779 5163 stt)-

2185 5190 2446 5255 Dominus
2505 5192 2600 5247 scit
2653 5190 2995 5262 cogitationes
3037 5190 3304 5247 hominum
3345 5188 3601 5263 quoniam
3644 5199 3784 5242 om

2186 5296 2322 5353 sunt.
2364 5282 2774 5356 Unacogitatio
2809 5281 2942 5345 felix
2980 5288 3098 5351 est,
3139 5283 3385 5357 cogitare
3416 5279 3487 5343 de
3528 5278 3778 5343 Domino.

2173 5426 2352 5499 piatis
2369 5418 2981 5499 doctissimus_p_sal_m_um
3003 5424 3304 5499 seponeret,
3326 5417 3415 5472 sibi
3434 5416 3641 5499 dictum
3660 5425 3743 5499 est
3763 5431 3785 5499 ξ

2172 5489 2462 5568 Ὶιιιειιὶςὶιε
2480 5492 2718 5568 ergo_qui
2745 5491 3053 5568 insipientes
3068 5489 3198 5568 estis
3227 5491 3283 5544 in
3310 5490 3509 5561 populo
3523 5498 3612 5568 et,
3636 5490 3779 5545 stulti

2167 5561 2453 5647 aliquando
2506 5561 2699 5647 sapite,
2724 5562 2812 5632 qui
2844 5562 3100 5647 plantupit
3128 5577 3309 5647 aureus
3345 5577 3451 5619 non
3477 5561 3666 5647 audiet
3686 5570 3783 5647 με

2165 5627 2428 5712 ᾳιιί’)ῑιι.ι-ἱι
2473 5627 2695 5712 οειὰιιηι⁷
2722 5627 2827 5687 non
2845 5627 3161 5712 considerat
3186 5648 3206 5688 :
3236 5636 3379 5712 inter_
3413 5643 3605 5712 uetera
3634 5627 3779 5712 {Iste

2164 5703 2329 5779 locus,
2379 5711 2571 5780 inquit,
2604 5705 2853 5761 adversus
2895 5705 3433 5780 eosmttsime‘focit,
3479 5711 3593 5780 etc.
3637 5703 3774 5780 Fide

2163 5800 2289 5855 qua;
2317 5773 2390 5837 'in
2447 5773 2670 5851 praiilxa
2704 5780 2828 5832 butc
2857 5778 3013 5848 operi
3047 5773 3427 5833 admonitione
3476 5773 3586 5833 bne
3615 5774 3691 5832 de
3722 5789 3783 5832 re

2168 5853 2429 5917 diximus.
