3954 6340
208 327 331 386 1109

1104 311 1535 370 ηιιενιιιιιυιι
1575 307 2014 382 ΙΝμΡδΑιιΜοδ.
2055 309 2307 366 1⁵811λῆ1.
2350 307 2535 364 XC".

3338 302 3477 359 1110

268 444 442 500 Beatus
470 438 622 493 homo
649 452 802 509 quem
828 444 879 489 tu
906 434 1176 502 mulieris,
1214 430 1457 484 Domine.
1505 427 1657 483 Felix
1690 437 1771 481 est
1801 432 1857 487 Α
1877 440 2113 498 cumque
2144 424 2244 480 luit
2274 423 2486 494 pondus
2517 422 2875 494 paenitentiae,
2921 427 3103 475 tantus
3132 415 3233 473 fuit
3262 424 3319 472 et
3345 430 3477 472 con—

204 537 281 609 qui
307 535 411 590 Deo
435 528 695 600 magistro
724 527 916 581 utitur.
946 525 1013 582 Et
1032 524 1096 579 de
1117 524 1229 596 lege
1250 529 1340 575 tua
1361 519 1598 574 docueris
1617 533 1733 573 eum
1759 535 1771 571 :

204 640 253 686 ut
277 628 462 698 mitiges
485 624 529 677 ei
555 639 586 676 a
614 620 795 677 diebus
827 619 997 675 malis.
1037 617 1228 674 Videte
1255 613 1384 686 quid
1409 614 1553 668 dicat
1577 628 1595 667 :
1637 609 1774 665 Bea—

204 735 276 779 tus
300 722 445 776 homo
474 733 625 789 quem
672 724 728 768 tu
774 712 1051 779 erudieris,
1086 710 1329 777 Domine,
1364 718 1413 762 et
1441 707 1506 761 de
1551 705 1661 778 lege
1690 714 1779 759 tua

204 814 416 871 docueris
460 827 575 865 eum
610 828 621 862 ε
655 808 762 863 hoc
791 815 897 872 est,
929 802 1226 875 Scripturis
1262 801 1388 856 tuis.
1439 798 1553 853 Hoc
1596 806 1774 852 autem

199 906 313 978 quid
357 902 595 974 prodest,
639 909 702 955 ut
742 898 1005 954 doceatur
1035 896 1126 952 ille
1149 894 1216 950 dc
1248 893 1367 964 lege
1396 889 1523 946 tua?
1578 887 1647 945 Ut
1682 889 1776 942 mi-

200 1002 312 1072 tiges
343 998 387 1052 ei
410 1013 441 1051 a
477 994 660 1049 diebus
687 993 859 1048 malis.
883 989 1091 1045 Videtis
1125 986 1569 1063 igiturquoniam
1597 984 1776 1038 scien-

201 1095 284 1155 tia,
329 1098 380 1146 et
417 1086 758 1149 exercitatio,
803 1094 858 1140 ct
902 1099 1067 1154 opera
1106 1082 1174 1137 de
1230 1080 1534 1150 Scriptnris
1571 1077 1781 1146 mitigat

198 1184 340 1241 nobis
377 1162 489 1238 dies
545 1180 766 1236 malos?
812 1177 990 1234 Donrc
1041 1175 1272 1248 fodiatur
1319 1172 1581 1247 pecca'ori
1607 1171 1774 1241 fovea.

197 1278 406 1347 Quando
438 1285 492 1330 tu
536 1273 811 1330 erudieris
840 1273 910 1328 de
940 1272 1059 1342 lege
1090 1269 1340 1332 Domini,
1375 1283 1541 1322 unum
1584 1266 1677 1321 tibi
1723 1267 1775 1319 in

196 1369 375 1438 duplex
420 1366 699 1421 dividitur.
742 1364 861 1419 Tibi
904 1365 1050 1420 enim
1094 1361 1211 1416 dies
1238 1361 1450 1429 mitigat
1482 1358 1692 1423 malos;
1723 1366 1781 1414 et

198 1457 453 1531 peccatori
486 1456 624 1512 fodit
657 1458 893 1512 foveam.

259 1553 379 1618 Quis
423 1560 701 1623 consurget
754 1551 882 1604 milii
941 1548 1191 1602 adversus
1242 1546 1588 1620 malignantes
1628 1561 1646 1599 :
1687 1553 1779 1599 aut

195 1648 296 1717 quis
326 1645 475 1699 stabit
515 1645 646 1698 mihi
690 1645 941 1698 adversus
970 1658 1057 1697 eos
1082 1641 1171 1713 qui
1216 1649 1496 1713 operantur
1523 1639 1773 1709 iniquita-

193 1737 571 1794 tem?0bscuri
602 1747 724 1790 Slilll
756 1735 974 1807 psalmi,
1018 1744 1069 1789 et
1098 1748 1317 1805 semper
1356 1748 1618 1803 personas
1651 1748 1774 1787 mu-

1880 518 2207 573 solationum
2240 531 2521 572 numerus.

1954 656 2057 722 Qui
2106 655 2254 725 ﬁngit
2296 653 2524 708 laborem
2566 652 2617 706 in
2653 659 2926 723 prwcepto.
2985 650 3155 705 Nemo
3192 642 3474 702 dormiens

1878 757 2199 812 coronatur,
2236 761 2397 802 nemo
2429 759 2658 800 securus
2685 743 2927 815 possidet
2971 754 3140 812 regna
3168 742 3474 803 caelorum;

1879 854 2061 902 nemo,
2087 836 2291 893 referto
2315 845 2533 899 ventre,
2562 843 2744 905 potest
2765 833 2927 903 digne
2949 832 3019 888 de
3039 829 3267 902 jejuniis
3294 829 3479 898 dispu-

1880 930 2021 985 lare.‘
2050 929 2217 985 Vides
2244 945 2374 998 ergo
2415 928 2544 998 quid
2593 926 2737 982 dicat
2785 944 2797 980 :
2842 925 2945 992 Qui
2978 924 3130 995 ﬁngit
3158 922 3386 976 laborem
3420 919 3477 974 in

1880 1030 2152 1096 pracepto.
2182 1023 2373 1077 Omnia
2409 1030 2681 1091 pra-cepta
2721 1018 2935 1073 Domini
2971 1018 3217 1072 laborem
3251 1013 3474 1070 habent.

1879 1116 2007 1171 Sine
2029 1116 2216 1170 labore
2240 1129 2343 1169 non
2368 1128 2658 1185 possumus
2689 1110 2971 1179 possidere
2996 1122 3164 1178 regna
3188 1107 3475 1163 oculorum.

1880 1211 2056 1266 Vultis
2098 1210 2241 1265 scire
2270 1211 2395 1280 quia
2449 1208 2521 1263 ita
2566 1208 2686 1264 est?
2735 1205 2792 1262 Si
2834 1205 2936 1270 vis,
2971 1205 3164 1275 inquit,
3210 1202 3479 1272 perlectus

1879 1318 2025 1370 esse,
2056 1301 2214 1366 vade,
2261 1300 2438 1356 vende
2468 1300 2649 1353 omnia
2678 1313 2799 1370 qua:
2840 1296 3109 1369 possides,
3156 1303 3210 1350 et
3236 1294 3303 1347 da
3346 1308 3478 1363 pau-

1878 1395 2141 1467 peribus,
2195 1403 2252 1450 et
2303 1394 2423 1448 veni
2480 1407 2711 1464 sequere
2774 1404 2861 1445 me
2905 1386 3128 1460 (Matth.
3180 1383 3316 1457 xta).
3372 1382 3480 1452 Qui

1878 1491 2012 1558 vult,
2060 1491 2264 1561 inquit,
2314 1488 2572 1556 cnnseqtti
2629 1501 2792 1558 regna
2841 1485 3131 1551 ctelorum,
3182 1480 3376 1537 diebus
3420 1487 3479 1534 et

1878 1584 2127 1641 noctibus
2173 1594 2328 1649 oret,
2395 1581 2619 1653 vigilet,
2666 1577 2909 1649 jejunet,
2957 1576 3136 1646 jaceat
3179 1573 3234 1629 in
3282 1568 3477 1639 sacco,

1880 1692 1984 1731 non
2015 1678 2065 1730 in
2109 1677 2306 1745 pluma,
2342 1689 2451 1727 non
2494 1672 2547 1726 in
2584 1670 2784 1726 serico.
2821 1666 3149 1725 Pmnitentia
3192 1681 3299 1721 non
3330 1676 3479 1723 amat

1878 1768 2121 1823 delicias.
2173 1766 2308 1834 Quia
2361 1766 2628 1831 cinerem,
2709 1761 2904 1831 inquit,
2957 1768 3230 1829 tamquam
3280 1771 3474 1828 panem

194 1843 316 1904 tant,
348 1844 398 1889 et
427 1843 718 1905 propterea
750 1832 969 1886 obscuri
1001 1839 1149 1892 sunt.
1196 1841 1245 1885 ct
1279 1828 1456 1884 nimiae
1488 1826 1775 1882 difﬁculta-
1800 1810 1852 1872 Β
1879 1810 2332 1916 ’ξι

194 1927 254 1982 tis
286 1933 368 1982 est
412 1926 565 1981 scire
609 1928 661 1979 in
703 1924 933 1995 singulis
984 1922 1275 1978 versiculis
1331 1923 1454 1992 quis
1501 1921 1768 1991 loquatur.

195 2016 314 2086 Quis
351 2027 624 2090 consurget
667 2015 794 2071 mihi
832 2015 1081 2070 adversus
1108 2015 1454 2087 malignantes
1479 2022 1610 2067 aaut
1660 2013 1773 2083 quis

194 2107 331 2163 stabit
355 2124 553 2163 meeum
577 2109 824 2163 adversus
847 2116 1119 2178 operantes
1141 2106 1502 2179 iniquitatem?
1522 2104 1632 2160 Hos
1654 2120 1771 2158 ver-

190 2202 382 2258 siculos
405 2202 661 2259 Salvator
684 2202 924 2273 loquitur
950 2220 960 2255 :
986 2204 1096 2272 ligo
1117 2208 1341 2256 sanctus
1361 2213 1503 2267 sum,
1530 2198 1582 2252 in
1610 2211 1774 2252 cruce

188 2295 493 2351 sublevatus
539 2310 658 2349 sum
706 2304 720 2349 :
771 2306 1020 2349 mortuus
1066 2309 1208 2358 sum,
1258 2292 1556 2358 resurrexi,
1602 2300 1659 2344 et
1707 2288 1774 2345 ad

188 2389 342 2446 ctelos
369 2390 549 2444 victor
579 2386 822 2445 ascendi.
856 2390 989 2455 Quis
1017 2392 1100 2443 est
1133 2397 1289 2457 putas
1317 2387 1385 2441 de
1423 2386 1649 2449 sanctis,
1680 2383 1774 2455 qui

188 2498 385 2538 mecum
409 2482 701 2554 resurget?
722 2482 865 2553 Ergo
890 2480 1036 2552 quod
1059 2480 1211 2545 dicit,
1226 2480 1332 2535 hoc
1349 2487 1459 2536 est:
1479 2480 1773 2548 Proluerea

188 2579 466 2644 resnrrexi,
500 2586 560 2631 ut
587 2586 641 2632 et
670 2578 761 2631 alii
799 2592 1008 2631 mecum
1045 2585 1421 2645 resurgerem.
1457 2576 1584 2639 Quis
1604 2591 1776 2629 resur-

185 2677 261 2739 get
295 2669 458 2724 mihi?
509 2669 739 2738 Quando
768 2669 899 2725 dicit
924 2670 1084 2735 Quis,
1115 2677 1350 2725 carteros
1401 2676 1656 2737 provocat
1706 2666 1773 2721 ad

185 2762 525 2832 surgendum.
560 2761 845 2829 QUOlliOdt)
870 2764 1011 2816 enim
1039 2760 1270 2833 legimus
1304 2762 1357 2815 in
1390 2759 1524 2813 l~a3a
1558 2758 1772 2828 :Quem

186 2856 381 2912 mittam
423 2858 492 2913 ad
527 2855 787 2927 populum
829 2858 1016 2922 istum,
1057 2864 1113 2910 et
1142 2855 1266 2923 quis
1296 2853 1392 2911 ibit
1423 2852 1580 2909 nobis
1612 2851 1769 2926 (lsai.

185 2946 291 3018 vn)?
313 2955 419 3004 etc.
451 2947 613 3004 Sicut
636 2946 806 3002 Isaias
838 2948 957 3017 ipse
984 2960 1044 3003 se
1070 2945 1230 3001 oli'ert
1263 2962 1277 3000 :
1311 2947 1392 3001 sic
1428 2955 1484 3000 et
1517 2943 1775 2998 Dominus

185 3056 430 3113 provocat
454 3057 559 3097 nos
582 3042 777 3098 dicens
799 3060 814 3095 :
837 3042 967 3109 Quis
987 3049 1220 3113 resurget
1247 3040 1374 3094 mihi
1398 3038 1646 3096 adversus
1664 3056 1775 3094 ma-

184 3136 429 3207 lignantes
451 3138 478 3192 ?
499 3135 842 3208 Quicumque
886 3135 1271 3201 resurrexcrit,
1300 3134 1434 3190 mihi
1480 3144 1726 3203 resurget
1756 3150 1773 3191 :

1879 1956 2049 2029 (Psal.
2103 1952 2203 2024 Ct).
2249 1953 2354 2021 Qui
2382 1953 2532 2024 ﬁngit
2563 1950 2792 2005 laborem
2838 1950 2892 2003 in
2938 1955 3197 2020 pt'tecepto
3243 1952 3477 2015 τεθρια-

1877 2053 2001 2103 bunt
2044 2049 2095 2101 in
2126 2048 2356 2101 animam
2395 2046 2553 2118 justi.
2593 2043 2786 2098 Videte
2813 2040 3096 2112 quomodo
3127 2052 3236 2093 non
3266 2036 3482 2092 videtur

1875 2156 1997 2196 esse
2025 2153 2356 2194 consonans.
2386 2137 2526 2205 Quae
2572 2136 2717 2190 enim
2768 2142 2854 2189 est
2900 2130 3290 2200 consequentia
3326 2146 3341 2184 :
3376 2127 3481 2196 Qui

1876 2234 2025 2306 ﬁngit
2069 2232 2297 2285 laborem
2337 2230 2391 2283 in
2438 2238 2696 2299 princepfo
2746 2242 2763 2280 :
2815 2225 3102 2296 captabant
3145 2223 3199 2277 in
3252 2223 3480 2277 animant

1868 2326 2044 2401 justi?
2078 2324 2183 2381 Sed
2237 2323 2380 2393 quod
2428 2321 2577 2377 auris
2619 2334 2820 2376 carnea
2871 2334 2979 2374 non
3022 2316 3300 2388 intelligit,
3332 2316 3482 2372 auris

1877 2421 2178 2492 spiritualis
2207 2418 2494 2487 intelliget.
2516 2415 2658 2483 Quid
2688 2431 2820 2485 ergo
2843 2413 3009 2469 dicit?
3038 2412 3142 2480 Qui
3164 2411 3314 2483 ﬁngit
3336 2410 3479 2465 labo-

1877 2530 1983 2567 rem
2002 2514 2053 2567 in
2080 2519 2356 2583 praecepto.
2378 2510 2701 2579 Propterea,
2720 2508 2914 2577 inquit,
2933 2505 3243 2561 laboramus
3266 2504 3319 2557 in
3345 2518 3482 2573 pra-

1876 2603 2048 2673 ccptis
2078 2602 2291 2657 Domini
2315 2600 2509 2655 diebus
2534 2615 2600 2655 ac
2620 2598 2896 2663 noctibus,
2917 2595 3228 2667 vigilamus,
3257 2610 3484 2650 oramus

1871 2696 2205 2767 ieiunamus,
2240 2693 2496 2770 quoniam
2548 2691 2750 2747 multos
2791 2689 3056 2745 habemus
3108 2686 3478 2753 adversarios,

1873 2789 1958 2856 qui
1995 2797 2211 2855 captant
2243 2786 2481 2839 animam
2501 2783 2670 2854 ἀειδῆ.
2697 2782 3050 2854 Videtequid
3075 2781 3236 2847 dicat
3271 2797 3286 2834 :
3326 2778 3466 2850 justi

1877 2890 2097 2952 captant
2126 2880 2395 2944 animam;
2432 2893 2540 2932 non
2569 2876 2780 2947 injusti.
2823 2874 2940 2931 Non
2973 2875 3122 2931 enim
3149 2873 3345 2929 volunt
3383 2887 3480 2929 eos

1878 2973 2128 3043 decipere
2148 2973 2242 3043 qui
2266 2969 2476 3039 decepti
2501 2978 2647 3036 sunt,
2671 2968 2768 3023 sed
2787 2969 2987 3038 justos.
3010 2965 3169 3023 Unde
3196 2965 3402 3022 dicitur
3423 2964 3479 3021 in

1877 3069 2096 3124 Abacnc
2120 3084 2134 3121 :
2160 3066 2311 3121 Escae
2330 3064 2446 3135 ejus
2471 3064 2659 3118 electae
2681 3060 2867 3130 (Abac.
2893 3059 2956 3130 l).
2983 3058 3052 3113 Et
3070 3060 3374 3130 sanguinem
3393 3059 3477 3112 iu-

1881 3170 2146 3216 noceutem
2187 3156 2619 3213 condemnabam.
2673 3154 2865 3210 Solent
2909 3153 3074 3221 aliqui
3122 3151 3347 3208 dicere:
3381 3150 3476 3207 ille

590 3233 600 3242 ο
753 3197 766 3208 -
1228 3197 1267 3241 _-
1641 3197 1663 3203 ν
1881 3197 2146 3216 "mm...
2187 3197 2619 3213 w..-.........-......
2673 3197 2865 3210 νων...
2909 3197 3074 3221 .....,...
3125 3197 3307 3208 ω-.-
3330 3197 3347 3208 .
3381 3197 3472 3207 ...-

183 3232 245 3326 ’Ῠβ
269 3246 392 3326 ,¹¹⁵έ’⁰
417 3241 663 3288 “em!”
694 3242 800 3326 es,"
828 3232 1081 3326 Αάυέηυδ
1112 3228 1774 3326 ῗ¹⁸⁰¹¹9η⁰η¹⁸⁸,’“³⁸¹νθ¹’⁸¹³ξ
1800 3197 1845 3261 C
1878 3256 1967 3326 qui
1988 3254 2201 3309 occisus
2221 3261 2326 3317 est,
2353 3266 2460 3306 non
2477 3248 2841 3313 occideretur,
2865 3246 2971 3302 nisi
2987 3245 3287 3303 fornicator
3301 3254 3472 3307 esset.

180 3322 469 3391 diabolum,
507 3334 564 3380 et
584 3325 883 3380 exercitum
915 3323 1054 3393 ejus.
1091 3324 1193 3377 Aut
1221 3326 1333 3392 quis
1362 3322 1516 3376 stabit
1544 3322 1777 3376 mecum?

189 3414 363 3474 Videte
389 3418 643 3474 ordinem
676 3436 688 3472 :
724 3417 840 3472 Non
880 3417 1014 3472 dixit
1053 3418 1306 3487 primum,
1334 3416 1457 3485 quis
1497 3414 1687 3480 stabit,
1718 3422 1776 3470 et

177 3515 291 3585 quis
315 3524 568 3586 resurget
599 3532 613 3570 :
654 3514 772 3580 sed,
805 3514 922 3586 quis
958 3522 1185 3584 resurget
1214 3522 1261 3566 et
1285 3514 1402 3584 quis
1430 3509 1605 3565 stabit.
1651 3508 1772 3564 Pri-

180 3622 316 3662 mum
347 3608 500 3664 enim
530 3609 825 3679 surgimus,
855 3607 1054 3662 deinde
1083 3615 1309 3661 stamus.
1344 3605 1446 3658 Aut
1475 3605 1591 3674 quis
1616 3602 1774 3656 stabit

176 3716 367 3757 mecum
405 3703 658 3758 adversus
695 3711 971 3772 operantes
1001 3700 1368 3771 iniquitatem?
1399 3696 1564 3764 Quasi
1597 3697 1771 3767 impe—

178 3804 320 3850 rator
348 3794 545 3869 stetlet
565 3794 709 3850 dicat
742 3812 757 3848 :
788 3794 919 3864 Quis
950 3796 1095 3849 venit
1126 3794 1176 3847 in
1202 3791 1447 3847 exercitu
1479 3791 1648 3844 meo?

245 3888 364 3946 Nisi
399 3891 531 3963 quia
559 3889 814 3946 Dominus
841 3890 1043 3962 adjuvit
1076 3904 1174 3952 me,
1206 3886 1541 3957 paulominus
1567 3884 1773 3939 habita-

178 3983 243 4035 vit
276 3983 331 4038 in
370 3984 584 4056 inferno
627 3984 803 4039 animo
842 4000 976 4038 mea.
1015 3984 1333 4053 Propterea.
1382 3979 1637 4046 Domine,
1686 3993 1774 4033 re-

175 4090 357 4148 surgo,
391 4078 521 4149 quia
552 4087 606 4131 tu
638 4076 787 4131 fuisti
812 4076 881 4131 ad
921 4075 1154 4138 inferos,
1181 4081 1237 4129 et
1264 4071 1636 4129 resurresisti.
1672 4069 1773 4125 De,

175 4176 312 4223 tenta
367 4170 569 4226 luisset
597 4169 775 4224 anima
824 4184 943 4224 mea
971 4167 1112 4238 apud
1166 4166 1393 4231 inferos,
1440 4164 1484 4218 si
1539 4179 1643 4217 non
1679 4171 1771 4218 tua

170 4263 344 4318 anima
374 4263 446 4320 de
473 4260 664 4318 inferis
694 4262 1105 4317 resurrexisset.

237 4352 302 4409 Si
329 4353 567 4408 dicebam
599 4370 617 4407 :
648 4363 818 4408 motus
846 4362 921 4407 est
942 4369 1029 4424 pes
1058 4367 1223 4406 meus.
1261 4349 1630 4406 Considerans
1661 4348 1768 4403 fra-

167 4447 437 4516 gilitatem
484 4461 683 4512 meam,
734 4458 790 4502 et
822 4445 1250 4502 imbecillitatem
1299 4446 1613 4511 humanam,
1659 4460 1766 4499 non

166 4540 423 4608 putabam
470 4541 662 4611 pedem
698 4555 877 4595 meum
910 4540 1068 4595 ﬁrmo
1097 4551 1242 4596 stare
1269 4541 1441 4610 gradu
1475 4557 1489 4593 :
1520 4540 1768 4594 ubicum-

169 4647 274 4704 que
324 4632 597 4704 ponebam
652 4632 869 4704 pedem,
922 4633 1134 4701 lapsum
1186 4632 1464 4689 timebam.
1528 4632 1760 4687 Rursum

164 4728 475 4799 cogitabam
508 4742 708 4783 nomen
742 4737 914 4791 tuum,
946 4734 1001 4782 et
1030 4727 1189 4780 lirmo
1214 4724 1424 4780 stabam
1457 4723 1617 4794 pede.

234 4822 541 4880 Secundum
570 4821 954 4878 multitudinem
984 4822 1228 4877 dolorum
1255 4835 1485 4874 meorum
1528 4819 1582 4873 in
1611 4819 1767 4874 corde

163 4939 314 4991 meo;
346 4924 734 4980 consolationes
764 4931 870 4978 tute
890 4923 1293 4992 .ltetificareruut
1317 4922 1544 4976 animum
1573 4934 1761 4975 meum.

160 5022 273 5082 Hoc
303 5026 486 5094 ipsum
515 5035 571 5081 et
606 5025 896 5096 Apostolus
932 5006 1222 5092 loquitur:
1253 5024 1509 5093 quoniam
1565 5036 1761 5078 secun-

162 5125 289 5182 dum
319 5126 562 5195 labores,
602 5136 655 5183 et
687 5126 936 5183 miserias
965 5140 1099 5198 quas
1147 5127 1200 5181 in
1245 5128 1348 5181 isto
1381 5127 1582 5182 smculo
1633 5129 1769 5197 pati-

162 5246 308 5297 mur,
367 5230 638 5287 habemus
695 5230 1002 5287 mcrcedetu
1064 5229 1208 5300 apud
1265 5228 1436 5285 Deum
1497 5232 1548 5285 in
1613 5230 1767 5288 caelis

166 5331 206 5403 (Ι
258 5332 391 5388 Cor.
441 5334 540 5404 ιιι).
585 5332 900 5403 Magnitudo
951 5330 1397 5397 tribulationum,
1452 5330 1766 5401 magnitudo

160 5440 521 5511 praemiorum
553 5449 654 5496 est.
688 5438 835 5509 Quot
874 5437 1108 5509 patimur
1150 5437 1402 5503 vulnera,
1456 5446 1535 5492 tot
1590 5453 1768 5494 mere-

161 5558 290 5599 mur
317 5552 375 5599 et
404 5557 658 5598 coronas.
690 5541 805 5598 Hoc
834 5550 920 5596 est
949 5539 1092 5612 quod
1143 5538 1277 5595 dicit
1296 5557 1334 5594 .:
1382 5537 1646 5608 Quotiens
1680 5541 1770 5611 egi

160 5646 578 5717 paenitentiam,
610 5644 810 5705 t0tiens
834 5659 922 5701 me
960 5644 1281 5701 consolatus
1320 5657 1400 5698 es.
1434 5641 1610 5699 Unam
1655 5643 1766 5699 ludi

162 5748 470 5821 laeryinam
497 5761 510 5802 :
535 5760 696 5804 unam
728 5746 904 5803 merui
930 5746 1388 5803 consolationem.
1428 5745 1624 5801 Decem
1654 5742 1770 5801 fudi

164 5850 494 5923 lacrymas:
537 5847 728 5905 dacem
769 5849 942 5904 merui
990 5848 1417 5905 consolationes.
1468 5846 1766 5918 Quantum.

1877 3358 1970 3403 aut
2012 3347 2232 3417 aliquod
2285 3354 2568 3415 peccatum
2626 3341 2923 3397 habuisset.
2970 3339 3145 3396 Ruina
3172 3338 3322 3395 illum
3368 3354 3476 3393 non

1877 3452 2222 3510 occupasset,
2261 3438 2362 3494 nisi
2396 3438 2587 3495 luisset
2622 3446 2897 3506 peccator.
2941 3434 3292 3503 Naufragium
3323 3433 3476 3489 illum

1878 3551 1985 3590 non
2018 3532 2404 3603 oppressisset,
2450 3529 2553 3585 nisi
2584 3538 2836 3597 peccator
2873 3527 3088 3583 fuisset.
3122 3525 3316 3582 Videte
3344 3540 3481 3598 ergo

1875 3629 2004 3699 quid
2055 3627 2198 3682 dicat
2230 3632 2419 3679 sancta
2450 3622 2729 3692 Scriptura
2757 3638 2770 3676 :
2802 3619 2874 3677 Et
2896 3622 3205 3693 sanguinem
3226 3621 3477 3677 innocen-

1878 3732 1979 3776 tem
2019 3718 2454 3774 condemuabunt.
2496 3716 2765 3783 Quamdiu
2807 3714 2860 3769 in
2893 3715 2999 3771 isto
3029 3714 3234 3770 saeculo
3262 3728 3473 3780 sumus,

1876 3818 2060 3872 omnia
2111 3814 2163 3868 in
2208 3827 2496 3867 commune
2555 3810 2814 3879 patimur.
2861 3808 3051 3865 Justus
3117 3816 3173 3864 et
3222 3817 3477 3879 peccator

1875 3907 2156 3978 a-qualitcr
2197 3904 2622 3973 tianlragantur:
2660 3901 2951 3973 Equalem
2985 3900 3189 3959 habent
3225 3914 3472 3968 carnem,

1876 4014 1929 4057 et
1967 4000 2202 4070 u-quales
2243 3996 2587 4052 conditiones
2637 3995 2844 4050 carnis.
2886 3993 3075 4050 Justus
3111 4001 3168 4049 et
3220 3989 3478 4063 peccator

1873 4096 2157 4167 mqualiter
2183 4103 2433 4163 pereunt.
2467 4088 2676 4146 Similis
2714 4088 2918 4156 exitus,
2949 4086 3046 4143 sed
3074 4086 3292 4142 diversa
3336 4100 3477 4156 pra-

1875 4190 1980 4244 mia
2006 4187 2187 4257 justus
2212 4194 2266 4240 et
2305 4194 2560 4255 peccator
2587 4182 2809 4237 habent.
2844 4180 3000 4237 Alius
3031 4178 3247 4235 ducitur
3276 4180 3347 4237 ad
3371 4195 3471 4250 ge-

1874 4283 2106 4338 hennam
2133 4296 2147 4336 :
2180 4279 2325 4334 alius
2367 4277 2585 4333 ducitur
2611 4274 2680 4330 ad
2714 4289 2880 4345 regna
2921 4272 3212 4330 ctelorum.
3240 4270 3310 4326 Et
3342 4289 3471 4329 san-

1872 4378 2078 4452 guinem
2128 4376 2449 4431 innocentem
2495 4368 2929 4427 condemnabam.
2983 4366 3200 4424 Sullicit
3253 4366 3386 4425 tibi.
3438 4383 3474 4425 ο

1869 4471 2035 4540 juste,
2076 4466 2413 4523 conscientia
2472 4474 2582 4520 tua.
2637 4463 2707 4519 Et
2742 4463 2786 4517 si
2844 4461 3242 4517 condemnatus
3281 4459 3471 4529 fueris,

1873 4565 1946 4622 sit
1975 4565 2198 4635 sanguis
2223 4573 2346 4617 tuus
2378 4563 2665 4625 innocens,
2697 4566 2752 4614 et
2777 4557 3034 4614 clamabit
3060 4555 3128 4613 ad
3150 4556 3467 4613 Dominum.

1950 4701 2013 4755 Et
2065 4704 2234 4773 factus
2284 4708 2356 4753 est
2400 4697 2527 4752 mihi
2577 4695 2827 4751 Dominus
2870 4695 2924 4750 in
2966 4696 3248 4767 refugium.
3290 4692 3469 4750 Locus

1873 4798 1975 4853 iste
2001 4807 2189 4851 contra
2232 4795 2463 4849 Arianos
2494 4790 2644 4847 facit.
2677 4789 2941 4858 Quoniam
2990 4792 3136 4847 enim
3182 4789 3465 4845 contradi-

1871 4900 2001 4945 cunt
2060 4887 2289 4943 Domino
2320 4884 2610 4950 Salvatori,
2643 4884 2785 4953 quod
2828 4885 2999 4939 lactus
3043 4882 3284 4937 dicitur:
3333 4896 3462 4938 ecce

1871 4997 1972 5038 nos
2001 4980 2231 5035 dicimus
2260 4996 2272 5031 :
2328 4976 2522 5031 Factus
2552 4985 2624 5031 est
2653 4975 2779 5029 mihi
2809 4957 3065 5029 Dominus
3091 4974 3143 5027 in
3178 4972 3460 5043 refugium.

1874 5075 2018 5131 Nulli
2050 5074 2294 5135 dubium,
2325 5071 2455 5143 quin
2487 5070 2554 5124 de
2584 5066 2748 5125 Patre
2789 5068 2893 5124 hoc
2932 5069 3374 5137 interpretemur.
3406 5063 3464 5122 Si

1875 5177 2053 5222 autem
2087 5165 2154 5221 de
2177 5165 2339 5220 Patre
2369 5163 2570 5218 dicitur
2598 5178 2616 5217 :
2648 5160 2903 5215 Dominus
2939 5161 3108 5228 factus
3135 5166 3213 5213 est
3256 5156 3383 5211 mihi
3412 5156 3467 5212 in

1873 5260 2169 5333 refugium,
2230 5256 2331 5310 hoc
2378 5269 2545 5310 sensu
2599 5249 3010 5322 intelligendum
3072 5257 3151 5303 cst
3211 5264 3224 5302 :
3283 5246 3468 5303 Domi-

1874 5368 1977 5408 nus
2006 5352 2094 5422 qui
2128 5364 2346 5420 semper
2379 5355 2519 5409 crat,
2570 5345 2699 5399 mihi
2735 5340 2908 5397 lactus
2955 5350 3040 5395 cst
3076 5339 3130 5395 in
3171 5339 3458 5411 refugiunt.

1874 5444 1963 5501 Sic
1988 5454 2041 5500 et
2063 5443 2312 5501 Salvator
2335 5440 2423 5511 qui
2448 5451 2663 5508 semper
2688 5442 2827 5498 erat,
2854 5432 2986 5488 mihi
3006 5433 3261 5489 Salvator
3288 5430 3464 5488 factus

1872 5548 1976 5595 eSt.

2404 5669 2725 5729 PSALMUS
2764 5666 2950 5726 XCIV.

1875 5842 2017 5897 Laus
2045 5841 2238 5897 cantici
2275 5838 2376 5910 ipsi
2426 5834 2613 5891 David.
2644 5835 2752 5891 iste
2782 5833 3027 5906 psalmus
3067 5838 3257 5890 vneam
3286 5828 3464 5886 conti-
