3954 6340
515 300 649 361 illi

587 426 682 474 net
721 418 1021 491 prophetae,
1065 415 1411 473 cohortantis
1461 414 1713 471 homines
1744 412 1813 469 ad
1844 414 2009 470 Deum
2041 412 2111 469 de
2136 417 2186 477 Α

587 498 706 547 toto
727 492 899 547 corde
930 490 1184 546 transire.

600 625 806 697 Venite,
836 627 1152 683 exsultemus
1187 624 1405 682 Domino
1442 640 1459 678 :
1488 623 1769 696 jubiiemus
1822 619 1933 677 Deo
1969 620 2115 676 salu-

513 719 616 773 tari
645 729 844 774 nostro.
878 718 1249 791 Intelligamus
1296 718 1417 790 quia
1449 718 1567 789 ipse
1622 728 1705 773 est
1736 716 2019 783 Dominus,
2060 723 2114 772 et

516 794 841 880 ipse'morte
875 827 972 868 sua
1004 814 1236 869 contulit
1279 812 1442 868 nobis
1471 810 1725 867 salutem.

570 902 1005 978 Prteoccupemus
1025 907 1209 977 faciem
1227 907 1338 978 ejus
1356 906 1407 959 in
1426 904 1771 976 confessione.
1793 902 2112 973 Priusquam

513 994 678 1050 nobis
727 1011 921 1052 aversa
972 996 1111 1053 facie
1154 998 1442 1060 irascatur,
1492 996 1853 1052 conﬁteantur
1890 1000 2114 1064 peccata

514 1097 722 1144 nostra.
750 1089 816 1145 Et
846 1091 899 1145 in
922 1092 1140 1163 psalmis
1160 1090 1448 1165 jubilemus
1478 1090 1548 1146 ei.
1586 1089 1881 1144 l'sallentes
1907 1087 1959 1142 in
1988 1101 2115 1143 cor-

510 1184 672 1240 dibus
699 1187 924 1249 nostris,
953 1187 1067 1242 Deo
1097 1187 1299 1259 gratias
1325 1196 1574 1256 agentes.

589 1277 848 1343 Quoniam
914 1278 1054 1335 Deus
1124 1297 1343 1354 magnus
1397 1277 1675 1332 Dominus.
1732 1275 1921 1331 Nullus
1966 1273 2111 1329 enim

510 1380 760 1441 sequatur
798 1371 1183 1443 magnitudini,
1213 1371 1267 1427 id
1306 1379 1392 1427 est
1417 1370 1675 1441 petentia:
1722 1369 1866 1439 ejus.
1919 1366 1988 1422 Et
2026 1384 2114 1423 rea:

519 1480 739 1536 magnus
773 1483 928 1539 super
967 1452 1334 1523 omnes‘Deos.
1392 1467 1512 1536 Ipse
1552 1467 1697 1521 enim
1734 1465 1917 1520 omnia
1953 1464 2110 1534 regit.

587 1558 846 1624 Quoniam
905 1577 1011 1615 non
1075 1560 1290 1628 repellet
1343 1557 1599 1613 Dominus
1651 1558 1851 1630 plebem
1914 1571 2113 1621 suam;

509 1665 675 1721 quam
711 1653 936 1724 proprio
963 1668 1160 1709 cruore
1191 1654 1441 1709 redemit.

586 1745 726 1813 Quia
757 1746 809 1800 in
834 1762 991 1801 manu
1020 1750 1136 1821 ejus
1163 1756 1282 1801 sunt
1312 1762 1491 1801 omnes
1521 1747 1649 1815 ﬁnes
1688 1754 1860 1801 terrae.
1904 1743 2112 1814 Pugillo

509 1838 657 1893 enim
691 1839 744 1894 id
782 1850 887 1907 est,
931 1808 1226 1911 potestate,
1276 1839 1558 1896 concludit
1602 1853 1821 1894 omnem
1864 1839 2105 1893 latitudi-
2143 1808 2192 1869 Β

511 1948 633 1988 nem
660 1940 842 1990 terrae.
872 1932 938 1988 Et
973 1934 1274 1989 altitudines
1302 1935 1558 1989 montium
1586 1933 1754 2004 ipsius
1781 1943 1920 1989 sunt.
1962 1932 2108 1988 Prat—

505 2026 818 2083 dicationes
848 2028 1185 2098 apostolica,
1217 2044 1353 2100 quas
1382 2030 1499 2100 ipse
1528 2029 1780 2100 inspirat.

582 2121 846 2188 Quoniam
885 2122 1049 2194 ipsius
1075 2130 1148 2176 est
1179 2139 1344 2190 mare,
1376 2133 1424 2177 et
1453 2122 1569 2193 ipse
1598 2122 1729 2194 fecit
1772 2120 1928 2176 illud.
1981 2120 2109 2176 Haec

508 2221 569 2269 et
592 2212 661 2269 de
690 2214 890 2268 saeculo
916 2213 1265 2285 intelligenda
1293 2223 1441 2280 sunt,
1474 2227 1527 2270 et
1556 2215 1623 2270 de
1654 2215 1763 2270 isto
1787 2229 1919 2269 vero
1946 2213 2104 2281 mari,

507 2306 576 2362 ad
618 2305 1045 2363 confutationem
1086 2322 1276 2363 eorum
1321 2308 1416 2378 qui
1466 2307 1656 2364 dicunt
1698 2322 1866 2379 aquas
1912 2321 1943 2363 a
1996 2308 2107 2363 Deo

508 2415 617 2456 non
646 2414 770 2456 esse
800 2411 1034 2458 creatas.
1066 2401 1199 2458 Nam
1244 2410 1302 2459 et
1325 2402 1582 2460 Salomon
1626 2418 1695 2459 ex
1740 2417 1972 2474 persona
2021 2418 2108 2459 sa-

504 2494 753 2565 pientiae,
800 2495 892 2567 qui
915 2505 1001 2551 est
1029 2493 1302 2564 Christus,
1327 2497 1444 2552 ait:
1476 2498 1800 2569 Priusquam
1842 2498 2109 2568 produce-

505 2597 589 2644 ret
620 2588 796 2645 l‘ontes
822 2604 1113 2661 aquarum,
1143 2606 1244 2662 ego
1279 2607 1429 2646 eram
1460 2591 1649 2664 (Prov.
1675 2592 1778 2664 ιιι).
1811 2591 1880 2646 Et
1915 2593 2105 2646 siccam

504 2697 688 2737 manus
742 2686 853 2754 ejus
894 2683 1267 2754 formaverunt.
1326 2686 1453 2743 Sive
1495 2700 1663 2763 arva,
1705 2687 1822 2742 sive
1864 2686 2102 2742 humana

503 2788 759 2845 corpora.

584 2867 789 2939 Venite,
817 2870 1091 2925 adoremus
1109 2912 1123 2937 ,
1148 2881 1194 2926 et
1217 2872 1549 2944 procidamus
1575 2882 1622 2930 et
1650 2874 1910 2944 ploremus
1925 2890 2103 2929 coram

501 2961 732 3017 Domino
765 2964 859 3035 qui
905 2965 1029 3035 fecit
1068 2982 1163 3020 nos
1194 2982 1212 3022 :
1238 2968 1364 3039 quia
1403 2969 1510 3040 ipse
1546 2977 1618 3024 est
1659 2968 1917 3025 Dominus
1960 2968 2103 3025 Deus

503 3067 701 3113 noster.
741 3058 935 3114 Coram
978 3060 1074 3116 illo
1117 3064 1415 3132 prosterni,
1470 3075 1522 3119 et
1570 3066 1671 3135 ipsi
1717 3075 1936 3135 peccata
1977 3080 2099 3120 cum

501 3151 638 3208 ﬂetu
664 3162 721 3208 et
750 3153 1006 3226 lacrymis
1030 3156 1302 3227 confiteri,
1336 3158 1531 3214 iterum
1560 3168 1724 3229 atque
1751 3160 1946 3214 iterum
1974 3174 2102 3230 pro-

502 3244 668 3316 pheta
710 3245 979 3315 hortatur,
1032 3263 1195 3320 quem
1252 3252 1435 3306 sciunt
1478 3267 1601 3308 esse
1647 3252 1815 3308 Deum
1856 3254 2097 3309 omnium

502 3343 849 3398 saeculorum.
884 3342 952 3396 Et
974 3361 1066 3398 nos
1102 3344 1328 3417 papulas
1355 3363 1562 3417 pascua:
1604 3349 1716 3419 ejus
1752 3357 1799 3402 et
1827 3364 1942 3404 oves
1986 3366 2099 3403 ntu—

503 3450 606 3488 nus
631 3436 763 3506 ejus.
792 3434 963 3506 Cujus
993 3437 1256 3506 sanguine
1286 3439 1370 3493 vel
1402 3438 1743 3508 redimitnur,
1775 3441 1857 3496 vel
1880 3441 2098 3496 alimur.

576 3525 754 3581 Hodie
780 3529 827 3582 si
850 3544 1021 3583 vocem
1057 3532 1171 3602 ejus
1194 3522 1485 3599 audieritis,
1528 3539 1635 3587 etc.
1672 3531 2101 3590 Evidentissime

501 3618 621 3674 btec
645 3619 836 3689 pandit
860 3620 1161 3690 Apostolus
1186 3621 1255 3677 ad
1281 3622 1541 3678 Hebraeos
1572 3641 1585 3678 :
1614 3639 1716 3680 nec
1736 3625 1897 3680 aliam
1932 3628 2100 3682 inter-

502 3727 707 3782 ponere
759 3715 1141 3784 prtesumimus
1198 3717 1619 3785 esposilionem.
1679 3718 1781 3787 Qui
1842 3721 1910 3775 ita
1963 3722 2038 3775 ait
2082 3739 2097 3777 :

497 3806 731 3876 Quidam
763 3808 909 3864 enim
949 3810 1451 3876 exacerbaverunt;
1482 3813 1577 3867 sed
1619 3828 1727 3867 non
1762 3830 1973 3880 omnes,
2002 3815 2100 3885 qui

500 3900 728 3969 profecti
757 3910 884 3959 sunt
908 3918 973 3958 ex
1001 3902 1242 3975 IEgypto
1272 3920 1368 3974 per
1392 3904 1615 3975 Moysen
1642 3904 1800 3980 (Heb.
1832 3908 1937 3978 ιιι).
1966 3908 2099 3976 Qui-

496 3994 601 4052 bus
628 4007 811 4051 autem
851 3995 1101 4052 offensus
1132 3996 1232 4051 fuit
1268 3998 1626 4070 quadraginta
1664 4001 1856 4055 annis?
1900 4016 2097 4072 nempe

494 4089 606 4146 illis
633 4090 723 4161 qui
759 4098 1125 4161 peccaverunt
1159 4110 1170 4146 :
1204 4106 1434 4163 quorum
1478 4103 1534 4148 et
1557 4108 1790 4165 corpora
1819 4105 2092 4165 prostrata

495 4194 625 4240 sunt
656 4186 709 4241 in
738 4185 979 4241 deserto.
1032 4185 1238 4253 Quibus
1274 4197 1456 4243 autem
1480 4187 1685 4258 jnravit
1717 4205 1824 4244 non
1864 4190 2094 4245 introire

494 4276 550 4332 in
577 4279 843 4364 requiept,
881 4278 984 4333 nisi
1013 4277 1121 4334 illis
1151 4279 1243 4349 qui
1278 4268 1550 4335 increduli
1578 4280 1834 4336 fuerunt?
1865 4283 1928 4337 Et
1954 4282 2093 4337 vidi-

492 4383 618 4424 mus
640 4372 762 4438 quia
794 4387 900 4426 non
933 4378 1227 4441 potuerunt
1266 4372 1494 4429 introire
1545 4385 1767 4445 propter
1797 4376 2093 4432 increduli-

493 4470 682 4518 tatem.
714 4464 1028 4519 Timeamus
1062 4481 1232 4537 ergo:
1264 4483 1335 4521 ne
1385 4466 1525 4524 forte
1554 4478 1779 4541 accepta
1818 4470 2090 4541 pollicita-

493 4554 644 4609 tione
667 4554 978 4611 introeundi
1010 4558 1062 4612 in
1095 4574 1322 4628 regnum
1348 4559 1490 4630 ejus,
1525 4560 1870 4617 existimetur
1895 4562 2090 4633 aliquis

492 4661 560 4703 ex
585 4647 745 4702 nobis
765 4647 977 4704 deesse.
1007 4650 1218 4706 Etenim
1243 4652 1396 4706 nobis
1429 4654 1734 4708 nuntiatum
1764 4662 1867 4722 est,
1899 4670 2089 4725 quem-

491 4740 785 4797 admodum
840 4752 895 4798 et
933 4742 1060 4799 illis.
1105 4744 1273 4816 Igitur
1308 4745 1669 4802 exhibeamus
1710 4763 1807 4802 nos
1844 4760 2081 4819 sanctos,

488 4848 549 4894 ut
579 4837 807 4893 introire
845 4853 1154 4893 mereamur
1183 4855 1280 4910 per
1305 4840 1686 4896 crudelitatem
1725 4841 1779 4897 in
1812 4842 1957 4897 illam
2002 4860 2087 4898 re-

488 4932 696 5003 quiem,
722 4948 884 5004 quam
908 4948 1193 5004 speramus
1224 4934 1494 5005 accipere.
1529 4935 1630 4992 Per
1675 4936 1948 4994 Christum
1979 4938 2087 4994 Do-

488 5026 694 5081 minum
756 5036 1054 5082 nostrum:
1093 5027 1182 5082 cui
1228 5035 1314 5083 est
1356 5043 1480 5083 cum
1528 5037 1735 5086 aeterno
1785 5030 1976 5095 Patre,
2029 5041 2086 5087 et

482 5119 687 5192 Spiritu
741 5128 952 5189 sancto,
986 5120 1163 5177 honor
1210 5133 1266 5179 et
1307 5122 1477 5193 gloria
1525 5124 1578 5178 in
1616 5123 1814 5180 saecula
1851 5125 2082 5183 smculo-

482 5229 622 5269 rum.
659 5215 858 5272 Amen.

1023 5284 1342 5344 PSALMUS
1382 5286 1541 5343 XCV.

484 5392 708 5460 Quando
729 5395 923 5471 domus
959 5398 1316 5471 aediﬁcabatur
1343 5407 1454 5471 post
1493 5400 1867 5471 captivitatem,
1912 5403 2079 5457 canti-

551 5482 668 5541 cum
717 5465 906 5523 David.
956 5465 1071 5525 Iste
1102 5465 1353 5539 psalmus
1376 5470 1479 5526 hoc
1525 5465 1681 5527 titulo
1718 5465 2071 5541 prauiotatur.

552 5536 746 5593 Totum
774 5536 1175 5611 mysterium'iu
1204 5541 1356 5596 titulo
1382 5549 1485 5597 est.
1516 5541 1702 5598 Totius
1720 5536 1843 5599 vita;
1876 5556 2076 5603 nostra:

549 5622 973 5680 sacramentum,
1018 5624 1072 5668 et
1108 5614 1254 5667 salus
1286 5613 1338 5667 in
1375 5615 1529 5668 titulo
1564 5622 1666 5669 est.
1712 5614 1935 5681 Quando
1980 5617 2075 5671 do-

547 5696 664 5757 mus
701 5682 1058 5757 aediﬁcabatur
1091 5694 1206 5757 post
1244 5687 1590 5757 captivitatem
1645 5684 1919 5741 Canticum
1963 5685 2075 5742 Da-

545 5750 875 5828 vid.'J_ud_;ri
918 5750 1101 5828 locum
1141 5750 1421 5828 istnm'sic
1472 5757 1795 5820 intelligunt.
1848 5758 2074 5828 Quando

549 5830 672 5888 post
712 5822 1018 5893 Babyloniae
1063 5827 1449 5896 captivitatem,
1491 5828 1594 5886 sub
1638 5829 1777 5886 Ezra
1818 5822 2075 5889 εῖΖοιοι

1311 298 1662 357 APPENDIX
1699 297 1792 355 AD
1830 296 2078 356 TOMUM
2113 296 2464 356 SEPTIMUM
2503 298 2563 358 S.
2607 298 3015 357 HIERONYMI.

3639 303 3752 363 illi

2286 414 2448 470 babel
2476 424 2532 471 et
2568 415 2696 472 Jesu
2729 416 2840 471 tilio
2868 414 3102 472 Josedec
3125 429 3341 472 rursum
3372 414 3663 477 mdiﬁeatum
3683 436 3752 483 est

2292 487 2574 560 templum,
2614 488 2783 544 David
2819 489 2870 543 in
2902 489 3092 560 spiritu
3120 500 3243 543 ante
3274 487 3577 560 quingentos
3613 508 3751 554 annos

2286 554 2491 631 sciebat
2534 575 2748 631 rursum
2797 559 3172 615 :rdilicandum
3212 554 3335 615 esse
3375 554 3628 631 templum.
3663 554 3787 626 lloc‘

2289 629 2364 703 illi
2395 631 2625 703 dicunt,
2645 630 2700 687 Si
2728 631 2830 686 hoc
2860 633 2932 688 ita
2955 641 3058 694 est,
3090 646 3125 687 ο
3147 631 3373 703 Judzce,_
3398 643 3453 686 ut
3482 629 3754 703 interpreta.

2287 701 2385 769 ris,
2411 703 2541 773 quid
2564 702 2665 757 sibi
2698 705 2809 758 vult
2832 704 2977 774 quod
3015 706 3258 771 sequitur
3291 722 3305 759 :
3338 701 3543 759 Cantate
3568 701 3753 765 Domino

2285 776 2543 828 canticum
2596 790 2786 830 novum
2841 791 2859 831 :
2902 786 2956 830 et
3009 775 3208 831 deinde
3255 792 3266 828 :
3314 775 3610 831 Annuntiate
3649 781 3754 837 inter

2286 857 2461 916 gentes
2492 846 2718 921 gloriam
2747 848 2906 930 ejus?
2930 847 3082 917 Quod
3110 847 3366 930 estnislud
3405 848 3647 903 canticam
3670 866 3754 930 no-

2288 932 2412 971 vum
2441 918 2595 987 :quce
2616 929 2743 973 sunt
2766 918 2881 974 lSl'l?
2910 919 3141 991 gentes?
3169 918 3376 973 Videtis
3401 934 3523 989 ergo
3541 921 3754 990 quoniam

2287 991 2581 1044 secundum
2636 990 2871 1062 litteram
2917 989 3329 1046 interﬁcientem
3396 989 3596 1060 penitus
3638 1004 3755 1052 stare

2288 1076 2395 1116 non
2430 1069 2634 1130 potest.
2674 1063 2816 1134 Ergo
2861 1064 3087 1134 my~tice
3146 1063 3591 1130 interpretandum
3634 1078 3702 1120 est
3743 1088 3753 1123 :

2287 1134 2505 1203 quando
2565 1134 2760 1189 domus
2824 1134 3198 1190 aediﬁcabatur
3245 1144 3365 1202 post
3411 1135 3755 1203 captivitatem.

2287 1203 2440 1275 Multi
2472 1204 2539 1261 de
2592 1207 2752 1261 nobis
2803 1210 2947 1275 capti
2994 1217 3121 1261 sunt
3152 1225 3164 1259 :
3200 1206 3353 1258 multi
3385 1206 3528 1260 ducti
3566 1218 3676 1261 sunt
3714 1213 3755 1267 in

2288 1274 2641 1347 Bableaiam
2672 1295 2683 1331 :
2719 1274 2881 1333 inulti
2909 1278 3098 1349 jngnm
3152 1276 3629 1333 Nabuchodonosor
3666 1283 3757 1338 suis

2290 1361 2578 1418 portavere
2626 1350 2933 1406 cervicibus
2986 1368 2997 1403 :
3054 1351 3207 1404 multi
3254 1349 3406 1403 missi
3437 1360 3556 1404 sunt
3603 1351 3649 1404 in
3687 1368 3761 1408 ca-

2289 1420 2493 1492 minum
2547 1421 2704 1492 ignis,
2748 1432 2803 1477 et
2842 1435 3089 1478 arserunt
3126 1440 3137 1475 :
3183 1420 3336 1475 multi
3377 1423 3619 1492 templum
3662 1440 3760 1492 per-

2290 1491 2587 1561 diderunt,
2636 1504 2692 1548 et
2734 1493 2787 1548 in
2844 1494 2954 1549 illis
2998 1494 3191 1548 domus
3241 1493 3336 1548 Dei
3388 1491 3634 1548 subversa
3665 1491 3759 1551 'cSt.

2289 1561 2688 1637 infelixﬂJudas
2720 1568 2935 1637 quando
2983 1565 3263 1634 apostolus
3299 1576 3440 1629 erat,
3484 1565 3658 1621 domus
3686 1567 3761 1624 Dei

2289 1645 2423 1693 erat.
2484 1636 2641 1693 Venit
2689 1636 2968 1706 diabolus,
3021 1648 3076 1693 et
3119 1638 3334 1708 accepit
3399 1639 3761 1699 buccellatn.et

2288 1711 2474 1783 statim
2525 1710 2743 1783 intravit
2788 1711 3018 1767 Satanas
3049 1711 3103 1765 in
3136 1711 3287 1765 illum
3336 1708 3516 1783 (Joan.
3557 1709 3680 1783 χιιι),
3719 1720 3764 1766 et

2290 1779 2485 1835 domus
2515 1782 2632 1850 ejus
2662 1782 2919 1837 snhvcrsa
2967 1794 3074 1847 est,
3101 1793 3152 1836 et
3184 1797 3289 1835 non
3335 1779 3423 1836 est
3452 1779 3718 1836 instaurata
3750 1801 3760 1835 :

2288 1854 2410 1923 quia
2436 1870 2543 1908 non
2574 1855 2681 1923 egit
2713 1854 3109 1923 paenitentiam.
3142 1854 3197 1909 Si
3227 1854 3349 1922 quis
3371 1868 3504 1908 vero
3535 1865 3641 1921 post
3665 1869 3764 1917 nec-

2288 1932 2478 1979 catunr
2501 1924 2610 1995 agit
2644 1926 3053 1994 paenitentiam;
3082 1927 3238 1981 istius
3266 1925 3463 1979 domus
3490 1934 3604 1994 post
3628 1926 3766 1995 capti-

2286 1997 2508 2052 vitatem
2540 2000 2923 2054 rea~dtlicatur.
2955 2002 3183 2054 Oremus
3226 2012 3358 2066 ergo
3399 2008 3452 2053 et
3498 2011 3591 2051 nos
3620 1997 3766 2051 Domi-

2288 2083 2438 2137 num,
2471 2069 2701 2138 primum
2732 2070 2975 2137 quidem,
3007 2080 3067 2126 ut
3098 2084 3205 2125 non
3236 2070 3578 2125 subvertatur
3605 2069 3767 2125 domus

2286 2151 2491 2214 nostra,
2526 2156 2592 2195 ne
2638 2142 2816 2214 veniat
2837 2143 3128 2198 Chaldaeus
3173 2152 3226 2197 et
3260 2142 3540 2214 Assyrius,
3575 2151 3623 2195 et
3657 2150 3768 2195 teut-

2284 2213 2428 2280 plum
2456 2213 2657 2268 Christi
2683 2215 2733 2268 in
2758 2214 2917 2270 nobis
2948 2216 3251 2270 subvertat.
3282 2215 3336 2271 Si
3369 2223 3553 2268 autem
3580 2214 3768 2266 subvere

2282 2298 2402 2337 sum
2456 2284 2620 2341 fuerit
2664 2288 2818 2355 quasi
2848 2286 3154 2357 naufragio,
3197 2286 3436 2341 secundo
3483 2287 3664 2339 solatio
3690 2298 3768 2351 per

2285 2358 2519 2412 tabulam
2555 2372 2841 2426 possumus
2864 2356 3082 2414 salvari.
3110 2358 3330 2425 Quando
3359 2358 3548 2412 domus
3575 2356 3770 2425 adiﬁca-

2285 2429 2434 2485 batur
2456 2439 2570 2502 post
2594 2432 2959 2496 captivitatem.
2984 2430 3240 2499 Qumidie
3261 2432 3456 2484 domus
3483 2431 3576 2483 ista
3600 2428 3768 2502 CllllSll

2284 2503 2335 2556 in
2382 2501 2774 2569 ptenitentihus
2826 2504 3127 2557 instruitur.
3183 2502 3430 2571 Denique
3466 2518 3569 2555 non
3615 2501 3767 2555 dixit:

2281 2575 2502 2645 quando
2534 2576 2727 2630 domus
2756 2575 3021 2629 mdilicata
3054 2583 3137 2629 est
3171 2594 3184 2630 :
3230 2591 3297 2629 ne
3334 2582 3546 2628 tantum
3594 2572 3771 2627 videre-

2283 2656 2369 2700 tur
2402 2647 2565 2702 luisse
2609 2649 2978 2717 praeteritum;
3028 2646 3147 2709 sed,
3177 2646 3561 2717 aediﬁcabatur,
3588 2656 3639 2699 ut
3663 2659 3771 2717 quo.

2283 2718 2414 2772 tidie
2438 2719 2538 2773 hoc
2564 2708 2678 2774 fieri
2706 2708 3063 2773 d'cmonSIret.
3093 2708 3205 2773 lloc
3231 2708 3448 2784 interim
3475 2708 3695 2773 diximus
3718 2716 3772 2770 de

2280 2790 2458 2845 anima
2504 2801 2704 2845 nostra.
2736 2790 3002 2845 Cancrum
3032 2804 3320 2859 possumus
3336 2802 3391 2844 et
3411 2790 3571 2844 aliter
3587 2788 3768 2843 dicere:

2280 2861 2501 2929 quando
2524 2862 2765 2917 Ecclesia
2792 2863 2991 2916 Christi
3019 2862 3388 2918 instruebatur
3413 2871 3538 2930 post
3566 2860 3770 2915 ruinam.

2281 2931 2572 2988 Videamus
2600 2949 2732 3003 ergo
2764 2943 2884 3004 post
2927 2932 3089 2989 ismm
3122 2934 3331 2989 titulum
3363 2934 3497 3005 quid
3527 2941 3769 3002 sequatur.

2281 3036 2496 3093 Cantate
2513 3035 2737 3092 Domino
2758 3038 3018 3092 canticum
3040 3048 3243 3092 norum.
3265 3034 3421 3091 Felix
3448 3032 3770 3105 paenitentia:

2209 3132 2335 3189 licet
2354 3132 2554 3199 rueris,
2579 3139 2764 3188 tamen
2787 3132 2830 3186 si
2847 3133 3032 3203 egeris
3052 3131 3427 3202 pteuitentiam
3451 3144 3591 3185 nova
3609 3127 3772 3183 domus

2211 3225 2305 3282 Dei
2333 3224 2551 3282 diceris.
2579 3223 2799 3282 Cantate
2839 3222 3063 3279 Domino
3101 3225 3363 3279 canticum
3404 3239 3615 3279 novum.
3649 3220 3772 3277 Nam

2206 3318 2420 3385 domus,
2458 3334 2656 3375 novum
2702 3328 2944 3374 meretur
2968 3319 3265 3373 canticum.
3311 3316 3537 3372 Cautate
3578 3314 3772 3369 Domino

2206 3411 2465 3465 canticum
2492 3427 2704 3466 novum.
2729 3408 2828 3466 Cui
2851 3409 3101 3469 cantate?
3119 3409 3337 3465 Cantate
3356 3408 3611 3474 Domino,
3634 3406 3771 3461 omnis

2206 3512 2363 3559 terra.
2400 3502 2459 3559 Si
2496 3504 2565 3558 de
2604 3504 2808 3573 templo
2851 3502 3214 3575 Jerosolynue
3241 3501 3463 3569 dicitur,
3508 3516 3544 3557 o
3581 3500 3771 3565 Iudaee,

2202 3596 2476 3667 quomodo
2502 3597 2680 3653 outnis
2715 3607 2859 3654 terra
2881 3606 3207 3668 provocatur
3227 3596 3292 3651 ad
3317 3596 3571 3652 laudem?
3587 3595 3773 3651 Caritate

2205 3688 2451 3758 Domino,
2481 3692 2647 3746 omnis
2675 3700 2835 3746 terra.
2868 3691 2974 3747 Iste
3004 3691 3155 3747 locus
3176 3698 3231 3746 et
3253 3690 3505 3746 Judteutu
3530 3688 3705 3755 vincit,
3729 3695 3774 3742 et

2204 3784 2579 3840 Novatianum.
2596 3783 2816 3841 Cantate
2826 3783 3069 3851 Dontino,
3087 3786 3252 3840 omnis
3264 3795 3424 3841 terra.
3450 3783 3773 3841 NouJerusa-

2200 3876 2334 3945 lem,
2366 3877 2460 3933 sed
2490 3878 2667 3933 omnis
2692 3878 2946 3933 mundus.
2972 3878 3067 3933 llic
3092 3877 3311 3933 Judaeus
3336 3878 3622 3934 occiditur.
3653 3873 3773 3930 Can-

2203 3978 2305 4023 tatc
2336 3968 2584 4036 Domino,
2616 3971 2778 4024 omnis
2807 3980 2965 4025 terra.
2986 3969 3318 4025 Nmatianus
3348 3970 3634 4026 occiditur.
3649 3968 3774 4034 Quo—

2200 4061 2399 4117 modo?
2429 4061 2569 4118 Dicit
2598 4062 2745 4118 enim
2772 4063 3106 4119 NOVallaﬂlIS
3136 4079 3149 4121 :
3174 4064 3313 4118 Sunt
3340 4063 3520 4134 aliqua
3552 4070 3770 4133 peccata,

2200 4169 2299 4224 pro
2321 4156 2519 4225 quibus
2539 4156 2799 4212 debemus
2824 4140 2986 4227 agere
3008 4156 3399 4227 paenitentiam.
3430 4159 3509 4210 Ac
3532 4156 3578 4211 si
3611 4154 3772 4208 dicat:

2202 4248 2281 4304 De
2313 4248 2615 4314 mendacio,
2664 4249 2733 4305 de
2765 4250 3028 4321 perjurio,
3074 4249 3144 4306 de
3185 4248 3352 4304 furto.
3404 4247 3671 4306 Caeterum
3699 4243 3774 4315 qui

2201 4339 2498 4397 fornicatus
2529 4341 2712 4408 fuerit,
2735 4344 2827 4412 qui
2854 4341 3202 4397 homicidium
3234 4339 3427 4397 fecerit
3461 4340 3605 4396 :i5te
3634 4350 3774 4408 agere

2198 4451 2304 4491 non
2340 4444 2517 4503 potest
2565 4438 2958 4506 paenitentiam.
3002 4436 3139 4492 Audi
3170 4436 3303 4508 quid
3347 4437 3496 4492 dicat
3525 4452 3543 4492 :
3573 4434 3776 4492 Caritate

2198 4522 2444 4593 Domino,
2471 4530 2639 4583 omnis
2669 4537 2828 4584 terra.
2851 4529 3043 4585 Omnis
3064 4538 3246 4586 autem
3272 4542 3442 4598 terra,
3470 4540 3524 4584 et
3544 4528 3774 4584 adultera

2195 4630 2300 4687 est,
2344 4631 2400 4678 et
2438 4622 2732 4693 homicida,
2765 4633 2821 4679 et
2844 4624 3029 4679 omnia
3056 4636 3277 4695 peccata
3310 4633 3524 4680 terrena
3549 4631 3695 4678 sunt.
3723 4618 3773 4674 Si

2193 4724 2370 4770 autem
2398 4716 2644 4772 universa
2680 4728 2898 4787 peccata
2933 4728 3147 4773 terrena
3175 4726 3303 4773 sunt
3333 4736 3346 4771 :
3372 4717 3773 4789 qualiacumque

2191 4820 2416 4880 peccata
2446 4809 2725 4878 habueris,
2756 4826 2855 4882 age
2887 4812 3263 4883 paenitentiam
3293 4822 3348 4866 et
3379 4812 3562 4869 salvus
3582 4812 3710 4867 eris.

2263 4900 2478 4957 Cantate
2508 4902 2752 4972 Domino,
2788 4913 2839 4958 et
2879 4903 3159 4959 benedicite
3188 4904 3383 4959 nomini
3411 4908 3546 4979 ejus.
3577 4903 3773 4958 Nomen

2193 4996 2406 5052 Domini
2435 4996 2687 5053 Salvator
2713 5004 2815 5063 est,
2844 5013 2913 5053 ex
2936 5013 3002 5053 eo
3022 4998 3166 5069 quod
3201 4999 3252 5054 in
3285 4999 3447 5054 nobis
3478 4997 3650 5054 factus
3675 5003 3772 5052 est.

2190 5086 2409 5143 Cantate
2453 5088 2701 5145 Domino.
2747 5089 3061 5145 Annuntiate
3092 5090 3156 5144 de
3184 5089 3268 5145 die
3294 5090 3348 5145 in
3388 5090 3524 5145 dicat
3550 5091 3772 5144 salutare

2186 5185 2320 5256 ejus.
2349 5183 2488 5252 Quid
2518 5184 2633 5239 vult
2654 5184 2874 5240 dicere:
2911 5187 3227 5240 Annuntiate
3248 5184 3312 5238 de
3338 5184 3423 5239 die
3448 5188 3501 5239 in
3530 5186 3664 5238 diem
3688 5199 3771 5236 stt-

2185 5276 2355 5331 lutarc
2371 5277 2520 5350 ejus?
2549 5275 2649 5345 Qui
2671 5278 2905 5348 simplex
2930 5288 3014 5333 est
3045 5296 3056 5330 :
3086 5277 3163 5332 sic
3194 5277 3450 5349 intelligit
3485 5297 3496 5332 :
3522 5276 3773 5334 Omnibus

2185 5369 2378 5425 diebus
2402 5371 2617 5427 laudate
2647 5372 2953 5439 Dominum,
2981 5372 3081 5427 hoc
3103 5380 3207 5441 est,
3231 5372 3340 5428 diei
3364 5373 3616 5429 succedat
3636 5371 3770 5437 dies,

2184 5462 2291 5520 hoc
2319 5473 2424 5529 est,
2475 5464 2706 5520 laudasti
2753 5466 2934 5531 hodie,
2980 5465 3136 5521 lauda
3169 5477 3224 5522 et
3252 5467 3513 5522 crastino.
3552 5465 3771 5521 Videtur

2181 5556 2397 5628 quidem
2421 5572 2614 5613 sensus
2637 5573 2757 5614 esse
2778 5558 3008 5629 simplex
3035 5576 3048 5613 :
3073 5558 3167 5615 sed
3193 5559 3323 5615 mihi
3347 5559 3557 5615 videtur
3570 5554 3772 5628 aliquid

2181 5653 2509 5709 Sacramenti
2542 5653 2728 5710 latere.
2761 5654 3080 5709 Annuntiate
3099 5654 3174 5709 de
3191 5655 3277 5709 die
3299 5656 3355 5709 in
3386 5655 3518 5710 diem
3538 5651 3770 5709 salutare

2181 5748 2314 5819 ejus.
2342 5746 2461 5802 Non
2486 5756 2663 5817 potest
2680 5748 2884 5805 laudari
2915 5749 3189 5817 Salvator,
3220 5751 3322 5806 nisi
3347 5750 3401 5805 in
3428 5750 3537 5807 die.
3561 5746 3771 5804 Debue-

2182 5847 2270 5897 rat
2308 5841 2452 5897 enim
2486 5839 2670 5898 dicere
2715 5858 2728 5896 :
2759 5841 2998 5901 Laudato
3027 5843 3315 5901 Dominum
3352 5845 3442 5902 die
3480 5858 3544 5900 ac
3583 5850 3765 5907 nocte,
