3954 6340
251 277 381 336 1115

1158 268 1587 328 BREVIARIUM
1628 267 1693 327 IN
1732 266 2075 327 PSALMOS.
2122 267 2368 326 PSALM.
2408 266 2565 325 XCV.

3384 266 3523 324 ιιιι

246 396 287 451 si
314 393 378 448 de
414 390 513 448 ista
556 386 643 445 die
668 386 963 445 diceretur.
1001 385 1273 444 Debemus
1300 387 1444 443 enim
1476 386 1659 443 dicere
1691 390 1815 458 hoc,
1846 390 1899 455 Α
1925 391 1992 446 sti
2023 398 2125 445 est.
2159 388 2425 447 Universa
2448 389 2696 458 castitas,
2730 388 2845 446 sive
2877 389 2930 445 in
2963 387 3293 461 virginitate,
3326 389 3441 445 sive
3468 388 3522 445 in

245 488 287 543 si
329 482 620 543 secundum
668 482 905 539 litteram
951 480 1329 552 intelligimus.
1370 480 1428 536 Si
1458 494 1589 551 ergo
1630 480 1683 535 in
1731 481 1820 539 die

246 577 515 636 laudamus
566 575 851 630 Dominum
903 574 1100 628 iterum
1146 571 1201 627 in
1245 582 1412 628 nocte
1458 571 1679 627 laudare
1709 587 1818 626 non

244 668 552 744 pos:umus?
585 667 780 724 Videte
808 682 938 739 ergo
979 665 1108 737 quid
1139 665 1282 722 dicat
1312 684 1324 720 :
1356 666 1820 738 Quandocumque

241 764 453 821 laudatis
491 760 803 824 Dominum,
837 775 1053 831 semper
1102 760 1253 816 illum
1302 761 1353 815 in
1387 762 1505 815 luce
1553 760 1768 817 laudate
1801 778 1816 818 :

242 873 338 915 non
381 858 433 913 in
467 855 707 912 tenebris
740 862 1112 926 peccatorum,
1153 854 1248 910 sed
1281 856 1335 909 in
1379 854 1502 909 luce
1531 854 1814 909 virtutum.

237 953 453 1023 Semper
481 951 537 1004 in
564 950 740 1005 anima
770 961 857 1004 tua
900 948 981 1003 sol
1007 946 1209 1003 Christi
1233 947 1441 1003 oriatur
1467 965 1481 1002 :
1512 958 1572 1003 ut
1599 961 1818 1018 semper

239 1046 286 1102 itt
318 1055 366 1100 te
395 1053 649 1100 nascatur
688 1044 868 1097 lumen
921 1056 1142 1096 novum.
1175 1042 1498 1096 Annuutiate
1535 1040 1602 1095 de
1640 1042 1724 1096 die
1764 1041 1818 1096 in

237 1139 365 1194 diem
389 1135 616 1193 salutare
641 1138 777 1209 ejus.
803 1133 1055 1191 Dicamus
1072 1143 1127 1191 et
1151 1135 1315 1189 aliter
1344 1151 1356 1188 :
1388 1133 1507 1189 Duo
1529 1145 1652 1188 sunt
1678 1133 1813 1202 dies,

236 1246 334 1287 non
367 1243 497 1294 tres,
525 1245 632 1284 non
661 1237 917 1298 quatuor,
951 1242 1059 1283 non
1083 1228 1347 1299 quinque.
1383 1227 1496 1283 Duo
1524 1234 1654 1283 sunt
1674 1226 1813 1295 dies,

233 1337 378 1382 vetus
405 1324 1152 1391 Testamentum,etnovum.
1180 1321 1316 1376 Elin
1340 1320 1434 1376 illo
1452 1319 1704 1375 Christus
1727 1320 1813 1375 lu-

234 1429 330 1483 cet,
372 1427 426 1473 et
469 1418 520 1472 in
562 1417 669 1471 isto
710 1413 963 1471 Christus
1017 1416 1183 1471 lucet.
1217 1414 1399 1470 Nolite
1441 1430 1566 1470 eum
1601 1425 1808 1469 tantum

234 1510 427 1568 laudari
457 1510 515 1565 in
544 1512 715 1565 veteri
745 1509 1119 1577 Testamento,
1149 1523 1217 1565 ne
1244 1508 1364 1565 sitis
1388 1508 1561 1565 ludati
1597 1527 1609 1562 :
1643 1508 1814 1565 nolite

232 1620 347 1661 eum
379 1612 587 1659 tantum
632 1602 855 1658 laudare
888 1603 941 1657 in
987 1617 1130 1658 novo
1159 1602 1532 1669 Testamento,
1576 1616 1644 1658 ne
1695 1602 1812 1657 sitis

230 1697 519 1755 Manicha-i.
555 1696 798 1753 Laudate
831 1696 982 1753 illum
1010 1696 1078 1751 de
1099 1696 1186 1752 die
1213 1696 1267 1751 itt
1294 1689 1464 1763 diem,
1494 1696 1597 1751 hoc
1625 1705 1731 1763 est,
1757 1696 1809 1751 in

1923 483 2203 548 viduitate,
2231 483 2347 539 sive
2376 482 2428 537 in
2456 483 2813 548 continentia,
2839 481 3017 538 hostia
3037 481 3243 538 ChriSti
3262 489 3359 539 est.
3387 481 3523 538 Rem

1922 592 2115 631 novam
2140 577 2356 647 loquor,
2391 576 2567 631 hostia
2595 575 2864 633 castitatis
2895 578 3010 646 ipsa
3042 590 3103 631 se
3132 583 3329 645 portat.
3359 573 3527 630 Tolli-

1922 681 1967 727 te
1995 672 2212 739 hostias,
2254 681 2302 726 et
2333 672 2543 727 introitc
2572 673 2623 725 iu
2651 673 2789 725 atria
2816 673 2949 744 ejus.
2979 669 3217 724 Adorate.
3237 667 3522 723 Dominum

1920 767 1972 821 in
1997 768 2130 821 atrio
2161 776 2338 821 sancto
2364 766 2495 837 ejus.
2541 764 2712 819 Video
2743 765 2897 834 plura
2939 761 3074 817 atria
3110 779 3123 816 :
3157 754 3321 816 video
3351 775 3516 816 unum

1919 857 2149 914 atrium;
2177 857 2363 913 Tollite
2393 857 2610 924 hostias,
2643 865 2688 912 et
2722 856 3005 912 introiteiu
3036 855 3174 910 atria
3203 857 3336 929 ejus.
3379 853 3520 910 Ecce

1918 951 2073 1023 plura
2094 951 2251 1006 atria.
2274 950 2508 1006 Rursum
2536 969 2547 1003 :
2569 949 2795 1005 Adorate
2815 946 3097 1003 Dominum
3120 948 3172 1002 in
3192 947 3326 1002 atrio
3343 954 3520 1001 sancto

1918 1046 2034 1117 ejus
2067 1061 2085 1099 :
2115 1060 2242 1100 ecce
2276 1060 2438 1099 unum
2488 1044 2705 1099 atrium.
2740 1041 2933 1098 Videte
2963 1056 3095 1113 ergo
3123 1041 3377 1113 quoniam
3407 1055 3517 1096 non

1919 1146 2098 1208 potest
2122 1137 2187 1192 de
2210 1153 2316 1192 uno
2341 1138 2479 1193 atrio
2502 1138 2673 1193 veniri
2700 1136 2766 1191 ad
2802 1136 2953 1207 plura
2979 1136 3113 1190 atria
3147 1154 3158 1189 :
3185 1134 3278 1191 sed
3301 1134 3368 1191 dc
3393 1134 3516 1205 pluo

1916 1232 2072 1289 rimis
2098 1232 2253 1286 atriis
2275 1233 2488 1288 venitur
2516 1231 2581 1286 ad
2604 1246 2773 1286 unum
2803 1231 3023 1286 atrium.
3051 1228 3226 1285 Vultis
3247 1229 3389 1285 scire
3413 1228 3516 1305 hoc

1916 1328 2093 1397 ipsum
2123 1325 2480 1398 mysterium?
2512 1324 2653 1380 Ecce
2699 1324 2752 1378 iu
2783 1324 2891 1379 alio
2923 1323 3045 1378 loco
3089 1323 3394 1394 negotiator
3421 1320 3518 1378 ille

1915 1418 2005 1490 qui
2042 1417 2279 1473 habebat
2319 1417 2580 1488 plurimas
2618 1416 2938 1487 margaritas
2968 1435 2981 1469 :
3016 1414 3261 1470 vendidit
3303 1414 3512 1484 plures,

1918 1522 1974 1568 ttt
2000 1520 2210 1568 emeret
2242 1508 2401 1566 una’m
2433 1510 2615 1583 (Matt.
2644 1509 2784 1581 xm).
2822 1509 2890 1565 Et
2927 1510 2980 1564 in
3007 1509 3233 1567 Michaaa
3267 1508 3468 1564 dicitur
3500 1526 3513 1563 :

1915 1604 2087 1671 State,
2120 1604 2323 1675 inquit,
2360 1603 2415 1658 iu
2465 1603 2567 1658 viis
2613 1604 2855 1669 Domini,
2903 1612 2959 1660 et
3008 1604 3284 1674 inquirite,
3316 1602 3512 1673 inquit,

1913 1699 2055 1753 viam
2089 1697 2299 1754 Domini
2325 1696 2512 1769 (.lliclt.
2544 1695 2641 1766 tv).
2676 1695 2791 1751 Nisi
2823 1697 3138 1752 steterimus
3167 1696 3222 1750 in
3251 1695 3356 1751 viis
3389 1694 3513 1765 plu—

228 1791 391 1850 veteri
422 1802 475 1847 et
510 1793 563 1847 in
602 1806 747 1847 novo
776 1790 1132 1848 Testamento
1166 1808 1179 1845 :
1213 1805 1333 1862 qua:
1364 1790 1473 1846 duo
1501 1790 1617 1847 dies
1647 1805 1807 1846 unam
1838 1785 1889 1847 Β
1917 1792 2090 1859 rimis,
2121 1807 2283 1846 unam
2317 1791 2457 1846 viam
2487 1790 2733 1846 invenire
2761 1805 2865 1844 non
2898 1803 3208 1861 possumus.
3233 1787 3366 1857 Quae
3391 1795 3518 1843 sunt

229 1886 396 1943 lucem
425 1887 652 1942 faciunt.
700 1884 995 1956 Propterea
1045 1885 1382 1942 seribituret
1421 1885 1478 1940 in
1522 1884 1807 1941 Levitico:

226 1978 386 2036 Omne
407 1990 589 2034 autem
615 1979 817 2034 animal
846 1977 989 2050 quod
1022 1978 1180 2034 lindit
1202 1979 1455 2050 ungulam
1474 1988 1529 2033 et
1549 1978 1809 2043 ruminat,

226 2071 470 2130 mundum
497 2082 585 2130 est
615 2070 802 2147 (Leuit.
833 2070 932 2145 xi).
964 2073 1081 2129 lloc
1097 2083 1202 2139 est,
1229 2073 1426 2128 siduas
1457 2073 1682 2145 ungulas
1714 2072 1808 2127 ha-

230 2164 334 2230 bet.
367 2176 420 2221 et
466 2167 736 2235 ruminat,
771 2164 1034 2221 mundum
1066 2174 1172 2222 est.
1207 2165 1262 2222 Si
1292 2182 1423 2236 ergo
1450 2183 1615 2222 unam
1643 2165 1812 2223 habet

222 2264 493 2335 ungulam,
526 2277 635 2319 non
668 2272 753 2319 est
782 2262 1067 2318 mundum.
1093 2262 1315 2319 Iudaeus
1344 2261 1506 2319 habet
1527 2276 1689 2317 unam
1712 2278 1809 2317 un-

223 2355 411 2426 gulam,
432 2364 489 2411 et
515 2364 802 2426 propterea
827 2353 1135 2410 immundus
1166 2363 1267 2410 est.
1293 2353 1622 2409 llauichreus
1644 2369 1807 2409 uuam

224 2450 378 2507 habet
401 2450 683 2521 ungulam,
706 2458 762 2505 et
788 2460 1081 2520 propterea
1116 2447 1426 2503 immundus
1449 2456 1550 2502 est.
1586 2446 1652 2502 Et
1682 2448 1807 2518 quia

221 2557 372 2598 unam
402 2542 567 2598 habet
596 2542 884 2613 ungulam,
916 2557 1023 2597 uon
1054 2539 1297 2597 ruminat
1323 2540 1475 2596 cibos
1505 2554 1635 2596 suos
1665 2558 1678 2595 :
1708 2555 1808 2596 nec

221 2636 270 2694 id
295 2639 433 2710 quod
461 2639 634 2695 semel
666 2639 718 2694 in
743 2649 991 2695 ventrem
1023 2637 1252 2701 miserit,
1284 2650 1497 2692 rursum
1528 2636 1709 2692 educit
1738 2635 1806 2690 ad

220 2742 413 2804 guttur,
461 2742 519 2790 et
558 2733 799 2789 ruminat
843 2730 1000 2799 illud,
1044 2741 1099 2786 et
1133 2740 1297 2788 tenue
1344 2730 1472 2786 facit
1514 2748 1526 2783 :
1576 2738 1635 2785 ut
1659 2728 1805 2800 quod

220 2841 457 2898 gressum
484 2827 686 2897 fuerat,
712 2842 927 2882 rursum
960 2834 1123 2881 tenue
1160 2826 1403 2880 mittatur
1434 2823 1489 2880 in
1519 2831 1763 2879 ventrem
1792 2839 1804 2875 :

220 2919 320 2978 hoc
357 2921 574 2992 quidem
615 2922 851 2992 pertinet
887 2919 955 2975 ad
994 2930 1335 2974 sacramenta
1379 2917 1559 2974 divina
1599 2916 1802 2973 dicere.

220 3011 383 3071 Onme
402 3013 604 3071 animal
623 3017 767 3083 quod
791 3013 948 3069 ﬁndit
970 3014 1243 3085 ungulam.
1268 3014 1525 3077 ruminat,
1546 3010 1806 3067 mundum

220 3117 315 3164 est.
348 3107 573 3165 Judaaus
616 3123 780 3163 unam
813 3106 1079 3179 ungulam
1121 3106 1288 3162 habet
1317 3124 1329 3159 :
1357 3107 1409 3161 iu
1436 3121 1627 3160 unum
1659 3105 1804 3160 enim

1915 1888 2032 1943 istm
2081 1887 2390 1956 margaritae
2437 1886 2656 1954 plures?
2680 1885 2811 1954 Qua:
2841 1896 2963 1940 sunt
3010 1883 3113 1939 vite
3140 1883 3355 1954 plures?
3380 1882 3514 1952 Quae

1914 1992 2041 2039 sunt
2072 1984 2173 2039 ista
2200 1982 2339 2037 atria
2371 1981 2524 2052 plura
2552 2000 2563 2035 :
2591 1989 2648 2036 ut
2684 1980 3027 2036 inveniamus
3054 1993 3215 2033 unam
3249 1976 3515 2048 margari-

1915 2087 2046 2145 tam,
2067 2088 2116 2133 et
2134 2092 2292 2132 uuam
2308 2077 2474 2141 viam,
2498 2086 2557 2133 et
2573 2091 2736 2131 unum
2762 2075 2996 2130 atrium?
3013 2074 3316 2141 Abraham,
3338 2072 3512 2140 Isaac,

1912 2181 1965 2226 et
1995 2170 2185 2237 Jacob,
2216 2170 2450 2241 Moyses,
2482 2168 2613 2226 Jesu
2652 2167 2819 2232 Nave,
2851 2167 3021 2233 Isaac,
3055 2166 3346 2231 Jeremias,
3377 2163 3513 2220 Eze-

1912 2264 2076 2326 chiel.
2104 2263 2393 2320 duodecim
2433 2263 2742 2335 Prophette,
2774 2260 2975 2325 David,
2998 2259 3261 2317 Salomon
3295 2261 3514 2314 luerunt

1912 2357 2076 2423 atria,
2108 2356 2213 2413 hoc
2234 2366 2340 2425 est,
2369 2356 2505 2412 atria
2539 2368 2724 2411 nostra
2758 2363 2904 2411 sunt.
2937 2354 3182 2408 Primum
3214 2352 3268 2406 in
3298 2342 3391 2407 illa
3425 2351 3513 2405 in-

1912 2461 2142 2519 tramus,
2166 2450 2235 2507 de
2253 2452 2360 2508 illis
2381 2451 2535 2506 atriis
2555 2459 2742 2519 postea
2761 2446 3010 2504 venimus
3022 2445 3088 2501 ad
3111 2445 3310 2502 atrium
3332 2443 3513 2501 Evan-

1911 2550 2062 2621 gelii,
2092 2547 2186 2604 ubi
2215 2546 2491 2603 invenitur
2517 2545 2784 2601 Christus.

1983 2642 2377 2699 Contmoreatur
2420 2659 2453 2697 a
2500 2642 2635 2713 facie
2678 2644 2794 2714 ejus
2838 2639 3079 2695 universa
3122 2648 3280 2694 terra.
3321 2634 3518 2693 Videte

1910 2738 2039 2809 quid
2071 2738 2220 2793 dicat
2252 2756 2265 2790 :
2295 2735 2506 2792 Caelum
2539 2750 2646 2791 non
2688 2741 2941 2790 movetur
2988 2748 3018 2788 a
3069 2732 3208 2787 facie
3239 2730 3332 2788 Dei
3364 2746 3380 2786 :
3413 2726 3511 2785 sed

1910 2832 2241 2903 quicumque
2285 2839 2537 2884 terrenus
2566 2839 2669 2897 εει,
2702 2828 2795 2884 ille
2824 2826 3048 2896 respicit
3086 2825 3378 2881 Dominum
3416 2828 3514 2879 :et

1911 2930 2382 2988 eommovetur,et
2403 2922 2688 2977 tremiscit.
2722 2920 2897 2975 Dicite
2926 2920 2978 2974 iu
2994 2918 3228 2991 gentibus
3252 2917 3376 2989 quia
3403 2915 3514 2971 Do-

1911 3018 2082 3073 minus
2121 3015 2374 3088 reguavit.
2408 3013 2521 3070 Nisi
2562 3023 2709 3070 terra
2737 3021 3007 3069 commota
3051 3011 3236 3080 fuerit,
3267 3019 3323 3066 et
3352 3024 3382 3064 a
3409 3022 3511 3066 suo

1914 3118 2135 3166 terreno
2173 3125 2340 3181 opere
2384 3106 2698 3175 recesserit,
2731 3106 2992 3161 Dominus
3035 3119 3140 3161 non
3169 3102 3419 3176 regnabit
3457 3102 3511 3158 in

220 3210 419 3259 tantum
463 3203 644 3259 credit
679 3201 1120 3269 Testamentum,
1152 3209 1207 3257 et
1231 3215 1337 3255 non
1369 3201 1626 3255 ruminat.
1654 3198 1813 3271 Legit
1840 3187 1886 3252 Ο
1914 3202 2187 3275 gentibus.

221 3295 355 3351 enim
381 3295 762 3353 tantummodo
787 3296 1054 3360 litteram,
1086 3303 1141 3350 et
1169 3293 1302 3349 nihil
1333 3293 1647 3353 considerat
1676 3310 1689 3346 :
1722 3293 1806 3347 ni-

220 3387 289 3446 ltil
326 3390 517 3459 qumrit
553 3390 914 3446 intrinsecus.
954 3389 1373 3445 Ecclesiastieus
1404 3403 1535 3446 vero
1575 3389 1810 3459 ungulas

219 3482 439 3542 ﬁnditet
460 3486 718 3547 ruminat,
748 3483 848 3540 hoc
877 3493 980 3551 est,
1013 3485 1064 3538 itt
1091 3495 1381 3554 utrumque
1411 3484 1588 3540 credit
1613 3483 1807 3539 Testa-

217 3591 477 3646 mentum,
506 3578 639 3636 etin
665 3589 898 3646 utroque
924 3576 1275 3633 Testamento
1296 3591 1441 3647 smpe
1464 3576 1717 3646 requirit.
1745 3575 1811 3630 Et

218 3672 593 3744 quodcumque
622 3670 756 3726 latet
807 3670 861 3723 in
893 3669 1096 3734 littera,
1136 3670 1191 3723 in
1213 3668 1408 3738 spiritu
1443 3669 1670 3739 profert.
1695 3665 1809 3722 Hoc

218 3771 383 3820 totum
405 3778 579 3836 quare
601 3762 748 3819 dixi?
788 3761 923 3830 Quia
957 3761 1220 3831 scriptum
1245 3769 1331 3816 est
1358 3778 1370 3813 :
1402 3758 1720 3814 Auuuutiate
1748 3759 1812 3813 de

218 3857 298 3913 die
321 3859 375 3912 iu
403 3858 542 3912 diem
584 3857 816 3911 salutare
844 3859 979 3929 ejus.
1014 3855 1320 3925 Propterea
1351 3864 1403 3910 et
1432 3854 1666 3924 apostoli
1696 3854 1806 3909 bini

217 3950 507 4008 mittuntur
539 3968 552 4002 :
582 3958 871 4021 propterea
923 3964 1030 4003 non
1061 3947 1324 4003 habemus
1356 3962 1521 4001 unum
1564 3946 1803 4012 oculum,

215 4044 305 4099 sed
328 4043 488 4099 duos.
520 4042 818 4113 Propterea
853 4043 988 4096 duas
1019 4040 1282 4097 habemus
1303 4055 1486 4105 aures,
1520 4049 1809 4110 propterea

216 4134 345 4192 duas
367 4151 551 4204 nares,
579 4144 866 4207 propterea
895 4134 1004 4189 duo
1025 4133 1188 4200 labia,
1220 4143 1508 4204 pr0pterea
1531 4132 1668 4188 duas
1697 4147 1812 4186 ma-

217 4244 336 4295 nus,
363 4230 502 4284 duos
533 4228 721 4299 pedes.
764 4226 906 4283 Nihil
942 4227 994 4281 itt
1023 4226 1182 4282 nobis
1210 4240 1375 4281 unum
1407 4226 1697 4291 habemus,
1731 4226 1806 4280 ni-

214 4321 259 4376 si
288 4324 429 4393 quod
464 4331 623 4393 turpe
653 4330 757 4376 est.
804 4320 872 4376 Et
903 4318 1157 4390 corporis
1187 4319 1360 4375 nostri
1392 4319 1639 4374 membra
1670 4320 1802 4375 duo-

216 4429 332 4470 rum
361 4415 841 4472 Testamentorum
866 4423 1209 4470 sacramenta
1238 4421 1526 4469 testantur.

284 4506 482 4576 Aﬂ'erte
521 4506 769 4574 Domino,
812 4508 1001 4579 patria:
1040 4508 1271 4580 gentium
1300 4526 1317 4564 :
1348 4506 1532 4575 afferte
1578 4505 1810 4562 Domino

1988 3295 2194 3353 Etenim
2217 3296 2440 3352 correxit
2468 3297 2642 3352 orbem
2667 3304 2820 3351 terra:
2843 3295 2933 3367 qui
2963 3310 3066 3349 non
3093 3289 3506 3347 commovebitur.

1914 3389 2215 3461 Numquam
2244 3392 2558 3462 corrigitur,
2593 3391 2695 3446 nisi
2728 3389 2874 3461 quod
2902 3398 3027 3444 ante
3056 3397 3266 3444 rcctum
3293 3385 3412 3454 fuit,
3456 3392 3513 3440 ct

1913 3493 2104 3554 postea
2135 3484 2491 3555 depravatum
2530 3495 2634 3539 est.
2682 3482 2774 3540 Sic
2806 3482 2968 3555 igitur
3013 3490 3066 3536 et
3097 3494 3222 3548 nos,
3266 3488 3321 3535 et
3348 3492 3511 3534 omne

1914 3574 2212 3634 humanum
2250 3593 2424 3650 genus
2461 3577 2782 3633 naturaliter
2812 3576 3070 3647 intelligit
3101 3575 3295 3630 Deum.
3338 3571 3511 3627 Nulla:

1915 3670 2059 3726 enim
2091 3682 2282 3741 gentes
2317 3678 2469 3738 sunt,
2504 3684 2626 3739 quae
2678 3669 3002 3724 naturaliter
3045 3682 3154 3722 non
3206 3665 3515 3736 intelligant

1912 3764 2229 3821 Creatorem
2260 3781 2438 3820 suum.
2470 3765 2621 3820 Licet
2650 3765 2793 3819 enim
2824 3762 3057 3831 lapides,
3081 3770 3134 3817 et
3166 3760 3309 3831 ligna
3341 3773 3510 3813 vene-

1914 3864 2104 3913 rentur
2138 3873 2158 3916 :
2191 3866 2367 3912 tamen
2410 3857 2721 3927 intelligunt
2758 3854 2964 3924 aliquid
2993 3852 3167 3922 majus
3198 3866 3319 3907 esse
3348 3865 3509 3921 quam

1915 3951 2021 4022 ipsi
2045 3959 2190 4016 sunt,
2212 3960 2268 4007 et
2290 3952 2342 4007 in
2370 3966 2557 4007 errare
2583 3965 2683 4005 Stto
2714 3950 2953 4004 indicant
2986 3964 3045 4001 se
3069 3948 3273 4003 habere
3297 3946 3516 4015 sapien-

1915 4045 2068 4112 tiam,
2099 4046 2200 4099 hoe
2224 4054 2328 4110 est,
2359 4044 2501 4100 nulla
2531 4060 2665 4117 gens
2687 4051 2772 4100 est
2797 4060 2917 4114 quae
2942 4041 3259 4098 naturaliter
3290 4056 3395 4096 non
3429 4040 3513 4096 in-

1916 4139 2121 4208 telligat
2166 4138 2354 4193 Deum.
2401 4139 2643 4208 Denique
2680 4136 2916 4207 gentiles
2954 4135 3099 4191 idola
3137 4133 3329 4190 colunt
3361 4149 3376 4186 :
3410 4131 3513 4186 hoc

1914 4240 2022 4297 est,
2071 4229 2276 4300 lapides
2309 4238 2365 4285 et
2410 4230 2558 4301 ligna
2590 4237 2915 4284 venerantur
2946 4245 2957 4279 :
2990 4235 3042 4280 et
3072 4226 3116 4280 si
3166 4225 3310 4280 forte
3336 4224 3510 4279 rixam

1916 4323 2167 4392 fecerint,
2192 4334 2245 4380 et
2278 4325 2323 4379 si
2349 4324 2723 4395 jurameutum
2750 4320 2974 4393 aliquod
3003 4320 3146 4375 inter
3176 4318 3319 4376 illos-
3340 4332 3507 4374 vene-

1915 4418 2009 4483 rit,
2035 4433 2142 4471 nnn
2177 4417 2367 4473 dicunt
2398 4417 2603 4488 lapides
2633 4416 2722 4470 isti
2750 4416 2963 4481 vident,
2992 4414 3137 4483 ligna
3166 4413 3351 4470 vident
3377 4432 3389 4467 :
3414 4410 3511 4469 sed

1917 4509 2063 4565 Deus
2082 4508 2253 4575 videt,
2296 4518 2350 4564 et
2383 4510 2524 4564 Deus
2565 4508 2736 4563 audit.
2772 4508 2962 4563 Videte
3000 4521 3131 4579 ergo
3161 4506 3288 4577 quid
3317 4504 3463 4561 dicat
3497 4522 3510 4558 :

212 4602 435 4673 gloriam
478 4612 526 4657 et
567 4600 834 4656 honorem.
868 4602 931 4660 Si
958 4602 1025 4657 de
1053 4602 1256 4674 templo
1282 4601 1641 4673 Jerosolymm
1672 4602 1805 4657 dici-
1839 4591 1892 4652 D
1920 4601 2125 4657 Etenim
2163 4603 2384 4658 correxit
2415 4602 2588 4657 orbem
2630 4612 2781 4657 terra:
2809 4601 2899 4672 qui
2945 4617 3051 4655 non
3098 4599 3512 4655 cottttttovebitur.

215 4700 334 4757 tur;
366 4691 498 4762 quid
527 4692 628 4747 sibi
658 4707 800 4747 nunc
827 4692 969 4761 vult,
998 4690 1182 4761 aﬁ'erte
1210 4691 1436 4747 Domino
1467 4694 1653 4762 patria:
1681 4710 1809 4766 gen-

213 4787 342 4840 tium
374 4802 392 4839 :
422 4784 607 4854 afferte
643 4783 869 4841 Domino
910 4784 1135 4858 gloriam
1162 4794 1209 4840 et
1241 4776 1525 4841 honorem?
1553 4786 1808 4841 Gentium

212 4881 526 4947 multitudo,
557 4881 775 4936 vocatio
802 4881 1067 4950 gentium,
1095 4888 1151 4936 et
1183 4879 1441 4936 Ecclesiae
1463 4882 1813 4952 congregatio

212 4983 317 5030 est.
348 4971 547 5041 Aﬁ‘erte
575 4970 804 5027 Domitio
824 4972 1051 5045 gloriam
1078 4981 1126 5028 et
1156 4973 1421 5028 honorem.
1453 4974 1685 5042 Quando
1715 4974 1813 5029 lto-

212 5081 475 5122 uoramus
497 5065 786 5122 Dominum
815 5067 870 5121 in
899 5081 1131 5136 corpore
1156 5076 1375 5136 nostro,
1406 5066 1674 5137 gloriatur
1706 5067 1813 5122 Do-

213 5161 396 5215 minus
440 5161 495 5215 ιιι
521 5159 696 5216 nobis.
722 5159 913 5229 A/fcrte
953 5159 1175 5215 Domino
1205 5158 1426 5232 gloriam
1453 5162 1650 5215 uommi
1676 5162 1808 5233 ejus.

212 5253 399 5311 Gloria
424 5253 594 5322 servi,
614 5255 787 5326 gloria
821 5253 1040 5311 Domiui
1071 5263 1176 5310 est.
1200 5255 1302 5323 Qui
1341 5270 1440 5309 vos
1472 5255 1692 5326 recipit,
1725 5272 1812 5312 me

212 5350 412 5419 recipit
438 5346 623 5417 (Matt.
653 5345 734 5421 ι).
763 5347 913 5405 Felix
941 5361 1156 5417 servus,
1187 5354 1413 5419 propter
1441 5364 1601 5413 quem
1630 5348 1812 5406 Domi.

213 5455 314 5496 nus
334 5440 624 5511 gloriatur.

289 5532 482 5589 Tollite
493 5533 705 5601 hostias,
732 5543 779 5589 et
793 5533 1002 5589 introite
1026 5536 1080 5589 in
1098 5536 1235 5592 atria
1255 5539 1390 5611 ejus.
1412 5536 1659 5592 Hostiam
1690 5552 1814 5593 san-

215 5635 384 5694 ctam,
402 5626 937 5698 vivamrplacentem
962 5627 1074 5684 Deo
1093 5628 1274 5702 (Rom.
1300 5645 1395 5701 xu,
1421 5640 1469 5686 et
1489 5628 1687 5702 Philip.
1715 5631 1811 5700 tv).

217 5721 422 5778 Tollite
446 5720 673 5780 hostias.
691 5720 1122 5792 Vosipsiall‘erte
1149 5722 1380 5780 hostias.
1405 5725 1549 5793 Quas
1573 5723 1818 5780 hostias?

223 5815 336 5874 Vos
362 5815 469 5888 ipsi
487 5826 656 5875 estote
680 5816 893 5875 ho‘stitet
921 5815 1233 5890 Virginita=,
1264 5816 1633 5877 holocaustum
1662 5817 1821 5875 Cirris

1919 4692 2046 4749 ldeo
2087 4696 2232 4749 venit
2272 4690 2550 4760 Christus,
2594 4702 2647 4749 et
2689 4691 2932 4749 correxit
2973 4708 3146 4763 genus
3194 4693 3512 4756 humanum,

1918 4785 2060 4857 quod
2100 4794 2228 4840 ante
2262 4784 2438 4841 luerat
2481 4785 2856 4856 depravatum,
2904 4795 2962 4841 ut
2997 4785 3051 4841 iu
3095 4795 3512 4841 mternum’non

1917 4886 2215 4934 moveatur.
2245 4877 2387 4933 Crux
2413 4879 2556 4934 enim
2583 4880 2752 4950 ipsius
2781 4876 3036 4935 columna
3061 4887 3143 4934 est
3175 4877 3390 4948 generis
3416 4875 3517 4932 hu-

1917 4973 2086 5028 mani.
2120 4972 2176 5028 ln
2198 4974 2314 5043 ipsa
2335 4974 2589 5030 columna
2617 4974 2879 5029 aediﬁcata
2902 4973 3201 5031 estdomus
3232 4974 3368 5041 ejus.
3403 4970 3517 5042 Ego

1920 5080 2137 5123 crucem
2169 5066 2315 5135 dico,
2351 5081 2459 5122 non
2488 5067 2717 5137 lignum,
2750 5065 2847 5121 sed
2878 5065 3215 5135 passionem.
3246 5062 3514 5118 Caeterum

1921 5180 2054 5220 crux
2095 5165 2195 5220 ista
2231 5176 2283 5219 et
2322 5164 2379 5220 in
2422 5165 2699 5220 Britannia
2732 5174 2835 5228 est,
2877 5172 2932 5217 et
2974 5163 3027 5216 in
3057 5159 3206 5215 India
3237 5169 3342 5225 est,
3368 5168 3423 5214 et
3462 5159 3515 5214 in

1922 5261 2181 5317 universo
2212 5260 2346 5316 orhe
2388 5269 2678 5317 terrarum.
2712 5258 2960 5324 Denique
2990 5254 3117 5327 quid
3153 5254 3285 5310 dicit
3323 5263 3377 5310 et
3410 5253 3520 5309 Do-

1921 5356 2101 5410 minus
2133 5354 2186 5408 iu
2222 5352 2550 5424 Evangelia?
2580 5350 2695 5407 Nisi
2732 5348 2965 5405 tuleritis
2989 5362 3209 5405 crucem
3236 5362 3435 5413 meam,
3461 5357 3518 5402 et

1921 5449 2168 5520 quotidie
2197 5450 2370 5503 secuti
2402 5445 2615 5501 fueritis
2637 5459 2722 5499 me
2742 5442 2898 5517 (Luc.
2928 5442 3028 5513 ιιι).
3057 5441 3252 5498 Videte
3280 5439 3405 5511 quid
3437 5438 3519 5494 di-

1919 5551 2008 5597 cat
2037 5559 2049 5594 :
2080 5539 2192 5595 Nisi
2220 5540 2398 5594 anima
2430 5546 2611 5594 vestra
2644 5538 2719 5591 ita
2756 5535 2823 5591 ad
2855 5551 3073 5592 crucem
3104 5535 3269 5592 luerit
3307 5548 3520 5605 praepa-

1921 5642 2059 5699 rata,
2085 5632 2224 5688 sicut
2244 5647 2361 5687 mea
2390 5631 2487 5686 fuit
2512 5645 2610 5701 pro
2635 5629 2814 5696 voltis,
2845 5628 2952 5685 mei
2977 5627 3233 5699 discipuli
3257 5640 3378 5683 esse
3405 5639 3515 5681 non

1922 5728 2172 5800 potestis.
2217 5726 2369 5783 Felix
2407 5728 2495 5796 qui
2548 5739 2790 5793 crucem,
2826 5735 2883 5780 et
2927 5722 3412 5789 resurrectionem,
3458 5728 3516 5777 et

1924 5824 2105 5881 locum
2131 5820 2428 5879 nativitatis
2448 5818 2676 5889 Christi,
2703 5828 2757 5877 et
2782 5821 2959 5877 locum
2984 5818 3316 5877 ascansionis
3336 5822 3517 5887 portat
