3954 6340
369 231 510 294 11Ιὸ

364 437 436 505 de
464 453 565 493 suo
597 456 609 492 :
644 437 697 492 in
723 436 885 506 cujus
924 435 1088 495 corde
1117 433 1368 495 Christus
1406 435 1650 506 quotidie
1694 436 1961 495 nascitur.

371 531 617 601 Denique
632 529 760 601 quid
780 530 978 585 dicitur
994 528 1348 585 Bethleltem?
1374 529 1572 585 Domus
1592 529 1764 599 panis.
1785 528 1967 585 Simus

370 638 427 682 et
476 639 574 680 nos
614 624 812 679 domus
858 624 1011 694 panis
1051 624 1192 693 ejus,
1227 623 1321 695 qui
1362 623 1433 680 de
1475 624 1621 680 caelo
1661 622 1963 680 descendit.

373 716 635 788 Quotidie
658 716 815 770 nobis
842 715 1092 771 Christus
1114 715 1451 787 crnciligitnr
1471 733 1481 770 :
1504 730 1601 771 nos
1624 715 1824 770 mundo
1846 731 1968 771 cru-

377 811 677 882 ciiigimnr:
701 820 755 865 et
776 809 1024 866 Christus
1056 811 1106 873 in
1123 810 1281 865 nobis
1299 811 1651 883 cruciﬁgitur.
1682 809 1837 867 Felix
1858 822 1965 882 est,

370 906 425 961 in
464 904 619 973 cujus
643 904 809 960 corde
837 903 1076 975 quotidie
1092 901 1344 960 Christus
1362 906 1598 975 resurgit
1626 922 1635 955 :
1659 907 1703 958 si
1725 904 1969 975 quotidie

370 1014 467 1068 pro
492 998 726 1067 peccatis
748 998 884 1064 suis,
916 996 1080 1053 etiam
1131 998 1366 1065 levibus,
1408 997 1521 1069 agit
1565 998 1965 1069 pmnitentiam.

370 1090 525 1146 Felix
553 1091 742 1161 estqui
768 1090 836 1145 de
865 1099 1050 1146 monte
1076 1089 1274 1146 Oliveti
1301 1091 1543 1153 ascendit
1575 1091 1641 1146 ad
1673 1107 1838 1162 regna
1860 1105 1971 1148 cte-

370 1183 547 1238 lorum
593 1201 604 1235 :
645 1183 734 1241 ubi
763 1190 889 1237 sunt
938 1181 1095 1237 oliva:
1138 1184 1350 1239 Domini
1391 1182 1609 1254 uberes,
1657 1184 1747 1239 ubi
1785 1183 1967 1243 lumen

367 1276 573 1333 Christi
600 1277 839 1333 nascitur
875 1295 886 1331 :
916 1278 1005 1334 tibi
1036 1288 1161 1333 sunt
1189 1278 1393 1333 oliveta
1427 1277 1658 1333 Domini.
1687 1278 1799 1349 Ego
1822 1280 1966 1333 enim

366 1370 525 1444 quasi
543 1370 684 1426 oliva
716 1372 900 1429 uberis
932 1371 985 1427 in
1018 1371 1185 1428 domo
1210 1371 1443 1427 Domini.
1472 1372 1852 1428 Accendamus
1876 1387 1969 1426 er—

368 1478 436 1536 go
474 1474 530 1517 et
570 1478 667 1517 nos
709 1464 990 1521 lucernam
1021 1474 1258 1520 nostrain
1284 1464 1352 1518 de
1387 1466 1485 1518 ista
1511 1465 1676 1531 oliva,
1704 1472 1761 1519 et
1785 1464 1968 1519 Statim

367 1572 492 1625 cum
512 1556 732 1615 Christo
755 1560 950 1625 ibimus
977 1558 1044 1615 ad
1069 1576 1234 1631 regna
1260 1559 1549 1617 ctelorum.
1576 1559 1777 1615 Etenim
1799 1575 1972 1615 corrc.

366 1655 443 1709 xit
475 1654 652 1709 orbem
681 1663 852 1721 teme,
871 1656 959 1726 qui
991 1672 1093 1709 non
1127 1653 1548 1721 commovebitur,
1578 1656 1667 1726 qui
1697 1656 1848 1725 prius
1873 1669 1971 1724 pro

1157 226 1504 289 APPENDIX
1547 224 1637 282 AD
1676 226 1918 284 ΤἸΜυὶΙ
1955 226 2309 293 SEPTIMUM
2346 228 2405 285 8.
2452 228 2859 291 HIEBONYMI.

364 346 419 405 iu
451 353 674 416 pectore
694 357 815 400 suo.
842 341 1196 411 Fi'lichtqni
1223 339 1547 403 Bethlchem
1578 340 1741 397 habet
1772 340 1824 395 in
1847 355 1970 403 cor-
1996 345 2045 419 Α

3526 229 3669 288 “l6

2146 340 2327 414 rium,
2365 343 2467 398 alia
2519 342 2818 410 iunonem,
2867 352 2924 401 et
2975 358 3166 400 omnes
3206 351 3401 414 gentes
3450 343 3670 405 diversa

2145 414 2286 497 idola
2318 413 2613 498 habebant.
2642 414 2917 498 vaillnm
2944 417 3124 472 crucis
3163 413 3438 472 elévatum
3480 426 3585 482 est,
3618 423 3675 471 et

2142 492 2318 541 omnis
2341 495 2485 541 terra
2510 492 2805 541 constituta
2829 495 2934 542 est.

2145 620 2694 698 Dominus‘rcgnavit,
2734 618 2952 676 exsultet
2982 629 3139 675 terra.
3181 618 3455 676 Uoiversa
3503 626 3675 689 terra,

2069 722 2125 770 et
2152 715 2333 770 omnis
2360 714 2531 783 orbis,
2563 713 2657 783 qui
2687 712 3033 768 daemonibus
3063 721 3121 768 et
3151 711 3317 768 idolis
3346 711 3527 768 fuerat
3552 719 3680 765 ante

2071 808 2367 880 subjectus,
2419 808 2529 864 Deo
2578 818 2769 863 nostro
2816 818 3080 878 regnante
3129 808 3369 864 laetetur.
3422 805 3681 861 Dominus

2071 903 2325 975 regnavit.
2363 900 2634 969 Dominus,
2667 900 2896 959 Creator
2915 902 3006 974 qui
3040 917 3141 957 nos
3170 901 3321 968 fecit,
3344 900 3466 971 ipse
3487 914 3683 970 regna-

2075 997 2167 1053 vit.
2197 997 2242 1053 0
2275 1012 2371 1055 vos
2402 996 2494 1066 qui
2525 1005 2652 1052 ante
2687 995 2919 1067 subjecti
2948 995 3121 1055 eratis
3147 999 3249 1052 sub
3286 994 3539 1051 dominio
3560 994 3680 1049 dia-

2072 1092 2205 1160 boli,
2238 1107 2383 1148 nunc
2424 1092 2653 1162 subjecti
2687 1092 2820 1149 estis
2868 1092 2969 1148 sub
2995 1091 3231 1155 Domino
3259 1099 3534 1147 creatore.
3563 1087 3683 1144 Lat-

2076 1195 2248 1245 tentur
2275 1185 2459 1242 insula:
2487 1188 2682 1243 multa'.
2710 1186 2858 1243 Bene
2879 1186 3017 1240 dixit
3039 1185 3110 1241 de
3132 1184 3423 1240 animabus
3446 1183 3683 1241 nostris:

2072 1296 2195 1352 qua:
2218 1279 2384 1336 variis
2402 1280 2850 1351 cogitationibus,
2880 1279 3038 1349 quasi
3061 1279 3223 1334 variis
3245 1278 3373 1335 hinc
3403 1277 3535 1333 inde
3560 1286 3686 1331 tun-

2072 1374 2272 1428 duntur
2294 1373 2568 1428 lluctibus.
2601 1371 2710 1427 Nos
2733 1381 2913 1427 autem
2951 1370 3222 1435 dicamus,
3252 1380 3309 1426 et
3336 1370 3553 1426 insulas
3586 1369 3689 1426 Ec-

2071 1468 2292 1525 clesias.
2320 1467 2566 1537 Denique
2598 1465 2819 1534 dicitur,
2850 1475 2906 1522 et
2928 1468 2979 1522 in
3007 1465 3121 1521 alio
3146 1466 3269 1522 loco
3304 1485 3315 1518 τ
3347 1465 3689 1520 Cooverten-

2072 1574 2163 1623 tur
2215 1565 2281 1623 ad
2342 1580 2428 1618 me
2483 1563 2677 1618 insulae
2732 1562 2940 1623 multae.
2993 1559 3177 1619 Vultis
3224 1560 3370 1615 scire
3421 1558 3687 1628 quoniam

2075 1658 2267 1715 insulae
2292 1657 2548 1713 dicantur
2576 1656 2875 1715 Ecclesire?
2898 1655 3112 1713 Dictum
3135 1656 3297 1712 estin
3323 1653 3596 1726 propheta
3621 1667 3690 1708 ex

368 1748 608 1818 peccatis
630 1756 907 1802 tortuosos
928 1756 1063 1802 erat.
1097 1744 1363 1802 Judicabit
1390 1748 1610 1819 papulas
1630 1748 1686 1802 in
1708 1747 1970 1818 tequitate.
2006 1750 2051 1817 ﬂ
2080 1765 2311 1823 persona
2338 1750 2551 1807 Domini
2578 1769 2591 1805 :
2620 1748 2892 1818 Loquere,
2925 1748 3123 1819 inquit,
3153 1747 3559 1803 habitatoribus
3602 1745 3691 1800 in-

370 1836 449 1893 De
472 1837 652 1893 futuro
680 1836 783 1893 hoc
808 1836 1016 1908 judicio
1040 1837 1180 1894 dixit
1210 1857 1221 1891 :
1267 1838 1319 1893 in
1351 1853 1459 1909 quo
1506 1839 1699 1895 iterato
1726 1838 1978 1895 adveniet

366 1932 620 2003 judicare
651 1932 720 1988 de
748 1932 882 1987 vivis
912 1944 965 1987 et
996 1933 1249 1989 mortuis.

444 2024 708 2082 Ltetentur
734 2027 867 2083 coeli.
900 2025 1177 2098 ApostoEi,
1206 2026 1286 2083 vel
1315 2026 1511 2098 reliqui
1547 2027 1745 2082 sancti.
1782 2024 1974 2083 Exsul-

372 2126 443 2179 tet
474 2127 634 2173 terra.
672 2116 915 2189 Corpora
946 2118 1162 2175 scilicet
1207 2118 1474 2174 caelestia.
1515 2118 1786 2174 Moventur
1811 2135 1974 2188 mare,

372 2222 422 2267 et
463 2212 730 2283 plenitudo
777 2214 890 2287 ejus
930 2230 946 2266 :
986 2212 1125 2269 orbis
1153 2223 1433 2279 terrarum,
1461 2224 1507 2266 et
1530 2213 1751 2268 universi
1770 2212 1859 2284 qui
1882 2210 1979 2265 Ita-

375 2307 539 2365 bitant
570 2309 624 2363 in
647 2325 727 2362 eo.
763 2307 1039 2364 Saeculum
1065 2309 1257 2381 utique
1285 2318 1343 2371 ut
1373 2307 1427 2364 in
1457 2310 1653 2365 melius
1677 2316 1981 2362 commutee

378 2409 486 2459 tur.
519 2401 832 2458 Gaudebant
859 2404 1052 2475 campi,
1084 2414 1133 2459 et
1162 2405 1337 2458 omnia
1356 2419 1474 2477 quas
1503 2405 1555 2458 in
1577 2405 1649 2461 eis
1677 2412 1816 2461 sunt.
1847 2402 1980 2459 Ani-

376 2509 479 2551 mae
500 2506 727 2566 sanetur,
758 2503 814 2551 et
836 2498 1142 2567 prtesertim
1174 2498 1436 2568 virgines,
1467 2514 1588 2570 qua:
1620 2499 1852 2554 diversis
1883 2496 1981 2555 ιιο.

380 2605 499 2645 rum
533 2590 898 2646 suavitatibus
924 2592 1151 2662 pollent.

453 2682 594 2739 Tunc
631 2684 962 2755 exsultoltunt
992 2687 1164 2743 omnia
1205 2686 1349 2760 ligna
1375 2686 1619 2751 silvarum
1658 2705 1691 2743 α
1712 2687 1848 2758 facie
1872 2684 1983 2744 Do-

379 2782 525 2837 mini.
558 2781 695 2853 Quia
737 2798 845 2838 non
878 2792 1006 2838 sunt
1027 2783 1260 2839 obnoxia
1288 2783 1679 2840 combustioni.
1726 2783 1982 2851 Quoniam

379 2877 534 2931 venit.
564 2874 749 2932 Primo
768 2876 1005 2935 adventu
1035 2878 1100 2933 ad
1129 2878 1529 2937 redimendum.
1562 2878 1819 2949 Quoniam
1848 2878 1984 2949 venit

383 2968 625 3034 iudicare
654 2980 859 3027 terram.
902 2972 1098 3027 lterato
1117 2972 1184 3026 ad
1213 2972 1589 3041 jndicandum.

453 3062 721 3125 Judicttbit
750 3067 927 3123 orbem
950 3077 1205 3124 terrarum
1232 3070 1286 3125 in
1315 3070 1581 3141 tequitate,
1609 3077 1658 3126 et
1689 3069 1908 3141 populos
1927 3069 1982 3131 in

381 3160 591 3215 veritate
608 3178 735 3216 sua:
760 3175 815 3217 ut
839 3174 1159 3233 peccatores
1185 3164 1380 3219 subdat
1409 3166 1585 3231 poenis
1610 3183 1621 3218 :
1642 3165 1820 3234 justos
1842 3179 1977 3235 pm.
2008 3161 2055 3224 (Ξ

384 3256 510 3311 miis
557 3268 807 3312 moneret
846 3257 1088 3313 mternis.
1121 3257 1222 3327 Qui
1257 3259 1412 3314 nobis
1452 3259 1699 3318 timorem
1745 3259 1981 3315 nominis

383 3348 468 3404 sui
503 3348 773 3418 tribuens,
826 3358 1087 3419 pra'stare
1113 3351 1365 3421 dignetur
1392 3362 1449 3407 ut
1495 3351 1547 3405 in
1574 3350 1666 3407 illo
1698 3350 1982 3411 tremendo

388 3441 580 3511 judicii
607 3452 854 3514 tempore
878 3459 987 3499 non
1013 3445 1349 3500 collocemnr
1379 3444 1433 3501 in
1455 3445 1683 3507 sinistro
1711 3461 1979 3505 numero:

385 3534 480 3605 qui
536 3549 636 3587 nos
687 3535 1001 3607 redemptos
1049 3538 1167 3607 ejus
1209 3541 1472 3609 sanguine
1520 3539 1847 3601 conﬁtemur
1879 3537 1980 3610 ipsi

385 3625 559 3698 gloria
585 3643 708 3684 cum
737 3638 949 3686 aeterno
974 3631 1132 3689 Patre
1161 3644 1217 3688 et
1246 3632 1453 3703 Spiritu
1481 3642 1674 3691 sancto
1704 3633 1757 3689 in
1780 3632 1981 3691 saeculo

385 3720 738 3780 saeculorum.
769 3725 962 3779 Amen.

928 3836 1049 3896 PSA
1059 3838 1241 3898 LMUS
1283 3841 1464 3898 XCVI.

386 3969 630 4048 Psalmus
668 3975 768 4048 ipsi
803 3973 968 4029 David
995 3976 1203 4046 quando
1250 3987 1385 4031 terra
1408 3977 1522 4048 ejus
1550 3978 1786 4034 restituta
1812 3989 1883 4034 est
1912 3979 1978 4043 ei.

457 4044 710 4121 Legimus
744 4046 801 4121 in
828 4044 1038 4121 llegum
1066 4058 1119 4102 et
1150 4044 1608 4121 Paralipomenon
1635 4048 1809 4115 libris,
1842 4065 1978 4121 quo-

459 4116 603 4194 niam
637 4116 803 4194 David
826 4118 1123 4194 bellicosus
1150 4120 1232 4175 vir
1252 4120 1374 4194 iuit,
1398 4133 1454 4175 et
1485 4122 1768 4194 universas
1792 4116 1982 4194 gentes

458 4186 510 4240 in
542 4186 1120 4265 circuitu_siibj_eceri_t,
1149 4202 1207 4247 et
1251 4192 1307 4246 in
1356 4209 1508 4253 suam
1560 4186 1831 4265 redegerit
1883 4212 1981 4265 po-

459 4266 731 4313 testatem.
780 4261 890 4315 Hoc
918 4261 1136 4317 interim
1169 4264 1463 4318 secundum
1498 4261 1730 4320 litteram
1770 4261 1981 4323 intellig

458 4342 652 4407 gamus
684 4330 783 4386 hoc
836 4331 997 4407 modo
1038 4349 1051 4407 ξ
1090 4331 1338 4407 Psalmus
1370 4336 1535 4390 David
1574 4351 1733 4407 quem
1781 4340 1984 4394 cecinit

462 4396 692 4474 Domino
723 4421 735 4455 :
761 4404 980 4474 quando
1001 4403 1158 4459 victis
1184 4407 1520 4463 adversariis
1544 4396 1783 4463 reddidit
1821 4418 1980 4465 terra:

461 4484 597 4547 suae,
629 4473 730 4547 hoc
743 4473 846 4542 eSt,
874 4475 1078 4531 indura:
1101 4491 1315 4547 pacem.
1346 4478 1461 4534 Hoc
1485 4481 1784 4535 secundum
1811 4480 1982 4537 bistn-

2076 1843 2213 1900 sulze
2254 1841 2436 1912 hujus.
2469 1839 2732 1896 Lattentur
2768 1841 2959 1896 insula:
2988 1839 3187 1895 multae.
3219 1837 3510 1907 Quomodo
3540 1837 3691 1895 enim

2081 1934 2273 1992 insula:
2304 1935 2356 1990 iu
2391 1933 2574 1990 medio
2610 1932 2747 1989 mari
2792 1933 2989 2003 positae
3033 1939 3161 1987 sunt
3188 1949 3202 1987 :
3226 1932 3305 1987 sic
3329 1938 3389 1986 et
3430 1929 3692 1987 Ecclesia

2080 2030 2234 2101 quasi
2267 2029 2322 2085 in
2345 2028 2528 2084 medio
2556 2027 2689 2083 mari
2718 2027 2902 2083 saeculi
2935 2027 3091 2082 istius
3122 2024 3316 2096 posita:
3342 2034 3469 2079 sunt
3495 2040 3510 2078 :
3535 2032 3589 2077 et
3615 2023 3692 2078 ita

2082 2124 2582 2196 persecutionibus,
2611 2123 2767 2194 quasi
2800 2120 3039 2178 diversis
3069 2120 3374 2175 tunduntur
3404 2116 3692 2175 ﬂuctibus.

2080 2218 2281 2275 Verum
2311 2220 2427 2273 istas
2457 2217 2647 2273 insula)
2682 2216 2985 2271 tunduntur
3007 2214 3268 2285 quotidie,
3296 2212 3390 2270 sed
3417 2227 3527 2269 non
3557 2210 3697 2267 sub.

2082 2320 2337 2368 ruuntur.
2383 2311 2440 2366 ln
2482 2311 2616 2365 mari
2653 2309 2872 2378 quidem
2921 2317 3080 2373 sunt,
3116 2306 3211 2362 sed
3257 2307 3464 2363 habent
3497 2305 3697 2362 funda-

2083 2412 2323 2463 mentum
2352 2402 2633 2458 Christum
2663 2404 2756 2473 qui
2788 2402 2994 2463 moveri
3028 2418 3137 2461 non
3162 2409 3365 2473 potest.

2156 2496 2335 2553 Nubes
2361 2504 2407 2552 et
2437 2497 2607 2568 caligo
2655 2498 2709 2551 in
2756 2496 2979 2551 circuitu
3025 2499 3161 2569 ejus.
3190 2495 3303 2565 Ego
3331 2501 3465 2564 puto
3493 2491 3698 2549 nubem

2085 2591 2243 2646 istam
2274 2604 2424 2657 esse,
2455 2589 2522 2644 de
2544 2604 2648 2660 qua
2671 2587 2874 2644 dicitur
2902 2590 2953 2642 in
2990 2585 3291 2657 Evangelia
3317 2605 3331 2640 :
3366 2587 3433 2641 Et
3453 2584 3699 2656 operuit,

2086 2686 2284 2756 inquit,
2319 2701 2413 2739 eos
2466 2683 2641 2740 nubes
2694 2683 2868 2738 lucida
2916 2682 3100 2754 (Matt.
3144 2680 3268 2754 vn).
3320 2680 3397 2749 Eo
3449 2688 3703 2750 tempore

2084 2779 2303 2850 quando
2332 2777 2750 2835 transformatus
2778 2788 2864 2835 εει
2895 2777 3179 2843 Dominus,
3204 2787 3253 2829 ct
3283 2774 3520 2846 apostoli
3545 2772 3702 2829 ceci-

2085 2875 2305 2940 derunt,
2325 2874 2541 2945 aperuit
2563 2888 2659 2928 eos
2686 2872 2857 2928 nubes
2883 2870 3084 2928 lucida.
3118 2871 3228 2940 Ego
3258 2876 3388 2942 puto
3417 2870 3549 2925 istas
3571 2882 3703 2925 esse

2087 2970 2282 3039 nubes,
2314 2970 2510 3037 quibus
2557 2966 2836 3023 mandavit
2884 2966 3148 3023 Dominus
3198 2978 3267 3020 ne
3311 2965 3501 3035 pluant
3531 2977 3702 3032 super

2087 3061 2251 3123 Israel
2300 3062 2530 3117 imbrem
2561 3059 2718 3131 (Isai.
2753 3059 2829 3131 v).
2866 3059 2978 3131 Ego
3001 3071 3135 3131 puto
3165 3058 3301 3113 istas
3341 3072 3469 3114 esse
3499 3056 3700 3127 nubes,

2088 3155 2155 3210 dc
2187 3154 2383 3226 quibus
2410 3154 2462 3211 in
2495 3154 2606 3209 alio
2632 3152 2753 3208 loco
2775 3152 2976 3207 dicitur
3004 3171 3016 3206 :
3047 3151 3265 3209 Veritas
3292 3158 3383 3207 tua
3416 3165 3588 3221 usque
3628 3147 3699 3205 ad

2088 3250 2265 3306 nubes
2296 3247 2416 3320 (Ps.
2443 3246 2634 3317 xxxv).
2659 3246 2876 3303 Veritas
2912 3245 3132 3301 Domini
3178 3244 3294 3313 illa,
3322 3259 3446 3316 quin
3484 3243 3615 3298 dicit
3643 3243 3698 3299 in

2088 3341 2444 3411 Evangelium
2493 3358 2504 3392 :
2537 3340 2648 3411 Ego
2675 3354 2796 3394 sum
2827 3340 2937 3406 via,
2973 3338 3179 3394 veritas
3226 3346 3283 3394 et
3320 3337 3452 3391 vita.
3509 3334 3695 3407 (Joau.

2084 3434 2219 3507 xw).
2240 3434 2458 3493 Veritas
2488 3433 2604 3499 Dei,
2635 3431 2889 3491 Christus
2913 3440 3016 3487 est.
3044 3430 3261 3487 Veritas
3281 3430 3497 3485 Domini
3526 3442 3700 3501 usque

2084 3528 2151 3583 ad
2184 3527 2375 3587 nubes.
2424 3526 2607 3591 Nubes
2637 3526 2866 3597 apostoli
2912 3534 3044 3581 sunt
3087 3534 3140 3580 et
3195 3530 3479 3597 prophetae.
3516 3543 3527 3575 :
3579 3522 3700 3579 istis

2086 3621 2403 3679 mandatum
2435 3628 2546 3683 est,
2599 3635 2668 3674 ne
2700 3618 2887 3688 plnant
2915 3632 3082 3687 sujer
3110 3617 3277 3673 Israel
3325 3615 3573 3673 imbrem.
3614 3615 3697 3673 Ex

2084 3727 2193 3784 quo
2228 3712 2404 3781 enim,
2437 3709 2735 3768 secundum
2783 3709 3094 3775 historiam,
3125 3709 3269 3779 quod
3303 3709 3562 3778 scriptum
3613 3716 3700 3761 est

2086 3806 2140 3867 in
2162 3805 2301 3870 libro
2327 3804 2606 3875 iudicum,
2630 3804 2802 3859 vellus
2825 3803 2955 3861 illud
2973 3803 3233 3859 siccatum
3256 3813 3337 3857 est
3359 3800 3560 3874 (Judic.
3579 3798 3693 3873 vt):

2088 3899 2271 3971 pluvia
2304 3899 2358 3954 in
2388 3897 2644 3954 universo
2672 3896 2806 3953 orbe
2842 3895 3123 3952 discurrit.
3151 3893 3307 3965 Quod
3334 3894 3558 3959 dicitur,
3589 3893 3696 3951 hoc

2085 4002 2190 4060 est,
2215 3992 2384 4050 Israel
2417 3992 2653 4048 siccatus
2681 4001 2785 4060 est,
2832 4001 2887 4048 et
2931 3992 3115 4063 pluvia
3145 4006 3310 4061 super
3353 4005 3571 4047 omnem
3601 4003 3698 4045 or-

2086 4086 2208 4143 bem
2231 4084 2512 4147 discurrit.
2558 4083 2736 4138 Nubes
2766 4093 2813 4139 et
2855 4084 3027 4157 caligo
3056 4084 3109 4138 in
3153 4082 3372 4139 circuitu
3421 4083 3554 4154 ejus.
3584 4081 3695 4137 ι)οο

2085 4181 2266 4235 ηιὶιιιιι
2293 4178 2440 4241 venit
2462 4176 2519 4233 in
2542 4176 2836 4250 Egyptum
2869 4190 3038 4247 super
3065 4175 3266 4230 nubem
3312 4174 3486 4231 levem
3531 4171 3688 4245 (Isai.

2085 4275 2222 4344 nx).
2264 4274 2453 4331 Videte
2500 4273 2629 4344 quid
2663 4270 2831 4329 dicat.
2882 4267 3142 4325 Dominus
3195 4266 3391 4323 venit:
3425 4266 3694 4325 Dominus

2083 4379 2247 4439 atque
2303 4366 2557 4421 Salvator
2606 4364 2659 4419 in
2710 4361 3011 4434 Egyptum
3056 4362 3214 4417 istam
3244 4359 3301 4415 in
3329 4375 3432 4433 qua
3469 4374 3568 4414 nos
3593 4376 3691 4414 sn-

2084 4480 2207 4521 mus
2239 4482 2253 4517 :
2291 4465 2343 4517 in
2374 4461 2554 4525 locum
2599 4457 2951 4513 tenebrarum
2990 4454 3080 4511 ubi
3112 4455 3326 4523 Pharao
3351 4464 3461 4525 est,
3511 4453 3695 4508 Domi-

463 4545 619 4624 riam.
652 4546 925 4601 Caeterum
947 4550 990 4601 si
1018 4545 1182 4604 David
1209 4550 1595 4619 interpretatur
1614 4552 1765 4624 fortis
1792 4570 1984 4619 manu;
2008 4562 2064 4624 ι)
2091 4573 2193 4621 nus
2234 4556 2402 4613 venit.
2428 4553 2547 4611 Non
2578 4550 2747 4619 venit,
2782 4550 2886 4605 nisi
2932 4550 2985 4607 iu
3038 4550 3182 4605 nube
3212 4548 3342 4605 levi.
3378 4547 3562 4611 Nubes
3587 4547 3698 4603 ista

462 4612 619 4670 fortis
666 4627 848 4671 autem
892 4635 1051 4673 manu
1089 4635 1249 4696 nemo
1286 4612 1403 4696 est,
1439 4624 1559 4696 _nisi
1600 4612 1694 4680 i'lle
1722 4626 1813 4696 qui
1853 4612 1983 4685 vicit

463 4700 654 4764 omnes
685 4697 911 4759 gentes,
946 4699 1143 4764 noster
1164 4691 1357 4764 David,
1388 4693 1453 4748 ad
1484 4707 1643 4764 quem
1674 4691 1984 4751 clamabant

462 4754 746 4839 «immunes
766 4761 959 4839 εμυιᾱ
982 4762 1176 4839 venisti
1199 4754 1453 4839 torquere
1482 4754 1580 4822 nos
1596 4776 1722 4822 ante
1745 4777 1981 4839 tempus,

465 4828 540 4912 liii
568 4831 729 4889 David
759 4830 935 4912 (Matt;
966 4831 1116 4905 vni)?
1139 4835 1252 4912 iste
1282 4828 1531 4904 psalmus
1568 4840 1637 4894 ab
1658 4854 1732 4912 eo
1756 4828 1982 4909 compa;

463 4904 601 4985 situs
627 4904 975 4985 est_,_qumdo
1022 4904 1268 4985 restituta
1311 4918 1397 4985 est
1440 4918 1605 4964 terra.
1654 4910 1717 4966 Et
1768 4904 1985 4985 egregie

465 4970 604 5027 dixit
631 4970 847 5043 quidam
876 4992 891 5031 :
921 4976 1177 5052 quoniam
1212 4986 1354 5033 terra
1376 4980 1477 5035 ista
1507 4996 1630 5050 quae
1658 4970 1983 5052 restituitur,

465 5058 693 5114 corpora
723 5055 909 5125 nostra
937 5055 1086 5125 sunt.
1118 5047 1257 5104 Vere
1283 5052 1430 5125 enim
1452 5047 1799 5125 eo'tempore
1823 5047 1989 5112 debe;

468 5131 588 5199 mus
614 5127 836 5199 cantare
856 5118 1109 5185 Domino,
1133 5121 1356 5190 quando
1376 5130 1520 5199 terra
1549 5118 1734 5199 nostra
1760 5141 1988 5199 compo-

465 5189 566 5241 sita
591 5200 695 5243 est.
717 5189 987 5265 Dicamus
1026 5189 1205 5265 autem
1250 5208 1347 5265 nos
1374 5205 1425 5250 et
1463 5197 1661 5253 aliter:
1688 5197 1804 5253 Non
1836 5189 1983 5265 enim

469 5268 649 5333 nocet,
683 5261 729 5316 si
752 5260 1000 5333 eamdem
1030 5277 1142 5316 rem
1175 5263 1408 5333 duobus,
1437 5276 1494 5323 et
1515 5267 1688 5327 tribus
1710 5268 1883 5325 modis
1902 5260 1983 5326 in;

472 5331 797 5401 telligamus.
819 5332 1093 5403 Scriptum
1113 5343 1197 5389 est
1214 5339 1359 5391 enim
1386 5331 1438 5395 in
1461 5339 1756 5397 Salomone
1780 5361 1791 5395 :
1816 5346 1986 5397 Assu—

470 5417 607 5467 mes,
623 5404 895 5483 inquit,e_a
921 5406 973 5469 in
1000 5404 1178 5467 tabula
1193 5409 1372 5483 cordis
1392 5412 1467 5469 tui
1481 5413 1769 5483 tripliciter
1790 5410 1979 5482 (Prata.

466 5489 523 5530 ιιι
561 5482 610 5527 ct
658 5476 794 5545 vn).
825 5476 943 5555 Non
990 5484 1156 5555 nocet
1194 5479 1471 5555 diversum
1518 5476 1723 5555 aliquid
1767 5476 1980 5551 dicere.

464 5560 727 5631 cui-nimo
754 5548 951 5631 spiritu
972 5547 1173 5631 dicitur
1205 5565 1218 5601 :
1250 5550 1478 5631 Quando
1525 5547 1667 5631 terra
1708 5556 1827 5631 ejus
1856 5547 1986 5611 con;

467 5618 658 5700 stituta
687 5628 794 5671 est.
818 5619 983 5700 Terra
1023 5619 1125 5700 ista
1148 5618 1436 5700 antequam
1463 5626 1627 5683 David
1656 5618 1842 5684 noster
1869 5643 1988 5684 om-

467 5703 564 5772 nes
592 5690 993 5772 vin-cerethnon
1023 5690 1486 5772 habebatpacem;
1516 5699 1611 5755 sed
1642 5701 1843 5772 ubique
1865 5711 1986 5759 erat

465 5759 757 5817 discordia.
794 5761 909 5827 Alia
953 5776 1088 5835 gens
1130 5759 1347 5839 colebat
1394 5759 1608 5842 Jovem,
1640 5759 1991 5845 alia'biercup

2085 4652 2222 4707 levis
2242 4695 2257 4718 ,
2290 4664 2413 4719 qua;
2444 4648 2569 4703 est?
2596 4642 2970 4702 Videturmibi
3000 4653 3189 4699 sancta
3213 4642 3379 4698 Maria
3409 4640 3561 4705 nullo
3591 4640 3698 4703 bu—

2089 4757 2251 4801 mano
2277 4740 2484 4801 semine
2513 4745 2875 4809 prtegravata.
2918 4736 3023 4791 Ista
3056 4735 3227 4796 nubes
3264 4733 3397 4791 levis
3439 4732 3590 4789 venit
3639 4734 3695 4795 in

2087 4836 2373 4903 mundum,
2400 4842 2453 4889 et
2477 4847 2665 4897 secum
2687 4837 2869 4903 portat
2900 4829 3084 4891 mundi
3117 4838 3446 4895 creatorem.
3472 4828 3542 4884 Et
3559 4827 3693 4899 quid

2089 4931 2288 4989 dicitur
2316 4928 2385 4991 ibi
2418 4928 2471 4983 in
2500 4926 2677 4993 Isaia?
2711 4925 2975 4987 Dominus
3000 4923 3149 4979 venit
3177 4922 3231 4977 in
3271 4920 3570 4994 Egyptnm
3599 4937 3697 4976 su-

2089 5040 2184 5097 per
2207 5024 2410 5089 nubem
2449 5022 2623 5077 levem
2655 5036 2668 5073 :
2700 5027 2755 5083 et
2783 5015 3204 5086 confringenlur
3261 5012 3403 5099 idola
3444 5012 3691 5087 Egypti.

2095 5119 2253 5181 Venit
2289 5115 2574 5184 Dominus,
2602 5123 2657 5169 et
2692 5111 2834 5168 idola
2863 5109 3084 5183 Egypti
3133 5119 3404 5173 commnta
3452 5117 3604 5175 sunt,
3638 5117 3696 5169 ct

2086 5226 2377 5277 concussa,
2406 5220 2568 5279 atque
2598 5206 2895 5267 destructa.
2924 5204 3108 5261 Nubes
3146 5203 3245 5263 ista
3275 5202 3549 5283 destruxit
3587 5202 3691 5260 Sc-

2085 5306 2264 5375 rapim
2291 5304 2345 5359 in
2373 5300 2700 5361 Alexandria
2727 5319 2738 5353 :
2771 5316 2878 5365 non
2901 5299 3199 5368 imperator
3223 5297 3386 5365 homo
3406 5298 3687 5365 mortalis;

2084 5400 2177 5457 sed
2207 5400 2379 5456 nubes
2414 5402 2512 5452 ista
2540 5412 2665 5468 qua:
2701 5395 2851 5451 venit
2880 5395 2932 5449 in
2963 5391 3282 5465 Egyptum,
3318 5392 3500 5448 Nubes
3528 5404 3576 5448 et
3603 5409 3693 5448 cu-

2084 5492 2190 5566 ligo
2218 5492 2275 5547 in
2301 5491 2518 5547 circuitu
2545 5491 2661 5562 ejus
2696 5503 2715 5543 :
2753 5486 3002 5551 Diximus
3030 5485 3101 5542 de
3124 5487 3268 5543 nube
3303 5503 3313 5540 :
3348 5486 3595 5547 dicamus
3620 5486 3694 5543 de

2086 5586 2336 5657 caligine.
2369 5582 2632 5649 Dominus
2662 5581 2719 5643 in
2758 5580 2993 5652 caligine
3045 5588 3151 5637 est.
3201 5577 3465 5641 Dominus
3494 5588 3585 5635 aut
3636 5580 3695 5637 in

2092 5678 2296 5747 lumine
2324 5686 2429 5746 est,
2460 5673 2634 5743 autin
2666 5673 2917 5745 caligine.
2949 5672 3008 5730 In
3038 5671 3247 5740 lumine
3297 5670 3694 5744 incipientibus

2088 5781 2193 5831 est.
2246 5767 2637 5844 Incipientibus
2684 5767 2830 5827 enim
2884 5764 3205 5841 simpliciter
3254 5764 3543 5840 loquntur:
3593 5768 3693 5839 qui
