3954 6340
245 269 370 324 i|l7

1154 262 1588 321 BitEV’lARIUM
1631 263 1695 319 IN
1732 262 2066 329 PSALMOS.
2109 259 2359 318 PSALM.
2400 254 2604 319 ιονιι.

3384 257 3525 315 H18

237 396 359 440 vero
389 379 612 451 perlecti
655 386 803 446 sunt,
834 376 943 435 illis
994 376 1223 450 mystice
1270 375 1532 448 loquitur.
1584 375 1825 447 Denique
1850 382 1900 451 Α
1930 390 2037 441 non
2053 372 2322 432 consumit
2349 372 2607 445 humiles,
2626 371 2721 429 sed
2740 344 3068 447 quicumque
3085 372 3359 431 montuosi
3381 383 3527 439 sunt;

235 473 489 550 apostolis
540 486 647 528 non
680 470 1006 545 loquebatur
1036 469 1187 541 quasi
1222 468 1416 537 turbis,
1448 467 1543 524 sed
1570 467 1828 533 intrinse-

234 587 324 626 cus
353 565 673 641 loquebatur
704 582 718 619 :
762 577 817 622 et
842 564 971 636 quid
999 563 1163 619 dicit?
1206 562 1306 631 Qui
1338 562 1501 619 habet
1540 579 1703 618 aures
1728 578 1828 620 au-

237 661 434 737 diendi,
466 660 678 719 audiat.
711 659 851 733 Ergo
882 658 986 715 hoc
1008 657 1153 731 quod
1180 657 1347 714 dicit?
1377 667 1423 715 et
1454 659 1621 729 caligo
1644 659 1698 712 in
1725 658 1827 713 cir-

234 756 367 826 cuitu
398 756 529 826 ejus.
560 752 676 808 lloc
716 760 821 822 est,
871 759 927 807 et
972 751 1231 827 mysteria
1282 751 1333 804 in
1379 750 1611 805 circuitu
1660 748 1821 819 ejus:

232 850 518 920 Pr0pterea
541 846 740 911 dicitur
762 856 816 902 et
844 846 896 901 itt
926 842 1115 899 Exodo
1140 863 1151 897 :
1186 842 1251 899 Et
1276 846 1474 908 omnis,
1511 842 1702 914 inquit,
1733 860 1823 913 po-

233 946 380 1019 pulus
400 944 577 1000 stabat
601 942 860 997 deorsum
889 959 900 994 :
925 938 1136 1013 Moyses
1165 948 1345 995 autem
1371 940 1520 993 solus
1545 941 1823 1009 ingressus

231 1049 310 1098 est
358 1038 412 1095 in
463 1047 702 1095 montem
737 1031 864 1090 Sina
918 1032 969 1087 in
1001 1027 1464 1103 caligine(Ea:od.
1519 1026 1653 1101 xix).
1704 1026 1820 1083 Non

231 1133 364 1192 enim
387 1140 601 1204 poterat
622 1130 800 1184 omnis
834 1126 1066 1199 populus
1092 1125 1188 1181 Dei
1225 1128 1365 1182 scire
1394 1125 1677 1197 mysteria,
1701 1139 1821 1195 quae

231 1228 370 1285 solus
401 1232 615 1298 poterat
640 1239 802 1281 nosse
834 1222 1071 1295 Moyses.
1115 1219 1319 1276 Dicitur
1347 1224 1415 1275 de
1446 1219 1558 1273 Deo
1590 1237 1601 1272 :
1637 1215 1824 1273 Posuit

231 1320 476 1379 tenebras
506 1317 795 1373 latibulum
824 1331 983 1371 suum
1015 1312 1132 1389 (Ps.
1162 1312 1317 1383 xvn).
1348 1311 1567 1366 Iustitia
1598 1321 1643 1365 et
1666 1309 1818 1381 judi-

231 1415 361 1470 cium
381 1412 632 1468 correctio
658 1409 796 1466 sedis
847 1411 980 1481 ejus.
1011 1406 1150 1478 Quid
1183 1408 1296 1462 vult
1323 1405 1505 1463 dicere
1526 1447 1538 1471 ,
1572 1404 1821 1460 correctio

227 1505 354 1563 sedis
378 1506 530 1579 ejus?
554 1503 747 1560 Debuit
767 1502 949 1558 dicere
967 1500 1233 1558 stabilitas
1256 1499 1402 1555 sedis
1429 1498 1566 1570 ejus.
1592 1495 1819 1567 Quando

227 1614 349 1672 ergo
372 1598 595 1665 dicitur,
615 1597 863 1655 correctio
886 1595 1021 1650 sedis
1038 1596 1172 1668 ejus,
1196 1593 1501 1651 ostenditur
1520 1593 1731 1664 quodcu
1741 1606 1811 1647 m-

226 1708 323 1766 que
361 1690 676 1763 corrigitur,
729 1704 953 1763 pravum
985 1686 1152 1743 fuisse
1196 1698 1485 1758 antequam
1510 1686 1817 1757 corrigere-

1935 467 2181 541 Denique
2210 467 2432 542 quando
2457 466 2643 539 fulgur
2671 466 2958 536 emittitur,
2984 464 3210 529 difﬁcile
3234 466 3361 527 illos
3400 483 3530 540 per-

1928 564 2089 629 cutit,
2136 563 2228 636 qui
2282 564 2336 619 in
2385 562 2531 625 valle
2556 554 2723 629 'sunt;
2773 561 2868 620 sed
2910 576 3128 633 semper
3166 561 3286 621 illos
3329 562 3421 635 qui
3471 561 3528 631 in

1932 669 2116 715 monte
2145 663 2291 713 sunt.

2000 751 2449 811 Annuntiaverunt
2477 748 2595 806 δίκιί
2625 752 2891 823 justitiam
2930 750 3065 822 ejus.
3089 747 3184 804 isti
3210 754 3339 803 sunt
3366 748 3522 821 caeli,

1930 845 1997 901 de
2023 844 2237 915 quibus,
2263 855 2314 901 el
2345 844 2397 899 in
2426 851 2619 899 octavo
2649 842 2864 901 decimo
2893 841 3107 915 psalmo
3133 841 3331 897 dicitur
3361 840 3527 907 :cmli

1928 952 2186 997 enarrant
2236 939 2460 1015 gloriam
2519 939 2633 995 Dei.
2689 937 2823 994 (ΣαξΙὶ
2892 938 3213 993 annttntiunt
3257 937 3526 1007 justitiam

1927 1033 2044 1104 ejus
2074 1051 2086 1088 :
2123 1044 2265 1088 terra
2312 1048 2419 1091 non
2450 1033 2761 1089 annuntiat.
2816 1031 3154 1102 Quicumque
3181 1030 3377 1088 εωιυηι
3414 1039 3521 1100 est,

1927 1143 2034 1184 non
2088 1130 2241 1185 timet
2280 1126 2483 1200 justum
2531 1126 2723 1183 Deum.
2769 1126 3109 1200 Quicumque
3136 1127 3204 1185 de
3232 1127 3390 1183 ctelis
3416 1134 3522 1199 est,

1926 1237 2031 1279 non
2061 1222 2214 1277 timet
2235 1220 2353 1292 ejus
2380 1221 2704 1279 annuntiare
2726 1221 3010 1294 justitiam.
3036 1220 3376 1291 Quicumque
3397 1237 3526 1279 san-

1924 1324 2046 1371 ctus
2075 1323 2159 1371 est
2188 1326 2241 1370 et
2273 1315 2470 1370 rmlum
2492 1323 2595 1382 est,
2628 1315 2731 1371 iste
2756 1315 2959 1387 justum
3009 1314 3178 1371 Deum
3208 1330 3314 1372 non
3343 1315 3523 1378 timet.

1924 1407 2186 1464 Peccator
2210 1416 2391 1467 autem
2422 1405 2832 1462 misericordem
2858 1405 3054 1479 qumrit
3084 1405 3277 1462 Deum.

1998 1502 2445 1557 .‘lnnuntiavcrunt
2496 1498 2613 1555 creti
2650 1500 2912 1573 justitiam
2956 1501 3068 1573 ejus
3109 1516 3128 1555 :
3176 1500 3525 1573 evangelista

1922 1595 2150 1652 scilicet.
2183 1592 2251 1649 Et
2283 1594 2521 1649 uiderunt
2549 1609 2722 1651 omnes
2750 1593 2929 1668 populi
2959 1593 3179 1666 gloriam
3206 1597 3341 1669 ejus.
3384 1594 3523 1663 Quia

1922 1692 2108 1761 etiam,
2140 1690 2337 1763 quibus
2364 1704 2473 1746 non
2507 1699 2592 1745 est
2621 1688 2998 1751 annuntiatum
3017 1688 3086 1743 de
3109 1704 3199 1754 eo,
3232 1688 3518 1747 intellexe-

229 1795 327 1840 tur.
360 1780 636 1841 Judicium
665 1797 797 1856 ergo
830 1781 923 1837 Dei
950 1791 1243 1854 antequam
1269 1779 1451 1835 veniat
1482 1780 1545 1833 ad
1570 1778 1819 1850 judican-
1849 1784 1898 1846 Β
1926 1797 2051 1843 rum
2072 1787 2241 1844 Deum
2267 1787 2321 1843 in
2350 1800 2513 1842 carne
2546 1786 2783 1842 venisse.

225 1877 363 1949 dum,
394 1878 552 1952 quasi
577 1892 804 1951 pravum
828 1876 1064 1932 videtur.
1090 1874 1239 1930 Nunc
1290 1874 1506 1929 videtur
1527 1873 1813 1946 injustutn,

227 1983 273 2030 et
300 1987 519 2045 pravum
544 1986 668 2028 esse
693 1970 980 2042 judicium.
1009 1966 1239 2038 Quando
1271 1968 1417 2023 enim
1447 1966 1612 2037 iuiqtti
1647 1965 1820 2021 inomi-

228 2076 318 2123 nes
341 2062 607 2131 ditantur,
637 2073 692 2120 et
712 2061 887 2121 sancti
920 2075 1185 2134 pauperes
1209 2068 1375 2116 sunt:
1408 2074 1587 2117 nonne
1611 2059 1821 2114 videtur

223 2158 475 2233 judicium
510 2157 614 2219 Dei
655 2173 781 2219 esse
827 2156 1091 2232 pravum?
1126 2155 1353 2224 Quando
1396 2165 1576 2211 autem
1609 2150 1821 2209 venerit

223 2255 283 2310 ad
306 2254 683 2326 judicandum,
708 2264 766 2309 ut
784 2252 977 2309 reddat
1000 2250 1290 2322 unicuique
1320 2248 1619 2305 secundum
1647 2262 1817 2319 opera

223 2362 331 2415 sua,
352 2363 418 2403 eo
434 2356 684 2419 tempore
705 2347 858 2423 quasi
885 2330 1199 2418 corrigetur
1221 2344 1383 2400 sedes
1407 2344 1546 2417 ejus.
1576 2344 1817 2413 Denique

222 2441 373 2499 vultis
396 2444 543 2501 scire
572 2442 695 2515 quia
729 2441 799 2498 de
824 2440 913 2498 die
939 2440 1129 2514 judicii
1161 2439 1394 2495 dicitur?

286 2531 431 2606 Ignis
454 2545 580 2593 ante
608 2534 778 2604 ipsum
823 2534 1078 2607 prtecedet
1114 2549 1130 2587 :
1161 2531 1345 2603 Ignem
1367 2532 1541 2587 istum
1573 2529 1664 2602 qui
1692 2544 1817 2585 san-

219 2637 330 2683 ctus
360 2636 465 2694 est,
496 2625 690 2682 timeat
715 2644 726 2687 ;
755 2626 848 2701 qui
872 2636 1125 2698 peccator
1151 2630 1257 2692 est,
1291 2625 1496 2679 timeat.
1536 2620 1682 2695 ignis
1710 2623 1816 2679 iste

223 2729 429 2779 sanctos
459 2731 695 2799 purgat:
732 2732 1045 2791 pecca'ores
1067 2719 1358 2774 consumit.
1394 2715 1542 2791 Ignis
1587 2726 1705 2770 ante
1733 2716 1814 2788 ip-

217 2831 322 2869 sum
346 2814 627 2887 praeedet.
660 2813 760 2884 Qui
792 2813 917 2869 facit
942 2812 1166 2887 angelos
1198 2828 1326 2867 suos
1356 2811 1599 2883 spiritus,
1625 2821 1677 2864 et
1707 2810 1811 2867 mi-

217 2908 409 2966 nistros
455 2923 594 2971 suos
626 2909 804 2989 ignem
855 2907 1139 2965 ardentem
1193 2906 1313 2981 (Ps.
1347 2909 1484 2977 cut).
1539 2906 1652 2977 Ego
1684 2912 1813 2975 puto

214 3003 339 3061 istos
365 3017 490 3069 esse
535 3002 710 3081 ignes,
756 3003 858 3059 hoc
885 3010 991 3069 est.
1025 3000 1248 3072 angelos
1277 3000 1415 3070 ejus.
1441 2998 1531 3055 isti
1556 3013 1686 3071 ergo
1714 3014 1812 3057 an-

211 3095 332 3168 geli,
364 3096 466 3152 hoc
518 3106 625 3165 est,
653 3096 792 3168 ignis
824 3095 966 3166 ejus,
1002 3092 1313 3171 pra-cedent
1359 3104 1486 3155 ante
1523 3111 1667 3149 eum.
1702 3093 1809 3151 istc
1836 3135 1882 3199 Ο

212 3190 342 3260 ignis
367 3205 513 3263 quos
530 3188 846 3247 consumit?
872 3190 1212 3261 Quicumque
1236 3196 1321 3247 est
1346 3188 1575 3260 lignum,
1595 3186 1804 3256 fenum,

209 3284 422 3355 stipula.
453 3286 559 3355 Qui
593 3295 772 3340 autem
806 3299 1023 3351 aurum,
1060 3293 1344 3353 argentum
1392 3292 1496 3345 est,
1522 3293 1576 3337 et
1602 3282 1808 3352 lapides

211 3377 452 3451 pretiosi,
478 3376 714 3434 mittitur
741 3376 962 3451 quidem
995 3377 1049 3437 in
1076 3377 1276 3449 ignem,
1312 3377 1404 3431 Sed
1437 3377 1690 3432 mundior
1722 3379 1805 3432 itt-

208 3474 430 3535 venitur.
766 3456 769 3459 I

271 3564 587 3621 Alluxerunt
619 3565 831 3641 fulgura
852 3566 963 3638 ejus
993 3564 1105 3619 orbi
1126 3574 1298 3631 terrm,
1322 3566 1451 3623 vidit
1478 3552 1522 3621 et
1549 3575 1806 3622 commota

204 3667 271 3713 est
294 3667 449 3714 terra.
480 3657 682 3715 Dicunt
713 3657 1047 3729 philosophi,
1070 3657 1214 3729 qttod
1247 3657 1457 3729 fulgura
1486 3673 1547 3713 ex
1579 3658 1801 3713 nubium

203 3750 478 3811 collisione
502 3760 856 3823 generentur.
882 3750 991 3807 Nisi
1014 3751 1160 3815 enim
1190 3754 1335 3823 prius
1358 3756 1571 3807 sonitus
1587 3754 1805 3809 auditus

209 3842 385 3913 fuerit,
409 3843 624 3919 fulgura
655 3859 761 3901 non
789 3845 1217 3915 prospiciantur.
1265 3845 1379 3901 lloc
1424 3844 1627 3902 dicitur
1653 3855 1706 3901 et
1737 3845 1804 3901 de

201 3934 373 4009 lapide
399 3937 652 4010 ignario:
684 3938 797 4011 qui,
818 3939 920 3994 nisi
952 3938 1177 3996 collisus
1205 3938 1390 4006 fuerit,
1425 3941 1635 3994 medius
1661 3936 1802 4010 ignis

204 4047 305 4088 non
354 4032 698 4105 egredietur.
748 4034 865 4090 Hoc
896 4035 1132 4091 dicimus
1160 4034 1458 4091 secundum
1493 4033 1800 4101 historiam,

198 4134 251 4181 et
280 4127 492 4197 parvuli
535 4126 715 4184 adhuc
766 4128 1060 4202 loquimur.
1095 4131 1348 4188 Diximus
1391 4145 1522 4201 ergo
1555 4138 1801 4187 naturam

199 4236 379 4281 rerum
410 4240 425 4279 :
456 4231 520 4281 ut
543 4239 618 4280 ex
647 4232 839 4283 natura
870 4241 1055 4291 rerum
1085 4226 1372 4299 spirituale
1394 4223 1592 4296 aliquid
1626 4225 1803 4297 prole-

197 4330 399 4375 ramus.
436 4317 602 4391 Lapis
648 4320 745 4390 qui
772 4319 936 4392 vulgo
982 4328 1211 4377 vocatur
1262 4320 1539 4391 ignarius,
1575 4317 1619 4373 si
1653 4316 1801 4375 solus

195 4418 296 4477 est,
327 4412 513 4484 ignem
541 4428 650 4469 non
697 4421 881 4484 potest
922 4412 1180 4471 mittere:
1212 4412 1298 4475 sin
1331 4422 1510 4467 autem
1541 4426 1664 4468 cum
1694 4411 1801 4468 alio

1995 1878 2395 1953 Confundantur
2416 1896 2592 1936 omnes
2613 1881 2701 1950 qui
2722 1879 2943 1935 adorant
2968 1877 3237 1950 sculptilia
3257 1917 3271 1931 .
3301 1876 3391 1947 qui
3409 1877 3521 1949 glo-
3558 1899 3569 1907 θ

1921 1977 2126 2032 riautur
2154 1977 2212 2032 in
2251 1976 2546 2037 simulacris
2577 1974 2705 2031 suis.
2741 1973 2811 2032 Ut
2841 1974 2967 2030 dum
3008 1973 3061 2029 in
3105 1988 3201 2043 spe
3230 1986 3365 2028 vana
3390 1986 3520 2035 con-

1920 2067 2237 2135 funduntur,
2272 2066 2340 2123 ad
2372 2067 2520 2129 illam
2551 2082 2735 2121 veram
2769 2064 2988 2122 valeant
3018 2066 3308 2137 pervenire

1990 2161 2217 2215 Adorate
2230 2177 2345 2215 eum
2363 2177 2539 2215 omnes
2559 2160 2731 2234 angeli
2747 2159 2878 2230 ejus.
2907 2157 3341 2217 Annuntiatnres
3360 2157 3514 2228 regni

1920 2255 2085 2312 illius.
2104 2254 2314 2315 Audiuit
2338 2263 2384 2309 et
2408 2254 2580 2309 uelata
2604 2261 2678 2309 est
2702 2252 2855 2313 Sion.
2874 2250 3118 2309 Ecclesia
3147 2267 3270 2324 quae
3291 2250 3519 2324 gloriam

1919 2351 2039 2419 ejus
2063 2347 2464 2423 speculabatur.

1989 2439 2060 2497 Et
2088 2440 2475 2501 cxsoltarerunt
2503 2438 2630 2512 ﬁlice
2665 2437 2842 2496 ludat.
2872 2438 3080 2501 Anima:
3117 2437 3510 2505 conl'essorutn.

1924 2534 2147 2610 Propter
2167 2535 2377 2608 judicia
2409 2546 2520 2600 tua,
2554 2532 2793 2590 Domine.
2825 2533 2963 2603 Quia
2983 2533 3364 2591 custodierunt
3392 2550 3479 2599 ea.

1991 2631 2249 2699 Quoniam
2268 2640 2323 2685 tu
2351 2628 2609 2687 Dominus
2640 2629 2939 2685 Altissimus
2977 2644 3134 2699 super
3175 2643 3376 2683 omnem
3410 2636 3512 2684 ter-

1912 2740 2027 2778 ram
2074 2742 2093 2779 :
2125 2723 2277 2779 nimis
2313 2724 2727 2796 supereaaltatus
2775 2738 2829 2777 es
2875 2737 3029 2791 super
3058 2736 3233 2778 omnes
3261 2721 3405 2777 deos.
3449 2721 3516 2779 Et

1914 2831 2023 2873 non
2051 2816 2225 2873 solum
2271 2831 2439 2889 super
2478 2816 2633 2887 deos,
2665 2815 2761 2873 scd
2792 2816 2956 2871 etiam
3006 2828 3169 2886 super
3200 2814 3370 2880 eteius
3395 2829 3511 2877 cm-

1913 2908 2107 2964 lorum.

1977 3004 2079 3070 Qui
2106 3004 2324 3078 diligitis
2356 3001 2635 3061 Dominum
2655 3048 2669 3071 ,
2711 3005 2801 3077 qui
2838 3003 2991 3062 solus
3020 3014 3103 3060 εει
3136 3003 3343 3073 bonus;
3373 3003 3515 3062 adite

1912 3100 2139 3168 malum,
2176 3100 2476 3156 diabolum.
2518 3098 2753 3156 Custodit
2784 3098 3041 3155 Dominus
3067 3098 3269 3155 animas
3302 3107 3510 3154 sancto-

1912 3210 2028 3249 rum
2048 3210 2263 3253 suornm
2291 3210 2311 3248 :
2342 3194 2407 3250 de
2433 3209 2590 3250 manu
2619 3193 2905 3262 peccatoris
2931 3191 3167 3249 liberabit
3196 3208 3304 3251 eas.
3329 3191 3408 3255 Ne
3429 3191 3513 3248 eis

1909 3285 2114 3355 aliquid
2148 3296 2362 3343 noceat.

1979 3377 2096 3435 Lux
2120 3388 2231 3435 orta
2252 3390 2327 3435 est
2337 3382 2508 3455 justo.
2540 3377 2795 3437 Christus
2827 3376 3059 3448 refulget
3088 3378 3143 3433 in
3169 3377 3336 3434 corde
3363 3378 3505 3449 ejus.

1910 3468 1975 3526 Et
2004 3472 2158 3528 rectis
2184 3471 2342 3529 corde
2366 3474 2568 3533 latitia.
2598 3471 2736 3542 Quia
2764 3485 2925 3543 quem
2949 3469 3361 3540 exspectabant,
3392 3486 3513 3526 cer-

1909 3582 2038 3622 nere
2066 3576 2409 3623 meruerunt.
2560 3624 2565 3628 _

1983 3658 2257 3715 Lwtamini
2277 3660 2414 3730 justi
2444 3660 2498 3714 in
2537 3658 2786 3726 Domina,
2820 3670 2868 3715 et
2905 3661 3226 3731 conﬁtemini
3249 3660 3510 3717 memoria!

1905 3752 2196 3811 sanctitatis
2220 3753 2354 3827 ejus.
2382 3747 2483 3821 Qui
2508 3767 2632 3807 eum
2665 3753 2719 3806 in
2755 3755 2887 3808 recti
2920 3754 3107 3809 cordis
3142 3753 3347 3815 lumine
3374 3768 3508 3811 eon-

1907 3845 2267 3917 templamini.
2290 3846 2491 3917 jugiter
2511 3846 2844 3915 collaudate,
2870 3847 2954 3903 vel
2979 3849 3327 3907 sanctitatem
3348 3847 3502 3918 ejus:

1904 3940 2028 4011 quia
2061 3947 2303 3999 vestrum
2334 3955 2546 4003 memor
2575 3940 2694 4010 iuit,
2731 3949 2787 4001 ut
2814 3942 3184 3997 sanctiﬁcaret
3216 3958 3231 3994 :
3258 3942 3347 3998 vel
3386 3942 3504 4012 pie-

1907 4043 2093 4099 tatem,
2124 4049 2226 4106 qua
2248 4049 2349 4093 vos
2390 4033 2447 4091 in
2475 4050 2644 4104 regno
2673 4049 2772 4093 suo
2803 4035 3018 4091 ascivit.
3044 4036 3147 4102 Qui
3177 4036 3332 4092 nobis
3367 4050 3506 4107 prte-

1903 4139 2052 4186 stare
2099 4128 2390 4200 dignetur,
2439 4141 2520 4198 ut,
2575 4130 2695 4201 ejus
2745 4130 2948 4185 lumine
2995 4130 3198 4188 nostris
3244 4130 3502 4187 cordibus

1903 4221 2140 4293 oriente,
2166 4237 2476 4285 mereamur
2498 4224 2569 4279 ab
2591 4238 2659 4279 eo
2681 4222 2751 4279 de
2776 4224 3137 4293 praesentibus
3163 4224 3278 4280 erui
3310 4240 3324 4277 :
3348 4224 3505 4295 cujus

1902 4330 2094 4375 sumus
2134 4316 2406 4390 baptismo
2436 4331 2472 4383 a
2500 4317 2688 4374 noxiis
2728 4316 3089 4387 originalibus
3129 4316 3364 4385 liberati.
3397 4316 3502 4390 Ipsi

1872 4464 1877 4469 .
1900 4410 2075 4481 gloria
2099 4426 2227 4475 cum
2256 4423 2467 4481 aterno
2492 4411 2654 4481 Patre
2688 4418 2745 4468 et
2766 4398 2977 4483 Spiritu
2999 4422 3189 4475 sancto
3214 4412 3271 4470 in
3300 4412 3503 4481 sucula

192 4500 369 4574 lapide
414 4504 645 4571 collisus
692 4504 876 4573 fuerit,
926 4507 1139 4564 medius
1184 4506 1326 4575 ignis
1370 4507 1657 4565 excutitur.
1690 4505 1798 4561 Fac
1826 4504 2250 4606 1’steculorum.
2281 4508 2481 4571 Amen.

193 4597 326 4654 mihi
348 4614 482 4661 esse
515 4601 711 4663 nubem
737 4601 1059 4671 Jeremiam,
1087 4601 1305 4671 Isaiam,
1339 4601 1509 4658 Eliam
1542 4619 1556 4656 :
1590 4601 1795 4657 nubem

192 4702 397 4762 autem,
424 4702 486 4750 et
512 4694 741 4757 Paulum
766 4704 825 4755 et
847 4696 1093 4766 Petrum,
1135 4706 1192 4753 et
1219 4706 1451 4753 creteros
1496 4695 1796 4767 apostolos.

194 4782 315 4843 Istus
362 4802 501 4860 ergo
547 4789 725 4847 nubes
765 4790 985 4861 quando
1037 4791 1248 4847 collisa:
1297 4791 1499 4847 fuerint
1544 4790 1687 4846 inter
1715 4804 1797 4861 se,

190 4879 454 4942 emittunt
480 4880 717 4943 medium
766 4882 973 4953 ignem.
1006 4893 1062 4939 et
1094 4881 1248 4947 lucet
1272 4882 1390 4938 orbi
1437 4892 1621 4937 terrm.
1649 4879 1802 4936 Allu-

192 4982 376 5035 πίνακι
405 4972 619 5047 fulgura
652 4976 771 5048 ejus
812 4976 926 5037 orbi
955 4985 1147 5044 terrte;
1193 4975 1321 5035 uidit
1350 4984 1399 5030 et
1446 4985 1700 5030 commota
1727 4983 1802 5032 est

191 5069 344 5121 terra.
376 5068 767 5138 Apostolorum
798 5067 1011 5140 fulgura
1038 5069 1359 5127 alluxeruut
1412 5069 1467 5124 in
1510 5078 1623 5124 toto
1666 5068 1802 5124 orbe

194 5165 491 5217 terrarum.
532 5157 803 5221 Commota
847 5172 943 5221 est.
990 5159 1072 5225 illi
1122 5160 1512 5232 loquebantur,
1557 5169 1612 5215 et
1663 5160 1799 5219 toni-

193 5256 378 5306 truum
405 5251 559 5311 vocis
581 5267 770 5309 eorum
800 5253 1096 5313 universus
1121 5252 1355 5313 mundus
1376 5252 1653 5309 audiebat.
1685 5253 1800 5309 Duo

187 5336 464 5407 habebant
502 5344 708 5414 pariter
751 5353 804 5401 et
851 5344 1115 5417 grandem
1147 5359 1361 5412 vocem,
1413 5355 1469 5400 et
1509 5343 1794 5415 splendida

188 5430 427 5505 fulgura.
476 5434 605 5499 Hinc
634 5437 851 5509 fulgura
877 5438 1167 5501 credentes
1207 5437 1591 5505 ilittminabant
1623 5454 1637 5491 :
1684 5454 1795 5505 non

193 5525 486 5587 credentes
505 5529 924 5595 comburebant.

258 5616 473 5678 Montes
494 5620 626 5679 sicut
651 5638 769 5683 cera
792 5622 1058 5693 [luxerunt
1086 5642 1118 5679 a
1144 5623 1281 5696 {acie
1312 5621 1543 5687 Domini.
1570 5622 1697 5681 Mihi
1716 5624 1795 5683 vit-

184 5706 385 5768 dentur
429 5710 518 5777 isti
565 5722 783 5781 montes
823 5730 949 5777 esse
976 5716 1281 5779 daemonum
1313 5728 1632 5789 potestates.
1664 5716 1793 5779 Sive

183 5813 334 5864 certe
380 5816 628 5885 mentea,
677 5810 901 5885 superbi
952 5812 1153 5886 quique
1182 5813 1453 5873 homines.
1489 5814 1637 5890 ignis
1672 5814 1791 5891 iste

2410 4616 2735 4676 PSALMUS
2760 4617 2977 4675 XCVII.

1907 4708 2160 4768 Psalmas
2178 4709 2373 4766 David.
2398 4710 2508 4767 Iste
2534 4712 2778 4782 psalmus
2804 4726 2996 4769 vocem
3018 4713 3299 4783 prophetae
3323 4711 3505 4769 conti-

1978 4797 2139 4910 pens,
2174 4783 2475 4854 potentiam
2521 4791 2707 4840 narrat
2741 4784 3015 4841 Dontinici
3035 4784 3273 4845 nominis
3305 4798 3372 4839 ac
3394 4784 3504 4853 vir-

2001 4865 2129 4910 utts.

1977 4970 2195 5035 Cantate
2227 4970 2449 5027 Domino
2471 4973 2734 5028 canticum
2758 4990 2966 5030 novum.
2990 4972 3266 5035 Canticum
3289 4988 3502 5043 nouum,

1904 5073 1991 5121 est
2030 5063 2123 5119 Dei
2162 5062 2336 5125 Filius
2381 5065 2697 5133 cruciﬁxus,
2728 5068 2875 5139 quod
2915 5081 3215 5139 numquam
3260 5066 3505 5135 auditum

1902 5155 2100 5214 fuerat.
2154 5154 2305 5213 Nova
2350 5171 2465 5227 res,
2496 5173 2696 5215 novum
2742 5156 2909 5215 habet
2949 5160 3253 5219 canticum.
3282 5155 3502 5215 Cantate

1905 5250 2130 5305 Domino
2155 5250 2412 5306 canticum
2443 5266 2649 5307 novum.
2675 5251 2849 5307 Homo
2877 5249 3099 5322 quidem
3128 5259 3233 5316 est,
3268 5252 3358 5323 qui
3381 5266 3507 5323 pas-

1901 5357 1997 5400 sus
2022 5352 2145 5399 est:
2175 5342 2271 5405 sed
2295 5359 2391 5402 vos
2416 5352 2639 5400 cantate
2662 5340 2917 5403 Domino.
2942 5341 3141 5399 Passus
3170 5350 3259 5399 est
3278 5342 3503 5414 quidem

1903 5435 2057 5508 quasi
2082 5436 2264 5504 homo,
2291 5433 2387 5491 sed
2414 5434 2645 5491 salvavit
2667 5434 2819 5506 quasi
2846 5435 3009 5491 Deus.
3035 5432 3252 5495 Caritate
3277 5433 3501 5493 Domina

1900 5529 2161 5589 canticum
2188 5544 2399 5593 novum.
2428 5527 2700 5584 Catzticum
2730 5543 2915 5593 norum
2938 5569 2954 5596 ,
2985 5536 3260 5593 mereatur
3299 5541 3502 5583 nomen

1903 5641 2128 5691 novum.
2157 5624 2453 5703 Propterea
2482 5621 2687 5691 dicitur
2711 5633 2766 5680 et
2795 5623 2928 5683 alibi
2954 5641 2966 5679 :
2994 5624 3063 5679 Et
3086 5623 3395 5693 vocabitur,
3423 5623 3508 5693 iri-

1899 5720 2038 5795 qnit,
2068 5734 2266 5787 nomen
2298 5733 2497 5783 novum
2527 5715 2683 5790 (faui.
2709 5716 2865 5799 uti).
2895 5715 3105 5774 Novum
3145 5732 3369 5784 nomen,
3402 5732 3502 5785 tto-.-

1899 5830 2027 5873 vum
2061 5813 2308 5873 meretur
2342 5812 2635 5871 canticum.
2675 5812 2745 5871 Et
2780 5813 2836 5871 in
2880 5811 3211 5889 Apocalypsi
3251 5810 3449 5870 dicitur
3479 5829 3496 5873 :
