3954 6340
412 283 554 344 1119
646 270 654 275 ’

1205 288 1556 350 APPENDIX
1593 292 1687 349 AD
1723 289 1968 350 TOMUM
2004 288 2354 348 SEPTIMUM
2390 291 2449 348 S.
2494 290 2899 350 HIERONYMI.

3573 295 3715 353 “:20

409 402 513 472 Qui
543 402 754 472 vicerit,
784 404 979 477 inquit,
1007 405 1151 463 dabo
1177 407 1226 464 ei
1257 410 1555 479 calculum,
1592 422 1647 467 et
1674 425 1873 467 nomen
1906 423 2005 466 no-
2034 410 2085 471 A
2113 422 2254 463 mus.
2285 408 2515 479 Quando
2554 426 2683 481 ergo
2710 412 2868 483 quasi
2909 411 3271 483 relinquimus
3302 420 3529 481 terram,
3559 423 3614 470 et
3656 416 3716 470 in

413 511 538 552 vum
570 498 808 554 scribam
855 514 1021 571 super
1052 517 1176 557 eum
1202 501 1385 575 (Apoc.
1419 503 1523 577 Ill).
1566 505 1772 562 Nomen
1812 520 2011 562 novum

412 584 846 647 Christianorum
898 601 1002 650 est.
1049 592 1266 652 Cantate
1310 597 1558 653 Domino.
1606 599 1829 666 Quare?
1874 598 2013 666 Quid

418 684 566 738 enim
597 681 766 738 fecit?
792 684 972 755 Quare
1000 687 1145 743 enim
1176 704 1373 746 novum
1407 700 1681 748 mereatur
1703 690 2014 748 canticum?
2059 701 2064 707 '

418 772 559 843 Quia
592 775 853 833 mirabilia
880 780 1022 852 fecit.
1056 782 1220 851 Signa
1253 779 1385 838 fecit
1414 783 1468 838 in
1504 782 1710 840 Judaeis
1751 801 1765 839 :
1799 784 2014 857 paraly-

418 868 554 922 ticos
580 870 790 925 sanavit
820 889 833 926 :
858 871 1103 943 leprosos
1126 877 1374 947 purgavit
1401 895 1413 932 :
1437 887 1681 934 mortuos
1709 877 2014 934 suscitavit.
2065 923 2069 926 .

394 957 532 1014 Illuc
563 966 618 1015 et
643 961 734 1017 alii
779 961 1032 1020 fecerunt
1063 970 1367 1038 prophetae.
1405 969 1581 1025 Vertit
1618 985 1785 1041 panes
1817 985 2017 1040 paucos

398 1050 471 1109 oin
505 1054 726 1124 plures,
753 1067 808 1113 et
842 1060 987 1129 pavit
1016 1061 1292 1119 intinitum
1334 1064 1608 1135 populum.
1646 1064 1759 1120 Hoc
1799 1065 1921 1120 fecit
1964 1072 2020 1120 et

419 1147 655 1206 Eliseus.
694 1152 839 1221 Quid
878 1169 1010 1226 ergo
1050 1155 1180 1211 fecit
1209 1158 1358 1225 novi,
1397 1165 1457 1213 ut
1494 1169 1775 1214 mereatur
1814 1173 2016 1215 novum

393 1242 728 1299 'canticum?
780 1245 951 1302 Vultis
998 1250 1141 1305 scire
1172 1250 1307 1322 quid
1356 1265 1556 1307 novum
1602 1250 1793 1308 fecerit
1837 1252 2019 1307 Deus?

418 1336 582 1407 Quasi
614 1342 779 1397 homo
803 1353 1048 1399 mortuus
1072 1353 1177 1412 est,
1208 1353 1268 1400 ut
1292 1347 1540 1403 homines
1560 1347 1826 1404 viverent.
1849 1347 2022 1406 Filius

419 1428 515 1486 Dei
539 1431 828 1491 cruciﬁxus
855 1444 958 1503 est,
987 1446 1044 1491 ut
1066 1453 1164 1493 nos
1190 1438 1400 1495 levaret
1420 1439 1485 1495 ad
1514 1441 1733 1497 coelum.
1762 1441 2021 1506 Quoniam

398 1522 680 1579 'mirabilia
705 1528 846 1597 fecit.
899 1528 1068 1585 Vultis
1097 1530 1239 1587 scire
1266 1531 1520 1601 quoniam
1550 1532 1821 1588 mirabilia
1855 1532 2021 1589 fecit?

421 1613 591 1671 Filius
628 1617 803 1674 vidua:
829 1620 1047 1690 jaeebat
1079 1622 1132 1678 in
1178 1625 1467 1680 caenaculo
1497 1643 1507 1679 :
1542 1626 1693 1681 venit
1723 1625 1937 1682 Eliseus
1968 1635 2024 1683 et

423 1710 697 1766 contraxit
717 1728 797 1778 se,
821 1723 876 1768 et
903 1727 964 1768 os
993 1714 1056 1771 ad
1085 1731 1148 1771 os
1176 1718 1374 1788 posuit,
1404 1727 1461 1774 et
1482 1734 1675 1773 manus
1707 1718 1774 1773 ad
1808 1733 2019 1783 manus,

2115 506 2426 563 summitate
2454 521 2664 573 sumus,
2695 516 2824 563 tunc
2848 523 3121 564 meremur
3142 507 3329 565 videre
3355 509 3550 564 Deum.
3583 507 3721 563 Vul-

2116 600 2185 655 tis
2216 601 2357 655 scire
2391 601 2667 670 quomodo
2707 601 2841 656 fines
2874 611 3030 658 terrae
3058 601 3276 657 videant
3304 601 3522 657 Deum?
3558 601 3722 673 Legi-

2117 709 2236 748 mus
2268 694 2324 748 in
2352 692 2648 750 Ezechiel:
2685 695 2749 749 Et
2776 703 2931 760 rotae,
2960 694 3156 767 inquit,
3192 695 3297 750 illae
3326 710 3449 767 quae
3480 695 3719 751 volvun-

2119 795 2225 851 tur,
2274 787 2552 843 dicebatur
2602 789 2704 857 eis,
2747 787 2965 860 Gelgel,
3018 788 3163 860 quod
3213 789 3413 845 dicitur
3460 787 3722 844 revelatio

2118 879 2335 953 (Ezech.
2368 880 2429 954 ι).
2467 880 2565 937 Gel
2593 882 2738 937 enim
2766 883 2961 937 volatio
2988 899 3006 937 :
3030 881 3229 955 Gelgel,
3261 883 3532 939 revolutio.
3560 882 3722 938 Rotas

2119 990 2252 1046 ergo
2299 975 2401 1030 illa:
2441 976 2690 1042 audiunt,
2741 974 3034 1033 revolutio.
3082 978 3348 1047 Quoniam
3397 986 3513 1032 rota
3557 974 3724 1047 quasi

2121 1086 2287 1141 parvo
2316 1070 2551 1142 quodam
2592 1071 2773 1143 spatio
2804 1082 3006 1127 terram
3041 1073 3230 1144 tangit,
3261 1080 3319 1128 et
3344 1078 3455 1126 tota
3493 1070 3725 1126 festinat

2120 1167 2187 1223 ad
2215 1168 2433 1223 emtum.
2468 1166 2594 1224 Ideo
2625 1167 2829 1223 dicitur
2865 1174 2921 1222 et
2960 1169 3011 1222 in
3044 1167 3150 1223 alio
3178 1166 3337 1221 loco:
3371 1165 3555 1222 Sancti
3586 1165 3728 1234 lapi-

2123 1260 2218 1318 des
2238 1262 2533 1317 volvuntur
2556 1277 2720 1332 super
2750 1273 2950 1317 terram
2983 1258 3169 1334 (Zach.
3196 1262 3301 1331 ιι).
3333 1260 3403 1316 Et
3425 1258 3553 1329 quid
3580 1257 3729 1314 dici-

2123 1368 2208 1414 tur
2232 1358 2285 1413 in
2320 1356 2640 1414 Ezechiele?
2672 1356 3051 1427 Quocumque,
3086 1356 3300 1435 inquit,
3335 1355 3445 1410 ibat
3469 1354 3726 1425 spiritus,

2123 1452 2254 1508 illuc
2292 1451 2660 1521 sequebantur
2689 1459 2744 1506 et
2773 1457 2928 1505 rotat.
2980 1449 3046 1503 Et
3077 1464 3175 1504 nos
3212 1462 3507 1519 sequamur
3547 1446 3731 1516 Spiri-

2126 1556 2235 1602 tum
2272 1554 2544 1611 sanctum,
2579 1555 2635 1600 ut
2661 1544 2907 1600 dicamur
2934 1553 3088 1599 rotae.
3124 1542 3195 1598 Et
3222 1543 3352 1614 quid
3382 1541 3583 1597 dicitur
3610 1540 3731 1595 ibi?

2126 1638 2193 1695 Et
2235 1656 2363 1708 non,
2396 1639 2603 1709 inquit,
2642 1639 2791 1695 ibant
2821 1650 3145 1705 retrorsum,
3180 1637 3272 1693 sed
3311 1653 3533 1708 semper
3571 1636 3735 1692 ibant

2125 1743 2253 1790 ante
2281 1748 2361 1790 se.
2391 1733 2673 1806 Simulque
2701 1734 3046 1790 considerate
3073 1731 3199 1803 quid
3231 1731 3377 1787 dicat
3409 1749 3423 1785 :
3449 1730 3565 1787 Non
3590 1771 3604 1796 ,
3637 1730 3729 1784 in-

425 1811 481 1857 et
513 1803 683 1874 pedes
709 1805 774 1861 ad
798 1806 963 1877 pedes
995 1808 1088 1881 (IV
1116 1809 1248 1883 Reg.
1280 1809 1379 1884 1v).
1412 1811 1470 1867 Si
1500 1812 1644 1867 enim
1674 1812 2025 1883 expaudissct

2142 1827 2258 1897 ptit,
2295 1803 2734 1895 revertebantur,
2764 1827 2860 1883 sed
2891 1841 3111 1896 semper
3139 1835 3263 1881 ante
3292 1840 3352 1881 se
3384 1826 3556 1881 ibant.
3581 1824 3733 1881 Prae-

402 1913 508 1966 ‘se,
528 1916 636 1957 non
662 1916 920 1959 reversus
947 1913 1098 1962 esset
1118 1906 1263 1962 illius
1286 1907 1483 1963 viduae.
1510 1907 1637 1964 Ideo
1656 1921 1715 1964 se
1734 1908 2023 1975 contraxit,

428 2001 489 2049 ut
515 1995 836 2054 viviﬁcaret.
867 1997 1003 2054 Cum
1031 2008 1178 2056 esset
1210 2001 1261 2057 in
1293 2000 1465 2057 forma
1490 2002 1587 2058 Dei
1618 2020 1631 2055 :
1664 2001 1789 2058 ideo
1816 2002 2031 2073 accepit

423 2088 657 2147 formam
689 2090 926 2150 hominis
956 2093 1185 2169 (Philip.
1217 2094 1279 2169 ιι)
1316 2115 1329 2151 :
1364 2097 1488 2154 ideo
1529 2112 1591 2154 se
1631 2097 1927 2167 contraxit,
1969 2106 2029 2153 ut

432 2198 532 2240 nos
566 2184 771 2242 faceret
803 2187 1045 2244 altiores.

503 2279 732 2336 Salvarit
778 2282 874 2338 sibi
915 2283 1127 2340 dextera
1165 2288 1298 2359 ejus.
1346 2284 1504 2354 Quod
1545 2284 1699 2355 dicit,
1750 2284 1854 2341 hoc
1897 2291 2026 2341 est:

431 2371 675 2431 Salvavit
705 2375 975 2446 homines,
1011 2396 1116 2435 non
1145 2381 1405 2447 alienum,
1430 2380 1526 2436 sed
1549 2395 1705 2437 suum
1736 2394 1894 2452 opus,
1928 2380 2032 2436 hoc

432 2476 537 2534 est,
560 2469 705 2539 quod
736 2469 927 2527 iecerit
951 2472 1076 2540 sibi,
1104 2472 1210 2529 sibi
1241 2474 1359 2545 ipse
1387 2474 1639 2529 salvavit.
1670 2472 1898 2529 Fecerat
1932 2473 2033 2529 bo-

436 2562 637 2618 minem
670 2563 721 2618 in
755 2565 1012 2631 salutem,
1047 2568 1139 2639 qui
1169 2569 1305 2623 vitio
1332 2584 1431 2625 suo
1453 2569 1712 2641 perierat.
1752 2569 1859 2625 Iste
1888 2584 2035 2625 mor-

414 2659 560 2710 'tuus
604 2665 724 2723 est,
779 2666 838 2713 ut
878 2660 1116 2716 salvaret
1156 2661 1262 2715 sibi
1309 2661 1586 2718 hominem
1631 2661 1856 2719 dextera
1911 2676 2030 2716 sua.

436 2747 667 2807 Dextera
693 2751 783 2808 hic
807 2770 906 2825 pro
929 2755 1126 2811 virtute
1148 2755 1390 2827 ponitur,
1421 2763 1480 2812 et
1503 2756 1783 2811 brachium
1816 2771 1915 2826 pro
1944 2770 2035 2811 ro-

436 2840 591 2900 bore.
627 2842 695 2899 Et
731 2847 997 2902 brachium
1025 2857 1263 2903 sanctum
1297 2852 1427 2922 ejus.
1464 2848 1613 2904 Licet
1644 2858 1697 2904 et
1725 2848 2033 2917 brachium,

436 2948 493 2995 et
533 2939 754 2997 dextera
791 2941 1043 3000 Christus
1083 2943 1294 2999 dicatur
1337 2963 1348 2997 :
1382 2944 1614 3000 Dextera
1657 2944 1869 2999 Domini
1910 2943 2037 2999 fecit

433 3033 714 3100 virtutem,
769 3044 827 3092 et
876 3036 1159 3093 brachium
1211 3039 1422 3093 Domini
1468 3038 1556 3094 cui
1606 3039 1907 3095 revelatum
1954 3047 2040 3094 est

438 3124 611 3199 (Psal.
646 3129 837 3201 cxvu),
874 3140 1055 3186 tamen
1086 3131 1173 3187 hic
1200 3131 1268 3187 de
1294 3130 1514 3188 Christo
1547 3131 1772 3187 dicitur.

2130 1923 2414 1975 tetitorum
2460 1920 2606 1976 enim
2659 1919 3171 1985 obliviscebantur,
3218 1926 3273 1975 et
3320 1919 3387 1973 ad
3430 1919 3620 1988 priora
3667 1932 3732 1974 se

2129 2011 2496 2069 extendebant
2542 2011 2769 2085 (Philip.
2821 2011 2925 2083 ιιι).
2975 2012 3043 2067 Et
3091 2011 3249 2082 plena
3304 2019 3484 2077 erant,
3529 2010 3731 2081 inquit,

2129 2106 2321 2163 oculis.
2345 2105 2540 2161 Omnia
2568 2106 2716 2161 enim
2750 2114 2992 2162 rOtarum
3025 2105 3252 2159 istarum
3283 2104 3440 2172 plena
3470 2113 3630 2159 erant
3653 2102 3737 2157 lu-

2130 2202 2276 2256 mine
2304 2199 2422 2256 Dei.
2451 2198 2567 2254 Non
2594 2207 2680 2255 est
2708 2199 2864 2254 istius
2885 2197 3176 2268 temporis,
3210 2204 3267 2250 ut
3293 2194 3365 2252 de
3392 2195 3552 2259 rotis,
3577 2202 3639 2250 et
3667 2194 3735 2251 de

2131 2293 2443 2360 Cherubim,
2472 2304 2525 2349 et
2555 2292 2623 2349 de
2649 2291 2976 2347 animalibus
3004 2288 3261 2345 Ezechiel
3291 2287 3659 2358 disputemus.

2202 2385 2435 2443 Jubilate
2462 2386 2594 2453 Deo,
2624 2386 2791 2441 omnis
2815 2392 2975 2444 terra.
3009 2383 3127 2439 Non
3155 2382 3330 2438 solum
3359 2380 3571 2445 Iudaea,
3604 2379 3735 2446 sed,

2134 2480 2300 2535 omnis
2345 2488 2505 2542 terra,
2545 2478 2763 2550 jubilate
2796 2476 3047 2533 Domino.
3078 2475 3244 2547 Signa
3278 2474 3475 2531 mittite
3512 2473 3739 2530 victoris

2133 2574 2436 2630 exercitus.
2466 2572 2705 2640 Cantate,
2747 2582 2796 2627 et
2836 2571 3108 2637 exsultate,
3142 2578 3191 2625 et
3229 2568 3454 2641 psallite.
3498 2568 3735 2634 Cautate,

2133 2667 2464 2738 cogitatione
2489 2684 2504 2720 :
2528 2666 2754 2739 psallite,
2779 2665 2967 2733 verbo,
2999 2664 3102 2720 hoc
3127 2671 3232 2727 est.
3276 2661 3535 2718 omnibus
3565 2675 3738 2716 mem-

2134 2757 2248 2814 bris
2285 2758 2503 2813 vestris.
2537 2756 2740 2813 Psallat
2781 2770 2973 2811 manus
3014 2756 3067 2811 in
3110 2754 3461 2827 eleemosyna
3498 2772 3512 2810 :
3545 2752 3739 2826 psallat

2136 2865 2230 2922 pes
2258 2851 2460 2907 vadens
2488 2851 2539 2905 iu
2569 2865 2735 2919 opere
2765 2848 2932 2904 bono.

2210 2943 2430 2999 Psallite
2459 2941 2678 2998 Domino
2714 2942 2767 2996 in
2804 2942 3031 2996 cithara.
3069 2939 3269 2996 Omnes
3316 2937 3501 2995 cordte
3538 2947 3737 2995 vestrze

2136 3037 2354 3093 vocales
2380 3038 2509 3091 sint.
2552 3036 2667 3090 Non
2706 3040 2886 3106 potest
2917 3048 3040 3089 esse
3069 3032 3301 3101 cithara,
3344 3033 3389 3087 si
3429 3046 3535 3086 una
3571 3030 3736 3087 corda

2140 3129 2393 3187 defuerit.
2427 3128 2566 3198 Quid
2602 3127 2694 3184 tibi
2725 3126 2945 3199 prodest
2984 3125 3029 3180 si
3057 3125 3133 3181 sis
3160 3132 3364 3193 castus,
3395 3123 3443 3179 si
3464 3123 3539 3177 sis
3563 3123 3739 3192 largus

509 3217 708 3275 Notum
730 3223 852 3293 fecit
884 3222 1136 3278 Dominus
1162 3224 1390 3279 salutare
1411 3240 1581 3279 suum.
1618 3222 1737 3279 Non
1767 3222 1926 3290 dixit,
1953 3238 2040 3279 os-
2068 3207 2114 3272 Ο
2146 3226 2198 3281 in
2230 3224 2599 3297 eleemosyna.
2639 3231 2696 3278 et
2726 3220 3026 3277 invidiosus
3052 3218 3165 3274 sis?
3191 3219 3330 3286 Quid
3362 3216 3460 3272 tibi
3493 3216 3729 3288 prodrst,

438 3312 635 3379 tendit,
678 3314 799 3382 sed,
838 3324 1013 3369 notum
1041 3317 1181 3389 fecit.
1214 3316 1368 3385 Quod
1410 3317 1559 3385 dicit,
1598 3317 1701 3373 hoc
1742 3328 1825 3373 est
1852 3334 1867 3378 ;
1898 3317 2041 3389 quod

437 3413 565 3460 ante
604 3414 871 3461 noverant
907 3407 1099 3476 Deum,
1131 3420 1186 3465 et
1226 3424 1324 3463 suo
1368 3409 1502 3463 vitio
1538 3409 1688 3464 obliti
1723 3422 1867 3465 sunt.
1902 3410 2043 3481 Ergo

441 3496 584 3552 Deus
612 3497 859 3568 veniens,
893 3514 988 3554 sua
1013 3500 1185 3571 gratia
1213 3501 1321 3558 hoc
1347 3501 1495 3574 quod
1530 3501 1899 3571 perdiderant,
1933 3518 2046 3557 ma-

441 3587 723 3645 nifestavit
768 3591 869 3648 cis.
915 3591 1060 3663 Ergo
1099 3592 1203 3648 hoc
1248 3593 1374 3649 dicit
1416 3610 1431 3649 :
1477 3593 1572 3650 ille
1618 3610 1779 3666 quem
1821 3604 2046 3650 noverat

442 3681 640 3749 Adam,
677 3699 838 3752 quem
864 3693 1092 3741 noverat
1121 3684 1252 3741 Seth
1285 3684 1443 3759 (Gen.
1475 3685 1593 3759 tv):
1626 3704 1787 3759 quem
1820 3698 2047 3743 noverat

443 3776 629 3833 Enoch
657 3795 672 3834 :
700 3779 793 3849 qui
820 3779 1095 3837 invocavit
1117 3780 1429 3852 Dominum,
1455 3790 1512 3837 et
1536 3783 1779 3853 speravit
1803 3784 1854 3838 in
1877 3798 2000 3838 emn
2029 3800 2043 3838 :

440 3884 495 3930 et
524 3883 757 3930 noverat
785 3875 900 3932 Noe
935 3893 949 3932 :
987 3887 1035 3932 et
1070 3876 1257 3947 postea
1289 3877 1494 3934 oblitus
1539 3879 1714 3934 fuerat
1751 3879 2041 3934 humanum

443 3982 642 4040 genus,
686 3972 835 4027 venit
881 3972 1075 4027 iterum
1128 3973 1181 4026 in
1222 3970 1509 4037 mundum,
1558 3982 1620 4027 ut
1670 3972 1915 4028 homines
1955 3972 2046 4040 qui

445 4073 632 4136 postea
677 4065 831 4121 obliti
872 4064 1107 4132 fuerant,
1156 4066 1350 4121 iterum
1385 4073 1800 4136 cognoscerent.
1850 4060 2078 4119 Notum'

449 4158 569 4230 fecit
617 4156 873 4213 Dominus
916 4158 1144 4213 salutare
1185 4174 1356 4213 suum.
1392 4156 1448 4211 In
1492 4156 1759 4213 Hebraico
1798 4155 1993 4226 legitur
2030 4171 2044 4209 :

447 4250 648 4307 Natant
678 4253 798 4323 fecit
832 4250 1083 4306 Dominus
1111 4250 1294 4306 Iesum
1323 4267 1495 4306 suum.
1528 4250 1863 4320 Ubicumque
1900 4247 2047 4304 enim

449 4344 697 4402 Salvator
724 4344 950 4409 dicitur,
976 4344 1031 4399 in
1060 4344 1325 4400 Hebraico
1354 4343 1520 4400 .lesus
1548 4343 1791 4413 ponitur.
1828 4340 1894 4395 In
1930 4357 2051 4395 con-

446 4446 624 4509 spectu
654 4438 886 4510 gentium
914 4439 1155 4493 reuelauit
1174 4437 1442 4510 justitiam
1478 4452 1646 4491 suam.
1695 4435 2048 4507 Nequaquam

449 4533 503 4589 in
548 4533 666 4588 sola
695 4532 917 4599 .ludma,
972 4532 1091 4596 sed,
1136 4532 1191 4588 in
1230 4533 1507 4601 conspectu
1536 4532 1787 4602 gentium.
1832 4529 2044 4583 JuSIum

448 4628 594 4683 enim
623 4634 763 4692 erat,
789 4637 845 4680 ut
867 4625 1117 4682 Salvator
1140 4626 1379 4680 salvaret
1403 4634 1713 4681 creaturam
1738 4637 1912 4677 suam.
1942 4621 2045 4677 1ὶο·
2070 4595 2123 4656 Ῑ)

432 4719 646 4777 velavit
669 4719 935 4791 justitiam
963 4734 1137 4789 suam,
1172 4735 1292 4789 qua:
1334 4718 1721 4776 incredulitate
1766 4715 2047 4772 hominum

451 4814 626 4870 fuerat
654 4813 966 4870 obscurata.

520 4908 845 4966 Recordatus
881 4916 955 4963 est
993 4907 1364 4964 misericordia:
1399 4922 1524 4963 suae.
1556 4905 1843 4962 Conclusit
1868 4903 2052 4961 omnia

453 5003 555 5060 sub
585 5011 829 5073 peccato,
872 5012 931 5058 ut
958 5002 1209 5058 omnibus
1254 5003 1575 5057 misereatur
1607 4999 1784 5072 (Rom.
1835 4998 1936 5072 xi).
1986 4999 2056 5058 Et

450 5099 676 5152 veritatis
712 5114 820 5153 sua:
851 5097 1029 5152 domui
1054 5093 1240 5150 Israel.
1273 5092 1664 5149 Misericordia:
1690 5091 2006 5149 recordatur
2037 5109 2049 5146 :

452 5190 747 5246 veritatem
787 5191 997 5261 implet.
1045 5187 1365 5244 Recordatus
1407 5197 1481 5242 est
1519 5186 1888 5241 misericordia:
1920 5201 2049 5253 sum,

458 5282 565 5340 hoc
592 5293 700 5352 est,
740 5287 796 5341 in
826 5284 1066 5355 gentium
1100 5283 1318 5355 p0pulo.
1354 5283 1422 5338 Et
1449 5281 1733 5337 veritatem
1776 5296 1926 5335 suam
1955 5279 2053 5336 do-

455 5380 566 5436 mui
609 5380 795 5436 Israel.
836 5380 950 5435 lloc
987 5394 1155 5451 opere
1190 5377 1498 5450 complens,
1537 5375 1684 5448 quod
1725 5372 2051 5446 patriarchis

453 5473 802 5547 promiserat.

534 5566 788 5624 Viderunt
809 5582 983 5623 omnes
1011 5567 1142 5638 ﬁnes
1165 5576 1313 5622 terra:
1342 5566 1572 5620 salutare
1598 5561 1695 5617 Dei
1716 5561 1901 5617 nostri.
1930 5559 2049 5614 Non

452 5665 605 5721 solus
623 5663 792 5720 Israel
817 5661 950 5718 vidit
973 5668 1029 5717 et
1051 5660 1216 5730 Juda,
1246 5659 1364 5725 sed,
1391 5674 1566 5714 omnes
1587 5658 1714 5728 fines
1738 5671 1756 5711 :
1784 5653 2052 5725 simulque

449 5755 749 5813 Secundum
783 5755 1072 5826 mysticum
1098 5752 1462 5819 intellectum,
1493 5751 1623 5823 ﬁnes
1648 5759 1814 5805 terrae.
1848 5747 2053 5817 Quam~

450 5849 543 5909 tli'tt
582 5852 637 5908 in
664 5849 846 5910 medio
867 5860 1030 5908 terra:
1058 5860 1270 5917 sumus,
1307 5845 1474 5903 Deum
1502 5844 1690 5902 videre
1718 5860 1824 5901 non
1856 5848 2047 5915 possu'a

2145 3319 2190 3375 si
2220 3333 2318 3374 sex
2337 3317 2531 3372 cordas
2557 3317 2796 3385 integras
2825 3312 3104 3382 habueris,
3132 3320 3187 3367 et
3217 3326 3379 3365 unum
3404 3308 3660 3379 ruptam?
3684 3305 3741 3363 Si

2147 3426 2251 3466 una
2301 3409 2463 3466 corda
2505 3407 2777 3471 defuerit,
2815 3404 3095 3475 perfectus
3143 3402 3371 3459 citharae
3412 3415 3578 3456 sonus
3624 3414 3741 3456 csse

2145 3520 2252 3561 non
2289 3504 2511 3574 poterit.
2541 3501 2609 3556 In
2641 3501 2777 3555 tubis
2802 3499 3104 3569 ductilibus,
3131 3507 3181 3553 et
3210 3513 3331 3552 voce
3361 3496 3500 3551 tuba:
3523 3509 3734 3550 cornea.

2144 3599 2399 3671 Legimus
2437 3598 2490 3653 in
2522 3596 2885 3653 Numerorum
2921 3593 3061 3650 libro
3087 3638 3101 3663 ,
3135 3592 3244 3646 duo
3272 3605 3472 3664 genera
3509 3603 3633 3646 esse
3661 3598 3741 3643 tu-
3826 3602 3837 3611 ’

2146 3694 2372 3750 barum:
2407 3706 2571 3747 unum
2619 3704 2794 3761 genus
2835 3703 2962 3744 esse
3005 3686 3262 3743 tubarum
3309 3684 3519 3741 ductile
3559 3699 3624 3740 ex
3656 3699 3741 3738 ar-

2146 3797 2312 3858 gento
2327 3803 2341 3854 ;
2359 3786 2498 3842 aliud
2518 3799 2640 3840 esse
2657 3797 2825 3854 genus
2839 3782 3091 3837 tubarum
3108 3794 3428 3835 cornearum
3446 3776 3526 3848 (Ν
3533 3793 3632 3830 aut.
3659 3774 3736 3846 τι).

2148 3881 2289 3950 Ergo
2320 3880 2409 3935 hic
2452 3889 2738 3946 utrumque
2776 3875 2980 3930 dicitur
3010 3890 3024 3929 :
3069 3869 3137 3927 In
3167 3873 3304 3926 tubis
3336 3869 3646 3935 ductilibus,
3690 3876 3745 3921 et

2148 3990 2266 4029 voce
2287 3973 2422 4028 tuba:
2449 3986 2668 4027 corneae.
2692 3968 2846 4038 Quod
2877 3967 3100 4032 dicitur,
3147 3966 3251 4020 hoc
3280 3963 3406 4020 est?
3436 3962 3583 4018 Tuba
3614 3962 3747 4016 duc-

2152 4066 2258 4121 tilis
2291 4080 2357 4121 ex
2386 4073 2636 4134 argento,
2674 4076 2858 4117 sermo
2889 4060 2982 4116 Dei
3014 4068 3121 4124 est,
3171 4063 3227 4114 et
3257 4055 3468 4127 eloquia
3513 4052 3739 4119 Domini,

2150 4159 2360 4228 eloquia
2389 4167 2577 4213 casta:
2623 4164 2906 4227 argentum
2948 4153 3075 4224 igne
3114 4151 3505 4218 examinatum,
3543 4162 3739 4218 purga-

2151 4260 2263 4304 tum
2290 4249 2597 4322 septuplum
2629 4246 2748 4318 (Ps.
2782 4262 2841 4301 xt
2868 4256 2915 4301 et
2943 4247 3079 4317 xlv).
3106 4243 3365 4309 Rursum,
3398 4244 3453 4295 in
3474 4255 3592 4294 voce
3613 4239 3744 4292 tuba:

2153 4360 2352 4399 cornea:
2376 4385 2391 4411 ,
2424 4342 2514 4398 hic
2544 4355 2776 4413 regnans
2814 4340 3087 4396 inducitur
3112 4339 3196 4393 vir
3221 4337 3336 4392 Dei.
3366 4332 3424 4390 In
3455 4331 3743 4402 Scripturis

2153 4438 2372 4509 proprie
2402 4451 2573 4493 cornu
2611 4449 2710 4506 pro
2754 4448 2921 4505 regno
2950 4431 3178 4496 dicitur,
3219 4436 3273 4484 et
3314 4441 3414 4499 pro
3463 4422 3737 4496 potentia:

2155 4532 2294 4586 sicut
2337 4528 2410 4584 ibi
2442 4529 2703 4597 scriptum
2750 4533 2874 4581 est:
2919 4523 3108 4578 Erexit
3143 4533 3316 4575 cornu
3360 4516 3552 4572 salutis
3582 4512 3737 4570 nobis

2151 4621 2305 4693 (an.
2339 4619 2403 4692 l).
2424 4619 2493 4674 Et
2514 4621 2567 4675 in
2589 4619 2697 4673 alio
2723 4618 2842 4672 loco
2870 4614 3133 4685 scriptum
3159 4619 3241 4667 est
3272 4628 3285 4664 :
3315 4608 3372 4665 la
3403 4616 3457 4664 te
3498 4605 3738 4662 inimicos

2153 4726 2373 4770 nostros
2407 4710 2793 4767 ventilabimus
2823 4722 2991 4765 cornu
3022 4704 3147 4776 (Ps.
3179 4700 3353 4771 xutt).
3387 4700 3531 4771 Ergo
3570 4696 3743 4752 videte

2155 4806 2247 4863 hic
2276 4804 2402 4877 quid
2434 4804 2579 4861 dicat
2617 4820 2631 4857 :
2671 4803 2812 4857 Duas
2839 4800 3090 4855 habetote
3116 4795 3296 4860 tubas,
3323 4801 3380 4850 et
3408 4799 3739 4860 argenteam,

2156 4911 2211 4958 et
2231 4914 2509 4955 corneam.
2536 4899 2886 4969 Argenteam,
2908 4903 2967 4949 ut
2988 4891 3234 4948 habeatis
3260 4900 3573 4945 sermonem
3597 4901 3612 4940 :
3633 4897 3745 4937 cor-

2160 5009 2340 5061 neam,
2384 5000 2445 5048 ut
2489 4990 2737 5046 habeatis
2771 4989 3046 5043 virtutem.
3097 4983 3270 5040 Vultis
3310 4982 3456 5037 scire
3498 4976 3743 5049 quoniam

2159 5101 2333 5143 cornu
2364 5098 2577 5152 semper
2604 5083 2656 5137 in
2681 5081 2876 5137 bonam
2906 5087 3112 5151 partem
3141 5076 3385 5147 ponitur.
3422 5071 3663 5143 Legimus
3688 5067 3741 5122 in

2161 5177 2407 5235 Levitico
2425 5196 2436 5230 :
2452 5175 2669 5232 Nullum
2700 5191 2717 5228 ι
2747 5172 2948 5228 animal
2962 5170 3240 5235 oﬂ'eratur,
3259 5168 3362 5223 nisi
3377 5165 3739 5237 quodcumque

2158 5283 2446 5333 cornutum
2487 5281 2590 5327 eSt.
2634 5268 2761 5324 Tria
2801 5282 2999 5339 genera
3043 5262 3356 5320 animalium
3402 5259 3735 5316 oll’ertmtur:

2158 5366 2279 5433 bos,
2310 5366 2403 5437 qui
2439 5378 2610 5419 cornu
2645 5359 2844 5426 habet,
2870 5367 2927 5414 et
2955 5357 3121 5423 aries,
3144 5354 3261 5426 ‘qtti
3290 5368 3460 5410 cornu
3489 5344 3662 5418 habet,
3689 5354 3744 5402 et

2160 5460 2364 5530 hircus,
2397 5459 2486 5530 qui
2516 5470 2686 5513 cornu
2714 5453 2897 5509 habet.
2923 5451 3052 5508 Sine
3078 5465 3239 5507 causa
3271 5456 3427 5520 putas
3454 5446 3658 5511 dicitur,
3686 5449 3741 5496 ut

2158 5553 2368 5609 nullum
2399 5548 2656 5607 oIl‘eratur
2680 5545 2907 5613 animal,
2932 5544 3033 5601 nisi
3060 5541 3202 5614 quod
3231 5546 3517 5597 cornutum
3546 5534 3655 5594 est?
3674 5531 3740 5587 Et

2157 5663 2257 5705 nos
2282 5663 2416 5719 ergo
2442 5643 2702 5716 quamdiu
2736 5641 2997 5698 habemus
3020 5653 3214 5706 cornu,
3244 5648 3519 5692 meremur
3539 5629 3741 5687 victima

2156 5757 2278 5801 esse
2308 5741 2427 5796 Dei.
2456 5739 2515 5797 Si
2543 5748 2722 5794 autem
2759 5751 2931 5793 cornu
2963 5743 3203 5790 nostrum
3246 5730 3410 5788 fuerit
3435 5738 3739 5790 excussum,

2159 5833 2310 5910 quasi
2343 5834 2547 5893 debiles
2589 5840 2793 5899 sumus,
2836 5841 2888 5889 et
2932 5826 3075 5888 inter
3114 5824 3423 5885 sacerdotes
3454 5821 3547 5882 Dei
3574 5813 3743 5880 Venire
