3954 6340
206 279 315 340 1121

203 414 289 453 non
317 403 597 464 possumus.
627 389 895 444 Morantur
921 405 1063 443 mare
1093 399 1141 443 et
1164 389 1437 459 plenitudo
1466 393 1597 462 ejus.
1634 388 1752 443 Μο-
1780 390 1832 450 Α

205 500 349 545 ventur
371 501 517 549 mare,
548 491 601 537 et
627 497 826 537 amara:
848 498 1001 552 aqua:
1034 491 1307 537 mutentur
1331 483 1383 536 in
1412 480 1617 536 dulces.
1653 481 1753 536 De-

204 585 337 654 nique
365 588 412 635 ct
447 579 583 633 Mara
612 585 813 632 mutata
855 587 938 632 est
964 584 1020 633 et
1047 576 1184 632 facta
1213 585 1300 632 est
1340 576 1392 630 in
1425 575 1638 631 dulcem
1667 590 1754 630 sa-

199 691 358 750 porem
388 671 572 743 (Exod.
617 668 732 742 xv).
766 669 978 740 Aquam
1023 668 1171 724 illam
1210 685 1449 724 amaram
1481 685 1588 724 non
1629 667 1757 724 fecit

196 769 319 828 aliud
347 767 566 831 dulcem,
604 766 705 820 nisi
735 764 940 835 lignum
969 764 1143 819 crucis
1165 805 1180 830 ,
1209 762 1354 835 quod
1387 763 1608 818 missum
1639 770 1756 816 erat

198 865 242 922 in
261 880 385 920 eam.
413 861 533 916 blihi
566 859 782 914 videtur
808 873 1053 913 amarum
1087 873 1260 925 mare,
1295 858 1380 912 lex
1406 871 1529 912 esse
1560 854 1752 927 Moysi.

195 957 290 1015 Hoc
323 963 399 1011 est
438 951 574 1024 quod
620 951 818 1007 dicitur
865 965 1035 1018 mara,
1081 950 1184 1006 hoc
1227 960 1332 1016 est,
1382 965 1586 1004 amara.
1632 947 1758 1003 Haec

195 1066 351 1109 amara
377 1064 504 1120 aqua
537 1046 671 1118 legis
701 1047 923 1114 veteris,
956 1044 1168 1116 accepit
1213 1045 1415 1116 lignum
1449 1043 1626 1099 crucis
1647 1083 1662 1110 ,
1703 1050 1760 1098 et

192 1145 354 1203 ell‘ecta
384 1149 464 1196 est
490 1140 685 1195 dulcis.

252 1235 480 1290 Flumina
524 1232 775 1305 plaudent
819 1248 974 1287 manu
1011 1231 1189 1285 simul.
1237 1229 1636 1300 Interrogcmus
1669 1227 1762 1283 Ju-

190 1332 337 1396 dzcos,
383 1330 469 1401 qui
516 1328 814 1384 secundum
860 1327 1094 1382 litteram
1139 1325 1450 1394 intelligunt
1496 1323 1762 1378 :flumina

189 1433 417 1491 ventrem,
439 1425 642 1480 habent
666 1441 677 1476 :
703 1421 924 1477 flumina
950 1433 1112 1475 voces
1144 1419 1348 1474 habent
1376 1435 1388 1469 :
1424 1416 1644 1472 ﬂumina
1674 1431 1766 1487 pe-

186 1520 273 1576 des
317 1519 508 1573 habent
539 1533 551 1568 :
587 1515 808 1570 ﬂumina
843 1528 1036 1568 manus
1068 1511 1289 1566 habent.
1338 1510 1488 1566 Dicat
1525 1509 1761 1578 aliquis:

187 1612 288 1669 Non
328 1621 408 1667 est
445 1609 703 1678 scriptum
733 1607 802 1662 de
845 1615 1057 1670 ventre,
1102 1603 1170 1659 de
1215 1602 1463 1672 pedibus.
1497 1601 1604 1658 Sed
1643 1601 1766 1656 dico

189 1705 311 1760 tibi:
355 1719 416 1760 ex
452 1717 560 1757 uno
605 1700 849 1756 membro
887 1698 1237 1768 intelligimus
1284 1705 1339 1752 ct
1375 1707 1595 1751 caetera.
1645 1694 1764 1751 Non

1075 240 1505 330 BnEvuRlUM
1548 271 1610 329 IN
1654 269 1982 329 PSALMOS.
2017 269 2266 329 PSALM.
2306 269 2534 329 xcvm.

3315 274 3455 333 “22

2358 385 2679 444 PSALMUS
2719 384 2952 443 XCVI".

1858 479 2106 535 Psalmus
2167 480 2350 535 David.
2401 481 2509 536 lste
2548 481 2789 550 psalmus
2820 497 3007 536 vocem
3049 480 3296 538 continet
3337 497 3460 552 pro-

1929 557 2106 622 pheta:
2155 553 2456 608 sacerdotis
2501 553 2747 617 Domini,
2805 555 3206 610 commonentis
3250 554 3319 610 ad
3364 555 3460 612 Dei

1930 624 2322 694 omnipotentis
2351 625 2582 695 gratiam
2617 623 2986 680 referendam.

1935 759 2187 816 Dominus
2214 761 2482 833 regnavit,
2527 761 2827 817 irascantur
2855 764 3058 838 populi.
3090 763 3227 820 Tres
3267 763 3462 836 psalmi

1861 853 2004 910 idem
2041 856 2244 910 habent
2273 856 2604 928 principium
2634 875 2646 910 :
2681 861 3067 928 nonagesimus
3090 857 3384 926 secundus,
3409 865 3468 914 et

1864 949 2250 1018 nonagesimus
2290 959 2507 1014 sextus,
2548 957 2605 1004 et
2645 949 3032 1021 nonagesimus
3073 958 3315 1007 octavus.
3356 950 3462 1007 Sed

1862 1052 1984 1094 cum
2026 1039 2168 1094 idem
2209 1040 2446 1096 habeant
2484 1040 2809 1112 principium
2858 1041 2911 1096 in
2952 1042 3247 1111 versiculo,
3275 1045 3328 1098 in
3359 1042 3469 1100 line

1865 1131 2069 1187 diversi
2087 1141 2233 1186 sunt.
2267 1133 2494 1199 Quando
2523 1135 2668 1189 enim
2692 1133 2894 1189 dicitur
2918 1134 2970 1188 in
3001 1135 3356 1206 nonagesimo
3382 1149 3470 1192 se-

1864 1226 2084 1281 cundo:
2121 1224 2377 1281 Dominus
2416 1229 2680 1301 regnavit,
2728 1231 2966 1283 decorem
3000 1229 3216 1284 indutus
3257 1239 3368 1294 est;
3413 1231 3474 1286 in-

1867 1319 2223 1390 nonagesimo
2245 1336 2376 1375 vero
2417 1332 2612 1377 sexto:
2652 1321 2907 1378 Dominus
2950 1325 3216 1396 regnavit,
3249 1323 3472 1378 exsultet

1867 1423 2036 1478 terra;
2068 1412 2119 1467 in
2153 1414 2514 1485 nonagesimo
2535 1423 2715 1469 autem
2745 1424 2938 1469 octavo
2966 1413 3257 1471 :Domiuus
3283 1432 3474 1487 regna-

1869 1507 1967 1570 vit,
2003 1507 2304 1560 irascantur
2331 1506 2514 1578 papuli
2544 1521 2563 1560 :
2591 1506 2808 1563 videtur
2835 1508 2992 1577 quasi
3031 1507 3165 1563 ordo
3204 1508 3308 1563 sibi
3347 1523 3472 1565 esse

1869 1598 2198 1655 contrarius.
2241 1599 2433 1654 Debuit
2477 1600 2620 1655 enim
2662 1601 2896 1670 primum
2944 1601 3133 1658 dicere
3171 1621 3181 1656 :
3219 1601 3474 1658 Dominus

1869 1693 2131 1762 regnavit,
2165 1692 2461 1746 irascantur
2496 1692 2712 1765 populi;
2736 1704 2790 1748 et
2820 1703 3010 1764 postea
3033 1693 3216 1750 dicere
3243 1714 3254 1747 :
3290 1694 3476 1750 Domid

184 1797 316 1855 enim
345 1808 629 1868 possumus
660 1793 965 1862 intelligere
991 1805 1181 1845 manus
1213 1789 1330 1844 sine
1358 1788 1604 1858 pedibus,
1648 1787 1767 1842 sine
1796 1783 1844 1844 B
1874 1801 1975 1841 nus
2003 1786 2272 1857 regnavit,
2305 1787 2544 1842 exsultet
2577 1794 2754 1853 terra;
2783 1799 2837 1842 et
2864 1786 2920 1842 in
2950 1788 3144 1843 ultimo
3171 1804 3182 1840 :
3208 1788 3476 1845 Dominus

183 1902 382 1960 ventre,
432 1892 550 1944 sine
604 1885 865 1942 membris
927 1883 1164 1940 caeteris.
1227 1881 1474 1936 Flumina
1521 1881 1768 1952 plaudent

181 2003 324 2042 manu
363 1983 540 2038 simul.
583 1981 832 2037 Flumina
863 1995 984 2051 qua:
1018 1977 1273 2033 biberunt
1312 1977 1379 2032 de
1419 1976 1567 2031 fonte
1614 1973 1765 2031 Iesu.

181 2081 278 2149 Me,
321 2079 514 2149 inquit,
569 2074 978 2146 dereliquerunt
1028 2072 1232 2127 fontem
1277 2086 1431 2142 aqua:
1479 2071 1610 2124 vivae
1658 2066 1773 2141 (Je-

1870 1881 2136 1951 regnavit,
2162 1880 2416 1935 decorem
2444 1879 2664 1936 indutus
2693 1891 2796 1936 est.
2824 1881 3025 1937 Verum
3057 1881 3315 1938 diversus
3339 1883 3476 1939 ordo

1874 1973 1965 2028 dat
1990 1971 2144 2028 nobis
2172 1972 2410 2042 aliquam
2451 1972 2826 2043 intelligentiae
2867 1974 3259 2045 suspicionem.
3287 1976 3475 2031 Domi-

1875 2083 1977 2122 nus
2004 2072 2282 2137 regnavit,
2311 2067 2571 2122 decorem
2605 2068 2824 2123 indutus
2843 2078 2947 2126 est.
2983 2070 3249 2127 Dominus
3275 2088 3474 2144 regna-

1874 2163 1972 2223 vit,
1996 2171 2048 2218 et
2076 2161 2293 2216 indutus
2321 2171 2407 2217 est
2429 2163 2780 2232 patriarehis,
2799 2172 2856 2219 et
2877 2165 3175 2235 prophetis,
3198 2177 3250 2223 et
3275 2169 3481 2239 populo

1876 2255 2140 2311 credenti.
2173 2256 2438 2312 Decorem
2485 2256 2705 2313 indutus
2744 2268 2858 2324 est,
2903 2260 3026 2330 quia
3060 2261 3387 2330 patriarchae
3425 2270 3482 2319 et

1880 2348 2189 2419 prOphetaa,
2220 2349 2372 2420 quasi
2415 2348 2614 2405 Christi
2646 2352 3028 2407 vestimentum
3067 2353 3305 2410 fuerunt.
3339 2353 3480 2410 Illud

1879 2453 1960 2499 est
2009 2442 2320 2515 perizoma,
2350 2444 2494 2513 quod
2532 2444 2584 2498 in
2623 2442 2864 2499 Jeremia
2895 2444 3154 2501 scribitur
3185 2464 3196 2499 :
3232 2445 3366 2501 i.lud
3397 2458 3483 2503 est

1882 2537 2183 2608 perizoma,
2210 2535 2352 2606 quod
2371 2535 2579 2601 habuit,
2603 2536 2986 2593 circalumbos
3011 2553 3162 2605 suos,
3192 2539 3481 2596 Jeremias.

1883 2632 2057 2688 Vultis
2102 2633 2241 2688 scire
2270 2631 2526 2702 quoniam
2554 2633 2727 2687 sancti
2779 2635 2930 2704 quasi
2965 2636 3234 2704 perizoma
3257 2677 3272 2701 ,
3314 2636 3488 2692 vesti-

1886 2737 2124 2782 mentum
2156 2726 2250 2780 Dei
2293 2734 2421 2781 sunt
2463 2725 2680 2799 (Jercm.
2713 2742 2843 2793 xm,
2870 2727 2998 2801 H)?
3046 2730 3341 2800 Propterea
3370 2731 3486 2801 ipse

1886 2822 2031 2877 Deus
2075 2821 2316 2892 loquitur
2357 2819 2423 2874 ad
2462 2818 2754 2875 Jeremiam
2792 2839 2803 2874 :
2840 2819 2992 2876 Sicut
3025 2830 3108 2889 tu,
3141 2822 3345 2894 inquit,
3389 2838 3488 2894 po-

1887 2914 2044 2970 suisti
2078 2913 2324 2968 lumbare
2352 2911 2494 2967 istud
2526 2912 2593 2968 ad
2627 2913 2838 2969 lumbos
2871 2924 2994 2968 tuos
3026 2930 3038 2967 :
3072 2914 3144 2968 ita
3176 2924 3232 2972 et
3264 2930 3366 2987 ego
3393 2931 3489 2987 ap-

180 2193 294 2232 rem.
329 2178 407 2244 u).
443 2171 696 2229 Flumina
729 2171 842 2242 ipsa
873 2170 942 2226 de
983 2169 1132 2226 fonte
1161 2167 1364 2224 Christi
1394 2176 1638 2222 currunt.
1675 2166 1773 2222 llle

183 2269 296 2326 lous
315 2280 392 2325 est
412 2285 426 2335 ;
459 2282 562 2323 nos
584 2267 807 2321 flumina
831 2279 1018 2320 sumus
1046 2281 1057 2316 :
1082 2263 1129 2318 si
1155 2272 1332 2316 tamen
1359 2275 1630 2316 meremur
1652 2274 1775 2315 esse

177 2359 404 2416 ﬂumina.
427 2357 710 2421 Christus,
737 2355 855 2410 fons
877 2364 962 2410 est
987 2373 998 2406 :
1025 2353 1224 2418 sancti,
1253 2351 1474 2407 ﬂutnina
1501 2360 1645 2406 sunt.
1671 2351 1772 2419 Qui

178 2465 343 2508 autem
374 2451 669 2507 inferiores
699 2458 847 2517 sunt,
892 2447 1052 2502 rlvuli
1083 2454 1230 2502 sunt.
1265 2447 1372 2501 Alii
1402 2460 1532 2501 vero
1559 2453 1775 2499 torren-

181 2553 257 2601 tes
297 2554 440 2600 sunt.
478 2543 586 2612 Qui
620 2551 746 2597 sunt
785 2540 1095 2596 torrentes?
1124 2540 1224 2606 Qui
1257 2539 1324 2593 ad
1358 2539 1545 2592 horam
1578 2537 1780 2592 habent

180 2651 357 2708 aquas,
401 2649 480 2706 et,
529 2637 831 2693 tentatione
866 2635 1137 2701 veniente,
1193 2632 1486 2689 siccantur.
1531 2631 1782 2687 Flumina

175 2733 414 2801 plaudent
446 2747 612 2786 manu
651 2729 827 2784 simul.
878 2727 996 2783 Non
1027 2735 1112 2783 est
1150 2743 1314 2782 unum
1357 2725 1589 2792 ﬂumen,
1623 2727 1780 2798 plura

174 2833 294 2879 sunt
318 2824 568 2878 ﬂumina.
612 2823 757 2889 Quot
787 2821 959 2876 sancti
991 2831 1138 2888 sunt,
1185 2831 1260 2875 tot
1294 2831 1348 2875 et
1375 2818 1597 2874 ﬂumina
1633 2828 1779 2876 sunt.

169 2915 273 2974 Sed
305 2919 408 2972 ista
458 2916 692 2970 ﬂumina
721 2929 829 2969 non
861 2914 1059 2968 habent
1089 2913 1230 2969 inter
1260 2929 1318 2968 se
1359 2913 1780 2970 dissensionem.

171 3013 435 3080 Quoniam
468 3021 604 3067 sunt
635 3010 857 3066 ﬂumina
887 3008 1134 3076 Christi,
1164 3019 1448 3079 propterea
1476 3008 1678 3064 habent
1706 3008 1788 3062 in-
1889 3011 2086 3083 plieavi
2111 3010 2372 3082 pepulum
2402 3024 2582 3064 meum
2614 3009 2681 3065 ad
2713 3025 2819 3065 me.
2853 3009 3136 3078 Quomodo
3167 3026 3296 3082 ergo
3325 3010 3495 3066 vesti-

166 3116 248 3162 ter
275 3122 334 3162 se
383 3104 776 3161 concordiam.
835 3101 1080 3157 Flumina
1125 3102 1369 3171 plaudent
1413 3118 1572 3155 manu
1609 3102 1784 3157 simul.
1891 3118 2134 3162 mentum
2179 3107 2324 3161 circa
2358 3105 2635 3161 hominem
2674 3123 2686 3158 :
2725 3105 2807 3160 sic
2844 3104 3074 3176 populus
3112 3105 3258 3161 circa
3299 3105 3490 3162 Deum.

170 3198 453 3267 Plaudent,
482 3199 615 3271 quia
642 3212 806 3268 opera
839 3205 1176 3264 sanctorum,
1201 3195 1318 3252 laus
1345 3196 1442 3251 Dei
1467 3204 1574 3251 est.
1596 3196 1782 3251 Chris-
1813 3187 1860 3252 C
1892 3199 2096 3255 Verum
2147 3199 2274 3270 quia
2326 3197 2431 3254 hoc
2461 3199 2730 3268 perizoma
2752 3240 2767 3267 ,
2795 3215 2984 3255 verum
3012 3199 3138 3271 quia
3181 3200 3273 3256 hic
3301 3199 3491 3265 decor.

164 3301 251 3348 tus
282 3310 394 3348 non
427 3307 576 3348 voce
609 3291 884 3356 laudatur,
914 3290 1010 3346 sed
1039 3306 1226 3361 opere.
1251 3289 1367 3345 Non
1394 3289 1545 3346 audit
1569 3304 1780 3358 vocem,
1891 3311 2001 3364 quo
2033 3293 2295 3350 Dominus
2321 3293 2496 3350 fuerat
2520 3294 2764 3361 indutus,
2797 3303 2950 3350 trans
2982 3295 3300 3365 Euphraten
3329 3310 3500 3368 expo-

165 3387 257 3442 sed
288 3402 490 3458 opera.
528 3382 790 3439 Flumina
829 3383 1076 3455 plaudent
1104 3399 1261 3438 manu
1289 3384 1464 3437 simul.
1499 3383 1790 3452 Propterea
1897 3387 2034 3442 situs
2065 3396 2148 3442 est
2180 3386 2233 3441 in
2267 3385 2540 3442 foramine
2561 3397 2752 3458 petrae,
2785 3396 2840 3443 et
2871 3387 2944 3443 ibi
2967 3390 3322 3458 computruit,
3349 3397 3404 3444 et
3431 3388 3499 3444 ab

161 3479 292 3536 dicit
318 3492 376 3537 et
407 3482 538 3552 ipse
567 3480 623 3534 in
654 3477 944 3548 Evangelio
972 3494 985 3530 :
1017 3476 1119 3546 Qui
1154 3477 1290 3542 sitit,
1321 3477 1506 3532 veniat
1533 3485 1586 3532 et
1620 3476 1789 3542 bibat,
1898 3480 2140 3552 Assyriis
2169 3479 2367 3536 ductus
2406 3489 2492 3536 est
2533 3481 2583 3534 in
2628 3479 3000 3552 captivitatem
3036 3500 3048 3534 :
3081 3481 3343 3537 Dominus
3373 3479 3503 3552 quid

164 3587 216 3632 et
247 3578 461 3644 fluent,
512 3574 714 3647 inquit,
746 3572 968 3629 ﬂumina
999 3573 1287 3640 dejventre
1313 3572 1434 3642 ejus
1460 3571 1640 3642 (Joan.
1668 3572 1794 3642 vn).
1901 3573 2069 3630 facit?
2096 3573 2216 3629 Non
2246 3583 2328 3630 est
2361 3573 2560 3640 nudus,
2595 3590 2704 3629 non
2739 3583 2916 3644 pOleSl
2938 3589 3060 3631 esse
3089 3575 3208 3632 sine
3246 3574 3502 3644 lumbari,

161 3669 373 3726 Houtes
402 3670 755 3726 exsultabant
791 3668 845 3721 in
876 3675 1154 3738 conspectu
1184 3664 1417 3719 Domini.
1447 3664 1586 3731 Quid
1622 3663 1798 3718 simile
1903 3677 1958 3724 et
1989 3685 2096 3724 non
2124 3677 2302 3738 potest
2327 3683 2451 3725 esse
2481 3670 2602 3724 sine
2629 3677 2809 3736 veste;
2837 3671 3018 3739 priore
3044 3670 3248 3741 populo
3272 3669 3503 3739 perdito,

160 3763 391 3820 ﬂumina
427 3775 486 3820 et
524 3762 779 3819 montes?
810 3761 916 3817 Sed
944 3758 1200 3830 quoniam
1230 3758 1297 3813 de
1321 3756 1574 3827 perlectis
1596 3756 1801 3812 sanctis
1906 3763 2034 3818 facit
2069 3763 2173 3817 sibi
2218 3773 2422 3819 vestem
2475 3763 2542 3819 de
2583 3765 2782 3834 populo
2812 3764 3113 3834 gentilium.
3161 3764 3227 3818 Et
3262 3763 3389 3833 quid
3425 3761 3510 3816 di-

157 3858 316 3923 dicit,
367 3873 487 3912 non
537 3856 702 3925 dixit,
745 3854 904 3910 rivuli
937 3853 1192 3924 plaudenl
1235 3866 1396 3905 manu
1438 3849 1596 3904 Simul
1630 3866 1642 3900 ε
1677 3847 1799 3919 Sed,
1906 3856 2093 3911 citur:
2132 3857 2390 3912 Dominus
2421 3857 2705 3927 regnavit,
2738 3857 2984 3911 exsultet
3034 3865 3202 3915 terra.
3256 3855 3512 3912 Exsultet

159 3952 394 4022 ﬂumina
425 3948 694 4022 plaudent
734 3963 892 4002 manu
920 3947 1097 4001 simul.
1128 3944 1321 4000 Videte
1349 3941 1596 3999 ordinem
1631 3959 1643 3994 :
1689 3939 1806 3996 Mo—
1909 3957 2057 4004 terra
2084 3947 2358 4015 universa,
2397 3948 2498 4003 hoc
2531 3955 2644 4017 est,
2685 3947 3031 4005 credentium
3059 3948 3312 4020 populus.
3343 3947 3510 4004 Deni-

155 4056 344 4098 veatur
377 4059 566 4110 mare,
603 4050 658 4097 et
702 4049 847 4095 totus
879 4039 1051 4094 orbis.
1083 4035 1335 4091 Flumina
1374 4034 1623 4106 plaudent
1652 4050 1806 4089 manu
1910 4058 2038 4112 quo,
2072 4041 2235 4098 vultis
2251 4044 2390 4098 scire
2414 4043 2670 4114 quoniam
2689 4042 2989 4099 secundum
3014 4042 3264 4098 lumbare
3288 4041 3357 4096 de
3381 4055 3513 4112 gen.

155 4138 343 4191 simul.
377 4136 616 4190 Montes
648 4131 1025 4200 nihilominus,
1051 4131 1142 4202 qui
1165 4129 1232 4184 ad
1255 4142 1520 4184 summam
1543 4127 1807 4198 justitiam
1913 4139 2046 4192 tium
2076 4137 2276 4208 pepulo
2303 4137 2541 4193 dicitur?
2565 4138 2853 4204 Dominus,
2889 4136 3096 4208 inquit,
3124 4135 3391 4207 regnavit,
3417 4147 3519 4190 ex.

152 4236 597 4300 pervenerunt.
633 4225 821 4280 Dicam
850 4234 904 4279 et
933 4224 1092 4279 aliter
1123 4240 1135 4274 :
1168 4220 1440 4277 Moventur
1474 4236 1636 4286 mare,
1666 4235 1767 4292 quo

1915 4233 2080 4289 sultet
2104 4243 2248 4288 terra
2278 4252 2288 4288 :
2321 4234 2572 4290 laetentur
2604 4234 2794 4290 insula:
2826 4232 3030 4289 multm.
3068 4230 3184 4287 Non
3211 4245 3318 4285 una
3342 4229 3520 4284 insula

155 4334 292 4379 ante
341 4323 544 4379 fuerat
580 4320 889 4387 immotum,
922 4325 1205 4374 moveatur
1235 4316 1287 4372 in
1318 4317 1555 4373 adventu
1583 4315 1811 4371 Christi.
1914 4326 2122 4394 Judwa,
2149 4326 2246 4382 sed
2293 4327 2491 4382 insulae
2524 4327 2728 4392 multa.)
2777 4327 2881 4381 ιιορ
2919 4334 3034 4390 ρει,
3083 4333 3229 4378 unus
3258 4321 3518 4378 mundus,

151 4413 462 4470 Moventur
523 4427 696 4477 mare,
735 4411 846 4481 jam
893 4410 1153 4476 diximus,
1197 4410 1301 4464 hoc
1327 4420 1432 4478 est,
1480 4409 1568 4464 lex
1618 4407 1767 4479 Moys

1918 4421 2072 4478 Dicat
2104 4420 2237 4476 mihi
2260 4420 2588 4492 aliquis:Da
2620 4419 2750 4476 mihi
2775 4419 3084 4489 exemplum
3109 4417 3177 4473 de
3199 4415 3522 4487 Scripturis,

153 4506 439 4564 Flumina
487 4507 754 4579 plaudeut
803 4523 960 4560 manu
996 4506 1173 4571 simul,
1221 4504 1323 4560 hoc
1363 4512 1470 4571 est,
1512 4502 1767 4574 propheta

1919 4515 2009 4570 ubi
2041 4513 2230 4569 Judaea
2283 4514 2396 4568 sola
2430 4514 2606 4570 insula
2647 4512 2789 4568 dicta
2830 4512 2922 4568 sit.
2957 4510 3130 4567 Omne
3175 4509 3316 4580 quod
3347 4509 3520 4580 loqui.

148 4600 386 4658 Montes
414 4599 775 4657 exsultabant
797 4616 830 4654 a
851 4607 1128 4671 conspectu
1152 4597 1395 4664 Domini,
1429 4598 1530 4653 hoc
1551 4604 1654 4662 est,
1687 4613 1767 4667 api

1884 4598 1898 4651 ⁵
1925 4625 2066 4677 mur,
2086 4609 2350 4666 debemus
2371 4607 2650 4664 afﬁrmare
2671 4607 2738 4663 de
2757 4605 3057 4677 Scripturis
3075 4606 3282 4662 sanctis
3309 4623 3320 4658 :
3345 4603 3404 4659 In
3429 4618 3525 4659 ore

151 4699 318 4766 stoli,
339 4696 642 4766 Quoniam
662 4697 796 4750 venit
809 4696 1053 4767 judicare
1077 4704 1286 4750 terram.
1305 4694 1652 4766 Nequaquam
1672 4708 1767 4749 ven

1924 4703 2068 4758 enim
2099 4701 2330 4758 duorum
2373 4711 2427 4757 et
2456 4702 2619 4756 trium
2660 4699 2879 4756 testium
2917 4697 3084 4754 stabit
3108 4713 3271 4754 omne
3297 4695 3522 4752 verbum

145 4790 406 4849 humilis
446 4798 679 4846 ιεηῑιιω
707 4790 759 4843 in
790 4803 954 4844 came
977 4828 995 4856 9
1028 4787 1124 4844 8εά
1149 4787 1420 4859 ειοτίοειιε
1447 4789 1596 4843 Venit
1623 4787 1674 4842 ίη
1706 4801 1818 4841 mn-
1929 4793 2107 4866 (Deut.
2142 4810 2289 4860 xvu,
2319 4793 2395 4866 6).
2428 4793 2543 4848 Non
2573 4792 2735 4850 habet
2765 4801 2966 4848 tantam
2997 4791 3380 4848 auctoritatem
3407 4803 3527 4844 ser-

128 4899 376 4970 'jestatc
410 4909 559 4951 sua.
591 4891 846 4960 Quoniam
876 4894 1008 4948 venit
1021 4891 1266 4966 judicare
1292 4902 1503 4946 terram.
1525 4891 1640 4946 Non
1660 4888 1821 4956 dixit,
1930 4904 2018 4943 mo
2045 4885 2308 4954 dicentis,
2341 4896 2606 4958 quantum
2641 4885 2853 4940 Domini
2883 4892 3237 4956 prteceptum.
3272 4880 3527 4950 Legimus

143 5000 421 5072 perdere
459 5013 478 5052 ε
517 4995 660 5063 θεά,
688 4995 950 5066 judicare,
988 4994 1138 5049 Venit
1158 4993 1432 5065 judicare,
1463 5002 1522 5048 ιη
1555 4991 1821 5046 zizaniam
1931 4979 1984 5035 111
2019 4979 2283 5051 propheta
2313 4977 2564 5034 Ezechiel
2594 4995 2606 5031 Ξ
2633 4976 2701 5032 El
2724 4987 2800 5044 ill,
2829 4978 3022 5048 inquit,
3059 4977 3132 5031 1111
3163 4973 3422 5064 hominis,
3449 4970 3529 5026 10·

146 5114 408 5174 separet
443 5117 484 5157 a
526 5102 808 5154 frumento
839 5096 1052 5171 (Matth.
1089 5099 1208 5168 xv).
1247 5095 1422 5166 Venit,
1451 5106 1507 5152 ut
1535 5095 1828 5166 pisciculos
1931 5091 2103 5174 ξιιιθνθ
2139 5075 2204 5130 ad
2241 5074 2598 5174 _ha_bilal0_t‘es
2642 5074 2834 5174 insula:
2864 5073 3024 5143 hujus
3073 5070 3287 5174 (lEzeclz.
3323 5061 3527 5174 xxvii),

141 5161 351 5267 guno,
392 5211 650 5276 separe;
678 5217 706 5257 ε
734 5161 910 5258 bonis.
1171 5161 1180 5168 ’
1407 5161 1418 5166 ⁷
1535 5161 1555 5166 ”
1935 5169 2038 5226 hoc
2070 5179 2182 5238 est,
2229 5169 2453 5226 Iudaeae.
2486 5169 2754 5239 Quoniam
2801 5182 2932 5240 ergo
2961 5181 3064 5222 una
3099 5164 3278 5220 insula
3305 5161 3531 5219 dimissa

2003 5273 2012 5276 _
2313 5264 2346 5276 ..
2389 5265 2422 5276 ._
2579 5263 2601 5276 .
2680 5273 2688 5276 -
2772 5272 2782 5276 _
2898 5262 2972 5276 ._
3392 5256 3529 5276 mn

227 5310 566 5369 Judicabit
595 5308 772 5363 orbem
801 5317 1056 5364 terrarum
1091 5309 1145 5363 in
1177 5309 1408 5377 iustitia,
1437 5318 1486 5364 et
1517 5311 1736 5383 papulas

1935 5273 2056 5334 est,
2105 5279 2252 5321 nunc
2295 5264 2498 5321 dicitur
2533 5283 2543 5318 :
2579 5263 2858 5320 Laetentur
2897 5259 3092 5316 insula:
3139 5258 3344 5313 multae.
3390 5256 3534 5327 Ergo

1937 5361 2180 5384 1....ιη..-
2207 5359 2409 5384 .x:..:..-_
2435 5361 2486 5384 ε..
2512 5359 2676 5384 -..:....-.
2708 5355 2907 5384 ..κληιη
2936 5373 2947 5384 .
2977 5352 3239 5384 nnmtmm
3266 5351 3509 5384 nan-mnis

227 5355 258 5369 ν
278 5355 565 5430 Ἴδην-ν’*
597 5355 639 5362 ’-
659 5355 772 5422 ςῖην
801 5355 952 5420 ""_"'
973 5355 1055 5362 ""‘
1177 5355 1408 5422 ’·’ς’““”’
1437 5355 1492 5423 *⁷.
1517 5355 1754 5438 ""’“'.""
1937 5361 2183 5416 lumbare
2203 5359 2409 5416 dicitur
2435 5361 2488 5416 in
2512 5359 2678 5430 priori
2708 5355 2908 5428 populo
2936 5373 2948 5408 ε
2977 5355 3241 5409 Dominus
3266 5355 3534 5422 regnavnv

141 5423 474 5491 a'quttate.
517 5409 754 5466 Justitta
789 5420 1005 5480 ponitur
1033 5417 1089 5466 et
1117 5419 1366 5482 aequitas.
1400 5410 1644 5467 Primum
1667 5421 1829 5482 jllbll-
1939 5456 2192 5491 domum
2226 5456 2445 5491 :nﬂmm
2467 5463 2544 5491 Μ.
2601 5453 2660 5491 ιη
2691 5450 2932 5491 “mnu,”
2967 5448 3166 5491 mm,“
3192 5448 3261 5491 de
3287 5446 3534 5491 "mum

174 5446 1366 5534 ί”¹
1402 5446 1424 5467 ⁸
1449 5446 1829 5534 ’ῨἼὛΪῘ-πξῗ
1938 5456 2192 5512 decorem
2226 5456 2447 5512 indutus
2467 5463 2569 5511 est.
2601 5453 2661 5509 In
2691 5450 2932 5509 secundo
2967 5448 3166 5521 populo
3192 5448 3261 5504 de
3287 5446 3540 5520 gentibus

145 5523 232 5578 tia
273 5517 571 5592 ponitur
592 5557 608 5584 ,
639 5523 696 5570 et
727 5523 916 5586 postea
947 5516 1197 5592 aequitas,
1241 5517 1448 5579 εὐθύτης
1486 5517 1706 5588 proprie
1754 5516 1838 5572 die

1941 5560 2276 5622 congregato
2308 5569 2319 5604 :
2354 5548 2621 5605 Dominus
2653 5545 2929 5616 regnavit,
2959 5542 3194 5599 exsultet
3227 5549 3370 5596 terra
3396 5557 3410 5607 ;
3449 5540 3543 5595 lte-

141 5628 346 5691 citur,
380 5634 549 5695 qua:
578 5633 808 5688 pravum
839 5628 1048 5676 rectum
1081 5619 1232 5675 facit.
1253 5620 1416 5677 Venit
1441 5636 1572 5693 ergo
1593 5621 1840 5691 judicare

1945 5653 2129 5702 tentur
2161 5645 2355 5701 insulae
2385 5642 2593 5698 multae.
2636 5639 2791 5696 Nunc
2825 5641 2877 5695 in
2905 5638 3069 5696 tertio
3099 5637 3301 5695 dicitur
3325 5654 3338 5691 :
3362 5633 3546 5691 Domi-

139 5731 208 5788 in
243 5743 371 5786 sua
400 5721 693 5798 :justitia,
730 5731 789 5777 ιιι
830 5722 970 5794 quod
1014 5737 1240 5793 pravum
1269 5732 1380 5788 est.
1419 5725 1471 5780 in
1503 5724 1599 5780 illo
1630 5732 1839 5782 rectum
1946 5756 2045 5793 nus
2067 5737 2317 5811 regnavit,
2342 5738 2634 5790 irascantur
2655 5734 2863 5807 populi.
2890 5733 3018 5792 Sive
3043 5729 3549 5796 chentibus,sive

142 5840 288 5896 ﬁat.
328 5833 461 5892 Cui
511 5829 604 5888 sit
625 5831 798 5901 gloria
828 5831 880 5885 in
913 5829 1109 5887 saecula
1139 5832 1484 5889 surculorum.
1517 5832 1708 5891 Amen.

1948 5832 2016 5888 de
2036 5830 2237 5888 Judaeis
2268 5838 2391 5886 sunt
2419 5847 2428 5882 :
2456 5828 2781 5901 quicumque
2808 5844 2913 5885 non
2936 5825 3170 5885 credunt
3192 5843 3207 5883 :
3227 5825 3552 5902 irascantur,
