3954 6340
495 309 637 377 Hi3

1294 297 1646 365 ιιι-ιδειιιυιι
1684 303 1775 361 ΑΙ)
1812 297 2054 361 TOMUM
2096 299 2448 360 SEPTIMUM
2489 304 2548 361 S.
2594 291 3002 360 HIEDONYMI.

3635 301 3755 360 ιιει

494 429 675 496 Qu-ue
716 427 1057 482 tremuerunt
1101 432 1326 496 gentes,
1370 433 1426 479 et
1472 421 1658 494 populi
1690 419 1933 476 meditati
1967 427 2093 473 sunt
2123 420 2168 478 Δ
2201 419 2386 475 Sancti
2415 429 2591 474 estote
2626 439 2636 472 :
2671 419 2795 490 quis
2831 433 2932 490 ego
2963 423 3184 472 sanctus
3233 429 3352 470 sum
3390 412 3570 486 (Leuit.
3608 431 3689 472 ιιι
3714 431 3756 470 et

497 521 676 579 inania
709 522 726 594 (
739 520 885 578 Psal.
909 521 1003 591 tt)?
1019 517 1275 573 Dominus
1296 519 1548 591 regnavit,
1575 519 1868 571 irascantur
1889 514 2088 587 populi.

497 610 762 670 Dominus
797 626 990 684 passus
1034 621 1119 666 est
1149 628 1162 664 :
1196 611 1464 666 Dominus
1510 609 1802 664 cruciﬁxus
1829 617 1913 662 est
1945 624 1956 658 :
1992 606 2094 659 Do-

497 707 678 762 minus
711 714 955 759 mortuus
988 715 1069 759 est
1105 722 1118 756 :
1157 704 1416 757 Dominus
1454 699 1752 756 resurrexit
1784 717 1796 751 :
1833 698 2093 752 Dominus

496 797 564 862 ad
585 797 784 856 malum
818 797 990 856 victor
1009 795 1279 852 ascendit.
1306 792 1560 850 Dominus
1585 790 1838 862 regnavit,
1861 790 2092 844 irascan-

496 901 582 948 tur
610 892 809 962 pepuli.
839 891 941 958 Qui
967 901 1091 946 sunt
1125 890 1211 945 isti
1252 889 1476 959 populi?
1507 887 1764 944 Dicamus
1783 883 2091 954 exemplum

497 987 567 1046 de
611 986 903 1057 Evangelia
936 1003 949 1038 :
981 984 1210 1053 Quidam
1256 980 1652 1052 paterfamilias
1706 979 1805 1032 ivit
1847 976 2095 1044 accipere

495 1080 600 1136 sibi
623 1094 848 1147 regnum
872 1076 941 1132 de
969 1077 1129 1146 longe
1151 1075 1316 1147 (Luc.
1334 1075 1479 1143 ιιι).
1511 1071 1650 1142 Quid
1675 1071 1906 1139 longius,
1933 1083 2093 1138 quam

496 1173 695 1232 caelum
725 1188 755 1226 ι
788 1172 973 1228 terra?
1006 1169 1311 1238 Dereliquit
1338 1176 1541 1222 terram
1566 1185 1579 1220 :
1604 1165 1700 1222 ivit
1727 1163 1792 1218 ad
1823 1163 2012 1226 eteius,
2039 1168 2099 1214 ut

495 1267 770 1336 acciperet
803 1263 908 1320 sibi
938 1278 1190 1333 regnum.
1224 1262 1283 1315 Et
1316 1261 1484 1325 cives,
1515 1257 1708 1328 inquit,
1739 1256 1813 1309 illi
1841 1255 1930 1325 qui
1960 1253 2094 1306 adeo

497 1368 623 1416 rant
652 1373 800 1425 eum,
835 1357 1103 1413 miserunt
1133 1354 1487 1423 legationem,
1519 1351 1763 1405 dicentes
1795 1366 1806 1401 :
1839 1345 2100 1401 Nolumus

500 1467 626 1510 eum
650 1466 879 1521 regnare
906 1465 1073 1520 super
1099 1465 1218 1502 nos.
1250 1447 1448 1502 Verum
1481 1445 1576 1500 ille
1603 1442 1813 1512 accepit
1847 1453 2094 1510 regnum,

499 1554 556 1602 et
583 1546 732 1602 venit
756 1544 822 1600 sd
852 1544 1000 1599 cives
1030 1544 1316 1612 pessimos.
1350 1538 1512 1594 Venit
1535 1537 1600 1594 ad
1626 1537 1770 1598 illos,
1802 1532 1890 1602 qui
1913 1546 2096 1602 regem

502 1655 628 1698 eum
665 1639 918 1696 nolebant
961 1637 1186 1691 habere.
1222 1635 1285 1690 Et
1329 1649 1470 1688 nunc
1513 1631 1649 1687 dicit
1693 1628 1930 1697 Spiritus
1973 1641 2098 1680 san-

501 1739 624 1790 ctus
651 1730 717 1785 ad
741 1730 890 1785 cives
920 1728 1091 1783 malos
1117 1744 1130 1782 :
1155 1725 1368 1787 Velitis,
1395 1724 1601 1788 nolitis,
1629 1720 1882 1775 Dominus
1911 1734 2102 1792 regna-

2199 515 2318 584 ιι).
2357 514 2423 568 Et
2461 514 2628 570 honor
2658 515 2792 588 regis
2823 513 3086 588 judicium
3127 511 3316 582 diligit.
3348 510 3514 566 Debet
3541 527 3596 566 se
3626 511 3756 582 prius

2197 609 2362 666 homo
2401 609 2740 680 diiudicare,
2800 617 2856 664 et
2907 607 3132 682 pr0prio
3175 605 3385 680 judicio
3429 605 3759 664 condemnare

2197 705 2338 761 mala
2369 719 2488 772 sua,
2518 714 2573 760 et
2602 705 2684 760 sic
2711 705 2944 760 honoret
2970 711 3238 758 aeternum
3275 717 3454 773 regem
3485 698 3661 757 Deum.

2267 797 2350 852 Tu
2378 800 2576 867 parasti
2597 797 2897 853 dilectiones
2927 798 2980 850 in'
3009 793 3241 868 populis.
3273 793 3378 851 Sed
3412 794 3622 867 proprio
3649 795 3762 853 vitio

2197 889 2482 960 depravati
2513 899 2660 944 sunt.
2693 887 2966 943 Iudicium
2994 897 3038 943 et
3056 887 3320 956 justitiam
3353 887 3406 940 in
3435 884 3591 940 Iacob
3626 899 3675 941 tu
3698 889 3763 955 {e-

2198 985 2332 1036 cisti.
2361 983 2474 1037 Non
2509 983 2683 1038 solum
2711 982 2762 1037 in
2795 981 3125 1049 patriarchis
3153 1000 3166 1033 :
3196 981 3290 1035 sed
3321 979 3484 1036 etiam
3512 980 3564 1035 in
3592 982 3765 1053 populo

2197 1075 2533 1132 ChriSIiztnu.
2564 1078 2654 1146 qui
2681 1069 2880 1133 meruit
2903 1077 3260 1143 primogenita
3291 1075 3544 1130 senioris.

2272 1169 2515 1224 Exultatc
2543 1169 2824 1224 Dominum
2857 1170 3024 1224 Deum
3067 1179 3321 1224 nostrum.
3361 1167 3431 1224 Ut
3457 1168 3526 1223 sit
3549 1169 3768 1224 excelsus

2201 1261 2254 1317 in
2278 1263 2538 1317 cordibus
2561 1265 2780 1317 vestris.
2816 1261 2876 1315 Et
2900 1263 3116 1316 adorate
3137 1261 3417 1315 scabellum
3439 1261 3620 1332 pedum
3646 1263 3766 1332 ejus,

2199 1356 2444 1424 quoniam
2484 1364 2720 1409 sanetum
2767 1365 2861 1409 est.
2897 1355 3078 1410 Multae
3125 1354 3194 1409 de
3237 1352 3483 1408 scabello
3512 1353 3773 1424 opiniones

2200 1455 2331 1500 sunt
2364 1464 2374 1496 :
2411 1445 2504 1499 sed
2540 1447 2626 1499 hic
2661 1446 2922 1515 pr0pheta
2953 1459 3154 1514 c0rpus
3180 1441 3520 1498 Dominicum
3544 1444 3685 1510 dicit,
3726 1445 3770 1500 in

2202 1551 2311 1608 quo
2338 1539 2594 1604 maiestas
2639 1538 2942 1592 divinitatis
2971 1548 3249 1608 tamquam
3295 1551 3464 1604 super
3503 1537 3771 1592 scabellutn

2203 1640 2328 1684 stat.
2358 1629 2619 1686 Sanctum
2664 1633 2808 1686 enim
2839 1649 2961 1686 eum
2993 1632 3100 1687 dici
3142 1646 3289 1701 smpe
3319 1631 3618 1688 docuimus.
3641 1631 3772 1699 Quod

2205 1735 2386 1778 autem
2417 1725 2636 1780 adorari
2669 1725 2952 1789 debeatur,
2984 1740 3051 1780 eo
3080 1725 3410 1782 ascendente
3442 1726 3670 1796 apostoli
3693 1725 3776 1780 do-

502 1826 595 1892 cit,
629 1826 920 1880 irascantur
966 1822 1166 1894 papuli.
1198 1820 1243 1875 0
1270 1819 1560 1874 clementia
1604 1816 1841 1886 Spiritus
1879 1812 2051 1868 sancti
2085 1829 2098 1864 :

2221 1831 2466 1882 :uetunt,
2501 1835 2624 1874 cum
2655 1820 2950 1874 adorantes
2990 1821 3227 1889 regressi
3256 1829 3383 1874 sunt
3415 1821 3470 1875 in
3501 1819 3774 1876 Jerusalem

503 1935 614 1976 nou
647 1919 784 1974 dixit
806 1959 822 1986 ,
857 1927 1081 1988 pereant
1117 1935 1128 1970 :
1172 1915 1304 1979 sed,
1353 1915 1665 1968 irascantur.
1703 1909 1902 1964 Vitium
1935 1905 2104 1960 voluit

502 2014 843 2086 signiﬁcare,
878 2029 984 2068 non
1028 2025 1239 2083 pinnas.
1269 2010 1349 2065 illi
1382 2012 1715 2068 irascuntur,
1746 2014 1799 2058 et
1839 2001 2103 2056 Dominus

502 2105 847 2174 deprecatur.
878 2105 945 2159 Et
975 2102 1100 2171 quid
1131 2101 1261 2156 dicit
1285 2102 1308 2153 'l
1335 2098 1528 2154 Venite
1555 2097 1618 2150 ad
1650 2113 1758 2161 me,
1781 2108 1988 2159 omnes,
2011 2092 2101 2160 qui

452 2262 458 2266 _
507 2195 771 2254 laboratis
804 2203 861 2251 et
889 2197 1098 2250 onerati
1131 2193 1265 2249 estis
1296 2189 1478 2261 (Matt.
1514 2189 1610 2261 ιιι).
1644 2188 1891 2255 Regnum
1914 2182 2103 2253 accepi

503 2307 533 2348 tt
572 2292 750 2355 Patre,
785 2290 952 2346 immo
980 2287 1144 2344 botno
1171 2302 1331 2355 quem
1363 2283 1611 2350 suscepi,
1645 2282 1714 2334 do
1747 2279 1899 2350 quasi
1933 2277 2100 2342 Deus,

500 2385 715 2452 aet-ipio
743 2381 904 2455 quasi
939 2381 1120 2436 homo.
1163 2378 1266 2443 Qui
1297 2377 1442 2432 sedes
1469 2391 1623 2442 super
1653 2371 1958 2436 Cherubim,
1991 2385 2103 2423 mo-

502 2486 682 2538 ueatur
704 2486 862 2532 terra.
879 2471 1149 2542 Quamdiu
1179 2480 1319 2528 terra
1346 2465 1642 2526 immobilis
1665 2473 1768 2531 est,
1790 2462 1966 2518 sanari
1991 2476 2098 2515 non

502 2580 700 2644 potest.
731 2569 847 2624 Non
871 2568 938 2623 de
963 2578 1122 2622 terra:
1140 2572 1289 2621 motu
1313 2561 1570 2632 loquitur,
1595 2573 1705 2629 quo
1727 2556 1971 2612 videmus
1995 2564 2104 2608 ter-

502 2682 594 2725 ras
623 2665 877 2728 concuti,
910 2673 964 2718 et
993 2677 1158 2718 ontue
1191 2657 1504 2716 mortalium
1535 2654 1730 2710 timere
1761 2664 1930 2722 genus
1956 2666 1969 2713 ;
2003 2645 2100 2703 sed

501 2762 569 2818 de
594 2771 779 2818 nostra
805 2771 951 2814 terra
975 2757 1232 2826 loquitur.
1249 2754 1382 2822 Quae
1400 2747 1657 2821 quamdiu
1678 2748 1895 2802 immota
1917 2742 2099 2807 fuerit,

504 2858 688 2916 sanari
720 2871 830 2912 non
862 2862 1068 2925 potest.
1095 2851 1326 2919 Quando
1351 2861 1481 2902 vero
1499 2853 1643 2900 mota
1665 2841 1916 2905 fuerit,et
1935 2838 2104 2893 intre-

499 2950 720 3015 muerit,
741 2959 869 3006 tunc
903 2945 1132 3015 recipiet
1163 2945 1475 2998 sanitatem.
1497 2937 1672 3006 Super
1696 2949 1883 3006 quem,
1905 2931 2098 2999 inquit,

499 3044 869 3113 requiescam,
904 3037 1008 3092 nisi
1039 3051 1204 3107 super
1237 3031 1490 3088 humilem
1527 3041 1583 3086 et
1614 3031 1878 3099 quietum,
1905 3032 1962 3081 et
1991 3035 2102 3077 tre—

503 3143 716 3192 mentes
741 3144 1029 3189 sermones
1054 3141 1207 3186 meos
1233 3123 1388 3197 (lsai.
1414 3121 1595 3192 LXVI)?
1633 3119 1901 3186 Quoniam
1956 3126 2100 3169 terra

2210 1915 2346 1984 (Aet.
2377 1913 2438 1983 t).
2463 1913 2568 1968 Sed
2601 1923 2654 1968 et
2685 1917 2750 1967 ad
2775 1928 2989 1969 crucem
3014 1913 3374 1981 Dominieam,
3400 1920 3456 1969 et
3479 1911 3546 1968 ad
3567 1912 3778 1968 animam

2204 2016 2449 2062 sanctam
2483 2007 2598 2061 haec
2632 2007 2914 2062 referenda
2947 2018 3095 2061 sunt.

2281 2100 2488 2171 Moyses
2527 2111 2578 2154 et
2611 2101 2786 2154 Aaron
2826 2099 2880 2153 in
2920 2099 3276 2154 sacerdotibus
3305 2100 3433 2171 ejus.
3467 2096 3779 2167 Quamquam

2205 2209 2342 2248 unus
2372 2194 2535 2263 legis,
2581 2195 2724 2247 alter
2764 2193 3057 2248 sacerdotii
3087 2193 3329 2262 regulam
3365 2203 3549 2246 teneat
3579 2209 3592 2245 :
3622 2199 3778 2246 tamen

2205 2293 2437 2354 uterque
2467 2285 2757 2340 adventum
2794 2285 3006 2340 Domini
3033 2283 3368 2340 sacerdotali
3399 2284 3688 2353 praeconio,
3710 2281 3781 2336 vel

2205 2379 2258 2434 in
2289 2380 2552 2451 legalibus
2581 2380 2724 2435 tubis
2753 2426 2765 2447 ,
2801 2380 2890 2435 vel
2923 2381 2975 2434 in
3004 2378 3384 2434 tintinnabulis
3415 2377 3701 2432 nuntiavit.
3728 2373 3785 2429 Et

2206 2472 2421 2528 Samuel
2451 2473 2583 2525 inter
2603 2490 2688 2526 cos
2717 2474 2805 2543 qui
2837 2474 3074 2526 invocant
3101 2487 3282 2525 nomen
3303 2472 3437 2541 ejus.
3462 2469 3680 2525 Samuel
3701 2467 3785 2524 Le-

2202 2565 2352 2620 vitici
2387 2565 2598 2619 ordinis
2642 2565 2884 2635 regulam
2931 2572 3082 2618 tenet
3115 2581 3126 2615 :
3159 2563 3302 2633 quod
3346 2562 3540 2632 Epitod
3576 2561 3700 2616 illud
3730 2561 3784 2615 li-

2203 2674 2366 2714 neum
2402 2669 2565 2726 atque
2594 2657 2883 2711 candidum
2914 2656 3165 2724 ﬁguravit
3194 2654 3264 2727 (ii
3299 2655 3425 2726 Meg.
3462 2653 3546 2727 vn)
3576 2672 3587 2708 ε
3619 2665 3782 2709 osten-

2203 2752 2338 2807 dens
2360 2752 2652 2808 candidum
2680 2750 2818 2804 ellit-i
2849 2764 3034 2820 posse,
3059 2750 3148 2820 qui
3173 2764 3271 2820 per
3302 2749 3674 2819 paenitentiam
3703 2761 3787 2801 no-

2204 2864 2326 2903 men
2355 2847 2570 2902 Domini
2597 2848 2887 2913 invocans,
2922 2845 3175 2916 iacrymis
3203 2843 3556 2915 nigredincm
3598 2841 3787 2912 peccati

2203 2941 2447 2997 diluerit.

2277 3035 2599 3090 [avocabant
2627 3033 2928 3088 Dominum.
2961 3032 3235 3104 Apostoli.
3270 3031 3336 3086 Et
3364 3032 3480 3103 ipse
3501 3028 3788 3086 exaudiebat

2205 3145 2290 3185 eos
2315 3145 2330 3179 :
2358 3131 2408 3182 in
2439 3128 2682 3182 columna
2712 3127 2866 3181 nubis
2900 3126 3200 3198 loquebatur
3222 3126 3289 3179 ad
3315 3141 3423 3180 eos.
3464 3124 3695 3178 Locutus
3717 3129 3790 3178 est

499 3237 740 3284 tremens
761 3235 1033 3288 commota
1059 3231 1177 3277 est:
1200 3229 1494 3291 promeres
1525 3215 1614 3271 ille
1639 3214 1731 3284 qui
1758 3212 1911 3267 sedet
1932 3223 2098 3279 super

2221 3221 2467 3276 )ominus
2497 3222 2566 3276 de
2588 3223 2729 3276 nube
2759 3222 2885 3275 [iliis
2915 3219 3082 3275 lsrael
3110 3219 3309 3289 (Ea-od.
3339 3234 3428 3274 ιιι
3463 3228 3514 3272 et
3535 3205 3647 3288 xui)
3671 3236 3682 3271 :
3704 3214 3790 3270 sed

503 3321 798 3378 Cberubim
825 3317 1016 3388 incipit
1037 3314 1234 3371 sedere
1261 3313 1315 3368 in
1349 3322 1493 3366 terra
1524 3316 1813 3366 tremente.
1838 3302 1988 3359 Felix
2015 3311 2100 3360 est

502 3414 596 3488 qui
618 3415 815 3471 solium
842 3411 934 3468 Dei
961 3420 1066 3465 cst.
1093 3408 1247 3464 Felix
1281 3415 1364 3462 cst
1395 3406 1448 3460 in
1475 3418 1582 3475 quo
1605 3402 1746 3460 Deus
1772 3411 1988 3468 semper
2012 3410 2100 3451 se-

503 3507 617 3566 det.
649 3507 875 3562 Diversa
904 3515 1032 3558 sunt
1062 3501 1360 3558 schemata.
1395 3501 1501 3552 Aut
1529 3497 1673 3552 enim
1703 3491 1977 3554 sedemus,
2009 3495 2102 3542 aut

501 3612 734 3670 stamus,
767 3607 863 3655 aut
886 3598 1248 3660 ambulamus,
1271 3602 1362 3648 aut
1388 3586 1862 3660 iacemus.luielis
1894 3594 1979 3639 est
2005 3582 2104 3637 ille

501 3694 591 3754 cui
621 3695 768 3766 iacet
795 3691 936 3748 Deus
963 3709 975 3744 :
998 3689 1143 3761 jacet
1172 3686 1376 3742 etenim
1404 3699 1526 3740 cum
1544 3681 1781 3752 iacente.
1815 3673 2103 3746 Quomodo

503 3787 714 3860 plangit
741 3801 863 3844 cum
897 3784 1206 3855 plangente,
1231 3787 1287 3836 et
1329 3776 1471 3834 ridet
1494 3790 1616 3832 cum
1649 3773 1862 3828 ridente
1891 3787 1902 3823 :
1940 3769 2014 3822 ita
2044 3774 2102 3822 et

497 3882 648 3954 jacet
676 3896 798 3936 cum
836 3879 1075 3950 iacente.
1110 3869 1400 3942 Quomodo
1451 3870 1563 3926 sitit
1604 3883 1726 3924 cum
1770 3864 2012 3927 sitiente,
2044 3869 2102 3916 et

503 3975 676 4034 esurit
703 3987 828 4030 cum
855 3971 1159 4034 esuriente,
1193 3975 1249 4024 et
1280 3965 1456 4022 nudus
1484 3971 1568 4018 est
1593 3976 1714 4018 cum
1748 3957 1917 4022 nudo,
1947 3955 2023 4010 sic
2045 3964 2100 4010 et

501 4069 650 4139 jacet
678 4082 800 4124 cum
823 4064 1060 4136 iacente.
1085 4059 1188 4130 Qui
1211 4074 1340 4131 ergo
1365 4056 1678 4114 vulneratus
1705 4061 1810 4117 est,
1840 4059 1894 4108 et
1917 4047 2094 4118 jacet;
2187 4068 2192 4070 -

504 4168 560 4218 ct
585 4160 702 4230 ipse
728 4153 1130 4229 quodammodo
1156 4153 1350 4222 jacere.
1377 4148 1577 4206 dicitur
1611 4161 1731 4203 cum
1758 4160 1845 4200 eo.
1871 4140 1976 4210 Qui
2004 4155 2100 4194 au-

506 4229 898 4315 teniambulat,
922 4257 977 4302 et
1019 4245 1111 4301 ille
1151 4242 1392 4300 ambulat
1422 4255 1544 4296 cum
1576 4253 1664 4292 co.
1693 4234 1794 4304 Qui
1816 4229 2094 4296 ambulat,

505 4345 724 4400 videtur
753 4340 968 4412 quidem
1003 4337 1200 4394 melior
1230 4351 1350 4392 esse
1381 4334 1448 4390 ab
1477 4348 1543 4390 eo
1580 4330 1669 4401 qui
1708 4329 1880 4399 jacet,
1917 4333 2098 4380 tamen

509 4437 739 4494 necdum
771 4434 918 4490 venit
949 4432 1016 4488 ad
1058 4431 1176 4502 ejus
1205 4429 1520 4486 felicitatem
1564 4425 1654 4494 qui
1696 4429 1824 4478 stat.
1856 4419 2102 4488 Denique

507 4542 561 4588 et
586 4530 758 4585 Adam
789 4526 1006 4598 quando
1037 4540 1097 4580 se
1125 4523 1410 4579 abscondit
1441 4537 1471 4576 a
1501 4518 1643 4576 facie
1675 4517 1766 4572 Dei
1802 4532 1815 4569 :
1848 4511 2094 4568 ambula-

2204 3328 2258 3373 ct
2280 3317 2532 3386 deinceps
2556 3314 2751 3370 affatus
2780 3323 2864 3370 est
2889 3314 3165 3384 apostolos
3190 3315 3258 3367 de
3287 3313 3602 3368 velamento
3629 3309 3790 3366 carnis

2202 3418 2493 3480 assumpta:
2527 3427 2538 3462 :
2574 3410 2625 3462 in
2657 3426 2765 3478 quo
2791 3409 3046 3463 divinitas
3079 3407 3404 3464 obumbrata
3436 3406 3662 3462 latebat.

2277 3503 2644 3558 Custodiebant
2675 3513 3032 3558 testamentum
3055 3505 3166 3577 ejus
3194 3518 3213 3557 :
3242 3510 3291 3556 et
3319 3509 3640 3574 prccceptsmt
3665 3496 3790 3571 quod

2203 3598 2344 3653 dedit
2369 3597 2497 3652 illis.
2525 3597 2672 3653 Nihil
2695 3597 2762 3652 de
2785 3597 2870 3652 bis
2900 3597 2966 3651 ad
2997 3598 3206 3652 irritum
3234 3591 3601 3651 diduxerunt.

2277 3693 2495 3746 Domine
2525 3689 2668 3745 Deus
2700 3700 2893 3757 noster,
2927 3700 2982 3744 tu
3023 3690 3339 3746 exaudiebas
3377 3705 3504 3757 eos;
3533 3688 3706 3756 Deus,
3744 3697 3790 3740 tu

2203 3785 2461 3857 propitius
2488 3784 2633 3854 fuisti
2656 3785 2753 3851 eis,
2776 3795 2822 3838 et
2854 3783 3106 3838 ulciscens
3128 3784 3182 3837 in
3209 3800 3385 3837 onmes
3413 3783 3796 3838 adinventioncs

2204 3894 2401 3934 eorum.
2429 3879 2623 3934 Omnia
2649 3879 2792 3933 enim
2835 3895 2954 3948 quae
2999 3893 3160 3949 agere
3187 3878 3553 3946 studuerunt,
3587 3878 3654 3934 ad
3684 3893 3795 3950 per-

2204 3972 2404 4028 lectum
2439 3972 2709 4027 deduxisti
2745 3991 2758 4024 :
2792 3973 2913 4043 quia
2948 3972 3145 4043 placita
3179 3980 3334 4028 erant
3363 3971 3480 4027 tibi.

2281 4067 2520 4121 Exattate
2567 4065 2848 4120 Dominum
2885 4064 3049 4120 Deum
3091 4075 3360 4130 nostrum,
3403 4075 3451 4119 et
3485 4065 3708 4120 adorate
3748 4064 3793 4116 in

2201 4169 2372 4214 monte
2419 4170 2601 4213 sancto
2635 4162 2744 4232 ejus
2776 4175 2794 4213 :
2821 4159 3067 4230 quoniam
3110 4168 3324 4214 sanctus
3365 4156 3629 4213 Dominus
3670 4156 3794 4212 Deus

2203 4266 2394 4308 noster.
2429 4253 2661 4309 Sanctus
2688 4268 2788 4308 vos
2818 4252 3076 4309 exhibete
3115 4254 3166 4308 in
3195 4251 3436 4308 Ecclesia
3468 4251 3592 4322 ejus
3612 4293 3626 4316 ,
3669 4253 3796 4306 sicut

2201 4347 2320 4418 ipse
2342 4363 2462 4402 eam
2493 4348 2742 4402 exhibuit
2770 4356 3038 4413 sanctam,
3070 4362 3177 4402 non
3205 4345 3493 4400 habentem
3530 4345 3792 4400 maculam

2201 4452 2297 4497 aut
2327 4458 2513 4511 rugam
2548 4441 2766 4512 (Ephes.
2802 4441 2876 4513 v).
2910 4441 3010 4508 Qui
3049 4441 3206 4495 nobis
3230 4450 3492 4510 prmstare
3519 4439 3794 4508 dignetur,

2204 4545 2258 4590 ut
2295 4535 2516 4591 modum
2551 4536 2911 4592 sacerdotalis
2939 4534 3155 4590 ordinis
3193 4549 3315 4588 cum
3357 4532 3650 4588 sanctitate
3679 4545 3795 4602 per-

505 4624 597 4680 bat
626 4623 675 4678 ei
703 4621 848 4676 Deus
881 4630 1001 4690 post
1028 4616 1311 4674 meridiem
1342 4613 1496 4690 (Gen.
1532 4613 1636 4684 tu).
1669 4611 1823 4666 Dicat
1849 4606 2048 4678 aliquis
2080 4624 2095 4662 :
2123 4617 2178 4679 ι]
2204 4628 2342 4686 fec",
2388 4637 2664 4692 "mentes,
2700 4645 2822 4700 qua,
2856 4627 3142 4683 sumemus
3186 4641 3348 4698 agere
3377 4623 3445 4680 de
3482 4624 3658 4693 hanc,
3692 4623 3798 4698 ipse

504 4715 560 4774 Si
593 4715 770 4771 Adam
805 4711 1138 4777 oilenderat,
1173 4720 1225 4766 et
1255 4710 1322 4766 de
1354 4707 1605 4780 paradiso
1637 4707 1809 4762 [uerat
1836 4701 2050 4773 eiectus
2080 4717 2092 4755 :

497 4826 630 4883 ergo
679 4808 1000 4878 imperfecta
1041 4805 1303 4864 felicitate
1350 4814 1437 4860 est
1481 4802 1806 4869 cuicumque
1855 4796 2100 4852 ambulat

503 4907 670 4965 Deus.
697 4907 762 4962 Et
793 4920 892 4976 ego
919 4902 1042 4960 dico
1069 4919 1083 4956 :
1112 4899 1170 4958 Si
1198 4897 1371 4955 Adam
1398 4895 1616 4969 penitus
1645 4895 1858 4950 occisus
1880 4891 2096 4958 fuisset,

503 5011 559 5060 et
591 5018 700 5058 non
722 5000 774 5056 ei
799 4999 960 5054 datus
989 4995 1180 5052 luisset
1205 4994 1357 5049 locus
1385 4988 1742 5063 pteuitentiaz,
1767 4985 2029 5058 iacuisset
2048 4985 2100 5042 ei

503 5094 668 5152 Deus.
712 5091 864 5150 Nunc
905 5103 1033 5145 vero
1069 5088 1196 5160 quia
1240 5085 1400 5141 datur
1447 5083 1499 5140 ei
1543 5082 1694 5138 locus
1719 5078 2094 5153 poenitentia:

500 5197 794 5263 propterea
821 5182 1062 5240 ambulat
1090 5181 1138 5237 ei
1169 5179 1334 5236 Deus.

573 5281 828 5340 Dominus
874 5279 927 5332 in
958 5277 1088 5334 Sion
1125 5289 1369 5347 magnus,
1415 5279 1460 5326 et
1487 5267 1715 5325 excelsus
1742 5282 1896 5340 super
1924 5282 2098 5323 omnes

505 5376 744 5452 populos.
775 5373 1092 5434 Ascendens
1115 5371 1184 5430 ad
1207 5369 1400 5434 eteius,
1428 5365 1703 5428 excelsior
1731 5372 1818 5419 est
1845 5361 2100 5418 omnibus

503 5473 682 5534 lactus
709 5491 722 5528 :
750 5471 893 5527 unde
923 5483 1021 5524 tios
1051 5479 1316 5540 actusque
1345 5475 1562 5522 nostros
1591 5477 1684 5533 per
1715 5459 1962 5533 singulos
1979 5458 2102 5514 dies

501 5569 837 5642 speculatur.

574 5663 931 5730 Couﬁteantur
951 5657 1148 5714 nomini
1175 5669 1262 5712 tuo
1286 5670 1474 5728 mgna
1496 5668 1514 5709 :
1535 5652 1780 5726 quoniam
1803 5650 2025 5708 terribile
2049 5659 2100 5706 et

503 5767 741 5814 sanciunt
761 5761 857 5814 est.
887 5752 945 5808 Pi
961 5758 1207 5821 :eparent
1225 5765 1286 5806 se
1309 5746 1481 5804 sancti
1505 5745 1574 5802 ad
1602 5742 1972 5804 conﬁtendum
1999 5757 2097 5798 no-

504 5851 646 5918 ιιιἰηὶ
683 5862 776 5906 tuo
804 5867 818 5901 :
847 5848 996 5919 quod
1023 5855 1110 5904 est
1139 5854 1389 5899 sanctum
1410 5882 1426 5906 ,
1465 5839 1732 5912 siquidem
1778 5849 1834 5893 tu
1863 5835 2046 5893 dixisti
2077 5856 2088 5891 :

2205 4722 2501 4795 perducere
2525 4723 2780 4794 dignetur
2798 4723 2864 4777 ad
2895 4720 3170 4778 eﬂ‘ectum.

2725 4835 3042 4893 PSALMUS
3081 4832 3266 4890 XCIX.

2204 4930 2447 4986 Psalmtts
2488 4947 2583 5004 pro
2623 4931 2965 5004 confessione.
3005 4931 3121 5004 iste
3172 4928 3410 5000 psalmus
3440 4940 3634 5004 vocem
3666 4940 3800 5004 pro-

2275 5008 2449 5072 pheta:
2489 4997 2765 5066 continet,
2810 5005 2900 5072 qui
2947 5002 3135 5056 lideles
3167 4997 3428 5071 provocat
3455 5000 3509 5054 in
3546 4997 3800 5054 laudibus

2273 5075 2574 5131 Dominicis
2602 5074 2997 5132 incessabiliter
3021 5088 3301 5130 exercere.

2270 5187 2501 5244 J-ubilate
2525 5189 2636 5244 Deo
2663 5189 2828 5243 omnis
2856 5199 3014 5254 terra,
3058 5189 3240 5246 seruile
3264 5187 3488 5246 Domino
3511 5189 3568 5244 in
3591 5185 3800 5250 latitia,

2199 5285 2327 5355 Qui,
2361 5301 2588 5342 excusso
2631 5301 2662 5340 a
2706 5283 3012 5341 cervicibus
3044 5284 3238 5341 vestris
3265 5283 3400 5355 legis
3425 5282 3578 5356 iugo,
3609 5296 3726 5337 non
3750 5280 3797 5334 in

2200 5392 2434 5434 mterore
2460 5377 2663 5432 veteris
2692 5376 2994 5444 servitutis,
3035 5375 3131 5432 sed
3171 5375 3221 5430 in
3253 5374 3510 5434 libertate
3539 5375 3674 5429 novi
3708 5374 3799 5428 ho-

2199 5470 2363 5525 minis
2393 5469 2696 5525 exsultatis.

2276 5562 2496 5618 Introite
2523 5564 2572 5617 in
2602 5571 2880 5632 conspectu
2897 5564 3016 5636 ejus
3045 5561 3099 5615 in
3126 5561 3492 5615 exsultatione.
3510 5556 3639 5614 Non
3660 5557 3799 5628 iocis

2205 5658 2452 5726 turpibus
2473 5657 2832 5712 dissolvimini
2857 5674 2870 5711 :
2896 5656 2988 5713 sed
3015 5656 3196 5712 omnia
3216 5669 3568 5727 quaecumque
3595 5651 3800 5715 facitis.

2202 5749 2256 5805 in
2281 5749 2505 5820 gloriam
2541 5749 2636 5805 Dei
2671 5748 2852 5806 facite.

2274 5842 2469 5898 Scitote
2494 5843 2736 5913 quoniam
2769 5840 3027 5897 Reatinus
3054 5844 3162 5912 ipse
3209 5851 3282 5895 est
3322 5840 3460 5897 Deus
3491 5858 3506 5895 :
3541 5841 3659 5911 ipse
3687 5835 3807 5908 fait
