3954 6340
174 284 307 353 tida

1148 282 1572 355 BREVIARlUM
1614 288 1680 356 IN
1721 282 2062 352 ΡΒΔιΜοε.
2107 284 2350 353 ΡβΑιιι.
2393 283 2479 351 Ol.

3325 290 3469 355 ΗΜ

172 429 278 475 nos,
303 422 350 469 st
378 426 484 467 non
515 410 619 478 ipsi
649 425 765 465 nos.
802 408 888 469 Ab
912 423 983 466 eo
1015 408 1162 467 enim
1190 423 1382 469 smnus
1427 422 1535 466 non
1582 408 1760 466 solum
1790 403 1838 472 Α
1867 414 1923 462 et
1946 406 2185 477 justitia.
2228 406 2591 467 Declinantem
2624 427 2657 465 a
2699 426 2778 464 me
2815 410 3103 480 malignum
3143 426 3245 468 non
3274 427 3470 484 cogno-

171 504 526 575 corporaliter
555 503 709 570 lacti,
738 503 833 559 sed
862 503 1027 559 etiam
1060 504 1115 559 in
1143 518 1341 560 novum
1367 503 1644 560 hominem
1678 517 1768 560 re-

169 600 356 657 creati.
381 599 455 657 Et
480 600 585 656 hoc
613 615 720 656 non
750 607 944 657 uestro
971 600 1189 667 merito,
1217 598 1312 655 sed
1334 614 1435 655 suo
1463 599 1630 654 dono.

236 692 351 749 Nos
372 693 597 764 populus
619 693 752 761 ejus,
777 702 825 748 et
851 708 966 747 oves
990 708 1198 765 pascua:
1219 692 1353 761 eius.
1377 689 1503 761 Ipse
1525 699 1610 746 est
1647 704 1771 757 pas-

169 796 249 843 tor
279 786 477 851 bonus,
506 784 598 856 qui
621 785 859 843 animum
892 800 1048 841 suam
1086 799 1185 854 pro
1214 784 1411 841 ovibus
1439 783 1557 841 suis
1585 783 1771 851 posuit

174 876 370 952 (Joan.
405 896 435 937 κ
465 880 505 947 ).
538 877 648 937 Nos
676 887 860 937 autem
892 893 1077 934 sumus
1107 893 1267 942 oves,
1298 877 1392 949 qui
1422 892 1546 935 eum
1579 876 1767 947 sequi-

172 989 310 1042 mur,
347 982 405 1029 et
431 988 619 1031 vocem
648 974 769 1042 ejus
806 972 1133 1029 audivimus.
1180 971 1402 1029 Introite
1438 982 1615 1043 portas
1657 975 1771 1046 ejus

170 1065 220 1121 in
245 1065 593 1135 ronfessione.
629 1064 782 1123 Sicut
803 1066 951 1123 enim
983 1065 1101 1135 ipse
1133 1075 1288 1135 porta
1318 1074 1406 1121 est
1435 1064 1614 1121 Patris
1643 1080 1768 1120 cutn

170 1157 346 1214 dicit:
387 1156 498 1215 Per
526 1172 614 1219 me
654 1158 697 1214 si
738 1158 861 1228 quis
908 1158 1186 1214 introierit
1226 1155 1523 1217 salvabitur
1550 1154 1766 1227 (Μαί),

168 1253 238 1310 ita
267 1262 325 1309 et
352 1253 587 1323 apostoli
621 1265 789 1322 porta:
813 1261 944 1309 sunt
973 1252 1093 1322 ejus
1137 1268 1233 1323 per
1262 1266 1399 1323 quas
1429 1251 1495 1309 ad
1524 1267 1649 1308 eum
1680 1266 1772 1307 ac-

168 1345 418 1405 ceditur:
453 1360 589 1417 quas
630 1360 796 1401 nemo
825 1354 1003 1416 potest
1039 1344 1289 1416 ingredi,
1321 1345 1427 1402 nisi
1453 1359 1513 1401 se
1546 1354 1769 1416 peccata

168 1439 480 1499 conﬁtendo
513 1439 842 1511 purgaverit.
883 1439 1032 1495 Atria
1063 1440 1179 1511 ejus
1219 1439 1276 1494 in
1316 1437 1526 1510 hymnis
1552 1439 1771 1509 con/ite-v

168 1534 299 1593 mitti
319 1533 422 1591 illi.
453 1533 714 1591 Dilatatas
742 1531 796 1588 ei
824 1540 1041 1591 mentes
1068 1546 1190 1587 cum
1220 1532 1440 1604 hymnis
1470 1531 1768 1603 spirituali-

169 1626 269 1684 bus
300 1626 644 1697 cauticisqne
666 1623 898 1680 deferte.

239 1717 478 1779 Laudato
501 1731 692 1779 nomen
712 1720 824 1790 ejus
841 1761 855 1783 ,
886 1717 1133 1788 quoniam
1175 1718 1351 1775 suavis
1377 1726 1452 1774 est
1492 1716 1766 1773 Dominus.

1869 500 2089 555 seebam.
2123 500 2237 559 Hoc
2272 510 2381 568 est,
2419 502 2462 558 si
2490 513 2605 557 erat
2637 500 2770 559 mihi
2793 503 3004 559 amicus
3034 513 3129 558 aut
3160 506 3462 574 proximus,

1765 609 1770 614 ‘
1873 593 1989 651 sive
2035 594 2322 665 episcopus
2362 607 2453 652 aut
2504 595 2832 669 presbyter,
2871 597 2990 653 sive
3030 596 3083 652 in
3128 612 3474 670 quacumque

1869 684 2132 756 dlgnitate
2179 686 2565 743 constitutus:
2623 697 2812 744 tamen
2864 687 2911 744 si
2961 687 3309 759 pervertebat
3357 689 3475 743 vias

1870 792 2029 848 suas,
2076 779 2158 836 sic
2188 795 2313 837 eum
2341 778 2638 853 fugiebam,
2674 790 2731 836 ut
2756 781 2979 851 penitus
3007 780 3127 852 ejus
3153 780 3476 839 memoriam

1870 886 1978 927 non
2009 871 2265 929 facerem.

1947 966 2303 1024 Detraheuteut
2343 969 2582 1041 proximo
2624 985 2750 1031 suo,
2781 967 2924 1023 hunc
2967 969 3335 1042 persequebar.
3381 968 3464 1026 ln-

1870 1068 2078 1116 tantum
2112 1076 2216 1116 non
2250 1070 2467 1131 oportet
2495 1063 2813 1117 Consentire
2843 1062 3178 1131 detrahenti,
3211 1072 3271 1119 ιιι
3297 1064 3466 1121 etiam

1867 1161 2132 1225 quantum
2163 1155 2215 1209 in
2248 1155 2407 1213 nobis
2428 1165 2509 1214 est
2538 1172 2937 1227 persequamur
2960 1158 3149 1225 talem,
3183 1160 3473 1231 providen-

1874 1257 1959 1303 tes
1987 1250 2040 1303 in
2073 1257 2304 1318 utroque
2337 1247 2653 1318 utilitatem,
2684 1260 2741 1306 ut
2769 1267 2870 1307 nec
2893 1252 3133 1309 libenter
3159 1253 3467 1326 audiamus,

1874 1352 1975 1394 nec
2005 1337 2156 1394 illum
2185 1340 2571 1409 permittamus
2606 1357 2851 1410 peccare.
2882 1343 3056 1401 Tanta
3088 1345 3235 1401 enim
3266 1346 3473 1402 distan~

1876 1430 1946 1487 tia
1979 1438 2065 1486 est
2099 1430 2246 1491 inter
2293 1431 2676 1505 loruicsntem,
2720 1444 2773 1489 et
2818 1434 3205 1493 detrahentem
3240 1455 3254 1493 :
3295 1447 3355 1494 ut
3383 1439 3473 1496 ille

1873 1523 1965 1592 qui
1993 1509 2313 1589 fornicatur,
2347 1540 2409 1581 se
2453 1533 2664 1583 tantum
2711 1528 2924 1585 occidat
2960 1547 2973 1583 :
3005 1529 3101 1586 ille
3146 1542 3330 1587 autem
3375 1533 3470 1603 qui

1873 1616 2131 1683 detrahit,
2161 1627 2214 1674 et
2238 1634 2297 1675 se
2327 1629 2382 1678 et
2412 1619 2574 1680 illum
2604 1621 2694 1689 qui
2727 1622 2880 1679 audit
2902 1622 3199 1695 demergat.

1950 1710 2190 1780 Superbo
2235 1713 2405 1779 oculo,
2453 1722 2502 1768 et
2543 1713 2825 1771 insatiabili
2861 1716 3034 1781 corde,
3074 1732 3188 1772 eum
3223 1717 3324 1774 hoe
3371 1737 3473 1776 non

169 1810 309 1869 Nihil
339 1810 488 1868 enim
517 1811 779 1871 acerbum
810 1809 971 1867 habet
1001 1827 1014 1865 ε
1043 1808 1110 1865 In
1134 1820 1386 1867 aeternum
1411 1810 1772 1867 misericordia
1803 1796 1853 1861 Β
1880 1804 2107 1863 edebam.
2141 1804 2196 1860 Si
2228 1807 2347 1875 quis
2376 1814 2496 1865 erat
2522 1808 2789 1876 superbus
2825 1819 2917 1865 aut
2945 1826 3174 1881 avarus,
3213 1830 3335 1870 eum
3368 1815 3476 1873 hoc

171 1905 307 1974 ejus.
331 1904 471 1973 Quia
497 1918 596 1959 nos
619 1901 875 1969 redemit,
904 1910 962 1961 et
986 1902 1188 1973 jogiter
1218 1904 1411 1959 salvat.
1445 1901 1509 1959 Et
1537 1918 1698 1975 usque
1718 1904 1771 1958 in

170 1996 585 2069 generationem,
614 2004 662 2049 et
702 1995 1082 2067 generationem
1122 1996 1333 2051 veritas.
1382 1995 1498 2064 Qua
1542 1995 1773 2066 populos

168 2088 462 2161 iudicabit.
494 2088 593 2156 Qui
633 2087 794 2143 nobis
834 2097 1094 2161 praestare
1135 2089 1422 2161 dignetur,
1470 2099 1529 2145 ut
1555 2091 1625 2147 sb
1653 2093 1774 2161 ipso

174 2158 329 2249 laeti,
354 2180 425 2234 ab
455 2182 571 2251 ipso
594 2178 894 2250 redempti,
925 2158 1231 2239 mereamur
1258 2191 1314 2237 et
1338 2181 1393 2239 in
1423 2182 1606 2239 lautitia
1629 2158 1774 2239 sem-

173 2272 389 2344 piterna
417 2272 650 2344 jubilum
671 2273 1052 2343 exsultationis
1077 2290 1200 2335 tum
1226 2276 1523 2346 gratiarum
1553 2275 1778 2335 actione

170 2370 493 2425 cuncinere.
530 2368 636 2439 Ipsi
668 2369 847 2437 gloria
880 2384 1002 2423 cum
1045 2380 1255 2427 aeterno
1291 2370 1450 2431 Patre
1486 2382 1541 2429 et
1568 2370 1779 2443 Spiritu

172 2471 378 2523 sancto
408 2461 464 2521 in
490 2463 693 2521 εει-συιδ
726 2461 1075 2523 sreculorum.
1110 2464 1309 2523 Amen.

780 2623 1097 2709 PSALMUS
1130 2626 1192 2685 (ς.

175 2716 433 2772 Psalmus
478 2718 575 2790 ipsi
622 2715 813 2790 David.
858 2717 962 2772 Iste
1006 2718 1247 2787 psalmus
1290 2734 1486 2777 vocem
1534 2721 1785 2777 continet

364 2789 663 2861 prophetae,
700 2789 798 2844 Dei
827 2790 1233 2844 misericordias
1268 2792 1596 2847 enarrantis.

256 2924 681 2981 Misericordiam
722 2933 772 2981 et
822 2924 1083 2993 judicium
1115 2926 1333 2983 cantabo
1389 2925 1505 2996 tibi,
1544 2926 1782 2986 Domine.

1880 1897 2098 1970 penitus
2132 1913 2240 1955 non
2264 1899 2517 1959 edebam.

1953 1991 2108 2049 Oculi
2128 1993 2229 2051 nisi
2251 2009 2408 2063 super
2431 1992 2613 2061 ﬁdeles
2632 2005 2806 2061 terrai,
2826 2006 2879 2053 ut
2895 1996 3106 2054 sedeant
3121 2015 3335 2057 mecum.
3362 2000 3477 2057 Non

1878 2085 2017 2145 dixit
2059 2085 2281 2152 divites,
2316 2094 2410 2141 aut
2450 2088 2834 2158 imperatores,
2881 2107 2972 2148 aut
3018 2095 3338 2165 episcopos,
3386 2109 3481 2152 aut

1882 2180 2253 2252 presbyteros,
2287 2190 2378 2239 aut
2411 2180 2705 2241 diaconos:
2730 2183 2826 2241 sed
2852 2184 3043 2242 lideles
3073 2204 3085 2240 :
3111 2204 3233 2243 cum
3266 2190 3385 2245 istis
3404 2207 3485 2246 se.

1881 2273 2097 2331 debttm.
2132 2275 2318 2329 Potest
2347 2275 2447 2331 hoc
2474 2274 2694 2341 dicere,
2720 2285 2776 2332 et
2803 2278 3100 2349 episcenos
3119 2291 3343 2337 sanctus
3377 2284 3477 2351 vir,

1881 2366 2139 2438 quoniam
2163 2381 2269 2427 non
2289 2367 2614 2423 ordinabam
2642 2369 3025 2443 presbyterum
3055 2373 3207 2430 illum
3228 2376 3319 2445 qui
3349 2376 3480 2430 mihi

1883 2460 2307 2531 obsequebatur,
2333 2470 2426 2516 aut
2444 2463 2805 2535 propinquum
2830 2480 3035 2533 meum,
3057 2466 3150 2523 sed
3171 2482 3295 2524 eum
3316 2484 3479 2539 quem

1883 2553 2123 2609 sriebam
2176 2554 2416 2611 ﬁdelem.
2474 2545 2540 2615 Et
2588 2556 2783 2619 iterum
2832 2558 2974 2615 idem
3026 2569 3204 2628 potest
3251 2560 3483 2618 dicere:

1885 2647 2148 2715 Quoniam
2181 2664 2371 2703 otimes
2397 2648 2630 2705 clcﬂcos
2663 2666 2840 2716 meos,
2873 2660 2930 2711 et
2969 2653 3141 2709 laicus
3167 2654 3359 2711 ﬁdeles
3391 2656 3487 2711 ha-

1885 2740 2101 2795 bebam.
2127 2740 2400 2797 Potestex
2428 2757 2652 2810 persona
2682 2744 2896 2798 Domini
2933 2745 3038 2801 dici
3084 2746 3191 2802 iste
3240 2748 3487 2805 versicu-

1887 2831 2000 2888 lus:
2017 2832 2302 2893 Ambulans
2316 2834 2368 2888 in
2387 2836 2471 2895 via
2492 2834 2828 2893 immaculata
2844 2880 2856 2903 ,
2886 2838 2967 2893 hic
2989 2838 3116 2896 milii
3136 2840 3484 2897 ministrabat.

1888 2923 2153 2994 Quoniam
2205 2940 2312 2985 nou
2362 2926 2685 2987 ordinabatn
2733 2944 2832 2991 eos
2878 2930 2973 3004 qui
3022 2932 3152 2993 mihi
3200 2933 3489 3006 propinqui

174 3017 621 3076 Miserit'OIdiam
651 3018 875 3073 audiant
920 3027 1241 3088 peceatores
1265 3020 1358 3090 qui
1389 3020 1690 3090 desperant
1718 3023 1789 3080 de
1890 3028 2068 3087 erant,
2093 3016 2393 3087 sedjustos
2424 3030 2478 3075 et
2509 3019 2717 3079 lideles.

175 3126 286 3167 sua
314 3112 512 3178 salute,
536 3109 627 3182 qui
653 3119 781 3169 sunt
810 3112 865 3169 in
895 3111 1237 3183 paenitentia.
1263 3110 1535 3171 Judicium
1563 3113 1789 3189 audiant
1964 3109 2066 3179 Qui
2093 3109 2324 3181 loquitur
2347 3114 2545 3184 iniqua,
2579 3131 2682 3171 non
2700 3116 2889 3172 direxit
2917 3116 2971 3175 in
2993 3127 3274 3189 conspectu
3302 3121 3489 3177 oculo-

176 3213 624 3275 contetnptores,
648 3202 738 3274 qui
762 3202 952 3261 dicunt
988 3203 1341 3265 :Mtsericm's
1368 3214 1453 3267 est
1485 3206 1786 3265 Domitius:
1816 3192 1865 3257 C
1894 3220 2009 3258 rum
2040 3221 2287 3259 meorum.
2325 3206 2594 3265 lntanlum
2625 3208 2772 3265 enim
2803 3209 3147 3271 declinaham
3179 3212 3249 3269 ab
3287 3229 3354 3273 eo
3396 3215 3490 3284 qui

174 3311 506 3371 peccemus,
536 3296 836 3369 indulgebit
865 3296 1045 3355 nobis.
1080 3295 1320 3360 Psallam
1346 3308 1396 3353 et
1420 3298 1708 3372 intelligam
1734 3303 1790 3354 in
1892 3296 2218 3357 detrahebat
2248 3300 2497 3369 proximo
2535 3314 2667 3366 suo,
2703 3312 2890 3357 utnec
2929 3301 3008 3361 illi
3045 3303 3357 3373 crederem,
3392 3321 3493 3367 nec

174 3393 275 3446 eia
315 3392 682 3445 immaculata.
722 3388 795 3447 Ut
834 3389 1100 3460 intelligat
1144 3390 1266 3461 quis
1313 3391 1459 3463 quod
1501 3392 1704 3463 psallit,
1737 3402 1794 3453 et
1894 3391 2138 3449 audirem
2171 3393 2355 3453 talem.

176 3506 392 3548 sensus
416 3490 590 3560 ipsius
610 3489 1011 3560 contempletur
1035 3488 1328 3560 psalmum,
1361 3495 1419 3544 ut
1439 3503 1545 3547 non
1572 3494 1795 3559 vagetur
1969 3482 2037 3538 In
2069 3483 2329 3541 matutino
2357 3483 2726 3555 interﬁciebam
2756 3501 2933 3543 omnes
2961 3497 3256 3559 peccatores
3296 3499 3449 3548 terra
3477 3532 3494 3560 ,

177 3598 353 3643 mens
397 3582 517 3655 ejus
541 3582 718 3651 foras,
751 3589 809 3638 et
843 3597 1078 3654 corpore
1117 3581 1335 3656 quidem
1368 3579 1617 3659 rideatur
1651 3580 1801 3652 psal-
1897 3575 2040 3632 bene
2069 3575 2224 3647 dixit,
2281 3586 2577 3649 peccatores
2612 3585 2787 3635 terra.
2836 3580 3159 3643 l’eccatores
3193 3583 3341 3641 enim
3389 3592 3503 3641 ter-

176 3679 330 3745 lere,
365 3692 524 3734 mens
552 3685 732 3733 autent
765 3676 888 3735 sine
909 3676 1085 3739 fruetu
1106 3675 1198 3732 sit.
1231 3672 1298 3730 In
1328 3677 1408 3735 uia
1426 3674 1799 3735 immaculata:
1901 3669 2020 3725 feni
2044 3679 2193 3725 ευιιιο
2224 3670 2334 3725 ηου
2356 3670 2695 3740 “Iudicem.
2719 3673 2862 3743 quod
2893 3672 3268 3733 immissiooes
3296 3677 3501 3736 diaboli

175 3780 252 3829 ut
279 3769 575 3829 ambulans
603 3769 656 3825 in
701 3770 803 3829 hoc
830 3748 1036 3831 mimdo
1061 3769 1210 3843 justo
1233 3785 1413 3843 agam,
1448 3779 1501 3825 et
1530 3769 1798 3831 maculam
1901 3776 2038 3833 quas
2069 3761 2199 3817 mihi
2237 3763 2588 3835 suggerebat.
2621 3763 2909 3835 ejiciebam
2952 3767 3022 3823 de
3052 3768 3218 3829 corde
3263 3784 3410 3837 meo,
3444 3778 3503 3829 et

175 3879 306 3920 non
347 3863 598 3919 habemu,
1904 3871 2012 3912 non
2046 3856 2427 3926 suscipiebant.
2454 3855 2886 3928 Cogitationibus
2915 3859 3065 3918 enim
3095 3861 3256 3919 malis
3283 3863 3499 3934 ejectis,

269 3955 503 4023 Quando
543 3956 712 4015 venies
747 3956 815 4015 ad
843 3973 943 4013 me,
988 3954 1222 4027 Quando
1249 3968 1428 4013 autem
1463 3956 1801 4017 intellectum
1904 3949 2182 4006 daemones
2204 3950 2549 4006 occiduntur.
2576 3950 2747 4009 Judtni
2776 3952 2920 4009 hunc
2943 3968 3164 4011 versnm
3186 3956 3500 4029 audientes,

174 4065 489 4122 recepero,
525 4057 582 4104 et
603 4050 752 4120 justi:
775 4064 941 4121 egero
976 4065 989 4102 ι
1023 4057 1153 4106 ωηο
1185 4065 1313 4106 cum
1345 4050 1544 4108 ﬁducia
1573 4051 1701 4108 dico
1736 4050 1804 4111 ad
1905 4050 1963 4098 et
1999 4051 2298 4113 sequentes
2340 4044 2581 4105 litteram
2626 4044 2992 4114 occidentem,
3024 4058 3081 4104 et
3120 4047 3503 4109 desiderantes

170 4127 497 4202 hominum
529 4142 802 4213 :.Quando
825 4144 994 4199 venies
1022 4144 1090 4199 ad
1123 4144 1241 4201 me?
1288 4142 1470 4205 Venias
1500 4154 1703 4213 auten],
1738 4144 1808 4203 de
1909 4135 2223 4207 Sanguinem
2261 4133 2515 4203 fundere,
2546 4136 2593 4193 si
2633 4138 2757 4209 quis
2792 4139 3182 4210 prmvaricatus
3232 4140 3393 4199 luerit
3434 4143 3507 4200 de

173 4237 458 4299 secutido
489 4237 606 4309 ejus
637 4237 874 4293 adventu
899 4236 1279 4309 accipiendum
1310 4249 1418 4296 est.
1909 4230 2057 4303 lege,
2092 4230 2425 4289 interﬁciunt
2466 4246 2610 4287 eum.
2638 4230 2921 4305 Siquidem
2952 4249 3060 4291 non
3089 4243 3219 4295 sunt
3260 4239 3506 4297 contenti

271 4331 721 4391 Perambulabam
759 4332 813 4391 in
851 4333 1147 4389 innocentia
1178 4333 1352 4393 cordis
1378 4333 1478 4389 mei
1509 4348 1529 4392 ;
1557 4333 1610 4391 in
1639 4333 1809 4388 medio
1911 4322 2186 4380 occisione
2209 4324 2596 4395 pmphetarum
2620 4342 2636 4384 :
2662 4325 2755 4381 sed
2780 4333 2836 4382 et
2861 4325 3033 4399 ipsum
3066 4326 3361 4389 Dominum
3385 4348 3511 4388 cru-

174 4428 403 4483 domus
426 4442 569 4487 metu.
592 4425 827 4482 Nihilsic
856 4426 1031 4494 placet
1054 4426 1187 4493 Deo,
1208 4438 1267 4481 ut
1295 4426 1618 4499 simplicitas
1646 4436 1702 4483 et
1728 4427 1775 4482 in

1913 4417 2222 4473 cilixerunt.
2258 4416 2327 4476 Ut
2356 4416 2706 4493 disperderem
2750 4417 2815 4473 de
2846 4418 3054 4475 civitate
3087 4417 3298 4480 Domini
3331 4439 3511 4483 omnes

173 4520 495 4580 nocentia.
534 4521 777 4591 Denique
807 4520 1048 4593 Spiritus
1077 4530 1300 4579 sanctus
1341 4523 1392 4578 in
1423 4523 1545 4578 aliis
1577 4522 1775 4581 volatili

1915 4509 2004 4577 qui
2029 4519 2314 4579 operantur
2359 4509 2710 4581 iniquitatem.
2754 4508 2970 4566 Utinam
3001 4520 3056 4569 et
3103 4526 3202 4569 nos
3230 4512 3512 4583 disperda-

172 4625 315 4681 bus
343 4637 457 4683 ηοη
480 4623 809 4692 υοιηρηηιηῖι
835 4592 940 4679 ,ᾖδε
974 4622 1028 4679 in
1051 4622 1327 4688 columba.
1358 4632 1586 4694 ρτουιειι
1607 4622 1814 4693 simpli-
1840 4592 1892 4661 υ
1921 4618 2041 4659 mus
2070 4603 2138 4660 de
2173 4601 2395 4659 civitate
2439 4601 2652 4659 Domini
2690 4610 2985 4673 operantes
3026 4603 3389 4678 iniquitatem.
3421 4611 3513 4671 Ci-

171 4723 467 4784 citatam,
491 4726 547 4773 et
580 4719 631 4773 in
669 4716 1117 4789 quadrupedibus
1153 4716 1221 4775 itr
1249 4732 1376 4784 ore,
1407 4729 1633 4788 ριιυριθιε
1662 4731 1820 4775 man,
1923 4698 2058 4753 vitas
2098 4695 2314 4752 Domini
2361 4706 2445 4753 est
2494 4694 2741 4752 Ecclesia
2786 4706 3120 4767 sanctorum,
3161 4702 3516 4773 congregatio

175 4810 596 4872 glaudinem.
1915 4792 2214 4863 justorum.
2249 4790 2568 4862 Disperdam
2594 4831 2609 4861 ,
2654 4790 2755 4851 hoc
2792 4801 2874 4846 est
2898 4832 2912 4861 ,
2950 4807 3202 4867 arguam,
3234 4793 3516 4869 increpem

278 4900 426 4959 Non
470 4901 815 4973 proponebant
856 4908 981 4956 ante
1013 4899 1192 4958 oculos
1233 4915 1372 4957 uicos
1397 4916 1506 4957 rem
1546 4901 1775 4974 injustas)

1924 4904 2048 4947 eum
2080 4888 2172 4962 qui
2216 4897 2422 4959 peccat,
2454 4893 2513 4943 ut
2552 4885 2933 4963 paenitentiam
2976 4898 3126 4960 agat,
3159 4897 3215 4945 et
3239 4889 3523 4963 disperdat

170 4997 341 5055 Νυη
374 4992 769 5063 τηιιθροηθικιη]
794 4990 999 5063 aliquid
1028 4991 1282 5058 Domino,
1306 5006 1482 5064 neque
1506 4993 1821 5055 cojj‘enlie.
1925 4981 2263 5054 iniquitatem
2310 4981 2377 5038 de
2405 4980 2570 5041 corde
2597 4997 2717 5041 SUO.
2752 4980 2871 5038 Non
2898 4982 3042 5041 enim
3069 4982 3228 5056 dixit,
3269 4995 3327 5043 ιιι

172 5095 348 5152 bam
386 5087 656 5159 iniquitati
693 5106 704 5142 :
737 5087 833 5145 sed
868 5094 1016 5143 totus
1063 5085 1132 5143 ad
1157 5086 1326 5143 Deum
1358 5101 1531 5145 eram.
1924 5075 2124 5145 cialul‘.
2152 5072 2249 5131 sed
2279 5082 2338 5131 ιιι
2365 5074 2629 5131 salvetur.

272 5181 574 5241 Facienles
617 5181 1092 5253 pravaricatiouem
1137 5180 1294 5237 adiri.
1330 5180 1461 5237 Sive
1487 5189 1640 5253 pater
1669 5196 1826 5241 meus
2501 5210 2820 5271 PSALMUS
2857 5213 2946 5270 Cl.

166 5288 373 5343 erat,
401 5277 520 5380 sive
542 5286 739 5345 mater,
773 5278 891 5333 sive
919 5274 1106 5339 frater,
1132 5284 1436 5383 ειιιι“5‹›ι·ι)ι·3
1463 5274 1579 5383 sire
1593 5278 1825 5351 amicus,
1936 5307 2117 5366 om,“
2141 5308 2384 5382 Pupam
2412 5322 2532 5361 cum
2566 5310 2894 5373 animum,
2936 5316 2987 5362 εί
3017 5308 3073 5361 δη
3103 5323 3380 5383 campum
3408 5312 3523 5372 Da.

169 5385 417 5434 tamen
458 5369 506 5429 si
549 5371 882 5429 declinasset
924 5383 956 5425 a
988 5374 1183 5429 timore
1220 5367 1432 5427 Domini
1471 5387 1482 5422 :
1519 5368 1662 5428 hunc
1699 5370 1829 5428 odio
2006 5367 2394 5455 mini'fuiideret
2417 5394 2619 5455 precem
2641 5395 2811 5455 suam.
2849 5367 2952 5435 Iste
2978 5367 3301 5449 psalmus'in
3326 5367 3529 5455 priuata

167 5463 525 5531 habebam,
552 5472 607 5522 et
645 5462 869 5521 omnino
896 5461 961 5515 ad
1004 5477 1127 5519 eum
1167 5475 1275 5519 non
1322 5460 1674 5522 accedebam.
1711 5462 1831 5525 Non
2007 5454 2095 5539 pio
2123 5450 2975 5539 vii-cem.prophelegoutjugtex
3006 5468 3238 5537 persona
3267 5450 3524 5539 peccato.

166 5520 295 5620 'am
309 5520 630 5626 epumbam
673 5554 1134 5627 propinquimem
1160 5564 1257 5612 aut
1302 5553 1598 5615 “mmmam
1638 5555 1833 5628 piem“
2005 5526 2083 5580 ris
2115 5544 2131 5580 :
2161 5525 2286 5580 dein
2317 5524 2432 5581 laus
2462 5523 2514 5577 in
2545 5536 2608 5576 ea
2632 5520 2899 5577 Dominici
2922 5522 3161 5581 nominis
3191 5520 3527 5591 continetur.

165 5648 483 5718 Donsini.

277 5742 360 5802 Ν
365 5759 441 5797 οη
464 5740 679 5799 adimit
702 5738 828 5794 mihi
853 5756 943 5797 cor
956 5754 1195 5810 pravum.
1227 5738 1347 5795 Non
1375 5747 1495 5801 erat
1523 5740 1580 5797 in
1607 5753 1696 5799 me
1732 5739 1832 5797 ali-

167 5842 370 5924 quid
414 5838 657 5909 difﬁcile,
698 5848 794 5897 aut
836 5852 1150 5911 perversum
1190 5837 1434 5911 aliquid:
1464 5836 1562 5897 sed
1608 5837 1836 5911 aequitas

2011 5645 2245 5710 Domine,
2277 5641 2468 5699 exaudi
2495 5640 2778 5701 orationem
2806 5657 2991 5711 nteant,
3016 5651 3123 5705 etc.
3153 5644 3287 5715 Quia
3315 5645 3386 5705 de
3416 5658 3535 5713 ιοιο

1938 5740 2102 5803 corde
2133 5738 2423 5812 profertur.

2013 5832 2137 5891 Non
2165 5839 2366 5893 avertas
2395 5826 2583 5902 faciem
2624 5837 2767 5885 tuam
2791 5845 2825 5883 a
2873 5845 2974 5895 me.
3017 5831 3075 5891 Si
3118 5834 3240 5907 quis
3281 5834 3335 5897 itt
3366 5838 3543 5905 corda
