3954 6340
520 281 661 341 “27

1307 284 1650 343 APPENDIX
1694 282 1785 341 AD
1822 283 2063 342 TOllUll
2103 283 2459 345 δερτιιιυιι
2497 286 2554 345 S.
2599 283 3014 347 HIERONYMI.

3653 296 3771 358 “28

519 402 723 459 mundo
760 410 903 471 orat,
936 408 991 459 et
1034 416 1142 458 non
1186 403 1433 473 arguitur
1473 418 1568 457 sua
1600 404 1932 458 conscientia
1968 422 1978 457 :
2011 403 2112 458 hoc
2139 405 2189 465 Α
2219 403 2440 458 nebrtc?
2480 400 2550 457 Et
2597 418 2690 474 ego
2715 403 2849 459 sicut
2869 404 3045 475 fenum
3082 403 3218 459 arui.
3259 404 3515 474 Quoniam
3553 407 3681 466 sicut
3706 411 3772 469 ie-

516 503 697 566 potcst
719 494 940 550 dicere:
974 494 1239 550 Peccator
1256 495 1401 549 enim
1420 509 1530 549 non
1555 494 1717 551 audet
1738 494 1924 551 dicere
1952 512 1963 547 :
1994 493 2116 548 Non

512 595 717 642 avertas
755 586 943 657 faciem
987 596 1130 642 tuam
1155 605 1187 641 α
1227 604 1329 656 me,
1360 589 1457 643 sed
1488 588 1663 658 magis
1694 587 1863 643 dicit:
1912 590 2116 643 Averte

511 680 710 737 faciem
746 689 889 734 tuam
922 695 953 735 a
992 680 1238 751 peccati.-
1268 682 1425 736 meis.
1460 679 1528 735 In
1560 696 1886 752 quacumque
1912 681 1996 734 die
2020 680 2117 735 tri-

510 775 692 841 bulor,
727 773 926 829 inclina
955 774 1025 828 ad
1055 791 1136 829 me
1158 791 1335 830 aurem
1363 784 1503 829 tuam
1537 790 1556 829 :
1582 772 1650 829 In
1687 790 2009 846 quarumque
2030 774 2115 829 die

510 868 809 923 invocavero
849 876 936 921 te:
958 866 1196 922 velociter
1225 867 1415 921 exaudi
1451 883 1551 921 me.
1601 866 1706 921 Pro
1749 865 2110 937 prtesentibns

510 962 782 1033 pressuris
838 969 979 1028 orat,
1032 969 1090 1016 ut
1137 961 1209 1016 ab
1272 960 1359 1015 his
1413 959 1874 1031 contemplatione
1922 959 2110 1015 divina

512 1054 791 1127 eripiatur.

583 1150 721 1217 Quia
746 1149 1046 1223 defecerunt
1072 1152 1205 1206 sicut
1234 1154 1410 1223 fumus
1435 1152 1546 1207 dies
1574 1150 1695 1207 mei.
1730 1151 1808 1206 Ac
1836 1151 1881 1205 si
1916 1149 2065 1205 dicat
2092 1168 2104 1203 :

505 1244 811 1302 lnl'antulus
864 1246 961 1314 lui,
1009 1252 1067 1301 et
1098 1246 1226 1301 dum
1272 1245 1483 1312 nescio,
1532 1246 1656 1300 veni
1706 1245 1760 1299 in
1800 1244 2100 1315 iuvenilem

510 1345 750 1406 aetatem,
806 1347 862 1394 et
915 1339 1112 1394 iterum
1160 1340 1214 1394 in
1258 1337 1551 1409 perfectam
1592 1346 1833 1405 aetatem,
1876 1346 1932 1392 et
1976 1336 2102 1391 dum

507 1430 730 1497 nescio,
763 1428 938 1485 senui.
984 1427 1053 1483 Et
1091 1431 1389 1503 defecerunt
1437 1431 1573 1486 sicut
1603 1435 1775 1500 fumus
1808 1430 1920 1485 dies
1968 1431 2100 1484 mei.

504 1520 737 1591 Quidam
768 1529 951 1578 autem
977 1530 1166 1591 putant
1197 1537 1257 1577 se
1281 1537 1407 1578 esse
1429 1524 1815 1593 sempiternos,
1836 1531 1892 1577 et
1914 1536 2103 1591 perse-

505 1624 699 1673 verant
738 1616 791 1672 in
823 1631 925 1673 suo
955 1624 1200 1687 peccato.
1249 1614 1319 1670 Et
1360 1632 1480 1672 ossa
1523 1632 1633 1670 mea
1679 1618 1814 1670 sicut
1853 1617 2102 1670 cremium

501 1723 768 1768 aruerunt.
796 1711 929 1768 Ossa
952 1711 1085 1768 dicit
1106 1715 1276 1780 ipsam
1292 1711 1694 1768 fortitudinem.
1722 1712 1780 1769 Si
1801 1727 1933 1784 ergo
1954 1714 2098 1783 quod

2223 511 2377 557 num.
2407 495 2485 549 sic
2512 496 2813 565 pertransit
2844 496 3030 563 homo,
3062 508 3117 553 et
3147 499 3400 559 siccatur.

2290 585 2370 641 Tu
2393 603 2710 660 exsurgens,
2743 588 3064 644 misereberis
3104 590 3257 646 Sion.
3292 591 3372 647 Ex
3411 590 3510 648 hoc
3529 595 3770 654 versiculo

2222 682 2574 737 manifestum
2607 691 2693 737 est
2722 683 2868 754 quod
2897 698 2962 739 ex
2994 698 3225 754 persona
3250 684 3383 744 Sion
3409 687 3576 743 dictus
3595 698 3671 746 est
3688 693 3769 748 iste

2216 774 2459 844 psalmus
2495 793 2508 827 :
2541 782 2598 831 et
2629 789 2738 830 non
2766 790 2842 831 ex
2872 790 3102 846 persona
3130 780 3431 850 prophetae.
3460 780 3582 837 Sion
3614 791 3766 840 autem

2221 878 2444 939 estquae
2472 870 2526 925 in
2556 870 2775 939 specula
2805 869 2979 939 posita
3018 881 3123 939 est,
3153 881 3212 929 et
3252 888 3317 930 ea
3344 889 3466 946 qua:
3488 876 3693 933 veniunt
3713 877 3770 935 de

2219 962 2379 1033 longe
2412 963 2779 1034 prospiciens.
2806 964 2930 1019 llme
2957 980 3090 1037 ergo
3125 965 3297 1035 Sion,
3325 982 3445 1039 qua:
3482 970 3534 1024 in
3563 970 3662 1027 alto
3688 985 3770 1043 po.

2214 1055 2317 1110 sita
2336 1065 2442 1119 est,
2473 1059 2525 1110 in
2558 1056 2800 1112 sublime
2828 1056 3051 1114 cecidit.
3086 1058 3232 1130 Ergo
3256 1060 3348 1131 qui
3374 1070 3499 1127 stat,
3525 1062 3689 1119 videat
3711 1080 3769 1120 ne

2214 1148 2374 1205 cadat
2399 1148 2465 1223 (l
2498 1147 2623 1207 Cor.
2652 1148 2747 1222 ι).
2783 1150 2921 1219 Quia
2959 1162 3160 1225 tempus
3200 1154 3477 1210 miserandi
3498 1158 3603 1224 eius
3628 1172 3644 1210 :
3667 1159 3769 1228 quia

2212 1244 2347 1297 venit
2384 1252 2610 1315 tempus.
2653 1245 2757 1299 Aut
2789 1253 3012 1315 propter
3037 1246 3416 1317 penitentiam
3463 1257 3662 1321 tempus
3693 1260 3765 1306 est

2213 1336 2506 1392 misercndi
2533 1355 2546 1390 :
2570 1347 2661 1391 aut
2687 1338 2983 1394 secundum
3008 1338 3301 1394 adventum
3323 1340 3610 1397 Salvatoris
3628 1340 3771 1414 signi-

2212 1429 2360 1485 llcat.
2390 1429 2640 1486 Conlldat
2669 1446 2809 1501 ergo
2837 1431 2928 1501 qui
2958 1434 3073 1503 agit
3102 1433 3477 1501 penitentiam
3505 1450 3519 1487 :
3549 1435 3768 1505 quoniam

2210 1524 2359 1579 venit
2403 1535 2616 1595 tempus
2645 1524 2909 1581 salvandi.
2960 1526 3274 1583 Misericors
3304 1537 3388 1585 est
3429 1528 3569 1584 enim
3610 1527 3769 1585 Domi-

2211 1632 2314 1672 nus
2345 1616 2519 1689 (Psal.
2544 1633 2730 1674 uxvtt
2759 1627 2807 1673 et
2840 1618 2987 1673 Eccl.
3014 1618 3098 1690 tt).

2284 1712 2541 1778 Quoniam
2563 1710 2869 1781 placuerunt
2884 1713 3046 1768 servis
3070 1713 3172 1768 tuis
3194 1714 3544 1788 lapidesejus.
3569 1713 3768 1786 Lapides

502 1814 588 1862 est
620 1806 673 1861 in
707 1821 795 1861 me
822 1805 983 1875 forte,
1020 1807 1124 1861 hoc
1151 1807 1317 1872 aruit,
1341 1815 1397 1861 et
1428 1806 1701 1860 inﬁrmum
1730 1804 1929 1860 factum
1964 1815 2050 1860 est
2081 1822 2093 1860 :
2130 1813 2176 1874 Β
2204 1806 2377 1859 sancti
2409 1813 2553 1859 sunt.
2586 1803 2761 1861 Terra
2798 1815 2979 1861 autem
2999 1848 3015 1872 ,
3043 1805 3147 1863 hoc
3177 1816 3281 1877 est,
3330 1816 3658 1878 peccatores,
3683 1809 3768 1865 mi-

500 1909 708 1972 quanto
731 1899 901 1970 magis
923 1914 1043 1970 qua:
1079 1914 1175 1970 per
1196 1912 1443 1955 naturam
1479 1899 1689 1954 inﬁrma
1714 1907 1799 1955 est
1818 1900 1990 1955 caro?

575 1990 866 2047 Percussus
887 2007 1003 2046 sum
1036 2000 1090 2045 ut
1112 1994 1309 2064 fenum,
1342 2001 1393 2047 et
1421 1995 1557 2049 aruit
1589 2009 1678 2047 cor
1702 2008 1890 2047 meum.
1945 1993 2099 2050 Sicut

500 2094 558 2143 et
585 2083 713 2140 alibi
754 2086 1016 2155 scriptum
1048 2096 1133 2141 est
1161 2104 1176 2141 :
1205 2086 1380 2141 Homo
1419 2088 1559 2142 sicut
1590 2087 1771 2143 fenum
1798 2087 1918 2143 dies
1949 2088 2091 2156 ejus.

428 2160 451 2169 ’
499 2177 591 2236 Sic
613 2178 758 2235 enim
801 2178 910 2233 vita
939 2178 1223 2234 hominum
1254 2182 1413 2247 viret,
1449 2190 1504 2235 et
1542 2182 1654 2236 cito
1688 2182 1908 2236 arescit.
1958 2181 2096 2249 Quia

497 2271 686 2327 oblitus
712 2289 828 2328 sum
857 2272 1175 2326 manducare
1196 2290 1382 2345 panem
1420 2289 1608 2327 meum.
1643 2272 1760 2328 Non
1794 2273 1948 2338 dixit,
1984 2290 2092 2328 non

496 2367 808 2423 desideravi
849 2367 1201 2436 manducare,
1244 2376 1339 2423 aut
1382 2370 1689 2439 contempsi
1732 2367 2089 2423 manducare.

492 2458 765 2516 [utantum
798 2461 930 2515 mihi
963 2461 1111 2517 venit
1142 2462 1407 2517 memoria
1439 2470 1790 2542 peccatorum
1822 2476 2086 2527 meorum,

490 2561 549 2610 et
567 2555 734 2610 talem
758 2554 1135 2624 pmttitentiam
1159 2555 1268 2625 egi,
1294 2562 1352 2609 nt
1369 2554 1533 2610 etiam
1548 2554 1656 2609 obli
1669 2555 1912 2608 viscerer
1940 2567 2091 2606 man-

494 2646 697 2704 ducare
725 2666 738 2702 :
769 2648 1111 2706 desiderium
1153 2647 1250 2703 Dei
1300 2647 1539 2715 habens,
1583 2655 1638 2702 et
1684 2646 1862 2718 ipsum
1909 2646 2087 2702 solum

494 2742 876 2799 considerans.

562 2838 604 2892 Α
630 2853 750 2892 voce
795 2837 1017 2908 gemitus
1049 2838 1149 2894 ntei
1179 2854 1199 2894 :
1226 2837 1447 2894 adhwsit
1478 2854 1533 2893 os
1563 2853 1733 2892 meum
1764 2836 1908 2891 carni
1936 2850 2086 2890 mete.

493 2929 717 2988 Discant
745 2930 838 3001 qui
877 2938 1043 3003 agunt
1089 2932 1491 3003 paenitentiam,
1535 2929 1811 3002 quomodo
1851 2928 2090 2984 debeant

488 3038 656 3096 agere
680 3024 1085 3095 paenitentiam.
1112 3025 1187 3080 ita
1214 3026 1362 3082 enim
1394 3024 1669 3081 exsiccavi
1700 3023 2084 3093 metnetipsum

487 3128 549 3174 ut
573 3118 690 3175 sine
718 3135 884 3176 carne
922 3134 1127 3187 essem,
1160 3128 1215 3175 et
1247 3118 1421 3190 pelles
1457 3134 1595 3173 mea:
1627 3117 1973 3173 cobzererent
1998 3130 2088 3172 os-

486 3212 639 3269 sibus
669 3214 826 3270 meis.
860 3214 1092 3269 Carnem
1122 3228 1221 3284 pro
1253 3213 1392 3283 pelle
1420 3212 1578 3270 dixit.

561 3307 766 3364 Similis
799 3310 969 3381 factus
1008 3324 1126 3363 sunt
1173 3307 1437 3379 pellicano
1472 3306 1793 3362 solitudinis.
1838 3305 1951 3360 Duo
1993 3317 2088 3375 ge-

487 3416 617 3458 nera
635 3402 890 3457 dicuntur
910 3416 1034 3458 esse
1063 3403 1254 3457 horum
1282 3402 1609 3456 volatilium.
1636 3399 1816 3456 Unum
1846 3401 1897 3455 in
1923 3403 2084 3470 aquis

484 3501 593 3561 est,
622 3501 678 3549 ct
700 3509 825 3551 esca
848 3496 967 3565 eius
998 3496 1177 3566 pisces
1198 3504 1326 3551 sunt
1358 3513 1371 3550 :
1410 3503 1465 3552 et
1492 3510 1658 3550 unum
1683 3494 2079 3568 in'solitudiue,

483 3598 541 3646 et
562 3604 689 3645 esca
720 3588 839 3661 ejus
867 3599 1135 3645 venenata
1173 3588 1447 3658 animalia,
1484 3588 1588 3644 hoc
1630 3596 1735 3656 est,
1777 3597 2079 3660 serpentes,

486 3692 542 3738 et
570 3682 852 3750 crocodili,
889 3692 946 3739 et
972 3683 1215 3739 lacerae.
1268 3682 1539 3737 Dicuntur
1576 3691 1755 3738 autem
1805 3683 1904 3740 ista
1935 3683 2085 3739 vola-

482 3779 601 3838 tilia
626 3777 820 3835 Latine
850 3776 1168 3833 onocrotali.
1216 3774 1299 3832 llli
1344 3792 1479 3850 ergo
1519 3777 1714 3832 similis
1759 3777 1933 3834 lactus
1958 3794 2079 3834 sum

480 3875 571 3946 qui
604 3883 690 3931 est
718 3873 775 3929 in
800 3873 1099 3931 solitudine
1129 3889 1145 3928 :
1178 3874 1272 3946 qui
1303 3872 1543 3929 comedit
1573 3883 1837 3930 venenata
1872 3874 2083 3930 anima-

484 3968 580 4036 lia,
613 3969 719 4027 hoc
767 3980 875 4041 est,
922 3986 1047 4029 esca
1088 3986 1209 4028 mea
1253 3969 1411 4041 quasi
1452 3986 1725 4026 venenum
1774 3968 1894 4026 erat
1923 3970 2074 4027 mihi.

483 4063 685 4121 Factus
703 4083 818 4122 sum
835 4067 970 4121 sicut
991 4067 1295 4139 nycticorax
1320 4067 1374 4121 in
1397 4065 1681 4123 domicilio.
1708 4066 1925 4123 Scimus
1952 4069 2075 4138 quia

479 4171 676 4214 corvus
707 4158 866 4231 niger
890 4170 972 4216 est
1001 4177 1015 4213 :
1039 4167 1095 4216 et
1120 4159 1253 4215 nihil
1281 4158 1449 4216 habet
1473 4159 1527 4215 in
1551 4174 1613 4217 se
1634 4161 1839 4216 album.
1864 4160 2075 4231 Hyper-

480 4249 657 4307 bolice
686 4251 855 4308 voluit
900 4250 1089 4309 dicere
1121 4269 1136 4303 :
1168 4252 1317 4323 quia,
1358 4248 1558 4307 Factus
1598 4269 1711 4307 sum
1751 4252 1883 4307 sicut
1914 4252 2078 4325 nycti-

480 4358 663 4400 corax.
695 4343 786 4401 Sic
829 4359 961 4414 ergo
1005 4345 1059 4401 iu
1092 4344 1183 4401 die
1219 4345 1372 4418 niger
1412 4356 1496 4401 est
1531 4354 1774 4415 :quanto
1822 4346 1995 4416 magis
2021 4346 2075 4401 in

477 4438 676 4495 nocte?
718 4437 813 4496 Sic
865 4454 997 4511 ergo
1043 4438 1221 4496 factus
1263 4454 1381 4496 sum
1413 4447 1640 4511 prOpter
1666 4450 1885 4512 peccata
1930 4454 2068 4508 mea,

482 4531 863 4603 memetipsum
894 4531 1272 4590 considerans.

2202 1896 2500 1952 sericordia
2530 1895 2750 1954 Domini
2780 1898 3043 1970 indigent.
3075 1898 3146 1954 Et
3181 1910 3332 1957 terra
3353 1903 3466 1968 eius
3494 1901 3770 1957 misereban-

2202 2004 2304 2050 tur.
2337 1993 2406 2051 Ut
2435 1995 2670 2051 fructum
2701 1994 2960 2052 exhibeat
2989 1997 3316 2054 sanctitatis.

2276 2088 2547 2145 Timebunt
2569 2101 2746 2162 gentes
2769 2107 2955 2147 nomen
2987 2090 3234 2147 Domini:
3255 2101 3305 2147 et
3322 2107 3501 2149 omnes
3525 2109 3661 2166 reges
3684 2103 3769 2149 ter-

2199 2198 2273 2238 rce
2296 2183 2516 2255 gloriam
2546 2193 2708 2239 tuam.
2735 2183 2870 2251 Qum
2898 2185 3049 2254 prius
3077 2184 3225 2241 idola
3250 2187 3585 2255 metuebant,
3607 2195 3658 2243 et
3678 2188 3767 2243 da:-

2199 2277 2509 2333 moniorum
2543 2279 2764 2333 nomina
2818 2276 3150 2335 invocabant
3183 2297 3198 2335 :
3231 2295 3376 2337 nunc
3405 2295 3599 2337 nomen
3640 2290 3766 2338 tuum

2195 2377 2531 2425 venerentur
2565 2378 2622 2425 et
2644 2370 2888 2426 timeant.

2242 2460 2409 2528 ,Quia
2432 2460 2713 2531 adiﬁcabit
2737 2460 2996 2518 Dominus
3021 2461 3178 2520 Sion.
3202 2462 3515 2522 Ecelesiam
3535 2479 3673 2520 suam
3691 2481 3766 2522 su-

2193 2568 2292 2624 per
2320 2554 2734 2611 fundamentum
2765 2556 3145 2626 apostolornm
3175 2566 3233 2613 et
3259 2557 3680 2631 prophetarum:
3709 2558 3764 2613 Et

2190 2648 2448 2703 videbitur
2489 2650 2542 2703 in
2564 2648 2734 2719 gloria
2764 2664 2880 2703 sua.
2906 2646 3043 2704 Cum
3072 2665 3232 2706 omne
3253 2664 3457 2723 corpus
3492 2652 3606 2723 ejus
3623 2649 3765 2724 glori-

2192 2740 2436 2797 ﬁcwerit
2463 2740 2531 2796 ad
2556 2740 2978 2798 similitudinem
3013 2740 3267 2814 imaginis
3294 2743 3492 2814 glorias
3518 2759 3643 2801 suae.

2264 2835 2329 2890 Et
2357 2836 2583 2905 respexit
2613 2836 2667 2889 in
2694 2836 2982 2890 orationem
3015 2832 3297 2891 humilium
3320 2850 3339 2889 :
3374 2846 3425 2891 et
3473 2853 3573 2891 non
3599 2836 3763 2907 sprevit

2188 2944 2361 3002 preces
2390 2945 2588 2985 eorum.
2617 2928 2723 2985 Sed
2780 2928 3017 2985 adventu
3067 2943 3169 2985 suo
3194 2928 3442 2985 visitavit
3495 2929 3759 2985 mundum:

2187 3023 2279 3095 qui
2307 3024 2436 3079 olim
2464 3022 2904 3080 desiderabatur.

2261 3117 2573 3177 Scribuntur
2603 3118 2712 3174 lucc
2739 3119 2793 3173 in
2824 3117 3157 3192 generatione
3181 3117 3371 3174 altera.
3402 3117 3462 3174 In
3493 3131 3629 3175 novo
3654 3115 3764 3172 Tes-

2112 3213 2158 3279 C
2194 3223 2452 3271 tamento.
2501 3212 2567 3267 Et
2595 3210 2823 3286 populus
2852 3213 2943 3284 qui
2967 3212 3246 3283 _creabitur
3267 3257 3282 3283 ,
3325 3212 3566 3268 laudabit
3610 3211 3762 3267 Domi-

2188 3326 2334 3364 num.
2364 3308 2714 3365 Christianus
2736 3308 2947 3380 utique,
2971 3309 3063 3380 qui
3086 3308 3237 3379 prius
3260 3308 3503 3380 peccatis
3524 3318 3759 3373 mortuus,

2188 3406 2240 3460 in
2265 3419 2332 3460 eo
2356 3412 2442 3459 est
2475 3413 2779 3459 recreatus.

2262 3496 2395 3565 Quia
2418 3496 2684 3569 prospexit
2723 3495 2789 3549 de
2814 3493 3016 3550 excelso
3044 3503 3223 3550 sancto
3256 3510 3355 3549 suo
3391 3510 3412 3550 :
3440 3491 3689 3549 Dominus
3709 3490 3762 3545 de

2185 3592 2310 3647 t‘tBlO
2334 3594 2389 3646 in
2437 3602 2626 3647 terram
2664 3590 2887 3663 aspexit.
2922 3588 2994 3646 Ut
3030 3589 3232 3645 audiret
3272 3590 3500 3661 gemitus
3531 3584 3762 3659 compedi-

2185 3697 2355 3742 torum
2390 3702 2408 3740 :
2439 3695 2494 3741 ut
2549 3684 2715 3741 solvat
2759 3683 2899 3754 filios
2945 3683 3394 3759 interemptorum.
3429 3681 3685 3754 ReSpcxit
3715 3685 3762 3733 ut

2182 3780 2559 3839 misereretur.
2593 3775 2891 3834 Descendit
2920 3786 2979 3833 ut
3005 3775 3247 3844 vincula,
3290 3775 3496 3847 quibus
3519 3773 3639 3831 nexi
3662 3785 3762 3829 erae

2186 3891 2332 3942 mus,
2366 3873 2697 3929 absolveret.

2259 3967 2327 4023 Ut
2374 3967 2683 4022 annuntient
2709 3966 2762 4020 in
2797 3966 2930 4022 Sion
2979 3980 3166 4021 nomen
3196 3962 3448 4033 Domini,
3503 3972 3553 4020 et
3580 3962 3759 4019 laudent

2182 4064 2295 4134 ejus
2322 4061 2376 4116 in
2418 4058 2738 4115 Jerusalem.
2765 4058 2994 4131 Semper
3020 4058 3202 4114 bonus
3227 4059 3483 4128 nuntius,
3526 4070 3661 4113 nova
3683 4069 3761 4110 ex-

2184 4153 2335 4210 hibet
2383 4153 2583 4225 gaudia
2612 4169 2626 4207 :
2658 4151 2803 4209 sicut
2828 4150 3072 4224 Angelus
3096 4151 3167 4207 ad
3213 4151 3442 4207 Mariam
3470 4170 3483 4206 :
3516 4149 3756 4223 Spiritus,

2179 4247 2386 4319 inquit,
2421 4255 2644 4303 sanctus
2680 4246 3039 4318 superveniet
3085 4247 3140 4301 in
3190 4253 3244 4301 te
3269 4242 3446 4315 (Luc.
3473 4242 3547 4316 t).
3580 4242 3649 4299 Et
3671 4241 3758 4298 ite-

2179 4357 2299 4399 rum
2361 4340 2720 4413 pastoribus:
2754 4339 2897 4397 Ecce
2952 4353 3057 4410 ego
3105 4338 3372 4394 annuntio
3418 4338 3576 4394 vobis
3604 4333 3759 4410 hodie

2178 4435 2435 4508 gaudium
2492 4450 2746 4506 magnum
2784 4450 2797 4487 ε
2844 4432 2970 4504 quia
3018 4440 3174 4488 natus
3214 4440 3301 4488 est
3335 4430 3501 4488 vobis
3533 4429 3759 4488 Salvator

2183 4532 2383 4606 (Ibid,
2410 4549 2447 4589 ιι
2465 4533 2506 4604 ).
2522 4531 2693 4605 δίειει
2722 4546 2867 4587 nunc
2889 4530 2942 4586 in
2968 4530 3097 4587 Sion
3112 4529 3201 4586 vel
3227 4528 3282 4585 in
3311 4528 3622 4587 Jerusalem
3644 4542 3759 4582 nun-

553 4625 689 4692 Quia
710 4626 932 4682 cinerem
958 4635 1217 4699 tamquam
1248 4641 1433 4699 panem
1461 4628 1790 4684 manducavi.
1832 4628 1889 4683 In
1918 4629 2067 4685 cine-
2098 4621 2155 4684 D
2181 4630 2348 4685 tiatur
2381 4646 2396 4684 :
2424 4628 2550 4699 quia
2584 4635 2743 4683 natus
2771 4636 2858 4683 est
2887 4627 2941 4682 in
2970 4626 3132 4683 terris
3159 4625 3206 4682 is
3241 4625 3334 4698 qui
3363 4623 3574 4681 mundo
3601 4634 3759 4695 pecca-

474 4732 592 4777 rem
625 4720 955 4792 intingebam
986 4738 1180 4793 panem
1226 4738 1405 4779 meum
1438 4742 1451 4779 :
1481 4734 1537 4779 et
1579 4725 1659 4781 sic
1692 4723 2066 4781 comedebam.

476 4814 535 4873 Si
567 4831 695 4887 ergo
728 4817 993 4888 prepheta
1041 4816 1146 4874 hoc
1193 4817 1346 4888 dicit,
1397 4835 1496 4874 nos
1537 4819 1669 4888 quid
1710 4818 1972 4874 iacimus?
2004 4818 2072 4873 Et

474 4911 719 4982 poculum
748 4927 918 4967 meum
959 4928 1075 4968 cum
1104 4915 1229 4984 ﬂetu
1276 4912 1571 4969 miscebam.
1601 4912 1749 4969 Nihil
1790 4914 1923 4970 mihi
1949 4922 2070 4970 erat

471 5020 662 5076 suave,
706 5022 885 5079 neque
923 5008 1099 5079 panis,
1151 5024 1328 5079 neque
1370 5009 1670 5079 poculum:
1720 5007 1814 5064 sed
1859 5017 2067 5064 tantum

477 5100 756 5159 ctelestem
787 5116 983 5173 panem
1014 5101 1416 5172 desiderabam,
1458 5080 1510 5159 id
1544 5111 1631 5158 est
1656 5099 1954 5159 Christum.

540 5194 585 5248 Α
615 5195 749 5265 facie
781 5195 876 5250 irte
896 5194 1271 5267 indignationis
1302 5204 1428 5251 tuae.
1458 5196 1525 5252 Et
1558 5196 1675 5251 haec
1696 5197 1877 5252 omnia
1902 5196 2067 5255 facie-

467 5283 615 5352 bam,
656 5285 1018 5343 considerans
1049 5284 1343 5343 adventum
1377 5295 1528 5343 tuum
1560 5298 1616 5344 et
1645 5287 1888 5344 futurum
1921 5289 2065 5360 judi-

465 5376 634 5435 cium.
663 5378 800 5445 Quia
835 5382 1038 5435 elevans
1075 5380 1282 5436 allisisti
1314 5397 1413 5435 me.
1464 5380 1578 5435 Hoc
1617 5381 1802 5437 dicant
1835 5384 1925 5455 qui
1959 5383 2064 5439 ali-

464 5470 682 5543 quando
711 5470 936 5529 fuerunt
962 5472 1159 5541 sancti,
1190 5482 1244 5529 et
1270 5474 1610 5531 ceciderunt.
1647 5474 1884 5532 Exaltati
1912 5476 2059 5533 enim

463 5562 519 5621 in
553 5565 860 5635 virtutibus,
885 5575 1075 5637 postea
1102 5565 1440 5624 ceciderunt.
1474 5566 1755 5640 Siquidem
1781 5570 1954 5625 sancti
1978 5570 2062 5626 di-

461 5666 595 5715 cunt
625 5679 638 5713 :
668 5660 793 5732 quis
824 5660 1048 5718 elevans
1074 5660 1303 5718 tenuisti
1341 5677 1452 5719 me.

476 5744 479 5745 ν
532 5750 658 5808 Dies
686 5754 785 5807 mei
804 5754 935 5809 sicut
957 5756 1142 5810 umbra
1171 5755 1584 5828 declinaverunt.
1613 5755 1672 5812 Si
1691 5755 1830 5825 dies,
1854 5766 2058 5827 quanto

2178 4721 2246 4779 tis
2274 4728 2491 4776 mortuo
2511 4720 2674 4777 vitam
2701 4718 2942 4777 τίσει-νει.

2246 4815 2315 4871 1η
2365 4815 2716 4872 conveniendo
2753 4815 2979 4887 populos
3009 4813 3062 4869 in
3090 4830 3251 4870 unum
3271 4829 3291 4870 :
3318 4823 3368 4869 et
3392 4828 3543 4887 reges
3567 4819 3622 4868 ut
3665 4823 3756 4866 ssr-

2172 4909 2313 4966 viant
2343 4907 2588 4965 Domino.
2622 4910 2963 4966 Convenient
2983 4909 3039 4963 in
3060 4923 3169 4964 una
3195 4906 3553 4974 credulitate,
3580 4913 3637 4961 ut
3659 4915 3755 4959 ser-

2172 5004 2323 5060 viant
2351 5003 2727 5075 Redemptori.

2251 5096 2537 5171 Respondit
2590 5098 2637 5151 ei
2680 5096 2737 5151 in
2765 5097 2849 5151 via
2878 5095 3081 5151 virtutis
3106 5110 3216 5151 sua:
3245 5109 3265 5151 :
3291 5096 3614 5165 paucitatem
3659 5090 3755 5144 die-

2173 5207 2289 5246 rum
2323 5206 2554 5246 meorunt
2582 5191 2767 5245 nuntia
2810 5189 2959 5244 mihi.
2992 5189 3296 5262 Respondit
3316 5188 3592 5245 Dominus
3618 5185 3755 5244 Jeru-

2172 5286 2339 5343 salem
2370 5286 2424 5341 in
2446 5284 2534 5339 die
2560 5284 2778 5340 virtutis
2801 5326 2815 5351 ,
2845 5282 2898 5340 id
2928 5292 3013 5340 est
3036 5327 3052 5353 ,
3085 5298 3208 5339 cum
3231 5282 3298 5339 ad
3331 5284 3647 5352 passionem
3677 5293 3754 5335 ac-

2170 5379 2397 5436 cederet
2426 5395 2439 5433 :
2473 5386 2529 5433 et
2556 5376 2905 5433 annuntiavit
2929 5378 3261 5448 paucitatem
3281 5376 3499 5433 dierum
3519 5386 3751 5435 suorum,

2170 5472 2403 5531 dicens:
2436 5471 2574 5541 Quia
2625 5469 2847 5527 venient
2909 5469 3029 5526 dies
3061 5484 3185 5526 cum
3234 5468 3668 5527 circumdaberis
3695 5462 3752 5518 ab

2164 5565 2426 5634 inimicis,
2458 5570 2514 5621 et
2544 5562 2911 5620 eradicaberis
2932 5561 3087 5637 (Luc.
3118 5563 3266 5635 xix),
3295 5571 3353 5619 et
3382 5562 3623 5635 reliqua.

2240 5660 2304 5715 Et
2332 5676 2396 5715 ne
2416 5673 2619 5714 revoces
2648 5672 2730 5712 me
2753 5656 2807 5711 in
2839 5655 3059 5712 dimidio
3080 5657 3283 5712 dierum
3304 5671 3539 5712 meorum
3562 5670 3585 5711 :
3607 5654 3660 5709 in
3676 5665 3751 5724 ge-

2165 5756 2433 5810 neratione
2465 5761 2514 5807 et
2542 5750 2919 5824 generationem
2964 5750 3091 5805 anni
3135 5749 3227 5805 tui.
3264 5748 3440 5823 Iniqui
3474 5763 3583 5808 nec
3606 5743 3753 5805 dimi-

459 5843 634 5914 magis
659 5846 884 5904 noctes?
918 5845 1021 5905 hoc
1062 5855 1169 5917 est,
1198 5847 1246 5906 si
1296 5848 1507 5917 lumen,
1538 5856 1741 5920 quanto
1780 5849 1950 5920 magis
1979 5858 2051 5907 te-
2160 5846 2316 5906 diant
2341 5846 2463 5906 dies
2487 5846 2622 5919 (Ps.
2654 5845 2803 5919 ιιν).
2837 5846 2946 5904 Iste
2970 5859 3105 5905 vero
3137 5855 3278 5920 orat,
3308 5855 3371 5904 ut
3397 5863 3517 5906 non
3546 5857 3753 5907 revoce-

3911 3076 3913 3157 Α

3909 3188 3911 3257 l

3907 3302 3909 3357 l

3906 3370 3907 3457 ι

3904 3508 3905 3557 l

3902 3616 3903 3659 ι

3898 3816 3899 3859 ι

3893 4010 3895 4061 l

3891 4104 3893 4161 λ
