3954 6340
189 284 322 342 “29

1152 279 1580 341 BREVI.\RlUM
1620 277 1686 340 IN
1725 277 2063 339 PSALMOS.
2106 277 2351 337 PSALM.
2391 279 2499 336 Cll.

3338 284 3478 345 1130

187 406 270 453 tur
322 413 354 451 a
385 394 614 452 dimidio
639 395 874 462 dierum,
917 395 1126 453 scilicet
1155 406 1212 454 ut
1250 397 1318 455 ad
1347 397 1646 468 perlectum
1678 411 1770 452 ve-
1796 395 1854 459 Α
1883 395 2024 450 dicat
2056 413 2070 452 :
2101 395 2328 464 Quando
2359 395 2555 465 aliquis
2586 393 2748 451 habet
2803 395 3054 466 Spiritum
3104 395 3470 466 inﬁrmitatis,

185 490 340 548 niens
354 491 534 546 virum
560 489 903 562 perennitate
920 498 1220 562 temporum
1244 506 1365 548 cum
1398 490 1629 546 Domino
1652 504 1774 560 per-

187 579 414 638 fruatur.

254 673 424 730 Initio
455 685 531 744 tu,
563 675 808 745 Domine,
864 685 1055 732 terram
1084 678 1347 750 fundasti,
1381 687 1428 732 et
1467 693 1624 748 Opera
1667 693 1776 731 ma-

187 786 348 825 nuum
395 779 601 825 tuarum
629 779 750 826 sunt
789 772 922 827 caeli.
947 771 1100 828 Sicut
1126 772 1269 828 enim
1302 771 1354 826 in
1388 771 1653 841 principio
1677 771 1774 850 iStu

187 864 384 922 creasti
436 881 451 918 :
507 866 577 920 ita
627 874 682 922 et
732 880 876 922 nunc
899 866 986 923 vel
1029 875 1230 923 terram
1253 865 1504 936 corporis
1529 863 1698 919 nostri
1723 863 1775 919 in

186 975 389 1017 novum
414 975 634 1029 reparas
664 960 968 1018 hominem:
995 961 1082 1018 vel
1114 970 1323 1018 mentes
1353 968 1568 1016 nostras
1611 959 1780 1016 caelo-

185 1069 305 1112 rum
336 1053 599 1124 dignitate
623 1056 932 1126 componis.
956 1054 1063 1112 Sed
1094 1053 1161 1110 de
1189 1053 1464 1125 prioribus
1481 1052 1639 1109 cmlis
1665 1051 1775 1106 ait:

258 1146 372 1218 Ipsi
399 1147 661 1215 peribunt,
721 1157 775 1203 tu
823 1155 993 1202 autem
1033 1163 1322 1216 permanes.
1371 1145 1538 1202 Juxta
1592 1143 1776 1200 illud:

186 1242 396 1300 Caelum
422 1251 478 1298 et
497 1250 640 1298 terra
665 1240 1009 1296 transibunt:
1036 1241 1206 1296 verba
1227 1254 1358 1296 vero
1375 1254 1495 1295 mea
1519 1253 1624 1293 non
1647 1251 1784 1307 pra:-

187 1339 429 1394 teribunt
456 1334 673 1410 (Matth.
695 1351 846 1402 χχιιι,
874 1343 920 1390 et
957 1333 1122 1389 Marc.
1153 1333 1308 1404 xui).
1340 1330 1409 1388 Et
1453 1348 1628 1387 onmes
1655 1331 1783 1384 sicut

187 1434 541 1504 uestimentum
568 1438 900 1486 oeterascent.
933 1429 1000 1483 Et
1040 1429 1175 1484 sicut
1206 1430 1524 1498 opertorium
1565 1424 1784 1480 mutabis

185 1543 293 1596 eos,
328 1533 377 1580 et
426 1524 764 1580 mutabuntur
787 1538 808 1578 :
837 1532 893 1577 tu
942 1531 1114 1577 autem
1159 1522 1294 1575 idem
1322 1520 1432 1590 ipse
1455 1535 1526 1585 es,
1563 1528 1610 1574 et
1661 1517 1785 1572 anni

188 1621 261 1675 tui
301 1634 405 1674 non
445 1618 703 1688 deﬁcient.
741 1616 854 1672 lloe
874 1625 992 1681 est,
1025 1614 1116 1686 qui
1145 1629 1269 1670 eras
1297 1614 1348 1668 in
1379 1613 1534 1670 cmlis
1558 1654 1574 1682 ,
1609 1613 1783 1685 ipsum

188 1722 241 1771 te
269 1712 524 1778 ostendis
548 1713 600 1768 in
634 1709 816 1769 terris.
846 1711 994 1768 Idem
1024 1711 1078 1766 in
1109 1719 1268 1767 utcro
1296 1709 1521 1781 virginis
1547 1727 1560 1764 :
1592 1707 1783 1780 ipsein

1877 498 2187 545 contractus
2215 496 2322 552 est,
2353 485 2611 544 deorsum
2635 486 2932 557 conspicit,
2967 497 3164 545 terram
3196 489 3469 559 intuetur,

1877 580 2076 638 caelum
2110 580 2299 636 videre
2329 595 2432 635 non
2467 589 2663 651 potest.

1954 675 2057 744 Qui
2085 674 2292 731 redimit
2314 675 2378 728 de
2403 674 2616 729 interitu
2642 674 2798 729 vitam
2823 682 2986 729 tuam.
3017 675 3234 744 Pretio,
3268 676 3471 748 inquit,

1880 769 2144 840 redempti
2168 770 2299 825 estis
2324 788 2338 824 :
2360 769 2530 825 nolite
2555 768 2672 824 ﬁeri
2693 768 2836 824 servi
2858 769 3134 825 hominum
3153 769 3192 841 (Ι
3209 768 3331 824 Cor.
3359 778 3476 824 vtet

1881 861 2162 934 vn).Quod
2175 861 2448 934 estmajus
2460 863 2692 934 pretium
2706 877 2868 933 quam
2881 861 3197 918 Creatorem
3213 877 3310 934 pro
3322 877 3474 918 crea-

1885 964 2002 1011 tura
2032 971 2128 1011 sua
2155 956 2472 1028 sanguinem
2497 955 2763 1013 fundere?
2797 955 2902 1024 Qui
2933 966 3144 1012 coronat
3166 965 3215 1010 te
3242 959 3296 1011 in
3324 958 3479 1011 mise-

1882 1050 2109 1104 ricordia
2139 1059 2185 1104 et
2229 1049 2662 1105 miserationibus.
2694 1049 3073 1106 Praecurrcute
3103 1048 3480 1106 misericordia

1884 1141 1974 1198 dat
2005 1141 2308 1208 victoriam,
2339 1140 2529 1197 tribuit
2555 1141 2813 1212 palmam.

1961 1236 2062 1304 Qui
2089 1236 2246 1308 replet
2277 1236 2330 1290 in
2361 1235 2505 1291 bonis
2528 1234 2842 1290 desiderium
2865 1244 3031 1291 tuum.
3060 1235 3405 1308 Conjungens
3431 1243 3484 1293 te

1886 1331 2091 1386 sanctis
2122 1332 2172 1385 in
2197 1329 2404 1387 caelesti
2439 1329 2765 1390 Jerusalem.

1959 1422 2312 1478 Renovabitur
2351 1430 2407 1476 ut
2452 1422 2642 1493 aquila:
2659 1424 2908 1495 juventus
2939 1435 3050 1479 tua.
3079 1423 3150 1482 Ut
3179 1440 3208 1479 a
3233 1415 3404 1482 veteri
3429 1425 3482 1481 in

1888 1530 2087 1571 novum
2112 1514 2388 1571 hominem
2423 1517 2672 1572 muteris.

1961 1603 2187 1662 Faciem
2214 1607 2594 1663 misericordias
2619 1609 2857 1675 Domini,
2891 1620 2940 1665 et
2954 1611 3219 1682 judicium
3250 1613 3488 1670 omnibus

1889 1699 2137 1772 injuriam
2184 1701 2516 1771 patientibus.
2566 1702 2672 1772 Ut,
2715 1705 2994 1776 oppressis
3042 1706 3258 1780 impiis,
3312 1709 3489 1781 erigat

190 1807 467 1864 infernum
508 1804 869 1864 descendens.
900 1804 1048 1861 Idem
1100 1818 1388 1875 resurgens
1434 1818 1464 1858 a
1507 1801 1736 1858 mortuis
1769 1819 1780 1854 :
1812 1797 1862 1860 Β
1891 1808 2157 1864 pauperes
2187 1810 2338 1851 suos.

188 1901 308 1972 ipse
330 1914 610 1971 regressus
639 1914 699 1956 es
729 1899 785 1954 in
815 1900 1034 1955 etclam.

262 1993 393 2050 Filii
443 2011 705 2051 servorum
737 2003 946 2049 tuorum
1004 1991 1330 2048 habitabant.
1379 1991 1516 2060 Quia
1559 1988 1651 2046 tibi
1690 2001 1789 2060 per

187 2093 467 2168 apostolos
490 2101 619 2150 sunt
648 2091 844 2148 renati.
877 2089 943 2145 Et
963 2105 1134 2145 semen
1158 2104 1335 2144 eorum
1354 2089 1408 2143 in
1428 2085 1680 2143 steculum
1706 2085 1788 2140 di-

185 2189 407 2261 rigetur.
441 2186 542 2244 γει
570 2184 910 2258 pratdicatio,
966 2186 1051 2241 vel
1099 2184 1277 2240 virtus
1326 2198 1517 2241 eorum
1551 2183 1604 2237 iu
1639 2181 1786 2238 omni

187 2293 351 2356 gente
380 2281 727 2339 distenditur.
769 2279 880 2337 Nos
914 2294 1046 2336 vero
1077 2280 1436 2350 deprecemur
1467 2278 1785 2344 Dominum,

189 2386 250 2433 ut
278 2376 534 2434 exaudiat
567 2376 851 2432 orationes
895 2374 1230 2446 supplicum,
1275 2371 1551 2429 mentibus
1584 2371 1788 2427 nostris

191 2469 405 2527 inserat
443 2469 626 2526 lumen
659 2484 814 2526 suum
853 2488 863 2522 :
899 2478 956 2524 ut
985 2467 1104 2540 ejus
1145 2467 1600 2539 magniﬁcentiam
1631 2480 1790 2521 enar-

190 2571 406 2630 rantes,
455 2577 770 2620 mereamur
819 2560 1022 2617 sanctis
1060 2560 1179 2632 ejus
1216 2567 1501 2615 consortes
1538 2557 1684 2614 el'ﬁei
1733 2557 1787 2613 in

187 2659 504 2716 caelestibus
544 2658 748 2730 regnis.
773 2656 874 2714 Cui
907 2655 1078 2729 gloria
1107 2665 1162 2713 et
1185 2655 1470 2727 imperium
1502 2653 1554 2709 in
1581 2652 1790 2710 sarcula

185 2755 542 2814 saculorum.
574 2756 768 2811 Amen.

753 2913 1072 2973 PSALMUS
1111 2913 1219 2973 Cll.

187 3055 440 3116 Psalntus
472 3054 666 3112 David.
698 3055 803 3112 Iste
824 3055 1068 3127 psalmus
1097 3055 1337 3110 maxime
1358 3054 1505 3110 circa
1530 3053 1787 3127 pietatem

223 3139 391 3202 atque
430 3125 865 3188 misericordiam
908 3127 1004 3184 Dei
1027 3137 1430 3184 commoratur:
1459 3125 1541 3182 ait
1561 3125 1704 3182 enim
1733 3142 1747 3178 :

260 3293 508 3362 Benedic,
539 3293 714 3348 anima
742 3308 874 3360 mea,
898 3289 1123 3346 Domino
1150 3305 1167 3345 :
1216 3299 1263 3345 et
1291 3289 1461 3344 omnia
1490 3302 1606 3360 qua:
1650 3287 1790 3342 intra

186 3405 274 3443 me
301 3394 447 3453 sunt,
479 3386 677 3442 nomini
706 3393 887 3440 sancto
915 3385 1051 3457 ejus.
1101 3383 1304 3438 Dicitur
1331 3390 1385 3437 et
1415 3382 1466 3436 in
1491 3381 1600 3436 alio
1626 3379 1747 3435 loco
1772 3396 1784 3432 :

186 3480 261 3538 Et
283 3480 520 3547 scitote,
579 3479 838 3550 quoniam
898 3477 1162 3532 Dominus
1213 3477 1329 3548 ipse
1380 3483 1464 3531 est
1495 3475 1634 3530 Deus
1667 3472 1785 3546 (Ps.

187 3572 378 3645 xcrx).
409 3571 476 3627 Et
515 3585 660 3627 nunc
683 3568 882 3627 dicitur
912 3588 922 3622 :
956 3568 1025 3624 Et
1047 3570 1222 3626 omnia
1247 3583 1364 3639 quin
1387 3568 1524 3622 intra
1541 3583 1620 3622 me
1644 3576 1786 3633 sunt,

184 3666 392 3722 nomini
413 3675 591 3720 sancto
608 3669 740 3734 eius.
767 3663 824 3720 Si
848 3663 1171 3730 dixerimus,
1205 3660 1446 3728 Benedic,
1464 3661 1640 3716 anima
1655 3676 1788 3727 mea,

181 3762 419 3818 Domino
447 3777 464 3814 :
497 3771 553 3817 et
611 3758 871 3815 Dominus
893 3751 920 3824 ,'
943 3757 1209 3814 Dominus
1239 3766 1324 3812 est
1357 3775 1368 3808 :
1399 3755 1543 3827 quod
1590 3770 1791 3811 nomen

185 3856 287 3914 hic
311 3856 510 3926 quaerit
530 3854 830 3910 Dominus?
858 3852 914 3910 Si
943 3852 1228 3920 Dominus,
1261 3851 1518 3905 Dominus
1553 3847 1794 3919 appella-

185 3952 320 3997 tur:
348 3941 477 4012 quid
504 3939 678 3996 dicit:
711 3938 779 3994 Et
810 3939 983 3993 omnia
1010 3953 1126 4010 quae
1165 3938 1300 3992 intra
1331 3952 1410 3990 me
1428 3944 1549 3989 sunt
1595 3934 1794 3989 nomini

179 4044 374 4092 sancto
403 4034 552 4105 ejus?
573 4031 856 4089 Adventus
885 4029 1030 4096 Filii,
1082 4043 1280 4085 nomen
1309 4027 1486 4084 Patris
1513 4035 1616 4083 est.
1651 4024 1794 4081 Ante

175 4131 486 4186 adventum
507 4127 710 4184 Christi
741 4125 1016 4183 sciebatur
1035 4125 1174 4182 Deus
1200 4142 1212 4178 :
1235 4123 1398 4180 Pater
1424 4122 1789 4195 ignorabatur.

176 4221 443 4293 Denique
473 4222 588 4294 ipse
614 4219 742 4276 dicit
763 4220 818 4276 in
851 4219 1148 4288 Evangelio
1179 4237 1196 4274 ε
1224 4218 1406 4282 Pater,
1432 4217 1664 4274 revelavi
1697 4233 1794 4275 no-

173 4334 319 4376 men
364 4327 514 4373 tuum
542 4315 852 4371 hominibus
873 4314 1062 4388 (Joan.
1095 4315 1260 4388 xvu).
1289 4317 1408 4373 Non
1433 4331 1718 4390 possumus
1737 4318 1792 4374 in

170 4412 426 4485 singulis
467 4412 750 4470 versiculis
804 4411 1080 4468 immorari
1118 4429 1133 4469 :
1171 4413 1424 4483 quoniam
1471 4413 1664 4485 longus
1710 4422 1794 4470 est

166 4507 436 4581 psalmus
467 4525 479 4560 :
512 4504 607 4562 sed
635 4506 830 4561 breves
860 4505 1213 4562 sententiolas
1262 4504 1521 4562 debemus
1568 4507 1794 4579 singulis

1967 1886 2021 1942 Ν
2027 1897 2140 1943 atas
2163 1887 2281 1958 fecit
2309 1889 2418 1943 uias
2448 1905 2570 1944 suas
2600 1888 2775 1964 Moysi
2807 1907 2825 1946 :
2857 1893 2982 1963 ﬁliis
3014 1891 3182 1950 Israel
3203 1894 3491 1952 voluntates

1889 1996 2029 2036 suas.
2066 1978 2132 2035 Ei
2171 1980 2259 2050 qui
2292 1980 2464 2052 legem
2510 1982 2870 2053 spiritualiter
2901 1985 3174 2058 intelligit,
3207 1985 3289 2044 vel
3319 1988 3367 2045 ei
3399 1989 3493 2059 qui

1889 2089 2013 2130 eum
2043 2074 2240 2130 mentis
2267 2075 2442 2130 oculis
2472 2081 2897 2147 contemplatur.

1965 2166 2263 2224 Misericors
2307 2176 2356 2222 et
2404 2169 2675 2224 miserator
2705 2167 2964 2226 Dominus
2997 2187 3017 2226 :
3047 2173 3250 2244 patiens
3279 2181 3328 2229 et
3356 2175 3492 2230 ntul-

1891 2269 1999 2315 tum
2055 2260 2366 2316 misericors.
2420 2261 2558 2330 Quia
2613 2262 2726 2318 cito
2770 2261 3008 2320 ﬂectitur
3052 2265 3118 2320 ad
3174 2266 3492 2324 misericor-

1888 2355 2058 2412 diam.

1965 2447 2088 2503 Non
2119 2449 2173 2504 in
2193 2457 2499 2521 perpetuum
2519 2452 2796 2521 irascetur,
2821 2469 2980 2524 neque
3005 2454 3057 2508 in
3081 2464 3330 2511 (sternunt
3349 2473 3493 2512 com-

1889 2541 2194 2612 minabitur,
2227 2553 2334 2600 etc.
2373 2543 2596 2602 Meliora
2628 2548 2774 2603 enim
2805 2562 2970 2618 quam
3002 2549 3378 2617 merebamur,
3409 2551 3491 2607 in-

1890 2634 2078 2692 dulsit.

1966 2728 2226 2797 Quoniam
2254 2730 2538 2786 secundum
2587 2731 2919 2787 altitudinem
2948 2733 3061 2789 caeli
3085 2751 3118 2789 a
3147 2744 3286 2791 terra
3316 2753 3494 2792 corro—

1892 2821 2086 2877 beravit
2114 2823 2527 2878 misericordiam
2561 2840 2712 2879 suam
2739 2840 2894 2898 super
2924 2827 3157 2882 timentes
3196 2845 3270 2883 se.
3314 2829 3495 2886 Distat

1891 2915 2122 2973 multum
2161 2916 2363 2973 coelum
2391 2934 2420 2972 a
2454 2928 2629 2986 terra;
2667 2920 2762 2976 sed
2791 2920 2973 2976 divina
3002 2921 3378 2978 misericordia
3407 2923 3497 2994 ju-

1888 3012 2030 3084 giter
2056 3029 2186 3072 suos
2213 3024 2268 3071 et
2303 3017 2559 3086 protegit,
2589 3027 2646 3073 et
2676 3017 2986 3077 conﬁrmat.

1965 3110 2228 3176 Quantum
2254 3108 2416 3165 distat
2444 3121 2587 3166 ortus
2611 3113 2674 3166 ab
2689 3113 2974 3180 occidente,
3005 3113 3156 3187 longe
3178 3116 3300 3187 fecit
3327 3132 3359 3168 (ι
3398 3133 3489 3169 no—

1815 3192 1862 3258 C
1892 3201 1967 3258 bis
1997 3202 2299 3273 iniquitates
2328 3216 2546 3259 nostras.
2585 3204 2686 3261 Ubi
2715 3205 2862 3260 Deus
2889 3207 3313 3278 appropinquat,
3341 3207 3491 3264 elon-

1891 3304 2087 3366 gantur
2129 3295 2324 3352 delicta
2357 3313 2370 3350 :
2407 3305 2495 3366 ut,
2536 3296 2694 3367 juxta
2728 3296 3053 3368 Apostolum
3079 3342 3092 3366 ,
3129 3299 3220 3355 ubi
3254 3299 3493 3356 abundat

1892 3397 2198 3459 peccatum,
2229 3388 2632 3459 superabundet
2663 3399 2719 3446 et
2749 3390 2922 3461 gratia
2954 3389 3145 3464 (Rom.
3185 3391 3270 3464 ν),

1968 3483 2242 3550 Quomodo
2291 3483 2562 3538 miseretur
2610 3493 2757 3557 pater
2810 3484 3078 3555 ﬁliorum,
3131 3488 3374 3543 misertus
3419 3501 3495 3544 est

1893 3573 2154 3631 Dominus
2172 3577 2464 3632 timentibus
2485 3577 2870 3646 se.,llliseretur
2893 3589 3047 3649 pater
3067 3579 3200 3645 ﬁlio,
3226 3596 3348 3637 cum
3365 3598 3490 3637 eum

1896 3672 2148 3728 verberat
2187 3682 2244 3726 ut
2291 3673 2565 3727 emendet.
2598 3672 2674 3728 Ita
2720 3681 2776 3728 et
2818 3672 3082 3728 Dominus
3135 3675 3363 3746 corripit
3393 3691 3492 3730 nos

1896 3765 2168 3822 interdum
2199 3774 2261 3821 ut
2283 3766 2464 3821 salvos
2493 3765 2655 3821 lactat
2688 3783 2700 3820 :
2739 3781 2845 3821 non
2876 3775 3060 3822 tamen
3085 3767 3139 3821 in
3169 3779 3489 3838 perpetuum

1897 3856 2231 3929 derelinquit
2255 3867 2317 3912 ut
2346 3857 2558 3929 perdat.

1972 3950 2231 4019 Quoniam
2273 3951 2383 4022 ipse
2411 3949 2646 4021 cognovit
2701 3949 3008 4024 ﬁgmentum
3063 3960 3318 4006 nostrum.
3376 3953 3492 4010 Scit

1898 4044 2042 4100 enim
2068 4042 2330 4114 propheta
2361 4058 2534 4114 genus
2563 4042 2861 4098 humanum
2892 4052 3169 4113 tamquam
3209 4051 3404 4100 testam
3428 4044 3490 4100 ﬁ-

1897 4135 2007 4207 guli
2046 4136 2115 4192 de
2153 4135 2268 4191 luto
2307 4135 2622 4202 formatam,
2676 4133 2731 4190 in
2779 4134 3044 4191 honorem
3075 4135 3306 4191 liliorum
3346 4137 3490 4193 ascio

1899 4238 2054 4285 tum:
2085 4228 2317 4300 ideoque
2358 4228 2718 4286 considerans
2763 4227 2813 4284 ei
2845 4226 3107 4296 judicium
3158 4229 3348 4284 mortis
3394 4245 3493 4301 pro

1898 4322 2111 4380 delictis
2167 4324 2634 4397 appropinquare,
2678 4323 2754 4378 ait
2794 4322 3231 4380 misericordiam
3290 4325 3488 4397 depre-

1897 4432 2070 4474 cans:
2485 4478 2492 4483 ε

1972 4509 2298 4565 Recordatus
2329 4520 2403 4565 est
2435 4511 2677 4582 quoniam
2713 4510 2882 4582 pulvis
2915 4525 3094 4565 sumus
3115 4554 3129 4579 ,
3175 4511 3326 4568 homo
3359 4513 3492 4568 sicut

163 4600 479 4658 versiculis
509 4610 786 4670 eoaptare,
809 4597 982 4666 magis
1005 4614 1222 4655 sensum
1247 4609 1604 4672 exponentes,
1636 4617 1792 4674 quam
1821 4598 1879 4662 D
1903 4607 2080 4676 fenum
2129 4605 2238 4659 dies
2278 4605 2410 4676 ejus.
2449 4609 2527 4661 Ac
2561 4604 2605 4659 si
2647 4605 2856 4660 diceret
2887 4622 2897 4658 :
2933 4603 3050 4659 Non
3095 4605 3387 4674 irasceris,
3435 4615 3494 4663 ut

160 4693 362 4752 verba
391 4700 651 4749 terentes.

261 4786 493 4842 Benedic
521 4828 537 4852 ,
567 4787 740 4842 anima
793 4804 907 4843 mea
937 4827 952 4854 ,
1009 4787 1232 4843 Domino
1273 4806 1292 4844 :

156 4970 456 5046 prmstitit
510 4972 770 5030 Dominus
802 4989 815 5026 :
847 4973 1073 5044 grandia
1104 4974 1262 5030 nobis
1289 4975 1551 5032 benelicia
1579 4978 1795 5047 praesti-

153 5069 251 5126 tit
289 5085 302 5121 :
337 5066 464 5134 quia
494 5066 713 5137 cmlum,
747 5067 873 5138 quia
905 5076 1130 5139 terram,
1163 5069 1287 5141 quia
1315 5071 1582 5127 elementa
1613 5073 1796 5129 omnia

155 5176 294 5237 pro
329 5160 489 5217 nobis
515 5160 661 5218 fecit.

264 5254 383 5322 Qui
423 5255 739 5325 propitiatur
768 5257 1003 5312 omnibus
1052 5257 1414 5327 iniquitatibus
1442 5259 1564 5314 tuis.
1597 5259 1670 5316 Ut
1707 5275 1802 5317 eas

148 5349 355 5429 quasi
400 5350 598 5406 nubem
649 5350 849 5407 deleat.
902 5352 1003 5419 Qui
1049 5363 1203 5408 sanat
1253 5371 1431 5408 omnes
1473 5355 1801 5425 inﬁrmitates

148 5460 338 5508 tuas.
372 5443 604 5501 Peccata
649 5446 845 5518 quibus
872 5447 1183 5504 inﬁrmaris.
1227 5447 1422 5504 Multas
1461 5448 1804 5506 inﬁrmitates

148 5538 369 5598 habet
397 5535 578 5592 anima
605 5547 810 5593 nostra.
847 5537 988 5606 Quot
1018 5548 1258 5610 peccata,
1313 5549 1391 5596 tot
1432 5540 1802 5598 inﬁrmitates.

1339 4799 1388 4844 et
1416 4791 1523 4846 noli
1569 4791 1796 4847 oblivisci

159 4896 376 4939 omnes
422 4878 784 4934 retributiones
813 4881 948 4946 ejus.
979 4879 1170 4936 Multas
1202 4882 1590 4940 retributiones
1639 4885 1797 4940 nobis

1899 4706 2195 4764 conteras;
2231 4697 2326 4754 sed
2384 4696 2690 4754 recordaris
2732 4697 2878 4769 quod
2907 4712 3032 4754 vasa
3083 4697 3228 4769 ﬁguli
3263 4715 3449 4756 sumus
3471 4716 3491 4756 :

1901 4804 2020 4861 qua:
2064 4790 2236 4845 semel
2268 4789 2578 4854 confracta,
2635 4789 2878 4860 reparari
2941 4803 3047 4844 non
3104 4800 3362 4860 possunt;
3396 4790 3492 4847 sed

1903 4883 2153 4953 protinus
2199 4881 2460 4938 decidunt
2486 4889 2541 4938 et
2589 4890 2864 4938 arescunt.
2910 4881 3194 4953 Tamquam
3237 4884 3336 4952 flos
3379 4883 3494 4955 agri

1899 4976 1974 5030 sic
2023 4975 2283 5046 eﬂlorebit.
2351 4973 2432 5031 Ad
2487 4986 2719 5048 tempus.

1981 5069 2242 5135 Quoniam
2270 5069 2484 5139 spiritus
2531 5072 2828 5140 pertransiit
2855 5070 2910 5124 in
2941 5069 3034 5124 illo
3059 5111 3073 5135 ,
3123 5077 3171 5122 et
3197 5084 3302 5123 non
3325 5069 3494 5124 subsi-

1903 5165 2036 5219 stit:
2065 5172 2245 5218 etnon
2294 5163 2555 5236 cognoscit
2596 5164 2825 5234 amplius
2861 5161 3031 5216 locum
3075 5178 3246 5215 suum.
3293 5159 3496 5218 Trans-

1905 5270 2068 5318 eunte
2090 5271 2270 5316 autem
2293 5260 2510 5329 spiritu,
2531 5260 2709 5316 omnis
2735 5257 3046 5330 iucunditas
3064 5257 3351 5313 viriditatis
3379 5259 3498 5329 ejus

1907 5353 2140 5410 traditur
2164 5353 2454 5409 oblivioni.

1984 5447 2349 5503 Misericordia
2378 5457 2552 5503 autem
2578 5445 2791 5501 Domini
2817 5444 2882 5500 ab
2908 5453 3103 5500 teterno
3128 5485 3142 5512 ,
3184 5453 3230 5499 et
3256 5461 3417 5516 usque
3445 5445 3500 5499 in

1910 5553 2162 5598 aeternum
2179 5557 2330 5614 super
2352 5541 2586 5595 timentes
2604 5554 2739 5593 eum.
2767 5535 2905 5606 Quia
2935 5551 3059 5593 cum
3082 5545 3398 5608 peccatores
3419 5552 3500 5591 ar-

145 5631 454 5702 Denique
481 5640 536 5686 et
562 5631 652 5687 illa
702 5631 919 5696 rnuliet,
949 5631 1002 5686 in
1040 5632 1353 5704 Evangelio,
1383 5650 1503 5706 quae
1531 5634 1722 5691 decem
1753 5645 1810 5692 et
1910 5638 2043 5710 gnit,
2077 5636 2236 5708 iustis
2257 5634 2687 5692 misericordiam
2720 5632 2949 5703 praebet.

144 5733 328 5785 octo
359 5721 514 5777 annis
570 5722 806 5778 habebat
860 5723 1110 5793 spiritum
1157 5726 1507 5796 inﬁrmitatis,
1541 5738 1596 5784 et
1644 5738 1811 5799 caput

146 5830 426 5882 sursum
461 5814 675 5887 erigere
707 5829 820 5872 non
845 5825 1052 5887 poterat
1078 5817 1092 5889 (
1116 5817 1238 5874 an.
1276 5819 1430 5894 λιιι).
1464 5821 1654 5880 Videte
1679 5822 1808 5894 quid

495 5931 774 5993 Pnnoc.
824 5931 1035 5994 XXVI

1985 5729 2055 5784 Et
2063 5730 2274 5803 justitia
2299 5731 2409 5801 ejus
2441 5728 2494 5780 in
2526 5727 2663 5796 ﬁlios
2693 5724 2924 5796 ﬁliorum
2951 5725 3028 5780 his
3051 5726 3138 5795 qui
3165 5733 3370 5781 servant
3403 5735 3506 5780 tes-

1916 5831 2197 5880 tamentum
2226 5825 2362 5894 ejus,
2411 5830 2458 5876 et
2487 5834 2733 5875 memores
2781 5826 2901 5874 sunt
2929 5818 3289 5892 mandatorum
3348 5819 3510 5890 ipsius

2912 5933 2990 5997 36
