3954 6340
452 275 585 338 1131

1241 275 1585 337 APPENillX
1625 280 1715 336 AD
1754 273 1994 337 TUMUM
2035 271 2386 336 SEPTIMUM
2429 277 2486 334 S.
2533 270 2934 337 lllEBONYMI.

3626 284 3762 340 ΗΒΕ

453 399 523 452 ad
537 395 833 470 faciendum
873 411 952 450 ea.
989 394 1042 449 In
1081 393 1337 464 operibus
1386 394 1569 466 utique
1616 393 1772 450 bonis
1809 409 1823 448 :
1855 392 2056 464 quibus
2082 390 2135 458 Α
2161 391 2370 445 siculus
2394 390 2472 446 illi
2498 391 2589 462 qui
2616 391 2721 446 ait:
2753 391 2941 446 Posuit
2966 390 3220 448 tenebras
3239 387 3526 448 latibulum
3557 407 3756 447 suum:

454 492 707 548 mandata
734 490 828 546 Dei
850 489 1054 562 iugiter
1081 495 1477 555 memorantur,
1504 498 1563 543 ut
1585 486 1964 544 custodiantur
1984 485 2054 543 ab

448 587 604 655 ipsis.

523 681 781 737 Dominus
820 680 874 733 in
918 678 1044 734 creto
1095 676 1292 750 pararit
1322 676 1492 732 sedem
1547 687 1728 741 suam,
1761 683 1807 730 et
1836 690 2052 746 regnum

451 777 615 847 ipsius
633 774 870 830 omnibus
899 773 1272 830 dominabitur.
1297 770 1690 828 Ascensionem
1714 771 2048 826 Dominicam

452 868 716 940 praadicit,
747 883 870 938 qua:
905 877 1024 938 post
1056 868 1457 936 reparationem
1488 865 1726 922 hominis
1754 863 1891 920 facta
1923 871 2006 920 est
2035 883 2044 918 :

454 973 550 1032 per
597 977 757 1031 quam
789 960 1039 1016 Christus
1079 956 1334 1014 Dominus
1365 959 1650 1014 universos
1688 956 1876 1013 mundi
1913 956 2050 1011 ﬁnes

451 1068 566 1110 sua:
597 1050 952 1110 dominationi
987 1052 1222 1124 subegit.

522 1145 818 1202 Beutdicite
850 1147 1159 1213 Dominum,
1193 1143 1366 1216 angeli
1396 1147 1527 1218 ejus.
1558 1142 1741 1200 Nuntii
1778 1142 2041 1199 veritatis.

450 1237 691 1292 Potentes
713 1239 916 1301 virtute,
942 1238 1189 1308 facientes
1215 1239 1420 1293 verbum
1445 1236 1606 1291 illius.
1630 1235 1780 1292 Illico
1793 1251 1912 1306 qua:
1931 1233 2046 1292 fue-

446 1335 519 1388 rit
545 1335 775 1400 Iot-utus,
802 1333 1108 1403 explentes.
1132 1331 1212 1386 Ad
1229 1330 1541 1386 audiendam
1563 1346 1732 1384 uocem
1754 1343 2047 1384 sermonum

447 1431 581 1497 eius.
618 1428 729 1484 iioc
759 1438 865 1499 est,
899 1425 1204 1499 intelligere
1227 1441 1348 1496 qua:
1390 1425 1735 1497 praeceperit.

518 1521 812 1576 Benedicite
843 1521 1086 1587 Domino,
1110 1537 1282 1574 omnes
1305 1521 1512 1575 virtutes
1531 1523 1666 1593 ejus,
1690 1519 1913 1573 ministri
1933 1521 2046 1591 ejus

443 1614 528 1685 qui
557 1613 730 1684 facitis
753 1610 1068 1666 voluntatem
1091 1613 1224 1685 ejus.
1254 1611 1376 1678 Qui,
1399 1611 1601 1668 virtute
1619 1609 1764 1666 illius
1783 1610 2042 1676 roborati,

443 1705 669 1761 verbum
702 1704 962 1759 Ecclesiis
992 1703 1333 1758 ministratis.

2157 484 2255 542 Vel
2301 485 2380 541 illi
2423 487 2512 557 qui
2561 487 2730 543 dicit:
2772 485 2952 542 Nubes
2983 493 3038 542 ct
3062 485 3235 558 caligo
3273 487 3325 542 in
3353 487 3590 543 circuitu
3617 487 3760 557 eius.

2155 581 2262 638 Sed
2292 583 2573 639 sciendum
2605 585 2727 655 quia
2756 585 2825 640 de
2853 584 3078 641 occultis
3109 584 3384 657 mysteriis
3425 583 3530 639 ista
3561 583 3762 640 dicun-

2158 687 2284 732 tur:
2337 691 2460 733 nam
2510 677 2581 734 de
2620 677 2773 736 istius
2817 676 2954 734 lucis
2990 677 3330 750 plenitudine
3359 687 3468 734 tota
3501 688 3644 735 terra
3677 693 3760 735 Ie-

2155 768 2343 842 fulget.

2229 861 2526 919 Extendens
2549 863 2732 920 cretum
2755 865 2888 920 sicut
2919 865 3123 934 pellem.
3174 864 3227 920 in
3261 861 3484 920 modum
3513 863 3663 920 enim
3696 864 3760 917 li-

2155 955 2238 1010 bri
2266 954 2575 1026 cujusdam,
2606 957 2723 1013 sive
2756 957 3073 1026 voluminis,
3100 958 3320 1026 cretum,
3347 968 3470 1012 cum
3498 957 3759 1028 maiestas

2156 1049 2251 1105 Dei
2303 1049 2584 1115 voluerit,
2637 1050 2722 1106 vel
2767 1049 3100 1116 extenditur,
3157 1051 3242 1106 vel
3292 1050 3568 1122 plicetur:
3611 1051 3759 1106 sicut

2156 1141 2478 1212 Evangelica
2525 1147 2758 1198 testatur
2809 1144 2962 1200 tidcs.
3011 1143 3114 1212 Qui
3143 1145 3270 1216 tegis
3298 1144 3451 1215 aquis
3483 1142 3760 1214 superiora

2152 1235 2286 1301 ejus.
2330 1234 2626 1306 SUperiora
2671 1237 2796 1294 caeli
2827 1279 2842 1306 ,
2882 1237 3036 1308 iuxta
3065 1235 3321 1294 Genesitn
3344 1282 3356 1302 ,
3391 1236 3463 1314 ab
3489 1238 3646 1308 aquis
3677 1245 3760 1292 ιιι

2150 1337 2356 1398 guntur
2384 1327 2540 1400 (Gen.
2565 1336 2607 1396 ι)
2633 1345 2647 1384 ;
2676 1330 2800 1400 quia
2828 1343 2998 1401 aquas
3029 1343 3192 1400 super
3223 1329 3627 1386 ﬁrmamentum
3660 1344 3761 1400 po-

2149 1419 2283 1474 sitas
2312 1418 2487 1477 dicit:
2521 1435 2657 1492 quas
2699 1421 3103 1478 multitudinem
3133 1422 3454 1493 angelorum
3486 1423 3758 1492 intelligi-

2152 1527 2270 1567 mus
2299 1531 2308 1565 :
2342 1513 2498 1583 juxta
2533 1513 2662 1570 illttd
2695 1533 2705 1569 :
2742 1515 2911 1587 Aqua:
2939 1531 3060 1586 qum
3086 1527 3255 1588 super
3281 1518 3450 1574 calas
3482 1525 3608 1572 sunt
3639 1517 3759 1572 lau-

2150 1605 2282 1662 deut
2312 1622 2511 1663 nomen
2545 1607 2762 1663 Domini
2794 1607 2968 1680 (Psal.
2988 1609 3235 1679 CXLVIII).

2225 1702 2328 1770 Qui
2360 1704 2510 1774 ponis
2548 1704 2732 1760 nubem
2780 1721 3048 1760 ascensum
3089 1713 3258 1760 tuum.
3308 1704 3571 1761 Dominus
3602 1706 3756 1760 enim

515 1797 812 1852 Benedicite
844 1797 1096 1863 Domino,
1132 1798 1308 1852 omnia
1346 1814 1498 1870 apem
1531 1799 1661 1868 ejus.
1713 1797 1820 1852 Vos
1859 1798 2043 1868 utique
2079 1795 2120 1865 Β
2147 1795 2306 1851 Jesus
2327 1838 2341 1862 ,
2373 1796 2681 1854 benedictis
2709 1797 2992 1868 discipulis
3019 1842 3032 1867 ,
3067 1797 3317 1854 elevatus
3346 1807 3460 1863 est,
3495 1808 3549 1854 et
3577 1797 3758 1854 nubes

443 1891 534 1962 qui
561 1894 612 1945 in
641 1905 707 1946 eo
736 1891 944 1946 vivitis.
984 1892 1117 1958 Quia
1140 1905 1302 1946 ontne
1331 1905 1466 1961 opus
1491 1891 1634 1961 quod
1661 1889 1860 1946 factum
1884 1903 1967 1947 est
1987 1892 2044 1946 in

441 1999 507 2040 eo
530 1985 643 2038 vita
666 1995 748 2040 est
769 1983 822 2056 (.1
832 2001 950 2038 oan.
986 1984 1058 2052 ι).
1082 1982 1147 2038 In
1171 1985 1306 2038 omni
1330 1983 1441 2038 loco
1467 1983 1831 2038 dominationis
1855 1985 2038 2054 ipsius.

441 2079 588 2133 Nihil
610 2079 756 2132 enim
783 2078 1053 2144 reperitur
1083 2076 1171 2131 ubi
1202 2091 1306 2132 non
1339 2075 1670 2132 dominetur.
1697 2076 1889 2133 Omnia
1911 2093 2043 2134 con:

441 2172 597 2239 tinet,
620 2181 673 2226 et
693 2184 754 2227 se
785 2169 984 2240 ubique
1010 2167 1280 2224 diffundit.
1304 2168 1544 2238 Benedic,
1569 2172 1744 2228 anima
1772 2187 1902 2236 mea,
1931 2169 2042 2226 Do-

439 2265 657 2316 minum.
694 2261 819 2316 Haec
864 2271 1043 2315 autem
1099 2261 1360 2331 pr0plteta
1417 2275 1522 2317 n0n
1569 2262 1637 2318 de
1683 2277 1781 2318 sua
1831 2267 2038 2320 tantum

435 2355 610 2409 anima
639 2395 653 2419 ,
682 2353 777 2408 sed
818 2364 873 2408 et
903 2353 967 2406 ad
1003 2365 1224 2408 u05tras
1256 2369 1473 2424 quoque
1521 2357 1728 2411 animas
1770 2357 2035 2426 loquitur,

437 2453 494 2499 ut
521 2459 644 2500 eum
672 2444 871 2514 iugiter
895 2443 1220 2499 henedicant
1242 2445 1330 2514 qui
1354 2445 1493 2501 bona
1525 2446 1766 2517 largitur,
1797 2447 1888 2518 qui
1914 2463 2035 2517 fec-

435 2540 573 2594 catis
602 2537 950 2607 proliitiatur,
984 2538 1073 2607 qtti
1104 2536 1171 2591 de
1200 2536 1418 2592 interitu
1447 2536 1697 2604 redimit;
1730 2539 1819 2606 qui
1846 2541 1898 2593 in
1941 2541 2036 2595 bo-

432 2631 516 2684 nis
543 2644 705 2684 omne
733 2628 1064 2685 desiderium
1091 2644 1210 2683 cum
1222 2630 1331 2699 plet
1359 2647 1368 2682 :
1393 2631 1482 2701 qui
1515 2647 1657 2686 nunc
1690 2633 1848 2688 nobis
1874 2633 2034 2690 mise-

434 2723 539 2777 reri
575 2722 830 2802 dignetur
870 2731 932 2776 ut
964 2731 1118 2792 pater
1147 2722 1293 2789 ﬁliis,
1337 2723 1660 2779 delictorum
1690 2726 1924 2780 molibus
1949 2725 2034 2782 hic

434 2817 711 2882 remissis;
742 2815 827 2870 cui
864 2826 949 2870 est
993 2830 1116 2871 cum
1149 2826 1362 2872 aeterno
1404 2815 1563 2872 Patre
1589 2823 1645 2872 et
1675 2817 1876 2888 Spiritu
1900 2831 2028 2872 sane

434 2919 521 2966 cto
555 2910 808 2965 honoret
833 2909 1008 2979 gloria
1039 2911 1090 2964 in
1123 2911 1324 2966 saecula
1360 2911 1706 2966 saeclorum.
1739 2910 1932 2967 Amen.

988 3064 1304 3122 PSALMUS
1333 3066 1464 3121 CIII.

2147 1889 2384 1958 suscepit
2436 1889 2585 1944 illum
2609 1931 2625 1956 ,
2675 1899 2731 1945 et
2761 1890 3108 1945 intuebantur
3139 1906 3262 1946 eum
3293 1901 3518 1946 euntem
3552 1891 3605 1945 in
3636 1905 3758 1947 εω-

2149 1982 2259 2038 lut'n
2314 1984 2453 2054 (Act.
2487 1985 2552 2054 ι).
2607 1985 2710 2051 Qui
2747 1985 2984 2040 ambulas
3027 2001 3184 2057 super
3223 2003 3421 2058 pennas
3455 1994 3751 2042 ventorum.

2144 2075 2321 2148 Super
2347 2091 2562 2134 omnem
2603 2079 2940 2136 alacritatem
2986 2091 3270 2136 ventorum
3306 2081 3565 2136 Dominus
3597 2082 3758 2136 ince-

2143 2169 2241 2225 dit.
2285 2169 2394 2228 Sed
2423 2183 2475 2228 et
2495 2187 2660 2243 super
2677 2183 2986 2230 sanctorum
3015 2176 3224 2230 animas
3251 2190 3373 2247 qua:
3401 2174 3467 2230 ad
3498 2176 3751 2232 caelestia

2144 2264 2396 2332 tendunt,
2423 2276 2480 2322 et
2510 2267 2812 2323 inambulat
2842 2276 2899 2323 et
2924 2268 3181 2338 quiescit.

2215 2356 2316 2423 Qui
2343 2358 2473 2428 facis
2502 2359 2719 2431 angelos
2743 2371 2860 2416 tuos
2893 2363 3131 2433 spiritus.
3173 2360 3238 2418 Ut
3267 2361 3536 2434 inspirent
3563 2361 3752 2418 humi-

2142 2449 2304 2504 nibus
2342 2449 2461 2520 eius
2513 2451 2690 2507 facere
2743 2453 3076 2509 veluntalem
3107 2472 3118 2507 :
3151 2460 3277 2524 quia
3306 2455 3549 2510 carnalis
3576 2454 3751 2510 homo

2141 2555 2247 2596 non
2279 2543 2428 2613 capit
2455 2557 2518 2597 ea
2549 2560 2670 2614 qua:
2708 2553 2835 2600 sunt
2867 2545 2988 2601 Dei.
3029 2544 3100 2600 Et
3130 2547 3397 2601 ministros
3427 2556 3542 2601 tuos
3565 2548 3748 2620 ignem

2139 2649 2390 2694 urentem.
2451 2639 2522 2696 Ut
2577 2641 2627 2695 in
2665 2642 2789 2696 alii's
2831 2641 3014 2698 lumen
3045 2642 3291 2698 veritatis
3322 2641 3652 2698 infundant:
3688 2643 3746 2697 in

2136 2731 2258 2787 aliis
2287 2744 2506 2802 peccata
2536 2745 2881 2790 consumant.

2211 2824 2316 2892 Qui
2362 2826 2594 2896 fundasti
2632 2835 2822 2881 terram
2851 2844 3006 2898 super
3031 2827 3366 2883 stabilitatem
3392 2845 3543 2883 suam
3569 2871 3584 2894 ,
3627 2839 3742 2884 etc.

2139 2917 2462 2976 Discordare
2494 2919 2743 2976 videntur
2776 2922 2890 2978 haec
2915 2935 3037 2977 cum
3068 2922 3163 2978 illo
3190 2966 3204 2988 ,
3253 2923 3341 2978 ubi
3373 2924 3453 2978 ait
3480 2941 3490 2974 :
3519 2920 3742 2980 Caelum

2133 3022 2188 3066 et
2241 3020 2382 3066 terra
2435 3013 2765 3070 transibunt.
2810 3016 2917 3070 Sed
2964 3015 3082 3071 haec
3121 3015 3358 3071 visibilis
3411 3025 3556 3071 terra
3591 3031 3744 3086 prte-

2136 3107 2264 3162 terit
2299 3125 2310 3160 :
2335 3111 2578 3179 corporis
2603 3125 2734 3165 vero
2768 3121 2908 3168 terra
2937 3119 3060 3182 qnee
3089 3110 3327 3167 trttctum
3358 3111 3582 3168 exhibet
3608 3125 3742 3166 san-

431 3178 672 3264 Psalmus
712 3180 911 3275 Dapid;
947 3179 1052 3236 Iste
1080 3183 1319 3275 psalmlus
1352 3183 1522 3275 ius-ius
1546 3193 1809 3275 creatp‘raa
1838 3199 2018 3275 rogem

2146 3200 2371 3268 :titatis,
2406 3205 2793 3275 mysteriorum
2821 3204 3124 3260 ctelestiutn
3146 3204 3308 3274 pallio
3335 3204 3736 3260 circumdatur.

501 3255 745 3308 continet
791 3252 1101 3308 laudantem
1148 3268 1210 3308 ac
1243 3253 1652 3308 benedicentem
1697 3255 1887 3310 Deum.
1917 3255 2024 3312 Sed

500 3323 604 3379 hoc
635 3324 810 3394 ipsum
853 3324 1208 3394 spiritualiler
1247 3325 1508 3380 debemus
1539 3326 1842 3382 advertere.

502 3457 771 3523 Benedic,
819 3460 993 3513 anima
1048 3475 1190 3529 mea,
1246 3461 1490 3518 Domino.
1563 3464 1625 3520 Ut
1677 3466 1801 3521 dum
1860 3469 2020 3524 bene-

429 3551 565 3605 dicis
615 3551 796 3616 illtuu,
855 3564 908 3606 tu
957 3553 1294 3609 benedicaris
1337 3557 1404 3610 ab
1455 3556 1567 3611 illo.
1621 3557 1885 3615 Provoeat
1937 3575 2023 3617 se-

431 3644 717 3713 metipsum
773 3645 1035 3716 propheta
1100 3647 1152 3701 iu
1228 3647 1593 3704 benedicendo
1659 3652 2021 3710 Deo.,Bene-

424 3737 607 3791 dicere
636 3746 813 3792 autem
858 3737 1108 3805 Duntiuo,
1163 3739 1265 3795 hoc
1305 3752 1428 3806 est,
1463 3744 1550 3814 qui
1607 3744 1789 3800 laudat
1839 3746 2016 3801 Domi-

425 3848 549 3886 num
578 3873 592 3898 ,
644 3833 997 3902 semetipsum
1031 3834 1324 3890 ht-ncdicit.
1383 3835 1603 3892 Domine
1649 3837 1790 3895 Deus
1854 3857 2016 3895 meus.

424 3924 691 3980 Omnibus
719 3925 934 3996 quidem
964 3939 1023 3981 es
1057 3937 1108 3982 et
1147 3929 1310 3994 Deus,
1343 3939 1397 3984 et
1425 3931 1716 3997 Dominus;
1757 3934 1850 3988 sed
1883 3934 2016 3990 mihi

423 4020 659 4088 proprie,
693 4019 816 4090 quia
872 4035 976 4074 non
1005 4035 1124 4074 sum
1153 4036 1341 4077 servus
1373 4025 1602 4092 peccati.
1624 4023 2017 4096 .Magniﬁcatus

421 4130 472 4167 es
499 4111 836 4168 vehementer.
874 4113 970 4168 Vel
1001 4113 1054 4168 in
1082 4131 1190 4182 Ine,
1217 4116 1298 4170 vel
1327 4117 1378 4169 in
1404 4117 1628 4188 reliquis
1657 4121 1860 4173 sanctis
1885 4121 2008 4175 tuis.

421 4203 523 4273 Qui
547 4208 785 4260 omnium
815 4206 977 4270 Deus,
1003 4221 1160 4261 meus
1189 4209 1498 4278 specialiter
1529 4210 1670 4266 Deus
1702 4230 1714 4266 :
1751 4213 1875 4282 quia
1904 4230 2011 4270 non

419 4311 537 4348 sum
578 4311 770 4352 servus
800 4297 1029 4367 peccati,
1065 4299 1186 4367 quia
1221 4301 1393 4353 merui
1430 4301 1611 4356 vorari
1645 4317 1834 4358 servus
1865 4312 2007 4360 tuus.

416 4387 787 4458 Magniﬁcatus
813 4404 872 4443 es
900 4390 1268 4445 vehementer.

489 4480 876 4551 Confessionem
905 4492 952 4536 et
982 4483 1214 4537 decorem
1244 4484 1479 4539 induisti.
1533 4485 1757 4542 Induisti
1789 4489 2001 4546 confes-

2204 3296 2373 3369 Super
2412 3308 2610 3353 montes
2656 3297 2860 3354 stabunt
2909 3313 3079 3370 uquw.
3133 3299 3310 3368 Super
3339 3295 3612 3356 excelsam
3643 3313 3738 3354 su.

2130 3389 2369 3458 perbiam
2405 3389 2728 3461 insipientes
2759 3391 2941 3462 populi
2974 3401 3404 3447 commorantur.
3447 3389 3523 3446 Ab
3561 3390 3739 3446 inerte

2126 3483 2335 3553 potione
2359 3492 2444 3538 tua
2476 3484 2674 3557 fugient
2708 3502 2726 3539 :
2756 3503 2786 3539 a
2819 3501 2937 3540 coce
2977 3487 3194 3539 tonitrui
3239 3485 3316 3539 tui
3347 3485 3728 3555 formidabant.

2127 3575 2240 3632 Vox
2292 3579 2436 3634 enim
2485 3589 2574 3635 tua
2619 3591 2704 3636 est
2750 3595 2869 3636 cum
2900 3580 3072 3636 dicis:
3110 3579 3499 3636 Paenitentiam
3541 3579 3729 3650 agite:

2121 3672 2581 3744 appropinquabit
2614 3688 2838 3744 regnum
2867 3671 3136 3728 caelorum
3165 3669 3384 3740 (Matth.
3417 3671 3519 3743 III).
3567 3669 3731 3725 Tam-

2120 3777 2282 3834 quam
2315 3765 2612 3821 tonitruum
2647 3780 2809 3835 vero,
2850 3774 2909 3820 ut
2941 3764 2994 3820 hi
3029 3765 3286 3832 timeant,
3318 3775 3438 3820 cum
3474 3763 3728 3828 mittaris,

2121 3871 2245 3910 cum
2271 3856 2378 3911 ais:
2399 3855 2510 3912 Nisi
2540 3859 2911 3927 paenitentiam
2938 3857 3176 3930 egeritis,
3201 3872 3392 3935 omnes
3417 3857 3576 3913 simul
3599 3871 3728 3929 pere

2120 3947 2268 4003 ibitis
2301 3948 2455 4019 (Luc.
2497 3951 2642 4022 χιιι).

2190 4038 2490 4096 Ascendunt
2531 4060 2723 4099 omnes.
2759 4041 2944 4100 Sancti
2976 4043 3028 4100 tu
3063 4037 3397 4117 Spirilualem
3430 4043 3724 4116 proﬁciunt

2118 4131 2562 4203 intelligentiam.
2613 4133 2674 4190 Et
2711 4136 3031 4192 descendunt
3063 4139 3255 4210 campi.
3311 4136 3504 4208 POpuli
3525 4152 3724 4192 eorum

2115 4223 2384 4282 doctrinis
2429 4227 2672 4297 subditi,
2728 4235 2786 4286 ut
2833 4231 3092 4287 virtutum
3124 4223 3353 4288 ﬁoribus
3379 4229 3718 4303 repleantur.

2114 4315 2182 4371 In
2214 4319 2383 4374 locum
2408 4335 2558 4393 quem
2590 4323 2829 4394 fundasti
2861 4325 2953 4379 eis.
2997 4324 3056 4380 in
3085 4335 3414 4382 conventum
3450 4323 3720 4382 Ecclesia-

2110 4409 2329 4465 sticum.

2187 4503 2488 4560 Terminum
2520 4510 2740 4578 posuisti
2773 4526 2922 4583 quem
2953 4529 3055 4567 non
3089 4509 3552 4586 transgredientur.
3608 4513 3718 4568 Οτι-ι

415 4574 626 4630 sionem
655 4574 880 4676 dice-nsi
911 4575 1385 4676 Conﬁtebor-tihi,‘
1411 4577 1660 4647 Domine,
1691 4581 1850 4636 Pater
1877 4583 2002 4638 caeli
2036 4572 2090 4633 Ι)
2111 4597 2366 4653 moneam
2410 4572 2596 4670 “ml-ue
2639 4572 2798 4658 "de";
2820 4649 2834 4673 ’
2885 4619 3046 4675 quam
3081 4572 3258 4676 usqu;
3299 4607 3368 4661 ad
3413 4607 3710 4662 terminum

413 4677 469 4722 et
501 4677 659 4722 terrae
692 4667 908 4736 (Matth.
945 4668 1046 4740 ιι).
1092 4664 1320 4724 lnduisti
1351 4671 1609 4738 decorem,
1645 4675 1736 4727 illo
1767 4674 1836 4730 de
1865 4677 2005 4732 nube

411 4759 695 4830 splendida
724 4761 1090 4831 respondente
1114 4781 1126 4817 :
1160 4763 1258 4818 llic
1283 4774 1367 4818 est
1396 4765 1564 4821 Filius
1591 4783 1741 4822 meus
1770 4767 2002 4825 dilectus

409 4856 462 4910 in
493 4873 600 4927 quo
627 4857 766 4913 bene
794 4860 1092 4929 complacui
1124 4856 1350 4930 {ipsum
1381 4861 1564 4918 audite
1590 4863 1808 4935 (Matth.
1841 4870 1996 4935 xvu).

407 4949 694 5006 Confrssio
723 4951 1014 5023 dupliciter
1044 4953 1388 5025 intelligitur.
1432 4959 1541 5013 Aut
1569 4959 1619 5012 in
1653 4960 1994 5030 pteniteutia,

404 5043 575 5095 autin
606 5042 776 5112 gloria
812 5046 902 5100 llei
931 5063 943 5097 :
975 5046 1090 5100 llvc
1119 5053 1221 5111 est,
1253 5049 1480 5116 gloriam
1515 5049 1734 5107 induisti
1764 5096 1774 5106 .
1807 5069 1995 5123 quem-

403 5132 694 5189 admodum
744 5136 799 5190 in
849 5137 1145 5208 Evangelio
1181 5139 1299 5208 ipse
1331 5139 1586 5198 SaIVatur
1629 5144 1761 5199 dicit
1809 5145 1996 5202 :Con-

2099 5067 2245 5120 lium.

2109 4692 2398 4758 prmsentis
2432 4693 2554 4747 vita)
2595 4681 2931 4752 custodiunt.
2990 4698 3171 4770 Neque
3200 4709 3564 4754 conrertentur
3589 4717 3713 4774 ope-

2105 4784 2210 4838 rire
2239 4792 2447 4839 terram.
2494 4785 2549 4838 In
2585 4787 2805 4860 ﬂagitiis
2836 4790 3030 4861 quibus
3055 4792 3204 4862 prius
3233 4793 3500 4849 vixerant.

2177 4877 2279 4945 Qui
2306 4881 2495 4936 emittis
2525 4881 2691 4952 fontes
2715 4885 2767 4938 in
2791 4883 3140 4941 convallibus.
3166 4885 3312 4942 inter
3338 4887 3556 4942 deserta
3578 4903 3710 4960 gett-

2104 4971 2264 5039 tium,
2297 4973 2550 5044 baptismi
2584 4977 2814 5046 gratiam
2853 4978 3062 5034 tribuit.
3109 4977 3257 5033 Inter
3297 4980 3523 5034 medium
3562 4995 3708 5035 mon-

2331 5066 2386 5121 ltl
2427 5079 2552 5133 est,
2614 5071 3005 5128 Ecclesiarum.
3087 5071 3701 5147 Pertransibunt'aqutc.

2095 5157 2274 5230 Ipsius
2308 5161 2508 5217 lavacri
2535 5203 2551 5228 ,
2585 5163 2700 5220 sive
2723 5148 3008 5222 doctoris:
3043 5168 3320 5237 irrigandu
3350 5169 3512 5226 donis
3537 5170 3703 5226 cmic-

2095 5252 2268 5305 stibus
2295 5255 2578 5323 populum.

2170 5341 2236 5395 Et
2267 5344 2518 5415 potabant
2549 5363 2724 5402 omnes
2749 5349 2922 5406 bestia:
2949 5356 3086 5423 agri,
3119 5355 3493 5427 exspectabam
3517 5359 3695 5428 onagri

2094 5435 2148 5488 in
2177 5437 2263 5489 siti
2292 5453 2409 5493 sua.
2465 5439 2532 5495 Ut
2561 5442 2814 5498 omnibus
2848 5443 2964 5500 haec
3003 5448 3173 5514 gratia
3217 5450 3507 5520 aequaliter
3538 5452 3698 5508 mini;

2092 5535 2340 5584 stretur:
2375 5529 2518 5587 sicut
2543 5533 2618 5587 ait
2644 5533 2879 5590 Paulus:
2916 5536 3268 5608 Sapientibus
3299 5549 3352 5598 et
3388 5543 3690 5614 insipienti-

2093 5617 2194 5674 bus
2217 5619 2432 5678 debitor
2453 5639 2571 5679 sum
2600 5623 2776 5697 (Rom.
2813 5627 2873 5698 I).

2164 5712 2338 5782 Super
2362 5731 2424 5769 ea
2452 5716 2682 5773 volucres
2703 5720 2819 5775 caeli
2838 5719 3162 5778 habitabant.
3204 5723 3305 5792 Qui
3329 5725 3680 5784 excelsiorem

2090 5803 2156 5859 ad
2196 5803 2621 5880 intelligendum
2654 5822 2979 5870 meruerunt
3007 5827 3248 5872 sensum.
3295 5815 3374 5873 De
3399 5819 3568 5877 medio
3601 5835 3682 5891 pc-

396 5225 589 5283 ﬁtebor
636 5227 730 5282 tibi
759 5269 773 5295 ,
823 5227 1020 5287 Pater:
1055 5229 1157 5285 hoc
1184 5243 1264 5287 es1
1293 5277 1308 5299 ,
1339 5233 1582 5303 gloriﬁco
1615 5247 1666 5292 te
1699 5257 1712 5291 :
1745 5250 1833 5294 aut
1866 5243 1989 5311 quia

394 5320 721 5375 conﬁtemur
754 5334 972 5391 peccata
1008 5333 1194 5379 nostra
1227 5327 1474 5383 Domino.
1509 5329 1566 5384 In
1589 5346 1656 5386 en
1679 5333 1822 5388 enim
1847 5335 1988 5404 quod

389 5411 712 5468 conﬁtemur
762 5415 872 5470 Deo
916 5429 1136 5487 peccata
1172 5427 1393 5486 nostra,
1431 5420 1798 5492 gloriﬁcamus
1836 5437 1980 5482 eum.

387 5504 458 5559 Et
487 5505 718 5560 decorem
743 5507 977 5562 induisti.
1003 5509 1195 5566 Videte
1221 5513 1488 5569 ordinem.
1515 5515 1752 5572 Primum
1784 5518 1983 5590 aliquis

386 5597 705 5664 conﬁtetur,
757 5611 811 5655 et
853 5601 932 5655 sic
964 5604 1175 5673 accepit
1208 5605 1701 5677 pulchritudinem,
1741 5621 1796 5665 et
1820 5611 1981 5667 deco-

385 5705 526 5758 rem,
559 5699 616 5746 et
644 5701 828 5760 postea
865 5692 1068 5750 lumen.
1111 5695 1224 5750 line
1255 5697 1400 5754 enim
1430 5701 1672 5771 sequitur
1700 5721 1712 5756 :
1745 5703 1979 5760 Amictus

385 5780 581 5839 lumine
609 5783 739 5839 sicut
768 5786 1088 5843 vestimento.
1131 5788 1452 5848 Contrarias
1496 5794 1707 5852 videtur
1735 5795 1825 5853 hic
1853 5814 1974 5855 ver-
