3954 6340
169 295 295 355 1133

1104 283 1538 345 llREVIARIUl
1578 283 1644 344 IN
1684 282 2022 343 PSALMOS.
2066 285 2309 344 PSALM.
2349 283 2482 344 CIII.

3311 288 3449 351 illi!

166 426 377 470 irarum:
402 409 462 468 Id
489 414 594 476 est,
617 404 1014 465 Ecclesiarum.
1045 403 1250 460 Dabunt
1274 420 1444 459 uocem
1472 418 1642 459 suam.
1674 402 1752 458 Ad
1784 408 1828 465 Λ
1859 402 2009 473 cupit
2040 401 2335 475 decipere:
2364 419 2428 461 ac
2459 405 2504 459 si
2533 403 2698 473 dicat,
2727 404 2943 472 Judam,
2978 404 3170 478 David,
3198 409 3451 467 Salomo-

167 505 581 566 eollaudandum
612 501 805 558 Deum.

229 603 435 676 Riguus
468 608 686 655 montes.
736 595 851 652 Hoc
874 605 959 652 est
984 637 1001 662 ,
1033 594 1334 666 aposmlos.
1368 590 1446 647 De
1475 589 1755 664 superiori-

164 701 249 758 bus
271 697 401 755 suis.
446 696 527 753 De
555 691 873 752 calestibus
894 733 911 760 ,
945 689 1232 747 ell‘uudeus
1261 703 1426 759 super
1454 702 1551 743 eos
1579 685 1755 757 Spiri-

164 802 270 851 tum
315 798 595 849 sanctum.
667 787 748 843 De
792 787 984 859 fructu.
1007 800 1223 855 operum
1253 793 1460 839 tuorum
1485 779 1757 838 satiabitur

165 896 317 943 terra.
362 886 437 942 De
465 880 749 941 beneﬁciis
780 877 1092 951 largitionis
1124 885 1251 934 tute.

234 977 535 1034 Producens
561 979 738 1048 fenum
772 972 1047 1047 jumentis,
1093 980 1143 1028 et
1163 969 1377 1027 herbam
1400 967 1637 1024 servituti
1663 966 1757 1022 Ito—

166 1071 379 1126 utinum.
458 1068 767 1138 Unicuique
823 1064 1128 1122 secundum
1182 1061 1460 1133 propriam
1510 1060 1758 1117 tribuens

163 1162 566 1221 necessitatem.

234 1255 305 1313 Ut
332 1254 523 1310 educas
551 1268 738 1324 partem
785 1249 851 1307 de
887 1259 1027 1305 terra
1048 1290 1065 1314 ,
1115 1258 1162 1303 et
1190 1248 1366 1304 viuum
1399 1245 1625 1318 la-tificet
1669 1260 1760 1299 cor

163 1347 414 1404 taurinis.
458 1346 506 1402 Δ
550 1344 751 1400 terreni
793 1341 1041 1414 corporis
1068 1356 1202 1412 agro
1232 1355 1395 1410 quem
1422 1354 1453 1394 a
1486 1337 1643 1393 nobis
1674 1352 1762 1394 as-

163 1441 441 1513 sumpsit,
513 1439 830 1512 mysterium
882 1436 1170 1509 proferens
1211 1432 1457 1491 caelestis
1506 1433 1660 1503 panis
1698 1447 1762 1488 ac

167 1534 346 1608 poculi
371 1533 652 1600 salutaris,
687 1548 794 1603 quo
818 1530 1095 1586 reﬁcietur
1126 1527 1395 1585 Ecclesia.

233 1628 304 1686 Ut
327 1628 581 1685 exhilaret
606 1628 794 1700 faciem
822 1630 938 1703 ejus
978 1628 1034 1681 in
1059 1626 1194 1683 also.
1239 1625 1591 1681 Exhilaratur
1617 1623 1761 1681 enim

164 1726 287 1782 oleo
316 1722 712 1780 misericordiae
734 1763 749 1789 ,
778 1724 1054 1792 iustorum
1097 1722 1268 1777 facies
1295 1735 1483 1776 coram
1518 1720 1650 1777 Deo.
1696 1717 1763 1774 Et

1858 509 2003 563 nem,
2037 495 2254 552 Petrum
2288 512 2303 551 :
2333 494 2474 553 sicut
2498 496 2761 568 scriptum
2792 507 2913 555 est:
2948 513 3088 557 esca:
3116 500 3233 573 ejus
3257 504 3449 561 electte

1855 586 2036 657 (Αιαο.
2067 587 2132 659 ι).

1932 681 2090 738 Ortus
2120 693 2195 739 est
2219 685 2297 740 sol
2323 724 2336 751 .
2381 693 2430 739 et
2461 688 2760 761 congregati
2797 696 2936 744 sunt.
2973 689 3050 747 Ne
3080 691 3327 749 tristetur
3357 693 3453 749 ille

1858 776 1951 846 qui
1998 777 2233 841 cecidit,
2290 778 2386 835 scd
2433 781 2809 850 paenitentiam
2840 793 2987 854 agat.
3046 784 3229 841 Uritur
3256 784 3335 842 illi
3369 787 3453 843 sui

1853 866 2103 939 justitite,
2157 878 2215 925 et
2242 870 2452 942 fugiunt
2488 872 2557 928 ab
2581 886 2649 929 eo
2678 884 2869 929 omnes
2900 876 3089 932 bestia
3117 884 3172 934 et
3204 890 3449 948 peccata,

1857 972 1914 1016 et
1946 962 2182 1018 eiiicitur
2213 964 2354 1033 talis,
2381 966 2582 1037 qualis,
2614 975 2670 1023 et
2695 979 2852 1024 antea
2888 969 3008 1025 fuit.
3067 970 3272 1027 lterum
3305 973 3450 1029 enim

1857 1069 2012 1113 ortus
2041 1068 2127 1114 est
2153 1059 2235 1114 sol
2260 1060 2508 1130 justitim.

1933 1149 2109 1205 Exibit
2133 1151 2289 1208 homo
2310 1154 2380 1208 ad
2418 1170 2548 1229 Opus
2568 1170 2722 1212 suum
2752 1167 2802 1212 et
2830 1159 2899 1212 ad
2923 1161 3275 1233 operationem
3304 1178 3454 1217 suam

1862 1260 2026 1317 usque
2053 1246 2123 1300 ad
2150 1262 2432 1319 uesperum.
2464 1249 2758 1322 Postquam
2789 1258 2972 1309 autem
2999 1263 3156 1311 ortus
3186 1253 3345 1311 fuerit
3375 1257 3456 1310 sol

1855 1338 2120 1409 justitlte:
2173 1342 2369 1397 iterum
2418 1344 2633 1400 eximus
2684 1346 2750 1400 ad
2798 1348 3171 1419 operationem
3213 1359 3456 1406 nostram

1864 1446 2033 1504 usque
2075 1432 2143 1489 ad
2175 1448 2465 1505 vesperqu
2495 1478 2509 1501 ,
2547 1440 2652 1496 hoc
2670 1449 2783 1510 est,
2816 1455 2987 1513 usque
3009 1444 3079 1499 ad
3108 1454 3457 1501 consumma-

1862 1524 2086 1580 tionem.
2127 1525 2356 1597 Oportet
2383 1542 2516 1602 ergo
2540 1542 2643 1588 nos
2670 1535 2818 1590 omni
2852 1544 3102 1606 tempore
3129 1540 3342 1611 operari
3371 1541 3460 1609 ju-

1863 1621 2092 1677 stitium.
3232 1640 3237 1644 ‘

1940 1713 2108 1781 Quam
2131 1717 2466 1791 magni/irata
2493 1727 2616 1774 sunt
2649 1732 2808 1790 opera
2843 1733 2952 1790 tua,
2989 1720 3224 1783 Domine.
3291 1726 3347 1785 In
3374 1744 3464 1786 ex-

166 1819 315 1892 pam.‘
346 1833 437 1873 cor
478 1815 705 1871 bonum-3
752 1815 1049 1885 conﬁrma“
1108 1814 1228 1884 Ipse
1269 1813 1424 1885 panis
1452 1812 1567 1883 ipsa
1593 1811 1761 1868 corda
1797 1797 1840 1857 Β
1870 1821 2082 1863 cessum
2112 1811 2312 1867 mentis
2337 1814 2489 1868 venit
2517 1815 2799 1886 propheta.
2868 1816 2984 1875 Non
3010 1821 3299 1879 inveniens
3329 1840 3468 1897 qun-

168 1920 356 1967 nostra
404 1909 742 1966 conﬁrmat:
783 1907 873 1980 qui
925 1905 1267 1964 descendens
1317 1904 1386 1961 de
1426 1905 1567 1962 cosio
1602 1905 1764 1961 vitam

168 2001 367 2059 tribuit
394 2002 621 2057 mundo.

237 2095 633 2153 Saturabuntur
658 2094 1021 2168 lignn‘campi.
1063 2094 1189 2149 Sive
1219 2092 1611 2158 rationabiles,
1654 2092 1771 2147 sive

164 2188 578 2247 irrationabiles
624 2187 922 2247 butttines.
977 2187 1122 2243 sicut
1169 2187 1418 2256 superius
1462 2184 1533 2240 de
1583 2185 1772 2240 bestiis

163 2293 335 2356 atque
382 2286 605 2353 onagris
644 2281 1023 2354 exposuimus.
1071 2280 1140 2335 Et
1169 2281 1310 2336 cedri
1338 2279 1544 2335 Libani.
1578 2278 1774 2334 Excel-

163 2379 346 2433 siores
373 2375 573 2431 merito
603 2378 805 2429 sancti.
853 2375 996 2442 Quas
1028 2372 1303 2442 plantavit.
1365 2372 1421 2427 In
1448 2372 1656 2428 unitate
1679 2370 1775 2427 Ec.

165 2470 494 2530 clesiasticre
524 2454 673 2526 lidci.
721 2467 845 2523 Illic
869 2482 1103 2539 passeres
1129 2466 1500 2537 nidiﬁcabunt.
1548 2465 1774 2535 Sapien-

61 2600 75 2609 -
164 2575 257 2625 tes
287 2566 586 2623 tediiimnt.

244 2659 439 2716 Erodii
483 2659 669 2713 domus
712 2656 824 2712 tius:
865 2664 940 2711 est
971 2672 1170 2711 eorum.
1230 2653 1462 2710 Erodius
1490 2652 1669 2722 major
1696 2659 1782 2706 est

164 2752 434 2810 omnibus
462 2749 776 2807 volatilibus
799 2793 812 2819 ,
844 2749 934 2817 qui
970 2748 1207 2817 aquilam
1241 2746 1416 2801 vincit
1441 2753 1494 2801 et
1520 2743 1777 2800 comedit.

164 2847 349 2919 Igitur
374 2844 499 2899 talis
529 2842 717 2908 homo,
748 2841 838 2913 qui
870 2841 924 2895 in
952 2839 1118 2896 domo
1145 2838 1236 2894 Dei
1265 2837 1494 2904 habitat,
1524 2836 1778 2891 ducatum

165 2938 429 3014 praebeat
452 2937 520 2993 ad
551 2934 876 2991 vincendum
905 2933 1189 2988 diabolum
1211 2975 1225 2997 ,
1258 2933 1381 3003 quia
1417 2930 1601 3000 aquila
1632 2943 1783 2999 Stepe

166 3052 282 3111 pro
315 3034 538 3093 diabolo
570 3031 810 3101 ponitur.
864 3027 1071 3083 Montes
1099 3027 1293 3082 excelsi
1314 3025 1496 3080 cervis.
1532 3023 1647 3079 Hoc
1666 3022 1785 3077 ani-

164 3132 289 3190 mal
319 3136 613 3201 serpentes
636 3124 862 3192 occidit,
895 3134 945 3180 et
979 3123 1134 3194 ipsos
1166 3121 1432 3177 comedit.
1474 3120 1615 3191 Ergo
1646 3119 1785 3175 bene

1871 1900 2033 1957 modo
2060 1903 2307 1961 laudaret
2340 1907 2629 1964 Dominum
2651 1953 2665 1974 ,
2708 1908 2844 1968 dixit
2873 1931 2884 1966 :
2937 1913 3105 1981 Quam
3128 1920 3465 1989 magnificam

1869 2006 1991 2051 sunt
2012 2014 2168 2071 opera
2199 2010 2313 2067 tua,
2348 1997 2585 2059 Domine.
2653 2003 2944 2064 Excedunt
2998 2004 3294 2068 humanum
3343 2031 3469 2070 sen-

1872 2104 1993 2146 sum
2042 2101 2130 2146 tua
2179 2104 2367 2162 opera.
2419 2092 2609 2151 Omnia
2635 2098 2689 2152 in
2726 2101 2989 2170 sapientia
3017 2103 3207 2174 fecisti.
3282 2106 3337 2161 In
3366 2105 3473 2163 Do-

1874 2185 2024 2241 mino
2055 2195 2246 2242 nostro
2272 2186 2403 2244 Jesu
2431 2188 2673 2247 Christo.
2736 2193 2854 2263 Ipse
2897 2197 3043 2251 enim
3079 2206 3161 2254 εει
3201 2200 3471 2268 sapientia

1878 2275 1972 2333 Dei
2019 2278 2316 2335 secundum
2370 2283 2691 2348 Apostolum
2721 2285 3034 2342 dicentem:
3081 2292 3228 2361 quod
3268 2292 3321 2347 iu
3355 2294 3473 2363 ipso

1876 2380 2056 2427 creata
2083 2387 2209 2427 sum
2234 2377 2417 2429 omnia
2447 2373 2624 2447 (Rom.
2661 2378 2758 2449 at).
2814 2376 3037 2454 lnIplcla
3076 2393 3151 2439 est
3178 2393 3315 2440 terra
3347 2405 3473 2454 pos-

1877 2468 2107 2523 sessione
2133 2478 2241 2523 tua.
2294 2470 2360 2526 Et
2402 2482 2598 2528 revera
2647 2474 2827 2530 omna
2866 2492 3030 2544 opera
3073 2479 3285 2536 Domini
3318 2480 3473 2552 plena

1880 2572 2010 2615 sunt
2059 2564 2350 2633 sapientia.
2420 2566 2656 2634 Quando
2700 2570 2844 2624 enim
2893 2562 3148 2628 ridemus
3195 2574 3477 2634 formicam

1882 2652 2029 2708 scire
2079 2654 2298 2725 quando
2343 2656 2535 2730 byents
2585 2660 2774 2725 venit;
2805 2670 2859 2716 et
2898 2664 3109 2734 repnnit
3145 2665 3246 2721 sibi
3273 2682 3477 2735 escam,
3572 2697 3582 2705 -

1883 2754 1942 2801 et
1994 2746 2195 2803 iterum
2243 2748 2477 2805 culicem
2527 2760 2634 2806 tant
2685 2751 2978 2820 minutum,
3029 2755 3233 2815 habere
3265 2760 3468 2825 oculos,

1886 2848 2136 2895 ventrem
2164 2848 2219 2897 et
2241 2841 2499 2899 universa
2528 2846 2770 2901 membra
2807 2850 2949 2904 sicut
2978 2859 3033 2907 et
3064 2864 3161 2908 nos
3192 2851 3479 2919 habemus,

1886 2938 1941 2985 ct
1973 2932 2203 3001 pelicem
2234 2940 2293 2988 ct-
2315 2934 2441 2991 alia.
2495 2936 2751 2993 Videmus
2783 2951 2961 2997 autem
2997 2942 3340 3011 elephantem
3374 2956 3481 3002 tam

1888 3038 2138 3094 magnam
2182 3026 2409 3083 bestiam
2453 3026 2655 3086 habere
2684 3032 2893 3101 oculus,
2921 3044 3101 3100 nares,
3133 3036 3326 3105 pedes,
3356 3054 3490 3095 ven-

1892 3125 2027 3174 trem
2061 3120 2205 3174 sicut
2253 3129 2309 3176 et
2356 3136 2458 3177 nos
2496 3122 2549 3177 in
2580 3123 2713 3193 ipsis
2743 3125 2899 3181 locis.
2930 3126 3193 3184 Similiter
3216 3142 3399 3185 autem
3436 3142 3493 3187 et

166 3227 231 3284 in
262 3194 547 3282 munt-ibus
575 3218 808 3284 habitat,
838 3216 928 3289 qui
960 3215 1222 3272 interllcit
1249 3212 1653 3282 intelligihilcm
1677 3225 1787 3267 ser-
1814 3194 1861 3258 C
1893 3224 2076 3278 apem,
2129 3214 2403 3283 quomodo
2450 3213 2613 3270 iaciat
2658 3217 2764 3271 mel
2810 3226 2865 3272 et
2891 3231 3091 3274 errant.
3146 3220 3341 3280 Nonne
3365 3234 3495 3280 sunt

166 3334 413 3395 pentem
441 3338 454 3374 :
486 3318 580 3390 qui
606 3315 912 3387 sapientior
943 3323 1064 3369 erat
1096 3314 1150 3367 in
1185 3311 1438 3381 paradiso
1471 3326 1583 3381 prae
1613 3310 1791 3371 omni,»

166 3416 288 3473 bus
318 3413 545 3476 bestiis,
575 3410 674 3482 qui
717 3407 935 3478 decepit
965 3406 1132 3462 Evam
1162 3402 1319 3479 (Gen.
1353 3403 1460 3473 ιιι).
1525 3402 1687 3459 Petra
1709 3419 1793 3458 re-

165 3508 391 3580 fugium
430 3501 730 3559 herinaciis.
781 3498 888 3568 Qui
919 3497 1143 3553 timidus
1172 3505 1255 3552 est
1279 3536 1296 3565 ,
1330 3495 1600 3566 reiugium
1626 3492 1796 3550 habet

169 3610 405 3675 petram
432 3616 445 3652 :
481 3606 635 3668 petra
662 3603 846 3650 autem
871 3591 1126 3648 Christus
1149 3598 1256 3647 est.

255 3692 423 3749 Fecit
445 3691 625 3747 lunam
660 3689 715 3742 iu
752 3696 998 3758 tempore.
1042 3683 1213 3740 Aiunt
1239 3681 1458 3752 quando
1489 3681 1689 3737 crescit
1713 3680 1796 3735 lu-

162 3804 249 3845 na
275 3830 294 3857 ,
350 3797 606 3840 crescere
651 3782 865 3837 fructus
908 3793 1128 3843 omnes,
1174 3786 1230 3832 et
1266 3774 1486 3846 quando
1510 3775 1793 3842 minuitur,

164 3885 399 3943 uerum
432 3880 641 3936 fructus
674 3876 870 3933 minui.
906 3875 1049 3946 Ergo
1077 3873 1219 3929 bene
1246 3870 1421 3927 dixit:
1448 3869 1594 3925 Fecit
1622 3870 1798 3924 lunam

162 3979 230 4033 in
262 3987 527 4044 tempore.
560 3966 666 4028 Aut
691 3968 850 4025 aliter
870 3966 1242 4038 intelligamus
1264 3963 1447 4019 lunam
1470 3960 1794 4019 Ecclesium.

160 4073 237 4132 In
278 4063 630 4143 proﬁciendo
678 4064 823 4120 enim
854 4059 1189 4122 Ecclesiam,
1240 4056 1560 4128 proﬁcimus
1589 4065 1798 4110 etcum

164 4169 313 4241 ipsa
341 4205 363 4232 ,
410 4171 625 4219 etcum
658 4155 1099 4229 persecutionem
1141 4156 1365 4226 patitur,
1409 4161 1467 4210 et
1515 4152 1798 4216 minuitur,

161 4268 234 4319 et
272 4271 389 4313 nos
419 4268 544 4309 cum
590 4251 683 4308 illa
714 4249 1031 4317 minuimur,
1083 4258 1135 4302 et
1191 4245 1625 4318 persecutionem
1667 4244 1804 4313 pati-

166 4368 351 4414 rmsr.
385 4349 481 4409 Sol
506 4346 743 4421 cognorit
767 4360 1007 4401 occasum
1035 4359 1208 4397 suum.
1242 4340 1296 4399 Si
1326 4339 1407 4396 sol
1434 4339 1635 4396 occidit
1654 4355 1678 4394 ι
1706 4351 1806 4393 nos

156 4457 465 4522 putamus
525 4440 894 4510 nosmetipsos
953 4436 1320 4505 sempiternos
1365 4434 1537 4490 esse?
1592 4431 1650 4488 in
1701 4431 1807 4489 hoc

153 4550 390 4597 autem
419 4531 722 4590 mirandum
752 4542 832 4588 est
870 4549 882 4584 :
935 4528 1213 4601 quomodo
1271 4536 1478 4584 tantum
1512 4526 1720 4593 lumen,
1753 4534 1807 4581 et

1895 3300 2012 3358 haec
2034 3303 2323 3361 tniratlnne
2344 3305 2526 3378 digna,
2563 3316 2618 3364 et
2644 3308 2910 3381 sapientia
2943 3308 3139 3383 plena?

1970 3391 2085 3452 Hoc
2134 3412 2281 3454 mare
2324 3417 2572 3473 maguum
2614 3413 2664 3458 et
2703 3406 2986 3477 spatiosum
3034 3409 3275 3465 manibus
3322 3426 3339 3464 :
3383 3411 3494 3466 illic

1897 3490 2109 3562 reptilia
2155 3507 2375 3563 quorum
2422 3510 2525 3548 non
2579 3504 2657 3550 est
2699 3513 2966 3553 numerus.
3014 3500 3282 3555 Animalia
3301 3501 3498 3575 pusilla

1896 3600 2013 3639 cum
2051 3588 2276 3658 magnis.
2332 3585 2525 3643 Nonne
2564 3598 2649 3644 est
2695 3588 2803 3646 bnc
2857 3592 3011 3648 mira:
3052 3596 3337 3665 sapientitu
3363 3613 3501 3667 quo-

1901 3676 2064 3732 modo
2097 3678 2148 3731 in
2177 3680 2311 3733 mari
2346 3690 2476 3734 sunt
2507 3681 2743 3751 reptilia,
2776 3699 3007 3752 quorum
3055 3702 3163 3742 non
3198 3697 3283 3744 est
3311 3705 3500 3746 nume-

1901 3769 2039 3825 rus?
2084 3769 2152 3825 Et
2201 3771 2377 3842 pisces
2429 3783 2536 3829 tam
2577 3776 2816 3844 majores
2855 3794 3015 3847 quam
3058 3781 3335 3838 minores:
3366 3801 3501 3855 quo-

1904 3862 2068 3919 modo
2095 3866 2203 3919 sint
2231 3864 2285 3921 in
2311 3864 2605 3937 profundo,
2634 3879 2687 3924 et
2727 3870 2852 3925 inde
2878 3882 3162 3929 resumunt
3193 3873 3378 3942 vitam,
3412 3878 3501 3935 ubi

1904 3954 1949 4012 si
1999 3954 2161 4012 homo
2196 3957 2480 4025 ceciderit,
2528 3961 2780 4027 moritur,
2832 3971 2887 4018 et
2927 3963 3029 4034 ipsi
3072 3966 3118 4021 si
3149 3969 3398 4025 uenerint
3438 3970 3492 4026 in

1908 4057 2075 4117 terra,
2109 4052 2462 4108 moriuntur?
2498 4051 2622 4108 Illic
2642 4070 2793 4111 naves
2820 4060 3226 4127 pertransibunt.
3266 4062 3400 4131 Quis
3428 4079 3489 4119 ex

1909 4143 2065 4200 nobis
2096 4154 2180 4201 est
2203 4145 2356 4202 navis
2377 4145 2536 4203 fortis
2556 4148 2646 4219 qui
2662 4151 2831 4219 possit
2855 4151 2998 4208 istud
3019 4154 3284 4210 swculum
3307 4156 3493 4227 iugere

1909 4245 1965 4293 et
2015 4253 2123 4293 non
2173 4238 2563 4309 submergutur
2606 4253 2697 4297 aut
2741 4241 2980 4299 oﬁ'entlat
3029 4244 3082 4301 in
3114 4254 3368 4316 petram:
3401 4250 3500 4305 sed

1910 4328 2110 4386 habent
2153 4346 2374 4387 sensum
2419 4332 2512 4403 qui
2543 4349 2666 4389 eum
2694 4334 2968 4405 gubernet
2991 4374 3006 4402 ,
3039 4346 3098 4393 ut
3127 4340 3301 4409 possit
3322 4341 3503 4398 salvus

1911 4420 2053 4480 ﬁeri.

1982 4513 2155 4572 Draco
2202 4518 2299 4573 iste
2324 4535 2478 4592 quem
2501 4522 2738 4593 [armasti
2775 4522 2843 4577 ad
2865 4520 3193 4580 illudentium
3217 4529 3286 4583 ei.
3330 4528 3502 4586 Juda'i

157 4578 1387 4696 imi—versum
1425 4578 1811 4678 mundumdu—
1840 4578 1890 4644 Ι)
1918 4610 2106 4667 dicunt
2135 4654 2151 4679 ,
2204 4612 2495 4671 draconem
2547 4629 2800 4686 tuagnum
2832 4616 2960 4673 fecit
3002 4622 3166 4690 Deus,
3195 4623 3285 4694 qui
3309 4624 3511 4682 dicitur

156 4728 361 4787 mine
407 4737 509 4779 suo
559 4738 571 4773 :
608 4721 662 4776 in
702 4727 984 4776 momento
1023 4717 1244 4773 occidit.
1284 4715 1516 4773 Oremus
1541 4723 1725 4771 autem
1750 4720 1813 4770 ut

155 4835 311 4880 non
348 4814 511 4873 nobis
539 4812 752 4872 occidat
779 4812 861 4868 sol
884 4810 1133 4882 justitiat.

260 4912 523 4972 Posuisti
549 4909 778 4966 tenebras
806 4917 857 4964 et
880 4910 1018 4979 facta
1043 4916 1115 4962 est
1143 4921 1271 4973 uoco,
1301 4905 1360 4959 in
1378 4904 1492 4977 ipsa
1520 4903 1811 4974 pertransi-

156 5012 330 5073 bisnl
370 5024 547 5064 omnes
575 5006 749 5062 bestite
773 5004 931 5061 silius.
1002 5001 1069 5058 Et
1095 4999 1395 5058 secundum
1439 4998 1674 5053 litteram
1720 5013 1810 5052 or-

152 5108 409 5166 dinem
436 5100 604 5156 habet
629 5116 642 5153 :
670 5095 929 5169 quoniam
957 5094 1080 5164 ideo
1111 5093 1246 5149 facta
1277 5102 1363 5149 est
1390 5106 1519 5158 nos,
1554 5097 1615 5145 ut
1641 5090 1816 5145 homi-

157 5215 305 5260 nes
348 5193 764 5265 requiescerent
794 5190 863 5245 ab
906 5187 1165 5259 operibus
1193 5185 1341 5251 suis,
1366 5192 1423 5240 et
1453 5183 1643 5239 bestiae
1663 5198 1818 5251 egre-

154 5295 492 5354 dos-etum
518 5284 588 5341 ad
620 5283 945 5357 pastionem.
993 5277 1309 5338 Secundum
1334 5274 1695 5347 tropologiam
1724 5290 1819 5328 au-

154 5398 331 5447 sem
363 5396 380 5436 :
420 5376 643 5452 quando
692 5374 848 5432 nobis
873 5368 1195 5430 occubuerit
1233 5369 1315 5425 snl
1341 5368 1568 5440 iustitia:
1594 5384 1609 5422 :
1638 5368 1817 5421 omnia

147 5474 388 5540 nobis
433 5470 719 5527 tenebrosa
768 5476 893 5521 sunt
917 5506 937 5533 ,
980 5473 1034 5521 et
1065 5472 1191 5519 tunc
1221 5462 1273 5517 in
1304 5476 1407 5518 nos
1436 5465 1825 5532 pertranseunt

150 5567 424 5635 bestia
450 5584 464 5619 :
513 5573 571 5622 at
596 5563 683 5621 leo
711 5560 966 5632 rugiens,
994 5557 1187 5614 volens
1214 5570 1410 5635 rapere
1446 5565 1503 5611 et
1554 5552 1826 5609 devorare

150 5682 341 5732 n05.

263 5752 485 5817 Catuli
523 5751 732 5807 leonum
778 5749 1040 5821 rugientes
1064 5789 1080 5815 ,
1114 5754 1170 5800 ut
1211 5746 1421 5817 rapiant
1455 5752 1503 5798 et
1534 5748 1775 5813 quaeaut
1798 5756 1831 5793 a

148 5859 334 5919 Dea
365 5863 544 5905 escam
575 5845 692 5900 sibi.
735 5843 881 5900 Bene
902 5840 1059 5905 dixit,
1084 5854 1117 5892 a
1146 5836 1295 5892 Deo:
1324 5833 1581 5907 quoniam
1613 5841 1830 5888 sanctus

1919 4704 2242 4773 Letiatbun,
2269 4716 2325 4763 et
2352 4715 2438 4763 est
2467 4708 2518 4761 in
2542 4710 2675 4763 mari
2701 4725 2716 4763 :
2744 4718 2799 4765 et
2823 4711 3063 4781 quando,
3086 4714 3260 4783 aiunt,
3309 4719 3514 4774 recedit

1920 4796 2195 4863 Oceanus,
2239 4796 2407 4854 draco
2447 4799 2702 4856 vertitur.
2744 4801 2854 4858 Nos
2880 4813 3062 4860 autem
3089 4806 3374 4863 dicamus:
3408 4808 3517 4867 Iste

1921 4903 2006 4948 Gal
2044 4891 2232 4959 draco,
2270 4893 2360 4964 qui
2412 4893 2482 4949 de
2529 4895 2780 4964 paradiso
2807 4896 3013 4969 ejvcttts
3041 4910 3145 4969 est,
3174 4903 3265 4972 qui
3301 4901 3520 4974 decepit

1920 4985 2086 5043 Evam
2114 5002 2126 5039 :
2153 4991 2207 5039 cl
2228 4982 2388 5040 datus
2412 4996 2495 5041 est
2523 4986 2576 5041 in
2607 4990 2707 5045 hoc
2733 4991 2932 5046 mundo
2959 4992 3025 5046 ad
3052 4993 3380 5049 illudeudum
3412 5013 3512 5053 no-

1922 5080 2026 5136 bis.
2072 5079 2316 5148 Quantos
2345 5079 2493 5134 enim
2528 5082 2825 5138 monachos
2852 5096 2906 5139 et
2943 5080 3177 5141 clericos
3212 5089 3519 5159 pracipita-

1925 5174 2022 5228 vit.
2071 5172 2260 5227 Omnia
2293 5189 2325 5226 a
2354 5183 2402 5227 te
2432 5185 2729 5243 exspectant
2760 5186 2813 5228 ut
2853 5174 2944 5230 des
2974 5174 3085 5230 illis
3120 5194 3289 5233 escam
3307 5179 3363 5234 in
3393 5190 3492 5237 tem
3513 5212 3525 5222 -

1921 5283 2066 5339 pore,
2097 5276 2205 5322 etc.
2238 5266 2378 5335 Quia
2419 5271 2599 5322 omnia
2632 5267 2729 5324 Dei
2764 5285 2895 5323 nutu
2927 5269 3135 5325 vivunt.

1998 5358 2216 5429 Auferes
2262 5360 2504 5429 spiritum
2546 5361 2778 5433 ipsorum
2819 5371 2866 5414 et
2898 5361 3162 5434 deﬁcient,
3192 5374 3241 5420 et
3263 5368 3317 5421 in
3346 5370 3525 5440 pulveo

1929 5467 2037 5506 rem
2068 5469 2222 5508 suum
2250 5463 2585 5508 revertentur.
2638 5449 3179 5514 Consummationem
3229 5461 3413 5514 mundi
3459 5464 3531 5517 si-

1932 5546 2197 5618 gniﬁcat:
2248 5545 2464 5617 quando
2493 5554 2774 5617 praecepto
2807 5546 2901 5602 Dei
2941 5551 3120 5605 omnia
3150 5555 3531 5611 exterminan-

1935 5648 2043 5708 tur,
2091 5641 2235 5697 sicut
2283 5640 2547 5711 scriptum
2585 5648 2676 5697 est
2701 5659 2715 5693 :
2743 5640 2913 5696 Terra
2941 5657 3003 5699 es
3030 5654 3088 5700 et
3114 5647 3166 5702 in
3199 5658 3396 5704 terram
3429 5649 3532 5705 ibis

1938 5734 2095 5809 (Gen.
2124 5734 2230 5806 ιιι).

2015 5827 2203 5881 Emitte
2247 5827 2489 5899 spiritum
2540 5836 2686 5880 tuum
2733 5838 2781 5881 et
2829 5830 3161 5887 crenbunlur.
3201 5834 3258 5891 In
3289 5836 3378 5892 die
3406 5853 3537 5893 con-
