3954 6340
447 318 589 376 H33

1254 299 1597 361 APPENDIX
1636 297 1728 355 AD
1767 292 2008 353 'IOMUM
2050 287 2399 349 εει-τιδιωι
2440 284 2498 344 S.
2539 278 2941 342 llltiltONYMl.

3612 267 3755 328 H56

453 424 862 485 summaticuis.
913 422 971 481 Si
998 420 1222 493 spiritus
1250 425 1437 475 creat:
1484 429 1613 488 ergo
1642 414 1789 469 Deus
1815 418 1921 468 est.
1972 409 2046 465 lta
2076 410 2125 472 Α
2225 406 2452 463 ιωιειιιν
2500 418 2588 458 cor
2621 398 2963 473 querentium
2988 391 3289 449 Dominum.
3321 388 3607 448 Gattdeant
3634 402 3752 442 mo-

458 523 606 578 euim
636 529 807 583 creat,
833 515 1107 589 quomodo
1138 521 1195 570 et
1222 511 1400 569 Pater.

532 612 614 666 Sit
646 610 812 683 gloria
838 607 1047 664 Domini
1067 608 1119 660 in
1148 604 1415 661 steculum.
1452 602 1607 675 Ergn'
1627 610 1683 657 et
1711 614 1810 656 nos
1832 596 1925 669 qui
1945 595 2055 668 glo-

457 705 766 773 rificamus,
793 698 1113 772 sempiterni
1144 699 1370 755 erimus.
1404 694 1689 751 Lwtabitur
1719 692 1970 748 Dominus
1997 689 2053 742 in

461 797 701 870 operibus
741 796 870 851 suis.
905 792 1112 850 Lartitia
1148 798 1233 849 est
1256 790 1404 846 enim
1433 788 1677 855 Domini,
1711 783 1929 858 quando
1956 795 2057 838 nos

464 902 715 947 creatura
744 889 947 961 ipsius,
988 886 1360 943 benedicimus
1400 898 1523 940 eum
1565 881 1617 937 in
1656 880 1747 936 die
1781 890 2059 936 resurrec-

465 984 650 1041 tionis.

537 1079 640 1147 Qui
668 1076 877 1149 respicit
907 1082 1116 1144 terram,
1149 1081 1196 1128 et
1243 1071 1366 1143 facit
1388 1086 1501 1125 eam
1549 1079 1781 1125 tremere.
1835 1063 2059 1120 Trentet

458 1177 605 1234 enim
668 1182 810 1232 terra
865 1181 1047 1229 nostra
1098 1171 1151 1226 in
1182 1169 1271 1224 dic
1294 1167 1507 1239 jndicii.
1556 1164 1837 1235 Signilicat
1878 1170 2058 1215 autent

455 1282 774 1344 peccatores
805 1278 1071 1325 terrenos.
1100 1265 1201 1332 Qui
1226 1264 1389 1335 tangit
1412 1269 1607 1317 montes
1637 1269 1682 1315 et
1704 1256 1980 1330 fumigant.
2004 1254 2060 1311 Si

459 1373 677 1421 montes
706 1360 991 1432 fumigant,
1026 1366 1229 1429 quanto
1246 1356 1416 1426 magis
1453 1352 1642 1409 terra?
1688 1348 1871 1406 Sancti
1903 1346 2064 1402 fumi-

459 1465 623 1530 gant:
653 1456 906 1526 quoniam
929 1467 1122 1509 omnes
1167 1466 1265 1522 per
1306 1453 1485 1520 ignem
1532 1444 1890 1502 salvabimur.
1944 1440 2062 1497 Non

462 1549 608 1607 enim
648 1548 913 1604 haberent
936 1545 1165 1615 fumum,
1212 1543 1314 1599 nisi
1354 1541 1497 1613 ignis
1539 1546 1702 1596 esset.

456 1644 489 1715 ἱ
535 1643 762 1699 Cautabo
808 1639 1034 1696 Domino
1071 1640 1127 1692 in
1157 1637 1263 1692 vita
1310 1651 1425 1690 mea
1454 1651 1473 1690 :
1521 1633 1744 1706 psallam
1789 1630 1899 1687 Deo
1953 1644 2065 1684 meo

461 1734 715 1809 quamdiu
739 1748 875 1788 sum.
920 1727 1390 1800 Quemadmodum
1418 1737 1469 1783 et
1493 1726 1622 1782 alibi
1654 1723 1827 1780 dixit:
1849 1721 2065 1777 Dimitte

2152 498 2315 557 uachi
2381 515 2394 551 :
2444 494 2700 568 quoniam
2740 487 3103 563 quaerentium
3151 483 3441 541 Dominum
3500 482 3754 536 iactantur

2153 601 2342 660 corda.
2393 599 2453 656 Si
2510 595 2917 672 quaarentium‘:
2950 598 3157 663 quanto
3211 585 3388 658 magis
3435 596 3630 641 eorum
3658 579 3753 652 qui
3840 620 3845 623 Α

2155 706 2436 766 inveniunt
2458 702 2623 759 eum?
2651 699 2752 769 Qui
2784 697 2928 755 enim
2960 710 3084 751 eum
3107 690 3410 757 inveniunt,
3445 682 3755 743 immobiles

2157 820 2310 869 sunt.
2347 782 2576 877 Quaerite
2606 802 2888 858 Dominum
2914 807 2963 854 et
2986 792 3394 867 con/irruamini.
3449 791 3755 859 Antequam

2156 914 2526 977 quaereremus
2555 896 2860 961 Dominum,
2894 892 3093 948 infirmi
3119 902 3359 945 eramus.
3387 883 3547 940 Nunc
3574 891 3755 936 autem

2157 974 2491 1070 quaerentes,
2513 991 2656 1047 firmi
2686 1000 2740 1044 et
2772 987 2944 1043 fortes
2975 997 3185 1039 smnus.
3220 980 3277 1038 Si
3302 985 3485 1034 autem
3521 984 3576 1031 et
3604 974 3759 1030 inrc-

2160 1067 2441 1147 nerimus:
2476 1093 2680 1157 quanto
2728 1077 2902 1151 magis
2944 1073 3170 1149 perfecti
3226 1069 3471 1130 erimus?
3526 1067 3764 1136 Quterite

2163 1182 2349 1254 facient
2378 1182 2492 1253 ejus
2520 1192 2745 1247 semper.
2780 1171 3024 1228 llebrtcis
3069 1167 3290 1241 quidem
3343 1164 3603 1235 scriptum
3650 1169 3759 1226 est,

2163 1252 2224 1334 ut
2256 1286 2338 1331 ter
2360 1252 2413 1330 in
2434 1285 2580 1328 anno
2612 1274 3116 1340 appareantcoram
3145 1259 3377 1316 Domino
3411 1252 3761 1327 (Exortum).

2164 1371 2233 1441 Et
2258 1382 2382 1440 qua:
2397 1362 2611 1439 justitia
2636 1361 2752 1416 liarc
2771 1364 2891 1415 erat
2922 1375 2937 1412 :
2965 1356 3095 1428 quid
3120 1361 3302 1410 autem
3329 1347 3536 1423 grande
3555 1342 3766 1418 aliquid

2166 1437 2460 1526 iaciebant,
2521 1467 2604 1515 ter
2643 1455 2696 1511 itt
2725 1467 2871 1509 anno
2918 1463 3183 1522 apparere
3209 1445 3267 1503 itt
3299 1448 3595 1514 conspectu
3622 1437 3767 1494 Dei?

2169 1557 2253 1614 lbi
2282 1556 2349 1611 ad
2375 1551 2630 1627 parvulos
2668 1547 3031 1619 loquebatur:
3064 1542 3153 1599 hic
3180 1548 3359 1597 autem
3388 1536 3658 1611 propheta
3682 1532 3768 1588 di-

2171 1650 2248 1707 cit
2303 1642 2654 1704 credentibus
2695 1641 2751 1696 in
2791 1639 2988 1703 Deum,
3040 1648 3259 1705 semper
3311 1646 3434 1688 eum
3489 1640 3763 1699 quaerere,

2171 1726 2627 1816 quemadmodum
2657 1745 2711 1792 et
2742 1733 2795 1789 in
2840 1729 3135 1802 Erangelio
3183 1728 3442 1797 scriptum
3472 1730 3557 1780 est
3595 1719 3769 1778 :Siue

466 1843 557 1885 tne
585 1836 643 1882 ut
671 1825 959 1896 refrigerer
983 1823 1300 1895 priusquam
1332 1820 1546 1887 abeant,
1576 1828 1635 1876 et
1660 1817 1896 1888 amplius
1952 1831 2059 1870 non
2093 1804 2138 1867 Β
2170 1804 2587 1894 ίξηεηηίεείοηθ
2614 1840 2769 1885 ora“,
2800 1825 2843 1899 (ι
2869 1824 3047 1880 The“
3086 1821 3164 1894 ν),

464 1920 698 1993 cro(Ps.
730 1917 977 1990 xxxvnt).
1008 1917 1223 1971 Dimitte
1249 1929 1337 1971 me
1380 1914 1653 1984 paululum
1703 1909 1985 1981 temporis,
2009 1916 2068 1963 ttt

469 2031 624 2089 agam
657 2011 1033 2087 paenitentiam
1066 2026 1163 2082 pro
1191 2009 1430 2081 peccatis
1478 2006 1615 2064 meis
1666 2024 1679 2060 :
1716 2003 1969 2077 quoniam
2011 2003 2066 2058 itt

470 2107 689 2164 inferno
734 2122 840 2161 non
873 2114 957 2160 est
1003 2103 1093 2174 qui
1151 2099 1327 2172 possit
1374 2098 1622 2155 conilteri
1672 2103 1896 2168 peccata
1946 2107 2064 2150 sua.

547 2196 852 2255 Iucundum
899 2196 965 2251 sit
1012 2195 1057 2250 ei
1108 2191 1367 2265 eloquium
1417 2208 1607 2247 meum.
1647 2187 1950 2245 Jucundum
2000 2185 2073 2240 sit

473 2297 525 2352 ei
583 2303 644 2349 ut
690 2290 885 2348 merito
920 2287 1117 2359 aliquis
1160 2287 1333 2356 possit
1365 2283 1587 2341 laudare
1634 2290 1690 2338 et
1747 2278 2072 2337 benedicere

475 2386 671 2446 Deum.
720 2384 973 2459 Optatiro
1011 2380 1174 2438 modo
1202 2380 1369 2446 dixit,
1401 2395 1509 2435 non
1552 2374 1899 2448 imperativo.
1963 2372 2073 2445 Ego

374 2466 387 2477 ’
474 2497 594 2537 τετυ
640 2478 934 2535 delectabar
962 2477 1015 2531 in
1054 2474 1300 2531 Domino.
1337 2473 1486 2529 Beati
1533 2472 1625 2545 qtti
1652 2479 1773 2542 post
1812 2467 2072 2540 judicium

473 2576 583 2633 hoc
611 2574 817 2631 dicunt.

544 2668 812 2739 Deﬁciunt
843 2675 1138 2739 peccatores
1188 2679 1221 2717 a
1257 2670 1414 2717 terra.
1449 2658 1566 2716 Nan
1620 2657 1760 2714 dixit
1812 2664 1870 2712 ut
1887 2668 2077 2728 pecca-

482 2774 631 2820 tores
678 2770 925 2834 pereant,
955 2758 1047 2815 sed
1082 2758 1256 2829 ipsum
1302 2761 1607 2826 peccatum,
1659 2760 1718 2806 ut
1767 2766 1874 2805 non
1914 2761 2075 2820 appa-

484 2869 624 2915 reat.
664 2858 892 2912 l’eccato
930 2863 1110 2908 autem
1136 2866 1242 2905 non
1263 2856 1582 2919 apparente,
1626 2845 1809 2915 utique
1834 2842 1946 2914 jam
1970 2857 2079 2897 tton

478 2960 606 3008 sunt
660 2955 1015 3020 peccatores:
1051 2943 1146 3001 sed
1178 2938 1369 2998 omnes
1412 2940 1544 3012 justi
1596 2936 1962 2994 invenientur.
2010 2930 2078 2985 Et

486 3044 649 3117 iniqui
681 3045 752 3098 ita
788 3050 842 3096 ut
876 3056 978 3096 non
1001 3040 1127 3095 sint.
1171 3036 1392 3094 Scilicet
1445 3033 1648 3105 iniqui,
1693 3030 1790 3088 sed
1815 3028 1969 3102 justi.

1023 3151 1342 3211 PSALMUS
1410 3150 1542 3206 CIV.

2248 1928 2562 1984 ﬂementote
2586 1920 2899 1978 mirabilium
2930 1920 3043 1992 ejus
3091 1932 3208 1989 qua:
3250 1913 3392 1987 fecit.
3414 1911 3473 1969 In
3502 1909 3767 1983 Egypto,

2175 2030 2229 2080 et
2262 2021 2316 2077 itt
2350 2021 2489 2075 mari
2524 2015 2733 2084 Rubro,
2759 2025 2811 2069 et
2838 2013 2890 2068 in
2912 2011 3152 2067 deserto.

2249 2114 2439 2171 Semen
2468 2107 2730 2165 Abraham
2757 2104 2890 2161 servi
2920 2107 3032 2178 ejus
3061 2121 3078 2159 :
3108 2101 3207 2172 ﬁlii
3227 2098 3415 2167 Iacob,
3461 2096 3610 2154 electi
3636 2097 3772 2162 ejus.

2173 2206 2228 2264 Si
2252 2204 2375 2276 quis
2401 2214 2731 2275 estsemen:
2756 2213 2865 2255 non
2886 2199 2999 2268 jam
3019 2194 3186 2262 filius,
3215 2191 3509 2250 secundum
3538 2187 3683 2261 quod
3712 2188 3770 2242 in

2180 2298 2481 2371 Evangelio
2503 2296 2762 2367 scriptum
2790 2300 2877 2350 est
2905 2312 2918 2347 :
2942 2290 3000 2347 Si
3033 2288 3130 2345 lilii
3161 2287 3435 2345 Abraham
3463 2284 3684 2345 essetis,
3712 2295 3775 2336 o-

2176 2409 2307 2468 pera
2335 2391 2507 2465 patris
2558 2389 2724 2447 restri
2774 2385 3029 2444 faceretis
3060 2382 3241 2457 (Joan.
3273 2380 3414 2453 vnt).
3448 2380 3594 2450 Ergo
3626 2374 3775 2448 quod

2176 2488 2480 2560 gloriantur
2517 2500 2624 2540 non
2662 2490 2809 2553 sunt,
2856 2489 2911 2537 et
2957 2478 3003 2536 si
3048 2492 3234 2535 semen
3273 2484 3419 2531 sunt.
3456 2473 3617 2530 Servi
3653 2476 3783 2526 sunt

2180 2581 2285 2638 sub
2312 2581 2506 2636 timore
2530 2577 2806 2635 constituti
2843 2593 2857 2631 :
2890 2589 2997 2631 non
3035 2571 3297 2629 trahentes
3326 2567 3622 2641 perfectam
3652 2562 3783 2620 cha-

2182 2673 2395 2730 ritatem
2426 2686 2546 2741 quae
2568 2669 2714 2726 foras
2732 2666 2897 2724 mittit
2926 2665 3177 2721 timorem
3194 2659 3239 2735 (ι
3259 2661 3422 2717 Joan.
3448 2659 3545 2729 tv).
3576 2655 3690 2712 Nos
3720 2654 3782 2710 ti-

2181 2767 2239 2823 lii
2270 2780 2459 2821 sumus
2481 2762 2670 2830 lacob,
2701 2760 2926 2833 ejusqui
2950 2755 3314 2830 supplantavit
3344 2754 3564 2810 lratrem
3596 2765 3780 2816 suum,

2183 2871 2238 2917 et
2271 2861 2391 2917 tulit
2440 2858 2711 2929 primitiva
2763 2859 2902 2928 ejus.
2953 2853 3103 2911 Multi
3136 2861 3322 2908 autem
3364 2847 3570 2914 vocati,
3625 2845 3782 2920 pauci

2182 2970 2315 3012 vero
2346 2954 2526 3010 electi.

2260 3044 2328 3101 Et
2356 3045 2769 3119 pertransierunt
2796 3044 2861 3101 de
2886 3050 3036 3114 gente
3066 3041 3119 3097 in
3141 3047 3359 3114 gentem.
3419 3033 3569 3093 Multi
3595 3041 3786 3108 putant

2189 3142 2334 3213 quod
2361 3141 2430 3197 de
2454 3139 2765 3211 captivitate
2790 3138 2940 3195 dicat
2960 3134 3297 3194 Judazorum.
3331 3130 3450 3188 Non
3473 3132 3675 3188 estita.
3708 3129 3785 3186 De

485 3233 734 3293 Αιίείιιῖα·
788 3230 895 3285 ¹ε¹θ
933 3206 1684 3300 ρεθῖιῖιῦεἷηκίίίιιιρ,ρειιτμιη
1708 3218 1946 3300 replicat
1973 3216 2083 3299 his-
2113 3206 2159 3270 (ἶ
2194 3206 2628 3291 Abrahamenim
2647 3229 3033 3289 dicit.Exiitde
3059 3226 3787 3294 terraChaidaeorum,etve—

564 3306 753 3360 turiam
785 3288 1319 3369 :scd'spiritualiter
1374 3288 1538 3369 debet
1593 3289 1840 3369 intelligi.
1892 3288 2085 3344 Omnia

562 3376 706 3431 enim
736 3386 859 3445 quae
888 3362 1272 3439 contingebant
1301 3365 1642 3445 atttiquitus,_
1666 3362 1720 3445 ili
1763 3366 1932 3445 figura
1957 3374 2089 3417 con-

565 3431 871 3516 tingebant,
925 3450 986 3497 ut
1031 3431 1131 3495 nos
1181 3431 1525 3494 erudiremur
1581 3431 1908 3507 (ηοω-(χ).

562 3532 1162 3608 ConﬁteminiDomino,
1194 3542 1238 3586 et
1265 3531 1495 3584 invocate
1536 3543 1721 3582 nomen
1758 3529 1890 3600 ejus.
1947 3524 2090 3580 Con-

503 3630 730 3688 iitemini
761 3639 817 3685 et
862 3613 1064 3683 dieite':
1094 3623 1351 3696 quoniam
1400 3628 1717 3692 peccatores
1771 3633 1981 3674 sumus.
2006 3616 2087 3673 Tu

506 3737 687 3789 autem
745 3722 1084 3786 misericors,
1134 3729 1189 3774 et
1235 3715 1513 3771 misereris
1571 3714 1748 3769 nobis.
1791 3711 1858 3770 Et
1885 3714 2092 3766 invoca—
2138 3770 2143 3775 ,

499 3834 547 3876 te
582 3834 767 3875 nomen
793 3820 926 3890 ejus.
980 3814 1048 3870 Ut
1092 3827 1200 3868 non
1265 3810 1527 3882 ﬁngamus
1555 3808 1696 3865 idola
1748 3807 1801 3863 in
1834 3806 2094 3863 cordibus

497 3913 731 3978 nostris,
766 3908 861 3966 sed
901 3907 1188 3963 Dominum
1232 3913 1478 3960 nostrum
1526 3904 1847 3958 invocemus
1873 3942 1888 3968 ,
1926 3908 1984 3957 et
2011 3902 2094 3972 ip-

500 4025 563 4061 se
606 4005 710 4062 erit
748 3999 1051 4073 redemptio
1100 4006 1311 4054 nostra.
1369 3995 1689 4051 Annuntiate
1739 3995 1872 4049 inter
1922 4002 2096 4067 gentes

503 4114 664 4172 opera
729 4098 864 4168 ejus.
915 4093 1253 4149 Erubescant
1291 4089 1466 4147 Judaei
1517 4088 1609 4159 qui
1662 4087 1849 4143 dicunt
1916 4087 1967 4142 itt
2016 4084 2094 4141 ls-

498 4194 615 4251 rael
671 4201 881 4248 tantum
933 4188 1070 4244 facta
1116 4201 1241 4243 esse
1293 4182 1557 4240 mirabilia
1609 4191 1660 4238 et
1710 4196 1877 4253 opera
1918 4179 2056 4252 ejus.

576 4288 791 4344 Cantate
837 4286 903 4355 ei,
947 4295 994 4339 et
1043 4281 1270 4357 psallite,
1315 4296 1383 4335 et.
1414 4279 1517 4349 Qui
1581 4277 1831 4348 intelligit
1884 4283 2099 4332 sanctas

505 4384 849 4454 Scripturas,
890 4388 944 4436 et
987 4377 1041 4433 iu
1091 4377 1209 4448 lege
1258 4372 1470 4429 Domini
1522 4371 1815 4428 tueditatnr
1865 4369 2094 4441 jugiter,

508 4489 564 4535 et
590 4491 745 4533 mens
773 4475 889 4546 ejus
922 4470 1323 4541 contemplatur
1347 4465 1622 4533 coelestia,
1655 4462 1742 4521 hic
1793 4462 1936 4525 canit
1964 4461 2097 4518 Deo.

2192 3330 2275 3386 nit
2307 3329 2361 3384 in
2401 3326 2870 3399 Mesopotamiam,
2919 3334 2968 3380 et
2994 3322 3063 3379 de
3084 3320 3476 3392 Mesopotamia
3506 3318 3559 3374 in
3582 3325 3784 3372 terram

2193 3420 2655 3492 repromissionis,
2686 3428 2736 3475 et
2759 3420 2952 3474 iterum
2968 3415 3023 3471 itt
3038 3413 3354 3486 Egyptum.
3378 3410 3449 3466 Et
3463 3411 3526 3466 de
3545 3425 3699 3483 regno
3720 3407 3786 3462 ad

2194 3515 2444 3588 populum
2478 3515 2719 3569 alterum.
2748 3511 2914 3566 Multa
2944 3525 3109 3581 regna
3133 3510 3455 3576 transimus,
3488 3514 3547 3562 ut
3591 3518 3786 3577 perte.

2199 3607 2414 3663 niamus
2434 3607 2502 3662 ad
2536 3617 2737 3662 terram
2767 3600 3230 3675 repromissionis.

2270 3698 2393 3754 Non
2425 3697 2652 3771 permisit
2680 3695 2942 3751 hominrm
2966 3707 3150 3749 nocere
3195 3693 3289 3747 eis.
3322 3689 3688 3756 Pharaonem,
3723 3694 3783 3742 ut

2201 3802 2429 3852 noceret
2456 3791 2731 3848 Abraham
2764 3791 2817 3847 in
2866 3791 3027 3857 Sara,
3061 3802 3164 3845 nec
3211 3784 3526 3844 Abimelech
3555 3783 3705 3839 lsaac
3734 3781 3787 3838 in

2197 3888 2443 3945 Rebecca
2470 3884 2684 3959 (Genes.
2718 3900 2792 3941 sn
2814 3893 2864 3939 et
2889 3887 2966 3954 ι).
3007 3881 3073 3938 Et
3104 3881 3358 3953 corripuit
3393 3895 3489 3953 pro
3516 3879 3590 3934 eis
3621 3892 3787 3950 reges.

2200 3983 2268 4038 Et
2298 3980 2531 4051 idipsum
2555 3979 2708 4049 dicit,
2734 3977 3074 4035 Pharaonem
3095 3984 3150 4033 et
3168 3973 3506 4031 Abimeleclt.

2272 4073 2453 4130 Nolite
2490 4084 2700 4146 tangere
2743 4070 2965 4126 cItristos
2992 4085 3155 4136 meos,
3185 4077 3233 4122 et
3261 4067 3315 4121 in
3363 4065 3630 4138 prophetis
3665 4063 3789 4118 meis

2201 4169 2359 4224 nolite
2386 4167 2686 4242 malignari.
2718 4165 2796 4221 De
2826 4164 2958 4235 ipsis
2983 4160 3310 4236 patriarchis
3359 4159 3492 4217 dicit
3518 4177 3532 4215 :
3557 4156 3793 4214 Erubes-

2201 4268 2327 4318 cant
2348 4275 2480 4333 ergo
2508 4257 2704 4324 Judaei,
2728 4258 2818 4329 qui
2848 4256 3056 4323 dicunt,
3090 4254 3346 4327 quoniam
3372 4253 3420 4309 si
3442 4267 3553 4308 non
3593 4248 3791 4321 aliquis

2203 4361 2433 4426 ungatur
2454 4350 2620 4424 regali
2641 4356 2939 4422 unguento,
2965 4364 3072 4405 non
3103 4355 3282 4418 potest
3301 4343 3557 4402 Christus
3582 4342 3789 4398 vocari.

2204 4447 2318 4505 Hoc
2363 4446 2506 4504 enim
2556 4443 2742 4502 dicunt
2773 4443 3027 4515 quoniam
3063 4440 3324 4496 Dominus
3352 4448 3540 4495 noster
3568 4450 3675 4492 non
3706 4441 3792 4490 est

509 4570 612 4637 Qui
667 4527 848 4622 autem
906 4565 1067 4620 habet
1113 4527 1167 4616 iri
1221 4575 1279 4617 se
1332 4574 1523 4617 omnes
1552 4527 1800 4622 virtutes,
1842 4553 1944 4609 hoc
1988 4562 2092 4622 est,
2123 4563 2175 4625 ι)
2203 4538 2449 4595 Christus
2480 4557 2494 4595 :
2523 4539 2647 4610 quia
2674 4552 2781 4593 non
2801 4546 2883 4593 est
2905 4544 3104 4593 unctus
3133 4540 3413 4605 unguento
3433 4529 3623 4602 regali.
3656 4527 3792 4583 Ecce

506 4660 795 4729 «perarius
828 4666 914 4713 cst
941 4657 1069 4713 boui
1092 4654 1297 4725 operis,
1327 4652 1415 4708 hic
1455 4648 1608 4723 quasi
1640 4646 1918 4721 cytharam
1949 4661 2101 4702 cum-

505 4766 721 4826 ponens
742 4750 1025 4815 virtutum,
1059 4745 1245 4817 psallit
1271 4744 1522 4799 Domino.
1558 4739 1786 4797 Narrate
1809 4734 1981 4793 omnia
2005 4737 2103 4791 mi-

506 4843 700 4900 rabilia
733 4844 866 4914 ejus.
918 4840 975 4896 ln
1026 4838 1330 4895 centesimo
1358 4846 1515 4892 sexto
1545 4831 1749 4903 psalmo
1790 4830 1959 4886 dicit:
1995 4830 2096 4897 Qui

510 4934 849 4993 deswndunt
873 4946 1035 5000 mare,
1058 4931 1111 4986 in
1151 4928 1400 4994 navibus,
1429 4926 1686 4982 iacientes
1728 4922 2099 4995 operationem

504 5033 564 5088 in
622 5030 773 5101 aquis
828 5026 1033 5083 multis.
1090 5022 1198 5095 lpsi
1253 5020 1505 5077 viderunt
1545 5034 1713 5090 opera
1766 5016 2005 5082 Domini,
2037 5025 2094 5074 at

510 5123 780 5180 mirabilia
814 5120 941 5190 ejus’
963 5119 1014 5173 in
1047 5114 1336 5188 profundo.
1366 5113 1422 5169 Si
1454 5112 1507 5168 in
1538 5111 1662 5167 navi
1693 5122 1880 5167 nostra
1906 5123 2103 5180 corpo-

505 5222 611 5277 rali
643 5217 1019 5274 transierimus
1072 5213 1257 5279 illaesi,
1289 5219 1342 5266 et
1375 5225 1639 5281 nusquam
1671 5223 1771 5264 nos
1802 5216 2101 5278 tempestas

508 5310 782 5384 opprimat
816 5328 828 5363 :
855 5322 953 5364 nec
986 5307 1040 5362 in
1069 5315 1277 5375 petram
1300 5300 1683 5358 offenderimus
1717 5311 1770 5356 et
1793 5299 2104 5370 frangamus

511 5420 710 5462 navem
739 5410 1012 5466 nostram,
1050 5410 1340 5469 possumus
1384 5408 1607 5449 narrare
1658 5391 1927 5447 mirabilia
1982 5391 2100 5446 Dei.

512 5498 586 5554 Et
611 5509 807 5553 revera
849 5489 1055 5565 grande
1100 5486 1418 5544 miraculum
1452 5493 1556 5554 est,
1588 5485 1818 5539 transire
1845 5483 2106 5539 mundum

515 5594 681 5648 istum
710 5590 830 5644 sine
855 5584 1086 5641 macula.
1116 5578 1437 5636 Laudamini
1466 5578 1518 5632 in
1547 5576 1751 5631 nomine
1776 5584 1952 5630 sancto
1971 5577 2103 5649 ejus.

510 5684 807 5756 l’rophetat
842 5679 986 5736 enim
1016 5676 1083 5732 de
1112 5672 1310 5747 populo
1332 5670 1639 5745 gentilium.
1671 5667 1785 5724 lloc
1807 5676 1910 5736 est,
1942 5677 2001 5723 ut
2032 5668 2106 5723 si-

511 5794 633 5834 mus
663 5785 719 5833 et
750 5785 1007 5829 vocemur
1029 5765 1364 5836 Christiani,
1398 5781 1465 5821 ex
1496 5762 1712 5821 nomine
1738 5760 1945 5819 Domini
1971 5775 2100 5819 nos-

506 5872 577 5930 tti
608 5869 736 5927 Jesu
767 5863 987 5924 ChriSIi.

2203 4641 2334 4689 ante
2375 4633 2548 4704 legem
2578 4631 2904 4703 patriarcha:
2954 4646 3063 4686 non
3096 4628 3242 4685 uncti
3294 4625 3465 4699 regali
3496 4632 3787 4695 unguento,

2203 4726 2404 4784 Christi
2431 4727 2722 4783 dicuntur:
2745 4724 2947 4781 Christi
2982 4733 3165 4779 autem
3190 4734 3315 4778 sunt
3333 4719 3646 4791 quiSpiritu
3670 4731 3790 4771 sano

2203 4831 2293 4879 cto
2332 4830 2628 4891 unguntur.
2655 4818 2798 4890 Ergo
2828 4827 2883 4873 et
2908 4817 3173 4873 Dnminus
3199 4824 3384 4871 noster
3399 4813 3546 4885 juste
3566 4820 3793 4868 vocatur

2204 4915 2478 4972 Christus.
2499 4913 2653 4982 Quod
2680 4913 2755 4968 illi
2779 4922 2999 4984 negant,
3034 4920 3225 4967 euntes
3252 4919 3440 4966 contra
3463 4905 3789 4976 Scripturas.

2282 5010 2348 5064 Et
2378 5008 2573 5063 vocavit
2607 5009 2797 5081 famem
2844 5021 3001 5078 super
3040 5015 3250 5081 terram.
3283 5001 3496 5072 Sa'pius
3526 4999 3714 5057 evenit
3739 5004 3798 5051 ut

2207 5118 2332 5175 qum
2356 5110 2614 5172 putantur
2641 5099 2914 5157 contraria
2959 5112 3106 5166 esse,
3159 5080 3272 5153 lucc
3313 5093 3651 5166 providentia
3696 5087 3795 5144 Dei

2204 5210 2304 5266 pro
2330 5194 2570 5250 utilitate
2615 5193 2769 5249 fiant.
2823 5191 2938 5249 Nisi
2976 5189 3120 5247 enim
3153 5188 3352 5245 fratres
3381 5183 3588 5253 losepb
3639 5179 3801 5238 aetati

2205 5287 2438 5345 fuissent
2469 5302 2615 5355 eum,
2676 5285 2722 5342 si
2760 5300 2870 5341 non
2898 5283 3271 5342 vendidissent
3316 5295 3442 5336 eum
3478 5296 3493 5333 :
3525 5273 3801 5349 quomodo

2206 5381 2566 5440 descenderet
2602 5380 2657 5435 in
2688 5377 3028 5452 Egyptum?
3054 5376 3114 5434 Si
3138 5390 3249 5432 non
3289 5372 3462 5428 fames
3492 5371 3633 5427 facta
3660 5368 3795 5425 fuis-

2209 5484 2314 5540 set,
2344 5472 2619 5545 quomodo
2642 5472 2966 5544 patriarcha:
2990 5467 3386 5526 descenderent
3406 5464 3460 5521 in
3480 5462 3805 5537 Egyptum.

2211 5578 2752 5643 ctcognoscerentur
2779 5584 2807 5623 a
2837 5567 3005 5624 fratre
3057 5564 3201 5623 suo?
3247 5560 3537 5632 Quomodo
3586 5558 3811 5615 Pharao

2209 5673 2597 5739 percuteretur
2624 5662 2812 5721 decem
2865 5661 3071 5735 plagis?
3120 5656 3411 5728 Quomodo
3460 5654 3686 5713 exirent
3741 5651 3817 5709 de

2209 5758 2492 5832 Αἴθῃ)ιοῖ
2518 5757 2805 5827 Quomodo
2828 5757 2882 5813 iu
2909 5753 3172 5813 eremode
3193 5760 3346 5824 petra
3372 5750 3583 5808 exirent
3600 5763 3773 5821 aqua:
3799 5765 3814 5801 :

2207 5851 2480 5930 quomodo
2511 5852 2769 5928 mysteria
2815 5865 2935 5923 quae
2975 5850 3027 5905 itt
3051 5847 3272 5906 deserto
3305 5845 3446 5902 facta
3492 5850 3621 5901 sunt
3653 5842 3712 5900 in
3750 5840 3822 5896 ti-
