3954 6340
210 357 229 412 1
251 357 341 416 1⁸57

1144 353 1570 413 BREVIARIUM
1612 357 1674 412 ΙΝ
1716 355 2052 414 PSALMOS.
2091 358 2338 418 PSALM.
2383 360 2515 419 CIV.

3372 364 3505 423 “58

204 489 353 546 gnra,
381 487 483 530 nos
505 488 567 529 ea
590 474 947 545 epit-itualiter
975 472 1443 546 intelligeremus?
1477 475 1536 532 Si
1561 490 1666 530 non
1695 473 1791 530 .lu-
1822 478 1868 539 Α
1898 477 1950 532 in
2001 490 2137 534 terra
2193 476 2376 534 Cltam.
2445 482 2635 542 Omnis
2693 489 2784 556 qui
2815 490 3043 561 coeperit
3090 491 3256 547 Deum
3309 488 3496 544 videre

116 631 118 634 ,
205 568 298 624 das
321 568 615 626 Dominum
633 561 962 639 prodidisset
983 589 994 623 :
1013 570 1289 642 quomodo
1306 585 1404 625 nos
1421 569 1589 625 salvat
1603 571 1798 626 emnr?

203 662 259 722 Si
291 679 398 718 non
429 662 606 720 Judaei
655 664 1076 732 crucitixissent,
1133 673 1188 718 et
1216 663 1484 720 increduli
1519 663 1793 720 inissent:

201 757 472 830 quomodo
501 774 598 814 nos
627 759 1011 814 crederemus?
1039 757 1240 828 Joseph
1263 774 1397 830 ergo
1426 759 1523 814 ivit
1555 758 1609 814 in
1633 756 1799 830 [Egy—

202 860 372 922 ptum,
399 867 706 922 praeparare
721 851 1014 921 hospitium
1030 862 1082 906 et
1105 852 1362 908 alimenta
1379 851 1642 908 fratribus
1659 855 1792 907 suis.

277 941 422 997 Misit
447 951 566 998 ante
593 959 680 999 eos
710 944 896 998 virum.
938 941 1118 1013 Ipsum
1170 942 1298 998 dicit
1328 942 1556 1014 Joseph.
1597 941 1661 996 In
1689 959 1800 997 ser-

201 1052 318 1091 uum
356 1037 677 1092 venundatus
715 1045 790 1092 est
828 1034 1045 1109 Ioseph.
1097 1037 1242 1092 Bene
1275 1046 1432 1092 natus
1480 1045 1534 1092 et
1578 1043 1798 1093 sanctus

201 1131 282 1184 vir
314 1129 587 1186 venditur.

272 1222 700 1280 Humiliaverunt
728 1225 781 1280 in
803 1224 1136 1298 compedibus
1170 1227 1323 1295 pedes
1363 1228 1494 1300 ejus.
1531 1224 1668 1293 Quia
1701 1239 1800 1279 no-

199 1316 297 1371 luit
327 1316 643 1373 consentire
681 1316 917 1373 domina:
949 1315 1238 1389 Egyplite.
1290 1317 1710 1372 Ilnmiliavcrunt
1742 1316 1797 1371 in

196 1409 530 1482 compedibus
555 1410 707 1477 pedes
734 1411 868 1478 ejus,
903 1409 1000 1465 sed
1047 1426 1155 1463 non
1203 1418 1492 1480 potuerunt
1521 1407 1792 1480 justitiam

198 1499 486 1557 humiliare
517 1519 530 1556 :
561 1501 796 1558 sedecim
829 1502 974 1558 enim
1007 1515 1272 1557 annorum
1301 1517 1422 1556 cum
1457 1512 1636 1567 esset,
1668 1500 1800 1554 ada-

195 1603 374 1648 matus
403 1601 491 1650 est
520 1607 550 1648 a
583 1593 825 1660 domina,
886 1602 942 1650 et
989 1594 1043 1649 in
1096 1595 1186 1649 tali
1231 1604 1393 1650 aetate
1443 1595 1795 1660 consuitutus,

195 1705 318 1760 qute
363 1688 539 1761 magis
567 1689 830 1760 voluptati
887 1689 1069 1745 dedita
1126 1699 1230 1758 est,
1285 1689 1457 1745 noluit
1485 1690 1798 1745 consentire

195 1781 490 1853 iniquitati,
520 1783 616 1839 sed
649 1783 820 1855 magis
850 1783 1028 1839 timuit
1061 1783 1358 1855 periculum
1407 1783 1623 1840 animm.
1660 1781 1796 1837 Fer-

1906 573 2125 645 mente,i
2152 574 2232 629 vel
2276 575 2404 631 vitia
2436 577 2807 648 supplantare.
2877 583 2926 638 in
2957 583 3360 640 tribulationem
3400 580 3500 636 dc-

1903 666 2132 734 scendit,
2167 677 2222 723 et
2266 667 2408 724 inter
2452 680 2642 741 gentes
2686 673 2942 730 adversas
2985 675 3277 731 inhabitat.

1976 759 2040 812 Et
2073 760 2218 815 auxit
2251 762 2495 834 populum
2525 781 2674 818 suum
2703 765 3042 834 rehementer,
3069 778 3114 822 et
3137 767 3498 837 ﬁrmaviteum

1901 868 2057 924 super
2107 853 2342 908 inimicos
2386 857 2517 928 ejus.
2559 855 2825 924 Quoniam
2875 860 2926 914 in
2968 860 3311 932 septuaginta
3340 862 3502 931 quin-

1901 960 2006 1016 que
2031 947 2313 1002 animabus
2339 947 2743 1005 descenderunt
2769 951 2820 1005 in
2835 951 3150 1025 ASgyptum,
3170 961 3500 1008 etsexcenta

1903 1039 2070 1094 millia
2115 1041 2362 1096 exierunt
2407 1041 2475 1096 dc
2523 1041 2762 1115 Egypto
2801 1044 2979 1114 (Deut.
3012 1044 3090 1115 κ).
3127 1044 3262 1101 Vide
3299 1057 3504 1118 mystc-

1900 1133 2059 1189 rium.
2085 1133 2187 1202 Qui
2207 1135 2485 1203 quondam
2503 1148 2660 1193 erant
2686 1155 2917 1196 numero
2937 1139 3124 1196 brevi:
3158 1155 3301 1196 nunc
3329 1141 3496 1209 aucti,

1899 1237 1954 1282 ct
2001 1227 2196 1283 firmati
2243 1228 2520 1284 dicuntur.
2590 1231 2873 1302 Augentur
2925 1243 3138 1300 autem,
3190 1242 3246 1290 ct
3295 1235 3496 1290 confir-

1901 1332 2116 1378 mantur
2141 1322 2272 1392 justi
2309 1337 2340 1377 a
2373 1323 2623 1393 Domino,
2668 1341 2734 1384 ne
2756 1328 2836 1384 eis
2877 1327 3124 1386 adversae
3163 1330 3498 1401 praevaleant

1903 1424 2223 1486 potestates.

1971 1509 2228 1565 Convertit
2277 1529 2364 1566 cor
2386 1527 2583 1581 eorum,
2611 1523 2667 1568 ut
2713 1517 2914 1571 adirent
2960 1515 3214 1586 populum
3263 1521 3396 1590 ejus,
3431 1525 3481 1571 et

1899 1602 2075 1658 dolum
2105 1604 2330 1674 facerent
2376 1605 2432 1658 in
2480 1607 2637 1660 servis
2677 1608 2808 1678 ejus.
2841 1607 3083 1678 Scilicet,
3140 1618 3202 1664 ut
3247 1619 3496 1664 contem-

1902 1696 2176 1767 plarentur
2223 1697 2537 1766 iniquitates
2586 1714 2804 1755 eorum.

1973 1788 2118 1844 Misit
2162 1789 2381 1862 Moysen
2437 1809 2640 1848 seruum
2685 1811 2870 1861 suum,
2931 1796 3104 1850 Aaron
3152 1813 3299 1867 quem
3349 1798 3496 1868 elegit

193 1894 308 1930 rum
337 1878 640 1949 pertransiit
680 1877 908 1932 animam
959 1881 1092 1952 ejus.
1147 1877 1370 1934 Ferrum
1424 1879 1597 1950 ipsum
1651 1876 1784 1934 dicit
1823 1876 2080 1956 Bipsum.
2127 1883 2324 1954 Legem
2371 1885 2554 1955 utique
2583 1896 2638 1943 et
2667 1888 3054 1944 sacerdotium.

196 1978 503 2040 peccatum,
533 1971 674 2042 quod
704 1971 903 2026 occidit
927 1972 1184 2027 animam.
1217 1971 1407 2028 Aliter.
1434 1973 1570 2038 Quia
1603 1972 1656 2026 in
1690 1986 1790 2042 pe-

194 2061 372 2117 riculo
424 2069 565 2124 erat.
617 2072 908 2118 accusatus
946 2078 976 2118 a
1029 2063 1247 2118 domina
1306 2062 1359 2118 itt
1414 2065 1506 2118 tali
1540 2063 1786 2118 crimine.

194 2153 444 2208 Ardebat
474 2152 618 2210 enim
653 2153 877 2209 domina
905 2155 956 2210 in
989 2170 1138 2221 eum,
1170 2155 1310 2212 sicut
1354 2156 1620 2227 scriptum
1665 2165 1787 2211 est:

157 2256 160 2258 ‘
191 2247 398 2302 Omnes
453 2246 849 2314 adulterantes,
881 2247 1023 2302 sicut
1069 2247 1316 2304 clibanus
1354 2249 1516 2303 corda
1550 2248 1788 2319 ipsorum

191 2339 360 2412 (Ose.
415 2342 554 2412 vn).
616 2341 1034 2398 Donec-veniret
1082 2341 1292 2397 verbum
1338 2346 1473 2416 ejus.
1548 2341 1788 2398 Verbum

190 2437 366 2509 ipsius
395 2437 607 2494 Domini
639 2437 788 2506 dicit,
818 2439 908 2510 qui
938 2454 1060 2494 eum
1092 2437 1362 2494 liberavit.

265 2531 550 2603 Eloquium
595 2531 804 2587 Domini
826 2532 1161 2604 inﬂammavit
1192 2549 1330 2588 eum.
1363 2531 1477 2588 Nisi
1524 2533 1667 2587 enim
1701 2532 1787 2587 in-

187 2625 501 2684 ﬂammatus
542 2637 688 2685 esset
738 2628 943 2699 Spiritu
995 2638 1216 2699 sancto,
1271 2646 1379 2686 non
1413 2639 1626 2701 poterat
1668 2629 1789 2686 Ιὶιιί-

187 2721 375 2777 dinem
425 2721 665 2777 vincere.
714 2720 954 2793 Spiritus
985 2722 1130 2778 enim
1166 2721 1378 2778 Domini
1431 2722 1789 2778 inﬂammavit

183 2831 335 2885 cum,
375 2824 430 2872 et
453 2816 749 2888 exstinguit
777 2815 1233 2887 ignemlihidiuis.
1257 2815 1404 2872 Misit
1438 2834 1527 2872 rex
1553 2827 1602 2871 et
1639 2817 1790 2874 solvit

180 2925 324 2964 eum.
353 2907 658 2966 Secundum
683 2908 915 2965 litteram
939 2908 1150 2965 Pharao
1176 2909 1350 2978 misit,
1377 2919 1428 2965 et
1453 2909 1613 2966 solvit
1637 2925 1785 2967 eum.

183 3002 362 3058 Aliter
410 3021 422 3055 :
479 3002 537 3059 Si
583 3001 779 3074 aliquis
827 3011 1066 3060 tentatur
1116 3019 1146 3058 a
1204 3003 1460 3071 libidine,
1517 3005 1619 3060 nisi
1681 3006 1787 3061 Do-

182 3096 374 3151 minus
419 3096 735 3168 apparuerit
763 3106 814 3152 et
841 3096 1065 3152 solverit
1090 3113 1212 3154 eum
1242 3117 1252 3150 :
1279 3114 1387 3154 non
1436 3108 1617 3169 p0test
1655 3099 1790 3156 cffu-

180 3204 320 3261 gere
372 3197 678 3261 peceatum.
714 3188 860 3245 Misit
906 3207 1020 3259 rex,
1067 3200 1115 3244 et
1154 3191 1303 3246 solvit
1341 3209 1458 3246 eum
1503 3209 1520 3246 :
1552 3194 1788 3265 princeps

1972 1973 2154 2028 Posuit
2178 1977 2229 2028 in
2257 1977 2329 2030 eis
2358 1978 2509 2032 verba
2531 1979 2798 2052 signorum
2819 1996 3033 2034 suorum
3061 1989 3108 2036 et
3137 1982 3497 2054 prodigiorum

1892 2067 1948 2120 in
2000 2075 2140 2120 terra
2187 2064 2370 2124 Citam.
2445 2068 2702 2136 Attende,
2761 2070 3027 2138 andaee,
3063 2072 3153 2143 qui
3195 2075 3498 2130 secundum

1896 2159 2135 2216 litteram
2164 2160 2309 2215 dicta
2357 2162 2612 2233 intelligis
2642 2182 2654 2216 :
2681 2163 2946 2236 Numquid
2984 2165 3196 2240 Moyses
3219 2177 3274 2223 et
3310 2169 3490 2224 Aaron

1896 2254 1946 2308 in
1972 2262 2113 2309 terra
2130 2253 2300 2310 Cham
2321 2265 2648 2325 acceperunt
2664 2257 2972 2313 mandatum
2992 2258 3060 2313 de
3083 2259 3276 2328 signis,
3308 2268 3362 2315 et
3386 2275 3493 2316 non

1897 2347 2074 2416 potius
2106 2348 2156 2402 in
2208 2356 2355 2403 terra
2396 2347 2644 2403 Madiaa?
2671 2349 2777 2404 Aut
2827 2349 2882 2404 in
2945 2361 3089 2406 terra
3125 2349 3293 2407 Cham
3347 2351 3493 2407 fece-

1893 2450 2019 2497 runt
2065 2441 2340 2513 prodigia,
2401 2452 2456 2498 ct
2487 2459 2594 2498 non
2643 2444 2697 2498 in
2753 2443 3016 2516 rEgypto?
3053 2445 3160 2502 Sed
3197 2456 3259 2501 ut
3296 2447 3496 2502 intelli-

1892 2548 1988 2603 gas
2032 2533 2148 2589 haec
2177 2549 2274 2606 per
2302 2533 2473 2606 legem
2507 2544 2559 2590 et
2599 2535 2964 2592 sacerdotium
3008 2552 3179 2608 usque
3224 2538 3386 2594 hodie
3414 2539 3496 2594 in-

1894 2635 1976 2682 ter
2013 2636 2201 2699 gentes
2224 2627 2532 2684 incredulas
2555 2628 2637 2700 agi
2671 2628 2832 2686 :ideo
2874 2632 3136 2702 pr0pheta
3161 2643 3357 2688 terram
3409 2646 3499 2702 ρος

1891 2730 2001 2782 suit
2044 2725 2234 2782 Cltam.

1967 2818 2110 2874 Misit
2141 2819 2374 2876 tenebras
2405 2830 2452 2875 et
2480 2820 2765 2876 obscuravit
2796 2837 2903 2877 eos.
2939 2820 3231 2894 Coeperunt
3253 2823 3303 2880 ei
3324 2838 3492 2896 expo-

1893 2929 2023 2971 nere
2053 2930 2251 2971 arcana
2285 2917 2674 2988 mysteriorum
2708 2916 2834 2985 Dei,
2869 2925 2921 2971 ct
2951 2917 3174 2972 claritas
3206 2919 3495 2974 mundanas

1892 3009 2171 3081 sapientia:
2214 3011 2504 3066 obscurata
2549 3020 2652 3068 est.
2702 3009 2790 3068 Sic
2829 3011 2973 3068 enim
3023 3013 3156 3068 alibi
3184 3030 3197 3067 :
3224 3013 3493 3084 Compre—

1894 3103 2122 3160 hendam
2183 3104 2458 3174 sapientes
2506 3104 2556 3159 in
2613 3103 2807 3159 asmtia
2846 3120 3034 3160 eorum
3067 3105 3140 3176 (ll
3177 3103 3299 3162 Cor.
3331 3106 3394 3177 ι).
3429 3104 3495 3160 Et

1891 3195 2211 3272 exacerbavit
2247 3213 2506 3252 sermones
2537 3201 2672 3270 ejus.
2704 3197 2838 3265 Quia
2870 3196 2990 3253 duri
3013 3199 3095 3254 eis
3118 3209 3278 3254 erant
3307 3217 3317 3252 :
3349 3199 3496 3254 sicut

179 3283 521 3359 populorum,
565 3295 612 3339 et
659 3285 854 3340 dimisit
906 3301 1038 3339 eum.
1081 3283 1200 3341 Rex
1225 3300 1288 3342 ac
1326 3286 1598 3358 princeps,
1639 3298 1790 3359 pater
1817 3277 1861 3341 C
1895 3289 2158 3362 quosdam
2204 3289 2563 3361 Evangelium
2597 3290 2805 3346 dixisse
2837 3291 3000 3347 refert
3034 3310 3044 3345 :
3082 3293 3261 3348 Durus
3293 3301 3376 3347 est
3400 3291 3492 3346 hic

177 3377 475 3450 accipitur,
508 3387 565 3433 ut
588 3377 720 3434 illud
758 3396 769 3430 :
804 3376 921 3433 Rex
958 3394 1183 3448 magnus
1214 3394 1380 3449 super
1401 3395 1620 3436 onmem
1673 3391 1787 3438 ter-

177 3488 325 3538 ram,
384 3481 440 3527 et
469 3471 600 3528 illud
631 3491 642 3525 :
678 3471 941 3527 Dominus
992 3457 1250 3543 princeps
1282 3474 1786 3530 noster:Dominns

173 3564 358 3637 judex
391 3572 576 3620 noster
609 3561 786 3639 (Psal.
835 3563 1005 3635 ιιινι).
1043 3564 1162 3634 Ipse
1199 3580 1331 3638 ergo
1364 3565 1784 3637 misitangelum

174 3673 343 3714 suum
391 3659 483 3728 qui
539 3657 774 3714 revolvit
813 3657 1049 3728 lapidem
1109 3659 1178 3713 ah
1218 3659 1364 3715 ostio
1421 3659 1784 3726 ntonumenti,

172 3761 234 3808 et
255 3750 747 3808 dissolvitsudaria
776 3750 1110 3822 funerisejus
1142 3751 1339 3824 (Marc.
1371 3755 1487 3823 xv).
1509 3753 1632 3824 Ipse
1653 3769 1790 3825 quo-

173 3829 286 3916 que
345 3852 571 3916 paterna
621 3844 844 3912 virtute,
887 3845 1099 3901 devicta
1137 3855 1331 3914 morte,
1365 3847 1432 3902 ab
1459 3845 1672 3902 inferno
1701 3863 1788 3902 rc-

171 3938 384 3994 missus
429 3947 532 3994 est.
579 3937 724 3994 Nihil
777 3938 868 3994 hic
901 3941 1243 4012 negligenter
1299 3940 1650 3996 sentiendum
1691 3952 1785 3998 ant

173 4031 488 4104 putandum
518 4052 529 4086 :
554 4032 678 4104 quia
729 4034 798 4090 ab
838 4036 1047 4105 angelis
1075 4036 1371 4091 suscitatus
1400 4045 1505 4092 est.
1552 4037 1786 4092 Minora-

175 4141 272 4185 tus
300 4135 392 4183 est
419 4127 564 4184 enim
595 4128 759 4201 paulo
787 4128 968 4183 minus
999 4128 1068 4183 ab
1088 4129 1301 4200 angelis
1334 4148 1344 4182 :
1371 4145 1492 4185 eum
1529 4141 1584 4184 ut
1617 4132 1785 4187 homo

168 4223 427 4294 suscepit
454 4231 682 4279 mortem
700 4221 874 4295 (Psal.
895 4223 1036 4294 vm).
1059 4221 1190 4278 Nam
1222 4223 1273 4277 in
1301 4224 1699 4280 resurrectione
1726 4233 1786 4279 ut

166 4317 327 4374 Deus
362 4332 544 4380 verus.
573 4315 820 4386 angelico
845 4329 976 4370 usus
1017 4325 1098 4370 est
1155 4315 1477 4370 ministerio.
1531 4315 1782 4386 Regnum

167 4409 280 4464 hoc
326 4407 393 4462 ad
445 4405 777 4479 principatus
822 4423 923 4463 nec
977 4407 1043 4462 ad
1070 4407 1411 4464 Pharaonem
1458 4408 1774 4478 pertinebit,

163 4505 268 4575 qui
304 4501 695 4558 exterminator
724 4509 829 4569 est,
853 4517 954 4558 nec
982 4500 1048 4556 ad
1085 4501 1235 4557 illum
1273 4501 1365 4573 qui
1400 4511 1605 4559 tantum
1638 4503 1786 4575 prin-

162 4611 312 4666 ceps
342 4610 640 4665 cuquorum
667 4605 771 4651 est.

1891 3399 2076 3441 sermo
2103 3404 2114 3438 :
2140 3383 2259 3456 quis
2286 3399 2410 3439 eum
2433 3383 2622 3440 audire
2647 3385 2822 3456 possit
2843 3382 3025 3458 (Joan.
3051 3385 3165 3450 vt)?

1963 3479 2223 3534 Convertit
2253 3495 2416 3550 aquas
2444 3495 2626 3533 eorum
2652 3479 2705 3532 in
2728 3479 3054 3552 sanguinem.
3082 3479 3154 3535 Ut
3188 3479 3279 3550 qui
3326 3477 3492 3534 sctltt-

1890 3572 2063 3629 cendo
2108 3573 2429 3644 sanguinem
2463 3570 2767 3628 effuderant
2809 3571 3181 3641 parvulorum,
3208 3571 3307 3643 ipsi
3335 3570 3493 3627 dein-

1889 3682 2020 3738 ceps
2053 3682 2153 3737 pro
2181 3667 2334 3736 aquis
2364 3682 2621 3722 cruorem
2671 3666 2972 3721 haurirent.
3001 3665 3108 3721 Sed
3138 3665 3372 3720 maxime
3404 3664 3494 3720 hic

1890 3759 2191 3815 versiculus
2225 3758 2517 3814 ltzcreticos
2572 3755 2818 3827 reSpicit.
2865 3755 2935 3810 Et
2984 3755 3173 3810 occidit
3210 3755 3372 3825 pisces
3403 3772 3493 3810 eo-

1889 3869 2029 3907 rum.
2076 3851 2176 3919 Qui
2230 3851 2372 3906 inter
2412 3849 2710 3905 ﬂuctuosas
2751 3847 2914 3920 hujus
2955 3846 3143 3903 mundi
3193 3845 3490 3906 felicitates

1889 3961 2116 4016 regnum
2141 3960 2264 4001 esse
2285 3943 2570 4017 putabant.

1961 4034 2032 4091 Et
2072 4037 2215 4091 dedit
2251 4046 2391 4092 terra
2426 4053 2606 4090 eorum
2645 4051 2804 4089 ranas
2847 4035 2902 4089 in
2929 4035 3278 4107 penetralibus
3308 4051 3484 4105 regunt

1885 4135 2141 4201 ipsorum.
2175 4134 2232 4188 In
2261 4133 2430 4201 ranis,
2464 4141 2746 4203 poetarum
2774 4141 2798 4169 α
2823 4131 3066 4186 carmina
3095 4130 3484 4200 designantur,

1887 4228 1975 4300 qni
2002 4242 2030 4281 a
2062 4226 2332 4283 catholica
2365 4227 2551 4297 regula
2587 4225 2986 4296 discrepantes,
3020 4238 3207 4296 regum
3232 4232 3486 4278 terreno-

1887 4335 2005 4376 rum
2029 4319 2192 4376 corda
2216 4318 2596 4388 deceptionum
2628 4317 2822 4374 fabulis
2853 4316 3089 4388 replent.

1964 4411 2126 4477 Dixit,
2157 4421 2205 4468 et
2240 4413 2374 4467 venit
2409 4413 2702 4484 cynomyia.
2735 4412 2794 4468 In
2825 4411 3133 4483 cynomyia,
3175 4408 3226 4464 id
3259 4417 3362 4476 cst,
3395 4425 3488 4467 ca-

1887 4509 2014 4564 nina
2046 4523 2267 4575 musca,
2315 4523 2434 4578 quae
2475 4507 2528 4562 in
2574 4521 2735 4563 coeno
2787 4521 2850 4562 ac
2903 4514 3150 4562 stercore
3184 4505 3482 4575 volutatur,

1885 4600 2154 4659 luxuriam
2187 4602 2426 4658 indicat:
2453 4617 2570 4670 quae
2599 4601 2924 4672 plerumque
2963 4615 3276 4670 compressa
3309 4601 3487 4672 pullu-

245 4687 534 4743 Constituit
565 4704 679 4741 eum
705 4685 986 4741 Dominum
1015 4686 1199 4742 domus
1221 4703 1351 4743 suis.
1371 4687 1629 4744 Ecclesia:
1659 4688 1779 4759 ejus
1807 4683 1860 4744 D
1888 4697 1982 4752 lat.
2018 4696 2168 4752 Sient
2197 4695 2410 4760 Petrus,
2445 4695 2639 4764 inquit,
2673 4693 2954 4764 apostolus
2991 4713 3004 4750 :
3034 4692 3199 4749 Canis
3229 4707 3483 4750 reversus

159 4781 448 4852 sanguine
485 4779 780 4851 acquisitar.
808 4778 874 4834 Et
916 4781 1204 4852 principem
1243 4781 1406 4835 onmis
1447 4781 1782 4851 possessionis

155 4893 307 4932 sum.
360 4874 536 4944 Quam
587 4873 848 4930 adiaboli
897 4873 1165 4929 abstraxit
1205 4883 1493 4944 potestate.

247 4969 326 5026 Ut
352 4969 575 5023 erudiret
594 4969 847 5042 principes
874 4984 995 5024 suos
1019 4969 1153 5023 sicut
1191 4971 1540 5040 semetipsum,
1571 4978 1619 5024 et
1639 4986 1781 5025 senes

156 5067 291 5138 ejus
317 5063 644 5136 prudentiam
669 5062 893 5118 doceret.
932 5061 1215 5132 Principes
1239 5076 1302 5117 ac
1332 5062 1582 5118 seniores
1610 5069 1770 5118 erant

156 5157 508 5230 papulnrum
535 5140 790 5228 apostoli,
843 5165 898 5212 et
919 5156 1003 5211 sui
1039 5171 1068 5210 a
1100 5155 1437 5227 proprietate
1469 5156 1622 5222 dicti,
1661 5173 1768 5213 non

153 5268 189 5308 a
260 5250 592 5322 principatu,
646 5264 784 5320 quos
836 5249 951 5320 ipse
996 5250 1170 5304 sacris
1220 5249 1455 5305 erudivit
1517 5250 1770 5322 eloquiis.

154 5343 315 5401 Nam
369 5352 424 5398 et
464 5343 612 5412 ipsos
667 5342 1012 5398 sacerdotum
1071 5341 1345 5412 principes
1441 5357 1504 5396 ac
1543 5342 1777 5414 populo-

153 5455 301 5497 rum
334 5437 579 5494 seniores
637 5438 836 5508 sacpius
888 5436 1117 5503 docens,
1173 5435 1412 5492 erudivit
1459 5436 1514 5493 in
1542 5437 1769 5509 templo,

152 5546 302 5589 cum
349 5530 433 5586 eis
475 5530 689 5586 divinas
738 5531 958 5601 aperuit
1009 5529 1347 5602 Scripturas.

242 5620 324 5678 Et
369 5624 576 5678 intravit
604 5622 773 5679 Israel
795 5624 848 5678 in
871 5621 1180 5694 ngyptum,
1205 5623 1436 5679 etJacob
1462 5625 1630 5680 incola
1677 5624 1776 5696 fuit

246 5768 278 5797 ι
309 5758 512 5832 Recole
549 5775 668 5832 qum
695 5760 856 5830 paulo
895 5761 1149 5832 superius
1187 5763 1238 5818 in
1283 5762 1476 5830 psalm.
1511 5778 1690 5819 Lxxvn
1717 5763 1786 5819 ad

149 5830 455 5907 geminum
478 5831 824 5907 istiuslocum
852 5830 1228 5890 observamus.
1247 5835 1324 5889 De
1351 5839 1787 5907 cynomyia,qute

149 5903 546 5975 Subsequitur,
582 5912 743 5976 atque
767 5903 856 5962 hic
883 5912 1072 5962 auctor
1113 5914 1300 5962 contra
1331 5903 1440 5964 veri
1476 5903 1787 5978 Hieronymi

1887 4790 1954 4846 ad
1979 4791 2266 4860 vomitum,
2286 4800 2338 4844 et
2362 4803 2454 4842 sus
2476 4788 2590 4843 lota
2615 4803 2644 4842 a
2677 4788 2935 4859 squalore
2955 4788 3097 4845 caeni
3119 4787 3186 4856 (ll
3218 4785 3362 4841 Petr.
3398 4785 3484 4856 ιι).

1890 4882 1957 4937 Et
1989 4883 2171 4954 cinifes
2201 4884 2256 4937 in
2297 4882 2532 4936 omnibus
2563 4881 2752 4952 finibus
2782 4899 2978 4937 eorum.
3033 4881 3086 4935 In
3129 4879 3312 4944 cinife,
3364 4879 3485 4933 dia-

1887 4976 2094 5032 lecticm
2114 4974 2251 5029 artis
2275 4974 2528 5030 stimulus
2555 4974 2880 5046 intelligitur
2910 4992 2924 5028 :
2956 4989 3074 5045 quae
3106 4972 3235 5026 licet
3255 4985 3481 5041 parvum

1888 5067 2135 5124 videatur
2162 5065 2363 5123 habere
2395 5066 2731 5124 seductionis
2750 5066 3022 5133 aculeum,
3051 5061 3374 5136 gravissime
3401 5070 3482 5118 ta-

1889 5176 2011 5217 men
2039 5161 2248 5216 sauciat
2272 5169 2482 5216 mentes
2512 5158 2798 5216 humanas.

1958 5253 2141 5308 Posuit
2165 5254 2366 5324 pluvias
2396 5269 2575 5309 eorum
2604 5254 2934 5328 grandinem.
2959 5249 3033 5308 Ut
3061 5247 3259 5306 divinis
3287 5263 3483 5319 argue-
3523 5280 3538 5286 -

1886 5357 2073 5405 rentur
2090 5347 2429 5403 verberibus.
2455 5346 2635 5418 Ignem
2655 5355 2883 5400 urentem
2900 5345 2952 5398 in
2978 5352 3116 5396 terra
3140 5358 3336 5396 eorum.
3361 5339 3482 5397 Non

1883 5441 2299 5506 illuminantem,
2344 5440 2438 5496 sed
2469 5448 2719 5495 urentem
2756 5453 2771 5493 :
2805 5437 2930 5507 quia
2963 5443 3187 5491 sanctus
3223 5433 3363 5506 ignis
3384 5433 3477 5503 ju-

1885 5517 2001 5591 stos
2031 5533 2326 5599 illuminat,
2360 5540 2674 5602 peccatores
2696 5529 2901 5585 exurit.

1958 5629 2028 5683 Et
2069 5627 2320 5700 percussit
2368 5627 2544 5681 uineas
2592 5639 2788 5693 eorum,
2822 5633 2870 5678 et
2919 5620 3172 5693 ﬁculneas
3208 5635 3408 5688 eorum,
3436 5627 3488 5676 et

1894 5764 2218 5820 sententiam
2250 5761 2416 5818 vertit
2461 5760 2517 5816 in
2558 5761 2800 5815 caninam
2845 5777 3092 5829 muscam,
3127 5758 3252 5818 vide
3277 5774 3397 5832 qua:
3427 5758 3485 5815 in

1896 5835 2115 5908 praefixa
2146 5833 2515 5891 admonitione
2537 5833 2980 5905 perStrinximus.
