4008 6336
457 360 596 416 “Sil

1251 353 1597 411 APPENDIX
1635 354 1728 410 AD
1765 351 2007 409 TOMUII
2042 350 2397 408 SEP’I'MIUM
2438 353 2495 408 S.
2542 351 2946 408 IIIERUNYlll.

3621 348 3759 405 ιι.ο

455 477 692 532 contrivit
730 488 878 529 omne
901 475 1101 543 lignum
1134 472 1320 543 ﬁniunt
1360 488 1560 526 eorum.
1595 471 1652 526 ln
1693 470 1864 526 vincis
1896 473 1947 523 lit
1970 469 2053 524 ιιι·
2078 470 2131 530 Δ
2158 470 2329 525 nostri
2370 470 2459 524 list
2489 470 2736 526 itineris:
2774 487 2831 526 ut
2862 474 2915 525 in
2960 487 3027 525 eo
3063 471 3269 541 jugiter
3306 470 3677 534 exsultantes.
3704 469 3759 527 in

455 573 684 637 sucisque
714 584 778 622 ac
822 566 1045 632 reliquis
1095 565 1277 635 lignis,
1326 581 1491 621 omne
1537 564 1835 620 hutnanum
1881 577 2054 634 genus
2156 572 2357 620 terram
2391 566 2837 635 repromissionis
2862 563 3397 628 mrreamurinduei,
3423 564 3563 619 etin
3594 575 3764 633 rrgno

455 675 556 715 υ-ιο
580 662 691 716 ndit
728 660 902 730 plagis
943 659 1257 717 colestibns
1289 659 1664 723 verberatum,
1700 660 1771 712 ob
1797 657 2053 713 emendi-

462 754 625 810 tiouis
655 768 895 809 catt-am.

2156 658 2278 730 ejus
2298 660 2477 723 asciti,
2514 659 2793 714 valeamus
2817 674 2941 712 cum
2964 657 3170 714 sanctis
3198 658 3316 728 ejus
3345 657 3532 712 lzetitia
3563 655 3767 726 scalpi-

2160 762 2316 807 terna
2349 752 2586 821 gaudere
2620 771 2632 806 :
2664 752 2787 823 quia
2822 752 2922 824 ipsi
2952 761 3035 806 est
3083 767 3206 808 cum
3245 762 3455 806 aeterno
3502 748 3673 804 Patre
3706 756 3767 805 et

532 845 699 913 Dixit,
730 857 776 900 et
809 847 943 903 venit
973 849 1176 900 locusta
1204 855 1253 900 et
1293 844 1520 903 bruchus
1550 861 1570 901 :
1603 848 1758 918 cujus
1797 862 1903 899 non
1942 856 2055 900 erat
2158 844 2361 915 Spiritu
2384 856 2575 901 sancto
2603 844 2856 900 honoret
2876 844 3074 915 gloria,
3098 842 3153 899 in
3183 842 3381 899 sa-cula
3406 841 3764 898 smculorutn.

459 958 727 995 numerus.
770 938 838 994 Et
877 939 1099 994 comedit
1130 956 1279 994 omne
1307 941 1485 1012 [unum
1547 940 1602 993 in
1651 948 1793 994 terra
1839 956 2056 1006 eorum,

451 1044 501 1087 et
548 1034 766 1087 comedit
816 1051 1021 1088 aunt-Mt
1083 1035 1312 1100 fructum
1371 1043 1523 1089 terra:
1572 1050 1769 1088 eorum.
1835 1034 1890 1088 In
1934 1035 2060 1089 leno

458 1125 750 1197 fructuque
792 1128 1003 1196 reliquo
1050 1137 1243 1191 terrae,
1289 1127 1704 1196 castigati-mem
1763 1127 2058 1183 humanam

460 1221 641 1274 d-tt-ct.
680 1221 846 1276 Datur
863 1220 1008 1275 enim
1033 1230 1274 1291 potestzts
1304 1221 1369 1275 ad
1382 1237 1549 1276 versa:
1580 1222 1720 1291 ptirll
1740 1266 1754 1288 ,
1783 1232 1840 1276 ut
1867 1232 2063 1277 noceat

464 1315 780 1371 hominibus
814 1317 1114 1385 quinolunt
1135 1331 1299 1387 agere
1328 1303 1723 1387 ptenitentiam.
1749 1318 1891 1372 sicut
1920 1320 2064 1386 Apo-

466 1409 702 1480 calypsis
732 1409 891 1461 tlocct
917 1410 1100 1479 (Apoc.
1134 1409 1234 1479 Ix).

544 1502 608 1556 Et
645 1503 897 1571 percussit
946 1519 1100 1557 autne
1124 1503 1527 1575 primogenitum
1572 1504 1627 1557 in
1669 1513 1807 1557 terra
1842 1501 2066 1576 .Eggpti

466 1596 725 1667 primitias
747 1597 915 1651 omnis
943 1596 1138 1651 laboris
1159 1612 1359 1652 eorum.
1388 1596 1710 1667 Principalia
1734 1597 1867 1651 vitia
1902 1615 1914 1650 :
1946 1611 2067 1666 quat

468 1690 720 1745 homines
744 1705 844 1745 ceu
872 1688 1267 1761 primogenitos
1299 1690 1616 1760 diligebant.

544 1784 610 1837 Et
640 1784 821 1837 eduxit
850 1800 933 1836 eos
956 1785 1010 1837 in
1038 1794 1270 1856 argento,
1303 1792 1349 1837 et
1376 1799 1529 1850 auro,
1556 1792 1602 1836 et
1634 1799 1737 1836 non
1759 1792 1875 1837 erat
1900 1782 1955 1836 in
1975 1782 2069 1835 tri-

2162 942 2357 995 Amen.

2720 1009 3039 1069 PSALSIUS
3087 1007 3204 1065 CV.

2163 1104 2413 1173 Alleluia,
2459 1106 2694 1163 alleluia.
2742 1105 2849 1160 Iste
2883 1106 3122 1177 psalmus
3153 1103 3481 1173 paeniteat“
3520 1101 3768 1177 roborat,

2238 1179 2571 1248 negligentes
2621 1181 2843 1248 arguit,
2886 1174 3335 1241 misericordiam
3399 1174 3763 1245 repromittit.

2238 1249 2389 1304 llanc
2431 1250 2667 1319 regulam
2714 1250 2977 1315 debemus
3014 1261 3203 1305 tenere
3229 1290 3244 1306 .
3287 1248 3615 1319 ubicumque
3658 1250 3771 1319 duo

2238 1321 2462 1375 Alleluia
2492 1316 2917 1390 prtescrihuutur
2945 1322 2999 1376 in
3030 1321 3263 1389 psalmo,
3293 1331 3350 1373 ut
3376 1316 3545 1373 unum
3568 1317 3639 1373 de
3662 1316 3773 1390 line

2236 1394 2473 1451 sciumus
2494 1388 2624 1449 esse
2653 1394 2855 1465 prioris
2884 1388 3096 1463 psalmi,
3128 1401 3185 1449 et
3226 1393 3458 1449 alterum
3506 1389 3628 1460 ejus
3674 1388 3773 1461 qui

2243 1476 2512 1537 sequtlur.

2242 1601 2574 1673 Conﬁtetnini
2594 1600 2843 1668 Domino,
2870 1600 3120 1670 quoniam
3138 1599 3321 1655 bonus.
3338 1599 3383 1655 0
3404 1613 3507 1655 vos
3532 1599 3624 1671 qui
3642 1613 3774 1669 gra~

2171 1697 2313 1752 viter
2341 1698 2600 1768 peccatis,
2637 1708 2691 1752 et
2718 1696 3022 1766 desperatis
3047 1695 3117 1750 tle
3136 1704 3317 1750 vestra
3347 1693 3554 1758 salute,
3584 1704 3639 1748 et
3672 1708 3777 1764 pu-

2175 1791 2297 1843 tatis
2341 1789 2597 1859 quaniam
2653 1797 2877 1858 propter
2927 1786 3354 1858 magnitudinem
3416 1792 3778 1857 peccatorum

477 1878 642 1931 bubus
691 1894 718 1931 e
740 1894 869 1930 trum
895 1878 1158 1942 in/irmus.
1202 1877 1294 1932 llis
1320 1877 1491 1948 plagis
1523 1875 1841 1948 Egyptum.
1877 1875 1929 1930 id
1959 1886 2064 1943 est,
2097 1869 2148 1931 B
2177 1897 2283 1935 non
2316 1881 2544 1952 potestis
2593 1883 2807 1936 veniam
2855 1880 3079 1951 adipisci
3116 1899 3128 1935 :
3158 1895 3259 1949 ego
3293 1878 3451 1933 vobis
3482 1877 3778 1949 praecipio,

470 1973 557 2024 vel
589 1968 694 2024 hoc
738 1969 1028 2031 srcculum,
1067 1970 1149 2023 vcl
1198 1969 1487 2024 humanam
1528 1984 1749 2024 carnem
1796 1969 2067 2024 verberat.

474 2061 582 2115 Sed
613 2060 921 2115 educuntur
950 2060 1145 2115 anima:
1182 2060 1237 2114 in
1270 2073 1499 2131 argento
1531 2059 1896 2115 confessionis
1940 2060 2072 2115 lnci-

476 2154 582 2217 tlzo,
613 2162 666 2208 et
687 2170 819 2208 auro
850 2155 1100 2222 puritatis
1124 2154 1444 2224 splendidze,
1477 2155 1690 2210 sublata
1734 2156 1883 2209 omni
1917 2153 2071 2210 inllr-

476 2248 663 2302 mitate
695 2248 922 2317 peccati.

550 2338 751 2394 Ltetata
781 2348 855 2395 est
884 2340 1149 2413 Afgyptus
1178 2342 1232 2396 in
1247 2343 1569 2412 profectione
1596 2359 1771 2397 eorum
1794 2358 1813 2396 :
1839 2345 1964 2415 quia
1994 2344 2077 2398 in-

478 2432 648 2487 cubuit
677 2433 831 2487 timor
856 2449 1037 2487 eorum
1061 2450 1221 2503 super
1241 2450 1344 2489 eos.
1374 2432 1738 2491 Collabitante
1762 2435 1910 2490 enim
1936 2434 2075 2501 luce,

478 2543 586 2582 non
609 2538 855 2597 pOl'Cl':ll|l
881 2544 1043 2596 opt-ra
1068 2529 1417 2584 tenebrarum
1440 2545 1701 2587 exercere
1726 2550 1738 2584 ε
1761 2530 1884 2601 quia
1903 2532 2080 2586 omnis

478 2620 569 2689 qui
599 2620 742 2675 male
770 2621 903 2691 agit,
934 2620 1049 2675 odit
1073 2622 1247 2676 lucem
1290 2620 1471 2693 (Joan.
1499 2627 1602 2692 ut).

558 2710 827 2778 Expandit
859 2713 1044 2766 nubem
1090 2714 1142 2766 in
1173 2716 1540 2784 pro‘tcctionem
1584 2733 1793 2779 eorum,
1832 2725 1880 2771 et
1910 2718 2081 2788 ignem

482 2815 537 2858 ut
570 2807 764 2865 luceret
793 2806 864 2861 eis
890 2822 983 2879 per
1008 2816 1231 2863 noctem.
1261 2805 1472 2863 Hubem
1502 2817 1557 2863 et
1586 2810 1787 2880 ignem,
1814 2810 2080 2878 Spiritum

485 2911 736 2952 sanctum
768 2897 894 2953 dicit
930 2918 941 2952 :
972 2899 1059 2965 qui
1094 2914 1192 2955 nos
1223 2910 1275 2957 et
1302 2901 1371 2956 ab
1404 2913 1540 2959 aestu
1590 2902 1695 2958 diei
1729 2901 1993 2969 defendil,
2028 2912 2084 2959 et

485 2994 543 3050 in
571 2996 853 3052 nocturnis
879 2995 1121 3052 tenebris
1148 2997 1437 3053 illuminat.

564 3086 827 3143 Petierunt
865 3104 1107 3155 carnem,
1152 3102 1200 3143 et
1226 3090 1357 3143 venit
1388 3090 1653 3144 coturnix.
1690 3090 1765 3146 Es
1802 3090 1906 3146 hac
1936 3092 2083 3145 enim

486 3182 770 3238 coturnice
816 3182 1047 3237 satiatus
1101 3181 1262 3239 Israel
1300 3191 1545 3238 nauseat.
1574 3181 1731 3237 [inde
1777 3183 2082 3239 cavendum

2179 1976 2279 2030 hoc
2302 1984 2407 2040 est,
2440 1974 2709 2045 propheto
2744 1993 2757 2027 :
2791 1974 3127 2042 Cou/ilemini
3157 1971 3398 2039 Domino,
3420 1973 3664 2039 quoniam
3681 1972 3781 2026 bo-

2176 2084 2292 2123 nus.
2324 2067 2563 2123 Grandia
2614 2076 2743 2121 sunt
2774 2075 2993 2136 peccata
3035 2077 3214 2121 vestra
3250 2083 3261 2119 :
3293 2065 3390 2119 scd
3429 2080 3659 2133 magnus
3693 2072 3785 2119 est

2180 2161 2484 2227 Dominus,
2538 2161 2629 2232 qui
2680 2161 2966 2215 miseretur
3010 2161 3197 2215 vestri.
3253 2157 3596 2213 Conﬂicmini
3646 2172 3786 2228 ergo

2180 2254 2435 2311 Domino.
2491 2252 2872 2309 Paenitentiam
2913 2254 3055 2323 agite
3090 2270 3103 2305 :
3138 2252 3308 2307 nolite
3356 2249 3653 2320 desperare
3706 2251 3784 2305 de

2178 2347 2350 2402 salute
2404 2355 2584 2401 vestra
2623 2365 2634 2399 :
2670 2346 2938 2416 benignus
2980 2355 3064 2400 est
3120 2343 3402 2399 Dominus.
3444 2342 3784 2412 Conﬁtenzini

2182 2438 2429 2497 Domino.
2452 2440 2544 2510 qui
2564 2437 2772 2493 habetis
2788 2436 3010 2505 grandia
3037 2444 3277 2506 peccaui.
3303 2435 3481 2490 Nolite
3501 2435 3787 2491 conlidere

2184 2534 2235 2587 iu
2258 2544 2439 2588 vestra
2451 2534 2650 2587 virtute
2666 2531 2794 2599 158d
2812 2532 2863 2585 in
2879 2530 3250 2587 misericordia
3269 2529 3502 2584 Domini.
3521 2528 3788 2596 Quoniam

2181 2626 2236 2680 in
2265 2624 2516 2681 steculnm
2560 2625 2913 2680 misericordia
2940 2626 3074 2698 ejus.
3114 2622 3307 2679 Videte
3335 2622 3466 2693 quid
3513 2621 3687 2684 dicat,
3730 2622 3791 2674 in

2183 2719 2449 2773 stcculnm.
2482 2718 2537 2774 lu
2568 2716 2780 2772 inferno
2814 2726 2993 2772 antem
3021 2717 3143 2787 quis
3170 2714 3521 2772 conﬁtebitur
3550 2712 3791 2768 Domino

2184 2810 2357 2883 (Psal.
2393 2812 2507 2883 vi)?
2531 2811 2697 2867 Nemo
2722 2820 2803 2865 est
2824 2812 2969 2866 enim
2998 2811 3086 2881 qui
3112 2813 3284 2880 pos.~it
3306 2810 3359 2863 in
3383 2809 3595 2864 interno
3618 2823 3791 2878 agere

2188 2906 2583 2976 pmnitentiam.
2627 2906 2763 2960 Cum
2794 2905 2926 2961 estis
2960 2906 3015 2958 in
3052 2902 3156 2959 hnc
3192 2902 3416 2967 szemtlo,
3460 2901 3655 2957 hortor
3683 2914 3790 2957 vos

2186 3014 2347 3069 agere
2371 2999 2770 3070 pteuitcntiam.
2800 2996 3146 3054 Conﬂtcmini
3175 3012 3306 3068 ergo
3339 2996 3589 3058 Domino,
3640 3009 3791 3061 quo-

2189 3093 2332 3148 niam
2353 3093 2409 3149 in
2440 3096 2545 3148 isto
2572 3106 2777 3149 tantum
2800 3094 3003 3149 sa'culo
3027 3093 3339 3148 tui~ericors
3359 3102 3463 3147 est.
3498 3090 3593 3145 llic
3621 3088 3796 3143 mise-

2189 3188 2297 3244 reri
2349 3200 2526 3258 potest
2564 3188 2844 3259 ptenitenti
2877 3205 2889 3240 :
2922 3186 3047 3258 quia
3097 3185 3169 3241 ibi
3205 3184 3373 3256 jutlex
3418 3193 3522 3249 est,
3557 3198 3666 3236 non
3693 3189 3792 3237 est

487 3285 593 3341 est,
625 3289 693 3330 ne
721 3275 812 3342 qui
856 3289 917 3330 se
943 3275 1108 3329 sentit
1140 3275 1371 3332 liberum
1412 3290 1478 3331 es
1512 3273 1773 3346 Egypto,
1806 3275 2082 3334 illumins-
2112 3253 2160 3323 ε
2195 3253 2528 3345 misericors.
2566 3253 2670 3337 llic
2713 3253 3032 3335 misericors
3077 3253 3304 3344 est,'ibi
3329 3276 3496 3348 judex
3544 3284 3652 3331 est.
3687 3274 3795 3331 llic

490 3378 603 3419 tum
627 3382 656 3421 a
677 3365 886 3436 Spiritu
910 3374 1122 3429 saneto,
1146 3382 1362 3433 rursum
1380 3366 1651 3425 desideret
1671 3368 1812 3423 ollas
1839 3366 2085 3442 Egypti,

488 3458 545 3514 id
564 3468 671 3522 est,
694 3459 1161 3528 concupiscentiae
1183 3458 1386 3529 carnis,
1415 3477 1534 3531 quae
1564 3462 1614 3519 ei
1642 3477 1899 3533 generant
1930 3465 2089 3519 latui-

492 3566 659 3609 tatetn
685 3557 766 3615 vel
789 3556 943 3611 vitis.
970 3554 1106 3622 Quia
1138 3571 1298 3613 nemo
1323 3571 1528 3625 ponens
1548 3574 1769 3614 titanum
1794 3559 1849 3614 in
1880 3569 2085 3630 aratro,

491 3659 549 3703 et
580 3647 881 3718 respiciens
917 3656 1088 3714 retro,
1129 3657 1287 3719 aptus
1317 3660 1400 3706 est
1430 3664 1600 3718 regno
1645 3649 1739 3705 Dei
1769 3649 1933 3721 (Luc.
1968 3652 2084 3726 Ix).

493 3738 645 3796 Paae
696 3739 808 3795 ctelt'
847 3741 1105 3796 saturavit
1142 3757 1248 3797 eos.
1299 3742 1454 3797 Sicut
1497 3741 1645 3800 enim
1690 3743 1763 3799 illi
1814 3744 1883 3800 de
1932 3748 2089 3803 t-‘tBliS

490 3834 697 3890 ﬂuente
744 3849 939 3890 manna
967 3831 1155 3890 reiecti
1184 3844 1310 3890 sunt
1343 3853 1357 3892 :
1389 3835 1459 3891 ita
1492 3851 1593 3891 uos
1621 3835 1784 3893 hodie
1812 3837 1866 3899 in
1900 3840 2090 3896 Eccle.

494 3926 576 3980 sia
604 3940 834 3995 corpore
865 3927 985 3996 agni
1014 3937 1238 3997 accepto
1261 3925 1557 3985 reﬁcimur.

567 4019 806 4091 Disrupit
847 4028 1068 4088 petram,
1117 4029 1166 4075 et
1194 4021 1465 4091 ﬂuxerunt
1488 4038 1660 4093 aqua,
1691 4036 1738 4078 et
1769 4024 2006 4082 abierunt
2034 4032 2088 4083 in

494 4114 631 4168 sicco
654 4113 893 4184 ﬂumina.
919 4113 1217 4171 Percussus
1243 4123 1329 4171 est
1356 4115 1499 4172 enim
1529 4116 1621 4180 ille
1650 4116 1786 4188 lapis
1814 4119 2090 4188 pretiosus

494 4207 789 4277 singularis,
838 4215 896 4262 et
940 4208 1239 4269 immensos
1285 4208 1441 4267 nobis
1490 4208 1712 4278 protulit
1758 4209 1957 4278 fontes,
1998 4214 2089 4284 qui

498 4311 714 4356 nostros
748 4315 963 4356 errores
987 4299 1237 4365 abluunt,
1261 4310 1318 4357 et
1345 4302 1629 4359 ariditates
1654 4304 1904 4375 irrigant.

573 4391 833 4459 Quoniam
854 4408 1052 4453 utemur
1077 4393 1177 4464 fuit
1199 4394 1339 4453 uerbi
1364 4395 1534 4457 sancti
1553 4397 1636 4451 sui
1661 4396 1801 4467 quod
1822 4388 2002 4455 [tabuit
2023 4401 2093 4455 ad

498 4482 760 4545 Abraham
785 4501 1003 4552 puerum
1029 4500 1201 4543 suum.
1232 4484 1480 4557 Implevit
1517 4488 1661 4547 enim
1691 4505 1796 4549 non
1817 4490 1887 4549 de
1923 4493 2092 4549 semi-

498 4576 693 4639 nibus;
742 4578 839 4635 sed
876 4578 945 4635 de
987 4581 1196 4643 semine
1222 4580 1365 4651 ejus,
1399 4581 1451 4639 id
1481 4592 1585 4649 est,
1617 4582 1685 4639 tle
1710 4582 1931 4641 Christo
1961 4603 2095 4658 pro-

2192 3378 2417 3451 porrigit
2444 3390 2662 3432 manum
2680 3372 2896 3429 cadenti
2931 3389 2945 3427 :
2975 3371 3046 3426 ibi
3069 3371 3225 3427 sedet
3248 3367 3437 3441 judex.
3468 3369 3577 3424 Hoc
3596 3377 3793 3423 autem

2193 3482 2367 3527 totum
2396 3469 2508 3525 dixi
2531 3467 2598 3524 ad
2620 3482 2716 3523 eos
2738 3467 2827 3539 qui
2852 3466 3062 3533 dicunt,
3089 3463 3352 3536 quoniam
3384 3464 3438 3518 in
3468 3462 3681 3518 inferno
3701 3467 3796 3516 est

2193 3563 2533 3636 pteuileutia.

2267 3656 2395 3725 Quis
2439 3655 2669 3726 loquetur
2706 3651 2962 3724 potentias
3005 3648 3241 3706 Domini.
3267 3647 3440 3704 Nemo
3475 3646 3673 3718 dignus
3700 3656 3797 3702 eat

2191 3748 2493 3822 pmdicare
2519 3746 2792 3818 potentias
2820 3746 3018 3813 Patris,
3053 3744 3157 3799 nisi
3190 3744 3379 3799 Filius.
3407 3742 3574 3799 Nemo
3606 3751 3798 3811 potest

2193 3845 2490 3917 potentiam
2520 3839 2699 3899 Putris
2731 3840 2898 3909 loqui,
2932 3839 3051 3894 nisi'
3086 3839 3178 3894 ille
3216 3838 3309 3908 qui
3350 3848 3402 3891 ιιι
3433 3838 3547 3907 ip-e
3590 3844 3797 3917 potens

2191 3909 2297 4004 est,
2344 3935 2616 4008 potentias
2662 3933 2894 4002 potentis
2935 3932 3054 4002 ipse
3101 3932 3191 4002 qui
3235 3940 3429 4001 potens
3466 3938 3574 3995 est,
3605 3909 3799 4000 potest

2193 4031 2494 4104 prmdieare
2530 4040 2585 4084 et
2619 4027 2788 4097 loqui.
2820 4026 3040 4082 Auditus
3061 4026 3214 4098 faciet
3247 4040 3420 4080 ontnes
3448 4023 3633 4077 laudes
3652 4025 3793 4095 ejus.

2194 4128 2499 4195 Antequam
2523 4121 2783 4176 Dominus
2811 4129 3000 4174 uoster
3019 4119 3072 4174 in
3104 4117 3396 4189 Evangelio
3420 4116 3748 4187 praedicaret
3776 4156 3793 4180 ,

2195 4218 2383 4275 laudes
2404 4215 2581 4271 Patris
2603 4229 2710 4269 non
2727 4223 2881 4268 erant
2909 4212 3104 4268 audine
3126 4212 3179 4265 in
3209 4209 3431 4266 mundo.
3452 4211 3625 4263 Utune
3642 4207 3794 4277 quod

2193 4312 2249 4367 in
2292 4311 2414 4379 lege
2440 4304 2615 4362 veteri
2657 4303 2945 4372 scribitur,
2978 4304 3022 4356 si
3052 4301 3409 4372 spiritualitcr
3434 4299 3792 4369 intelligatur,

2195 4404 2299 4460 hoc
2321 4409 2499 4473 potest
2527 4399 2595 4455 de
2626 4399 2784 4455 Patre
2827 4395 3074 4464 intelligi.

2268 4495 2415 4550 Beati
2443 4494 2533 4566 qui
2559 4491 2855 4557 custodiunt
2897 4488 3177 4558 iudicium,
3213 4496 3261 4541 et
3289 4484 3490 4556 faciunt
3520 4481 3795 4555 justitiam

2195 4592 2251 4646 in
2290 4587 2430 4644 οηιηὶ
2461 4598 2707 4655 tempore.
2753 4584 2921 4639 Recte
2947 4579 3117 4636 David
3164 4579 3215 4634 id
3245 4578 3431 4635 dicere
3461 4584 3698 4649 paterat,
3734 4583 3796 4633 et

500 4670 817 4727 missionem
847 4683 1024 4727 suam.
1053 4670 1185 4731 Nam
1228 4647 1369 4733 Deus
1409 4647 1577 4729 natus
1605 4688 1674 4735 es
1709 4674 1927 4747 Virgine
1948 4647 2089 4737 {sua
2116 4647 2173 4721 D
2198 4686 2315 4755 ipse
2359 4647 2624 4751 judicium
2675 4677 2901 4743 iecerat,
2955 4686 3011 4730 et
3053 4674 3320 4745 justitiam
3352 4690 3367 4727 :
3400 4647 3496 4727 sed
3524 4669 3819 4741 quoniam.

497 4772 678 4825 morte
699 4763 898 4821 devii-it
925 4774 1157 4828 mortem
1182 4782 1196 4823 :
1218 4781 1317 4841 per
1343 4781 1504 4836 quam
1530 4782 1673 4824 nunc
1692 4769 1834 4839 quod
1855 4768 2091 4829 Abrahae

496 4861 825 4930 promissum
859 4867 974 4915 erat
1001 4859 1055 4917 in
1084 4872 1202 4929 spe,
1247 4858 1489 4921 Ecclesia
1519 4861 1757 4932 suscepit
1786 4864 1840 4925 in
1881 4866 2087 4935 specie.

565 4950 633 5004 Et
665 4950 840 5007 eduxit
878 4950 1127 5023 populum
1156 4968 1311 5011 suum
1337 4953 1392 5008 iu
1423 4953 1791 5018 exsultatione.
1815 4966 1863 5015 et
1898 4957 2089 5017 electos

489 5060 617 5099 suos
638 5046 694 5099 in
716 5044 917 5107 latitia.
949 5043 1183 5115 Semper
1206 5046 1351 5103 enim
1385 5045 1621 5103 victores
1640 5062 1710 5105 ac
1748 5048 1932 5117 liberi,
1957 5066 2086 5108 can-

496 5124 964 5193 titETt'm"in"ltetitia
988 5147 1041 5194 et
1067 5138 1435 5203 exsultatione
1466 5141 1851 5209 concelebrant
1890 5162 1903 5200 :
1945 5146 2089 5203 sicut

495 5231 735 5306 Moyses,
760 5232 953 5301 Maria,
980 5232 1071 5295 vel
1099 5232 1369 5297 Debhora.

570 5323 640 5385 Et
660 5324 807 5385 dedit
824 5325 899 5381 eis
920 5325 1159 5396 regiones
1183 5326 1439 5397 gentium.
1462 5336 1516 5387 et
1543 5325 1746 5389 labores
1773 5329 2089 5401 populorum

494 5418 851 5490 possederunt.
883 5418 1108 5479 Animas
1142 5425 1363 5483 satietas
1386 5426 1446 5484 et
1478 5434 1713 5491 corpora
1739 5462 1755 5490 .
1801 5420 1858 5479 iu
1886 5422 2084 5493 quibus

494 5513 646 5582 prius
677 5521 954 5581 peccatum
977 5512 1258 5585 regnabat.

570 5603 642 5663 Ut
671 5605 965 5665 custodiant
981 5607 1390 5679 iustificationes
1415 5609 1554 5680 eius,
1597 5619 1645 5664 et
1669 5609 1834 5682 tegens
1864 5615 1981 5691 ejus
2002 5629 2086 5669 re—

493 5698 725 5770 quirant.
757 5697 824 5759 Ut
853 5713 974 5761 cum
1000 5699 1206 5781 justitia
1231 5700 1438 5770 vivant,
1466 5710 1519 5760 et
1548 5703 1807 5781 mysteria
1834 5705 1972 5781 legis
1998 5705 2086 5761 di-

495 5791 725 5857 ligentcr
754 5789 1074 5861 intelligam.
1104 5792 1169 5857 Et
1190 5807 1289 5861 nos
1306 5793 1596 5861 Dominum
1629 5793 2009 5869 deprecemur,
2030 5806 2090 5863 ut

497 5881 688 5938 deletis
716 5882 969 5952 gentibus
1011 5883 1188 5940 noxiis
1211 5900 1396 5941 coram
1427 5886 1569 5943 (acie
1591 5878 1802 5962 nostra,
1834 5890 1949 5963 ipse
1977 5891 2088 5949 dux

2197 4790 2304 4832 nou
2338 4773 2465 4830 iecit
2495 4773 2549 4831 in
2582 4770 2733 4826 omni
2767 4780 3043 4839 tempore;
3073 4780 3360 4838 prop'erea
3396 4764 3619 4821 cecinit.
3646 4762 3793 4831 Quid

2196 4869 2339 4925 enim
2369 4865 2549 4922 dicit?
2580 4863 2725 4919 Beati
2752 4862 2842 4935 qui
2870 4860 3170 4917 custodiunt
3196 4859 3483 4925 judicium,
3508 4868 3555 4913 et
3587 4857 3795 4929 [acim

2185 4961 2451 5036 justitiam
2479 4959 2533 5012 in
2576 4956 2719 5011 omni
2747 4963 2997 5023 tempore.
3027 4952 3167 5019 Quid
3207 4950 3355 5007 enim
3381 4950 3603 5022 prodest
3630 4947 3791 5006 alicui

2194 5052 2384 5126 viginti
2412 5051 2572 5106 annis
2601 5063 2727 5106 esse
2755 5049 2810 5103 in
2850 5045 3211 5113 continentia,
3252 5054 3309 5100 et
3340 5053 3526 5116 postea
3554 5043 3794 5100 caderet

2194 5147 2507 5205 Secundum
2535 5143 2681 5216 quod
2706 5142 2967 5212 scriptum
2996 5150 3083 5196 est
3106 5141 3161 5194 in
3192 5139 3458 5211 propheta
3484 5158 3499 5195 :
3526 5154 3634 5194 nou
3658 5154 3789 5209 pro-

2194 5242 2341 5305 derit
2363 5241 2569 5311 iustitia
2594 5236 2726 5309 ju5ti
2760 5235 2813 5291 in
2839 5248 3182 5306 quacumque
3208 5233 3295 5287 via
3328 5232 3599 5289 erraverit
3632 5248 3647 5287 :
3675 5246 3788 5287 nou

2196 5351 2319 5394 eum
2348 5333 2627 5398 liberabit,
2659 5345 2763 5386 nec
2802 5327 3037 5384 salvabit
3062 5324 3280 5400 (Eucti.
3327 5324 3541 5395 sntit).
3572 5325 3633 5380 Et
3663 5340 3788 5396 pec-

2194 5437 2376 5487 catum
2406 5425 2709 5497 peccatoris
2753 5437 2858 5479 non
2888 5420 2937 5477 ei
2984 5418 3197 5476 nocebit
3240 5417 3292 5475 in
3335 5432 3672 5488 quarumque
3700 5417 3791 5473 die

2199 5529 2548 5577 convertatur
2574 5526 2631 5573 et
2675 5524 2803 5586 agat
2829 5512 3230 5584 pmuiteutiam.
3261 5509 3449 5582 Neque
3488 5510 3662 5582 iustus
3687 5510 3790 5567 de-

2192 5618 2288 5677 bet
2306 5631 2427 5672 esse
2457 5627 2702 5678 securus,
2726 5625 2903 5680 neque
2932 5616 3187 5679 peccator
3213 5605 3511 5678 desperare
3538 5605 3699 5661 debet
3721 5603 3795 5661 de

2195 5723 2289 5779 sua
2328 5705 2527 5775 salute.
2561 5703 2619 5759 ln
2659 5712 2889 5774 utroque
2920 5700 3067 5757 enim
3108 5714 3293 5754 eorum
3327 5706 3383 5753 et
3412 5699 3575 5755 timor
3601 5707 3705 5775 est,
3736 5707 3795 5753 et

2191 5817 2341 5876 spes.
2369 5800 2470 5873 Qui
2495 5798 2622 5874 facit
2643 5797 2928 5871 justitiam.
2953 5793 3166 5863 Justitia
3190 5792 3450 5863 Dominus
3468 5802 3657 5863 poster
3682 5801 3786 5859 est.

2193 5894 2410 5955 Iustitia
2438 5892 2585 5951 cuitu
2614 5887 2855 5956 Domini,
2900 5886 3165 5947 Demiqu
3216 5892 3407 5945 uoster
3457 5885 3701 5958 dicitur,
3735 5892 3797 5943 et
