4008 6336
256 281 385 351 tibi

1200 278 1634 351 BBEVIARIDM
1670 280 1736 345 ιιι
1774 279 2112 349 ΒδΑΙδΜοὸ.
2153 282 2401 345 ΡεΑιει.
2439 283 2553 353 μιν.

3406 284 3547 349 1142

255 396 523 463 Salvator,
563 396 756 455 Beatus
795 408 927 467 ergo
955 394 1045 467 qui
1080 394 1209 469 facit
1233 395 1522 471 justitiam,
1576 396 1679 455 hoc
1728 406 1841 465 est,
1877 400 1923 475 Α
1952 397 2019 461 ab
2062 398 2144 453 his
2193 398 2355 467 Deus,
2405 415 2527 463 cum
2585 414 2690 459 non
2739 401 3064 473 intelligunt.
3118 400 3324 471 lirutliti
3365 411 3545 473 autent

253 494 341 564 qui
376 490 815 549 facithristum.
840 489 1126 559 Quomodo
1153 504 1282 563 ergo
1302 488 1528 549 facimus
1546 490 1842 558 Christum,

253 586 356 647 hoc
383 596 492 657 est,
537 587 801 658 justitiam
824 586 848 649 ἲ
872 585 927 643 Si
975 585 1119 655 iuste
1158 599 1412 657 agamus,
1455 583 1761 655 concipitur
1792 586 1844 640 in

255 680 412 737 nobis
451 678 681 752 iustitia,
709 688 768 737 et
796 677 1001 749 paritur
1027 691 1090 737 ex
1118 675 1278 743 nobis
1317 676 1546 754 iustitia,
1577 685 1632 733 et
1658 690 1846 739 sumus

253 780 428 843 mater
452 771 702 844 justitire.
737 770 888 829 Felix
915 778 1002 827 εει
1027 778 1082 826 ει
1102 769 1292 831 beatus
1310 769 1400 843 qui
1431 768 1849 843 omnitempore

253 872 308 925 et
334 875 508 941 pater,
541 875 599 924 et
626 874 803 924 mater
826 873 910 923 est
929 864 1172 938 iustitiae.

325 956 587 1013 Memento
615 957 797 1025 nostri,
831 955 1079 1024 Domine,
1109 956 1163 1010 in
1195 955 1513 1028 beneplacito
1537 956 1721 1029 populi
1750 957 1845 1015 tui.

252 1050 408 1123 Quod
446 1051 580 1113 dicit
624 1050 818 1108 beatus
867 1049 1032 1115 David
1062 1092 1076 1117 ,
1120 1053 1223 1113 hoc
1251 1061 1335 1107 est
1367 1070 1379 1105 :
1419 1052 1565 1120 Scio,
1602 1051 1848 1120 Domine,

250 1152 492 1207 veterem
521 1144 695 1216 legem
731 1162 743 1197 :
778 1141 1064 1203 Beatitudo
1090 1142 1331 1217 perfecta
1361 1158 1468 1207 non
1499 1153 1580 1203 est
1603 1144 1654 1199 iu
1679 1146 1847 1211 veleri

250 1237 416 1307 Lege,
442 1238 539 1301 sed
572 1238 624 1295 in
656 1237 969 1309 Evangelia.
1006 1236 1129 1295 Scio
1151 1238 1404 1310 quoniam
1447 1237 1596 1310 prior
1622 1238 1851 1311 populus

249 1330 477 1399 offendit
498 1339 571 1400 te,
604 1341 657 1387 ει
682 1346 855 1388 novus
878 1330 1106 1402 populus
1119 1340 1356 1400 creatur,
1376 1336 1470 1411 {qui
1497 1332 1702 1387 serviat
1730 1330 1846 1393 tibi.

250 1424 376 1481 Scio
403 1425 531 1497 quia
575 1424 758 1483 veniet
784 1424 928 1481 ﬁlius
952 1435 1075 1481 tuus
1096 1466 1111 1495 ,
1143 1434 1197 1485 et
1225 1423 1456 1481 salvabit
1490 1439 1654 1481 omne
1680 1437 1851 1496 genus

250 1523 589 1587 humanum.
638 1531 697 1583 et
735 1520 961 1578 credent
1007 1520 1061 1581 in
1108 1534 1266 1589 eum,
1320 1520 1412 1592 qui
1465 1519 1621 1576 electi
1668 1528 1846 1583 crum.

250 1614 547 1686 Propterea
569 1630 700 1687 ergo
726 1629 858 1686 rogo
874 1614 1130 1686 quoniam
1153 1628 1257 1684 ego
1284 1611 1435 1683 prius
1465 1620 1625 1675 natus
1647 1627 1765 1666 sum
1794 1610 1848 1679 in

250 1710 421 1766 veteri
453 1709 628 1780 Lege,
660 1716 720 1766 ut
752 1710 985 1780 imputes
1030 1707 1163 1764 mibi
1213 1704 1519 1762 mercedem
1549 1720 1673 1761 cum
1708 1721 1849 1770 novo

1951 496 2079 547 tunc
2107 503 2435 562 cognoscent
2468 494 2766 565 potentiam
2821 494 2937 551 Dei.
2987 493 3137 557 Marc
3180 502 3362 557 autem
3409 495 3544 555 duas

1951 581 2114 641 habet
2143 583 2523 661 intelligendas
2575 604 2588 640 :
2638 586 2962 658 baptismum
3015 587 3225 645 scilicet
3270 599 3325 644 et
3373 604 3549 659 smnus

1951 672 2084 729 lum.
3254 738 3255 741 η

2023 767 2312 847 Increpavit
2336 788 2473 837 mare
2502 771 2760 841 Rubrum,
2781 783 2829 831 et
2857 774 3172 841 exsiccatum
3196 783 3294 832 est.
3324 775 3553 834 Desistit

1951 876 2136 920 coram
2160 865 2363 939 populo
2385 866 2479 925 Dei
2501 868 2864 939 procellosum
2881 871 3166 939 saeculum,
3190 886 3312 929 cum
3342 864 3548 943 εὸαιιοπ

1955 957 2096 1013 verit
2147 956 2355 1018 fontem
2400 962 2550 1021 vitae.
2582 960 2653 1019 Et
2699 964 2876 1023 eduxit
2910 980 2996 1023 eos
3026 966 3079 1021 iu
3104 966 3302 1043 abyssis
3325 966 3459 1027 sicut
3495 966 3551 1027 in

1952 1053 2153 1109 deserto
2182 1052 2380 1128 (Exod.
2411 1054 2550 1130 xiv.)
2585 1056 2883 1130 Tamquam
2920 1058 2969 1113 :i
3006 1071 3103 1130 per
3148 1059 3293 1117 sicca
3342 1058 3544 1123 deserti

1950 1146 2283 1217 gradiantur,
2314 1149 2388 1222 ita
2416 1149 2581 1207 nullis
2611 1159 2738 1206 sunt
2762 1150 3018 1211 ﬂuctibus
3051 1153 3325 1222 occupati.

2022 1240 2092 1297 Et
2121 1243 2336 1299 saluauit
2359 1260 2446 1300 eos
2480 1245 2544 1300 de
2574 1263 2727 1303 manu
2756 1246 3060 1318 adiendum,
3100 1257 3149 1303 et
3197 1247 3413 1303 redemit
3460 1263 3547 1307 eos
3622 1242 3629 1247 ’

1951 1330 2017 1391 de
2071 1348 2228 1387 manu
2257 1333 2475 1391 inimici.
2531 1336 2802 1395 Liberatio
2850 1353 2915 1394 ac
2957 1338 3260 1411 redemptio
3312 1340 3547 1398 hominis

1952 1440 2049 1497 per
2075 1426 2381 1498 passionem
2413 1428 2616 1487 Christi
2643 1429 2781 1495 facta
2812 1443 2916 1493 est.

2026 1516 2092 1572 Et
2124 1520 2325 1588 operuit
2354 1536 2491 1591 aqua
2512 1521 2813 1578 tribulantes
2851 1540 2939 1579 eos
2969 1540 2989 1579 :
3035 1542 3167 1580 unus
3214 1542 3279 1580 ex
3324 1526 3396 1589 eis
3441 1544 3545 1589 non

1951 1612 2195 1667 remansit
2233 1612 2253 1681 (
2280 1609 2549 1684 Ibidem).
2591 1612 2682 1670 Sic
2710 1623 2763 1670 et
2792 1630 2935 1671 nunc
2977 1616 3031 1672 in
3061 1628 3245 1673 nostro
3273 1618 3545 1690 baptismo

1951 1702 2032 1761 tit.
2076 1705 2301 1761 Ablutur
2330 1704 2494 1763 homo
2521 1708 2709 1779 aquis,
2741 1718 2797 1764 et
2828 1709 2967 1781 perit
2993 1709 3243 1775 diabolus
3278 1727 3399 1769 cum
3452 1729 3541 1771 sa-

249 1803 471 1877 populo.
492 1802 716 1859 Videtur
746 1812 929 1867 nostra
959 1816 1084 1859 esse
1113 1801 1379 1857 sententia
1409 1799 1545 1856 haec.
1578 1798 1846 1871 Legamus
1878 1795 1925 1861 B
1954 1798 2215 1855 teilitibus
2245 1798 2381 1856 suis.

246 1896 398 1970 ipsos
422 1896 751 1967 versiculos,
792 1903 849 1953 ει
877 1894 1217 1953 inveniemus
1261 1893 1434 1962 ipsum
1481 1907 1698 1949 sensum
1726 1905 1847 1949 esse

244 2007 410 2063 quem
439 1990 703 2047 diximus.
733 1989 904 2051 Visita
935 2005 1027 2047 nos
1057 1989 1110 2046 in
1138 1986 1366 2047 salutari
1383 1996 1491 2043 tuo.
1519 1984 1631 2042 Hoc
1653 1993 1756 2057 est,
1791 1985 1844 2049 in

246 2084 389 2155 Filio
417 2092 531 2152 tuo,
560 2083 778 2156 quando
801 2084 1031 2143 venerit.

317 2179 403 2234 Ad
429 2178 705 2235 videndum
730 2178 782 2245 in
807 2177 1031 2235 bonitate
1053 2175 1328 2233 electorum
1351 2183 1576 2235 tuorum.
1606 2172 1717 2230 iioc
1738 2183 1843 2239 est,

244 2272 312 2333 da
342 2272 501 2329 nobis
524 2287 731 2349 partem
755 2288 878 2333 cum
911 2270 1191 2343 apostolis.
1222 2268 1488 2341 Quoniam
1509 2283 1605 2333 nos
1625 2268 1841 2340 quidem

242 2368 644 2435 antecessitnus
669 2382 765 2427 ens
794 2366 849 2423 in
898 2373 1143 2438 tempore
1172 2381 1185 2419 :
1215 2363 1296 2423 llli
1337 2377 1468 2421 vero
1517 2363 1846 2427 antecedent

242 2477 346 2520 nos
370 2460 426 2516 in
455 2460 827 2534 spiritualibus
861 2478 873 2515 :
902 2458 1007 2515 hoc
1030 2471 1135 2526 est,
1163 2466 1221 2515 ut
1240 2448 1521 2517 videamus
1547 2456 1841 2512 bonitatem

240 2563 418 2633 tuam,
448 2568 611 2625 quam
645 2552 884 2613 facturus
910 2567 969 2608 es
998 2566 1119 2606 cum
1162 2548 1350 2617 electis
1382 2548 1507 2613 tuis.
1541 2546 1625 2607 Ad
1662 2548 1843 2611 [tetan-

239 2646 371 2700 dum
396 2646 449 2703 in
498 2644 681 2701 (tetitia
707 2645 875 2718 gentis
899 2652 1020 2699 tute.
1047 2642 1195 2700 Gens
1243 2640 1451 2701 Domini
1484 2655 1583 2696 nos
1612 2654 1838 2706 ~umus;

237 2741 289 2797 si
334 2750 514 2803 tamen
545 2755 680 2812 gens
712 2740 884 2811 ipsius
927 2754 1136 2795 sumus.
1185 2737 1434 2808 Populo,
1488 2736 1692 2808 inquit,
1750 2737 1840 2807 qui

236 2842 523 2901 nascetur,
554 2848 715 2905 quem
742 2831 871 2893 iecit
906 2831 1181 2893 Dominus.
1214 2828 1281 2885 Ut
1303 2828 1579 2889 laudemur
1599 2845 1716 2883 cum
1737 2829 1843 2884 Ιιιεη

238 2924 467 2980 reditate
494 2934 604 2980 tua.
630 2924 742 2981 lloc
768 2933 870 2990 est,
898 2932 954 2979 ut
975 2937 1097 2979 cum
1127 2921 1426 2992 Evangelia
1439 2929 1495 2976 et
1517 2936 1615 2976 nos
1645 2920 1844 2979 habea-

237 3031 367 3073 mus
416 3026 647 3086 partem,
692 3017 787 3088 qui
828 3017 885 3077 in
928 3015 1098 3073 veteri
1148 3016 1266 3086 lege
1295 3011 1838 3094 factisumuonan.

237 3107 384 3179 vm).
421 3107 695 3165 Abraham
726 3107 868 3163 cnim
921 3115 1071 3177 pater
1095 3114 1283 3164 uester
1312 3104 1447 3160 vidit
1475 3104 1619 3160 diem
1652 3113 1835 3173 tuum,

2024 1893 2090 1951 Et
2116 1892 2447 1953 crediderunt
2473 1895 2528 1955 in
2546 1895 2711 1952 verbis
2738 1897 2869 1972 ejus,
2898 1908 2945 1955 et
2974 1896 3318 1959 laudauerunt
3336 1899 3545 1961 laudem

1948 1986 2081 2059 ejus.
2117 1984 2250 2054 Quia
2283 1985 2517 2051 victores
2540 1996 2718 2045 erant.

1962 2062 1978 2073 ’
2019 2080 2133 2134 Cito
2161 2080 2414 2151 fecerunt,
2449 2079 2595 2135 obliti
2622 2088 2745 2143 sunt
2779 2096 2991 2153 operum
3034 2085 3168 2157 ejus.
3202 2083 3357 2143 Multi
3401 2084 3544 2145 enim

1948 2172 2000 2228 in
2037 2172 2278 2235 Ecclesia
2309 2172 2449 2233 male
2480 2173 2711 2230 vivendo
2756 2185 2812 2231 et
2842 2191 2950 2235 non
2984 2186 3136 2237 recte
3163 2178 3449 2237 sentiendo
3480 2179 3549 2235 de

1949 2264 2080 2331 Deo,
2113 2265 2347 2335 perdunt
2399 2266 2649 2335 baptismi
2706 2269 2957 2338 gratiam.
3017 2268 3142 2329 Non
3194 2273 3546 2335 sustinuerunt

1947 2358 2221 2413 consilium
2248 2360 2379 2432 ejus.
2427 2358 2497 2417 Ut
2543 2360 2880 2427 custodirent
2925 2363 3125 2430 vitum,
3172 2380 3335 2437 quam
3392 2366 3543 2437 prius

1946 2451 2250 2523 elegerunt.

2021 2545 2088 2609 Et
2114 2547 2483 2619 concupierunt
2523 2547 2962 2618 concupiscentias
2992 2550 3045 2603 in
3073 2548 3299 2610 deserto.
3334 2549 3389 2605 lu
3417 2551 3546 2617 soli-

1949 2637 2130 2695 tudine
2163 2638 2318 2695 istius
2344 2640 2550 2696 saeculi.
2575 2638 2973 2703 Etteutaveruut
3004 2638 3167 2697 Deum
3190 2641 3243 2697 in
3268 2641 3544 2714 iuaquoso,

1944 2728 2171 2785 Siccitas
2198 2731 2343 2787 enim
2367 2729 2446 2786 eis
2477 2739 2617 2807 erat,
2645 2733 2769 2804 quia
2805 2748 2912 2795 non
2941 2734 3344 2806 cognoscebant
3369 2735 3543 2797 sancti

1946 2821 2177 2895 Spiritus
2211 2824 2605 2897 irrigationem,
2656 2827 2707 2880 in
2763 2826 3013 2883 columna
3049 2827 3206 2888 nubis
3251 2844 3371 2902 qua:
3411 2844 3550 2901 prta

1944 2916 2175 2974 cedebat
2203 2934 2320 2976 eos.

2021 3007 2084 3069 Et
2111 3010 2250 3064 dedit
2302 3012 2375 3067 eis
2403 3013 2677 3086 petitiones
2726 3029 2924 3080 eorum,
2957 3024 3006 3071 et
3039 3015 3175 3077 misit
3215 3016 3543 3079 saturitatem

1944 3101 1997 3154 in
2026 3101 2224 3157 animas
2247 3119 2446 3159 eorum.
2474 3103 2545 3162 Ut
2574 3106 2841 3179 spirituali
2862 3106 2988 3171 cibo
3010 3107 3314 3183 poculoque
3343 3109 3537 3171 reﬁce-

238 3212 298 3259 et
321 3201 541 3271 gavisus
566 3210 671 3257 est.
701 3198 996 3257 Videamus
1024 3213 1157 3270 ergo
1186 3208 1237 3254 et
1273 3212 1395 3267 nos,
1426 3206 1481 3254 et
1508 3197 1841 3270 gaudeamus
1868 3191 1915 3255 C
1949 3203 2154 3250 rentur.

239 3307 367 3349 cum
390 3290 707 3357 btereditate
739 3300 849 3349 tua.

312 3382 655 3439 Peccavimus
677 3400 793 3438 cum
820 3382 1052 3457 patribus
1074 3382 1283 3438 nostris.
1312 3380 1431 3437 Filii
1460 3382 1629 3437 secuti
1652 3396 1842 3438 sumus

236 3485 453 3549 patres.
501 3476 614 3532 Hoc
643 3475 871 3532 fecimus
895 3475 1043 3548 quod
1077 3485 1133 3531 et
1159 3484 1343 3547 patres
1370 3474 1545 3531 uestri
1573 3473 1839 3532 fecerunt.

236 3575 449 3629 Omnes
468 3572 613 3628 enim
644 3570 746 3631 sub
774 3578 997 3643 peccato
1034 3569 1336 3639 conclusit,
1372 3578 1429 3624 ut
1457 3567 1708 3624 omnibus
1734 3569 1838 3633 mi-

236 3673 521 3723 sereretur
567 3660 771 3736 (Galat.
826 3665 928 3735 ut).
989 3661 1192 3737 Injuste
1243 3662 1441 3737 egimus
1473 3677 1491 3715 :
1520 3661 1841 3733 iniquitatem

235 3758 485 3830 fecimus.
518 3755 810 3829 Diligenter
830 3754 1244 3811 animadvertite
1273 3753 1399 3827 quid
1427 3753 1569 3810 dicat
1596 3770 1612 3810 :
1643 3752 1840 3809 Pecca-

236 3853 412 3915 vimus
441 3866 557 3905 cum
586 3848 819 3921 patribus
848 3850 1061 3917 nostris,
1091 3849 1282 3922 injuste
1310 3846 1507 3921 egimus
1532 3888 1548 3913 ,
1594 3846 1842 3916 iniquita-

237 3956 349 4002 tem
370 3944 606 4019 fecimus.
637 3942 905 4015 Numquid
931 3942 1088 4010 dixit,
1116 3942 1280 4014 impie
1301 3939 1554 4011 egimus?
1581 3938 1726 3994 aliud
1758 3949 1844 4001 est

236 4045 588 4113 peccatorem
616 4052 738 4094 esse
766 4047 819 4094 et
846 4035 1128 4108 iujustum,
1152 4033 1298 4093 aliud
1322 4043 1407 4091 est
1433 4048 1560 4089 esse
1591 4032 1839 4104 impium.

238 4132 510 4190 Peccatur
557 4131 872 4204 frequenter
923 4129 1512 4193 vincitur-inﬁrmitate
1559 4130 1841 4202 corporis:

238 4227 450 4298 impius
481 4235 660 4282 autem
695 4236 853 4297 negat
886 4225 1075 4281 Deum.
1106 4222 1403 4299 Propterea
1427 4238 1557 4305 ergo
1586 4224 1841 4294 quoniam

235 4337 349 4394 ego
380 4335 486 4377 non
515 4335 638 4381 sum
667 4320 882 4390 impius,
908 4318 1001 4381 sed
1036 4325 1309 4389 peccator,
1347 4326 1630 4387 propterea
1667 4315 1842 4372 audeo

236 4427 442 4484 rogare
466 4426 567 4493 pro
593 4411 834 4483 peccatis
870 4409 1025 4465 meis.

316 4503 506 4561 Patres
528 4504 690 4569 nostri
720 4504 772 4558 in
795 4500 1029 4579 ngypto
1055 4517 1160 4571 non
1186 4500 1559 4565 intellexerunt
1580 4499 1843 4565 mirabilia

2023 3284 2089 3341 Et
2117 3288 2453 3345 irritaverant
2480 3288 2697 3363 Moysen
2720 3291 2772 3347 in
2798 3292 3001 3361 castris,
3032 3303 3077 3350 et
3104 3293 3281 3359 Aaron
3311 3303 3544 3367 sanctum

1948 3380 2065 3437 Dei.
2096 3381 2293 3461 Legem
2311 3385 2498 3458 utique
2553 3396 2607 3440 et
2650 3384 3022 3444 sacerdotium
3071 3388 3221 3443 stulti
3268 3388 3485 3455 irritant
3522 3407 3535 3451 ;

1945 3490 2067 3532 cum
2099 3477 2190 3532 Dei
2223 3486 2514 3551 praecepta,
2540 3494 2637 3552 per
2661 3494 2756 3536 eos
2786 3481 3051 3544 nuntiata,
3085 3495 3191 3547 non
3221 3481 3466 3543 audiunt.

2018 3569 2213 3641 Aperta
2240 3582 2313 3623 est
2341 3579 2497 3647 terra,
2526 3580 2574 3625 et
2595 3570 2866 3643 deglutivit
2894 3570 3123 3639 Dathan,
3154 3584 3200 3626 et
3225 3573 3430 3651 operuit
3456 3589 3540 3631 su-

1946 3678 2038 3734 per
2065 3666 2513 3739 cougregationem
2553 3663 2766 3733 Abirou,
2817 3674 2863 3718 et
2892 3667 3089 3721 exarsit
3116 3665 3251 3739 ignis
3293 3668 3346 3721 in
3388 3683 3545 3739 syna-

1944 3771 2076 3827 goga
2119 3772 2317 3824 eorum,
2368 3766 2413 3809 et
2457 3760 2670 3829 flamma
2706 3758 2982 3813 combussit
3013 3771 3325 3832 peccatores.
3376 3757 3541 3823 Facta

1946 3861 2070 3901 sunt
2104 3849 2218 3903 lucc
2246 3849 2543 3905 secundum
2575 3849 2830 3905 litteram.
2861 3849 2965 3905 Sed
2999 3860 3054 3906 ει
3081 3866 3223 3906 nunc
3251 3865 3347 3906 eos
3374 3850 3541 3907 devo-

1947 3949 2031 3995 rat
2055 3949 2194 3994 turra
2233 3952 2283 4009 et
2315 3940 2541 3999 exardet
2564 3942 2731 4013 ignis,
2761 3944 2848 4013 qui
2883 3952 3097 4000 terrena
3129 3945 3347 4023 sapiunt
3376 3954 3430 4000 ει
3458 3960 3543 4001 re-

1946 4033 2143 4091 Cedunt
2171 4050 2199 4089 a
2252 4035 2519 4091 mandatis
2562 4037 2678 4108 Dei,
2727 4053 2862 4107 quos
2894 4054 3002 4093 non
3053 4037 3327 4094 illuminat
3370 4040 3543 4113 gratia

1945 4126 2177 4197 Spiritus
2207 4127 2418 4195 sancti;
2453 4128 2547 4184 sed
2582 4128 2831 4185 accendit
2867 4128 3084 4185 ﬂamma
3118 4128 3342 4197 peccati.

2019 4217 2087 4274 Et
2109 4223 2339 4294 fecerunt
2364 4221 2576 4276 uitulum
2609 4223 2659 4276 in
2693 4221 2888 4289 Horeb,
2923 4230 2971 4276 et
3000 4222 3353 4277 adoraveruut
3394 4222 3539 4287 scul-

1946 4314 2090 4389 ptile,
2122 4322 2170 4370 et
2192 4326 2516 4371 mutaverunt
2536 4316 2761 4395 gloriam
2785 4333 2933 4371 suam
2968 4316 3022 4371 in
3052 4314 3445 4375 similitudinem
3465 4318 3542 4371 ai-

1947 4409 2045 4466 tuli
2088 4409 2394 4465 comedentis
2420 4410 2616 4483 fenum.
2665 4409 2720 4465 In
2755 4410 2867 4466 Deo
2912 4410 3056 4466 enim
3107 4410 3369 4479 debuerat
3418 4425 3542 4475 esse

1946 4502 2111 4572 gloria
2169 4518 2389 4570 eorum;
2420 4503 2515 4560 sed
2564 4502 2756 4567 relicto
2802 4517 2888 4573 eo,
2932 4503 3228 4563 simulacro
3278 4513 3432 4559 muto
3482 4515 3538 4567 et

236 4595 362 4671 tua.
390 4600 675 4669 Viderunt,
706 4609 760 4655 et
786 4614 893 4661 non
926 4596 1194 4655 viderunt.
1242 4596 1506 4653 Viderunt
1531 4596 1845 4653 carnalibus
1951 4597 2114 4653 surdo
2142 4597 2333 4653 dantes
2361 4597 2614 4669 gloriam,
2642 4597 2897 4654 dicebant
2925 4615 2937 4651 :
2974 4590 3034 4652 lli
3066 4606 3192 4655 sunt
3220 4598 3294 4665 dii
3325 4600 3426 4667 tui,
3463 4598 3541 4653 Is“-

240 4694 450 4763 ocnlis,
479 4702 534 4751 et
562 4692 937 4771 spiritualibus
968 4691 1142 4749 oculis
1172 4706 1278 4747 non
1311 4689 1584 4757 viderunt.
1615 4688 1733 4747 Non
1768 4689 1846 4744 di-

239 4788 354 4856 xit,
385 4801 491 4843 non
517 4781 806 4842 viderunt:
838 4784 960 4853 sed,
1011 4800 1112 4838 non
1156 4781 1543 4839 intellexerunt.
1585 4780 1669 4836 illi
1703 4780 1848 4836 enim

239 4883 509 4951 viderunt
539 4878 829 4947 mirabilia,
859 4886 915 4934 et
946 4894 1051 4933 non
1084 4877 1488 4932 intellexerunt.
1539 4874 1656 4931 Non
1697 4876 1845 4939 enim

243 4991 313 5033 ca
344 4971 611 5045 spirituaii
636 4970 1148 5042 contemplabantur
1170 4969 1389 5029 intuitu.
1426 4966 1613 5022 Etnon
1642 4967 1852 5043 fuerunt

241 5080 508 5129 memores
534 5064 883 5125 multitudinis
912 5061 1285 5117 misericordia:
1314 5071 1435 5116 ture.
1482 5061 1725 5128 Qualiter
1753 5075 1849 5117 eos

244 5160 322 5215 de
357 5157 606 5214 manibus
637 5155 976 5212 inimicorum
1005 5156 1272 5228 eripuisti.
1306 5153 1413 5211 Sed
1446 5154 1605 5211 hodie
1636 5170 1850 5227 quoque

242 5232 707 5329 mirabilia‘iacis,
739 5249 964 5305 Domine
993 5267 1006 5303 :
1039 5264 1160 5306 cum
1191 5262 1287 5303 nos
1319 5263 1346 5303 a
1385 5248 1622 5305 tenebris
1664 5247 1849 5303 mundi

247 5354 477 5414 ereptos
504 5342 746 5415 dignaris
774 5341 1105 5399 illuminare.

329 5435 397 5491 Et
422 5437 746 5494 irritaverunt
774 5433 1102 5495 ascendentes
1126 5435 1181 5490 in
1210 5449 1350 5489 mare
1371 5432 1645 5503 Rubrum:
1674 5443 1720 5488 et
1747 5433 1852 5493 sal-

247 5534 389 5588 uauit
415 5549 520 5599 eos,
548 5539 654 5587 etc.
681 5530 839 5586 Facta
869 5539 993 5585 sunt
1020 5529 1163 5584 enim
1197 5528 1376 5584 hmcin
1400 5528 1580 5584 Israel.
1603 5527 1708 5586 Sed
1739 5527 1857 5584 ani-

252 5621 706 5680 madvertendum
735 5632 815 5678 est
842 5620 990 5693 quia,
1023 5620 1164 5691 quod
1198 5620 1269 5676 ibi
1303 5619 1405 5675 fuit
1426 5620 1638 5686 umbra,
1669 5620 1723 5674 in
1758 5619 1858 5677 Ec-

250 5722 423 5780 clesia
452 5718 652 5775 veritas
705 5726 793 5775 est
840 5717 1129 5787 completa.
1176 5716 1343 5787 Igitur
1392 5715 1722 5786 baptismum
1769 5715 1858 5771 vel

1952 4690 2062 4745 rael
2111 4687 2310 4760 (Exod.
2342 4674 2541 4762 x‘xxu).
2587 4688 2675 4746 Sic
2708 4701 2762 4744 et
2792 4705 2931 4745 nunc
2962 4690 3007 4745 si
3039 4689 3183 4762 quis,
3216 4690 3405 4759 relicta
3450 4689 3548 4759 Ec-

1953 4781 2135 4851 clesia,
2166 4790 2344 4837 sortes
2386 4781 2760 4856 pythnnesquc
2805 4782 3062 4853 consulit,
3106 4792 3343 4840 mutatur
3368 4781 3542 4863 gloria

1953 4876 2093 4947 ejus,
2119 4884 2175 4932 et
2201 4875 2393 4932 similis
2420 4875 2614 4946 pecudi
2642 4875 2699 4931 tit
2732 4894 2745 4931 :
2775 4877 2914 4934 sicut
2957 4876 3229 4948 quondam
3260 4873 3546 4937 Nabucho,

1954 4969 2194 5025 donosor
2221 4968 2385 5042 (Dan.
2435 4967 2532 5041 tv).

2028 5061 2188 5116 Obliti
2218 5070 2336 5116 sunt
2363 5059 2529 5115 Deum
2555 5063 2647 5134 qui
2669 5063 2877 5118 saluauit
2904 5078 2989 5117 eos
3013 5078 3031 5117 :
3056 5062 3143 5132 qui
3174 5061 3293 5134 fecit
3330 5076 3549 5132 magna-

1958 5153 2029 5208 lia
2072 5155 2125 5208 in
2153 5152 2406 5227 .Egypto.
2435 5153 2503 5210 Ut
2530 5170 2591 5209 ca
2618 5154 2793 5227 plagis
2819 5153 3104 5211 verberata
3139 5154 3394 5225 populum
3422 5153 3553 5209 libe-

1953 5258 2122 5306 raret.
2176 5247 2243 5302 Et
2288 5249 2544 5304 mirabilia
2592 5251 2812 5304 interra
2844 5246 3022 5303 Chain.
3082 5247 3247 5312 Cum,
3278 5247 3553 5304 derelictis

1957 5342 2227 5414 gentibus.
2262 5343 2408 5417 ipsos
2437 5344 2493 5399 in
2521 5358 2710 5400 eorum
2743 5352 2885 5397 terra
2919 5343 3200 5411 plantavit.
3242 5341 3311 5407 Et
3350 5342 3556 5401 ten-ibi.

1958 5438 2029 5493 lia
2058 5438 2111 5493 in
2130 5438 2260 5494 mari
2285 5437 2482 5493 Rubro.
2502 5435 2573 5492 Ut
2599 5435 2882 5490 Pharaone
2906 5435 3198 5502 exstincto,
3227 5435 3432 5493 siccum
3454 5450 3552 5509 ρο-
3647 5452 3653 5457 ’

1957 5532 2102 5604 pulis
2124 5530 2399 5602 praeberet
2431 5532 2703 5583 incessum
2727 5526 2923 5598 (Exod.
2953 5528 3085 5599 xiv).

2031 5623 2178 5679 Dixit
2208 5631 2263 5677 ut
2298 5621 2612 5690 disperderet
2651 5636 2738 5673 eos
2763 5619 2807 5674 si
2846 5636 2951 5675 non
2984 5618 3191 5693 Moyses
3220 5620 3412 5675 electus
3443 5619 3555 5691 ejus

1960 5715 2177 5770 stetisset
2208 5714 2260 5769 in
2283 5709 2638 5783 confractione
2659 5710 2712 5764 in
2741 5722 3017 5784 conspectu
3054 5714 3190 5786 ejus,
3218 5719 3325 5768 etc.
3364 5712 3557 5766 Atten-

256 5829 398 5872 crux
429 5810 633 5870 Christi
662 5809 1013 5887 pereuntibus
1042 5808 1273 5867 stultitia
1308 5816 1410 5865 est.
1451 5806 1701 5866 irritatur
1728 5821 1859 5881 ergo
1959 5809 2027 5865 de
2059 5809 2193 5875 hmc,
2247 5821 2279 5860 ο
2327 5802 2622 5859 sacerdos:
2666 5803 2903 5875 perierat
2952 5803 3095 5859 enim
3150 5804 3400 5878 populus,
3452 5799 3561 5857 nisi
