4008 6336
424 307 564 368 Ηιῖ)

1207 309 1554 371 APPENDIX
1599 311 1688 368 AD
1725 311 1976 370 TOMUM
2013 311 2365 372 SEPTIMUM
2402 313 2460 373 S.
2504 313 2914 374 lllERONYMI.

3590 310 3726 369 ιιιι

421 427 640 501 Moyses
667 427 1030 501 confregisset
1070 428 1205 484 iram
1257 429 1645 500 omnipotentis
1691 428 1807 497 Dei,
1857 437 1913 485 et
1961 439 2016 486 ιιι
2043 408 2116 492 Α“
2194 429 2262 486 Ει
2291 431 2686 488 immolaverunt
2708 432 2846 504 ﬁlios
2881 447 3002 488 suos
3032 441 3076 488 et
3109 431 3250 501 ﬁlias
3278 447 3401 487 suas
3429 430 3725 487 daemoniis.

421 536 546 578 cum
571 519 772 578 videris
809 521 1066 592 populum
1100 521 1192 579 Dei
1223 521 1651 594 delinquentem,
1681 537 1816 578 cane
1845 523 1972 579 tuba
2001 540 2016 578 :

423 612 682 669 annuntia
711 613 791 670 eis
820 613 1016 670 delicta
1049 629 1262 678 eorum,
1313 625 1368 671 et
1405 624 1491 672 sta
1545 616 1599 673 in
1646 616 2018 674 contractione

422 705 493 762 ad
526 707 717 774 Deum,
751 714 808 761 ut
830 714 1111 762 avertatur
1142 706 1292 764 furor
1320 707 1440 779 ejus
1469 709 1540 764 ab
1565 708 1666 765 eis.

497 797 564 852 Et
594 813 686 868 pro
719 798 886 854 nihilo
909 799 1200 854 habuerunt
1229 811 1414 856 terram
1445 801 1857 858 desiderabilem.
1881 803 2016 871 Quia

423 890 584 946 istam
611 891 980 946 transitoriam
1013 891 1340 964 diligebant.
1370 892 1437 948 Et
1476 909 1577 949 non
1603 893 1938 949 crediderunt
1964 895 2019 950 in

420 983 586 1038 verbis
611 986 746 1056 ejus.
775 982 983 1052 Quibus
1011 985 1258 1055 promisit
1287 1000 1448 1056 regna
1477 986 1763 1042 cartorum.

495 1078 562 1132 Et
585 1090 1038 1134 murmuratterunt
1060 1081 1113 1134 in
1149 1081 1494 1135 tabernaculis
1514 1083 1638 1136 suis.
1673 1081 1750 1135 De
1777 1096 2016 1136 murmu-

421 1172 632 1226 ratione
663 1173 812 1228 enim
845 1172 1138 1241 Apostolus
1173 1171 1357 1240 docet,
1386 1173 1574 1230 dicens
1603 1190 1616 1228 :
1648 1173 1824 1230 Nolite
1863 1190 2014 1230 mur-

423 1279 642 1321 murare
671 1264 813 1320 sicut
840 1265 1055 1338 quidam
1082 1281 1148 1322 ex
1196 1267 1330 1338 ipsis
1369 1278 1866 1333 murmuraverunt,
1906 1277 1960 1324 et
1985 1283 2014 1324 a

422 1358 766 1429 serpentibus
798 1359 1076 1429 perierunt
1112 1359 1158 1430 (l
1188 1357 1309 1415 Cor.
1358 1359 1439 1431 ιι).
1464 1358 1582 1415 Non
1614 1375 1743 1432 ergo
1774 1377 2017 1418 murmu-

421 1470 625 1523 remus,
647 1470 714 1511 ne
741 1471 842 1512 nos
859 1455 1135 1513 daemones
1163 1457 1452 1513 venenosis
1477 1457 1750 1513 morsibus
1771 1458 2018 1515 saucieut

422 1561 488 1602 ac
515 1545 832 1620 deposcant.

495 1637 728 1695 Efevauit
751 1657 960 1694 manum
1007 1658 1157 1694 suam
1186 1658 1343 1713 super
1386 1659 1471 1698 eos
1493 1659 1510 1696 :
1558 1652 1613 1697 ut
1663 1653 2013 1712 prosterneret

419 1751 505 1790 eos
531 1735 585 1789 in
610 1735 828 1790 deserto.
855 1735 922 1789 Et
947 1744 998 1790 ut
1022 1737 1265 1811 dejiceret
1299 1753 1472 1792 semen
1498 1754 1678 1794 eorum
1700 1739 1752 1792 in
1783 1739 2014 1794 nationi-

2124 523 2330 581 Sensus
2354 534 2410 581 et
2437 525 2645 581 animas
2673 541 2822 582 suas.

2195 617 2266 673 Et
2287 619 2582 688 effuderunt
2617 620 2921 691 sanguinem
2953 622 3294 685 innocentem,
3322 628 3372 675 et
3414 618 3727 690 sanguinem

2123 712 2352 781 filiorum
2377 729 2610 777 suorum,
2649 722 2696 766 et
2723 711 2955 784 ﬁliarum
2985 729 3195 768 suarum
3233 729 3359 783 quas
3395 711 3729 779 sacriﬁcat-eo

2122 813 2244 858 runt
2266 805 2596 876 sculptilibus
2627 803 2896 860 Chanaan.
2929 804 3082 861 Tunc
3112 806 3256 860 enim
3279 805 3480 859 anima:
3503 803 3729 874 sanguis

2121 895 2446 953 ell’unditur:
2473 896 2690 969 quando
2708 896 2871 953 homo
2894 897 3052 953 idolis
3077 895 3290 953 deditus
3312 912 3342 952 a
3366 896 3484 965 Dei,
3510 895 3727 952 cultura

2121 989 2436 1050 recesserit.
2460 989 2473 999 ’

2195 1087 2476 1160 Interfecto
2511 1097 2587 1142 est
2625 1097 2763 1142 terra
2811 1089 2863 1142 in
2891 1088 3247 1158 sanguinibus,
3293 1098 3342 1142 et
3371 1087 3731 1142 contaminata

2119 1193 2195 1239 est
2224 1183 2278 1237 in
2300 1183 2538 1252 operibus
2569 1199 2766 1246 eorum,
2796 1194 2842 1237 et
2865 1183 3112 1254 fornicati
3143 1193 3262 1239 sunt
3301 1184 3354 1238 in
3390 1183 3727 1238 adinventio-

2122 1280 2270 1334 nibus
2297 1279 2427 1334 suis.
2461 1278 2608 1334 Tabe
2639 1279 2784 1334 enim
2819 1278 3120 1351 iniquitatis
3164 1279 3441 1334 inﬁcitur:
3473 1294 3603 1336 cum
3646 1279 3729 1335 di-

2121 1374 2294 1428 versis
2344 1371 2797 1427 fornicationibus
2839 1387 3039 1442 corpus
3090 1372 3331 1428 hominis
3381 1371 3726 1443 inquinatur.

2121 1464 2252 1522 ldeo
2279 1476 2332 1520 et
2364 1465 2441 1520 ira
2473 1464 2570 1520 Dei
2603 1464 2656 1519 in
2690 1464 2883 1534 impios
2913 1464 3066 1519 saevit
3093 1482 3104 1517 :
3137 1463 3279 1520 unde
3304 1463 3561 1534 sequitur
3603 1485 3616 1518 :

2193 1556 2261 1612 Et
2276 1559 2442 1613 iratus
2459 1568 2531 1613 est
2553 1558 2728 1629 furore
2747 1557 2996 1612 Dominus
3018 1557 3069 1611 in
3089 1558 3342 1630 pupulum
3364 1573 3518 1612 suum
3539 1567 3588 1611 et
3604 1557 3732 1612 abo-

2120 1653 2348 1708 minatus
2385 1663 2462 1708 est
2486 1653 2837 1708 [nereditatem
2863 1670 3030 1707 suam.
3065 1652 3199 1720 Quia
3225 1651 3445 1722 reliquit
3475 1667 3628 1708 eum.
3661 1652 3730 1708 Et

2119 1747 2212 1818 qui
2227 1745 2496 1815 quondam
2514 1745 2536 1799 1⁸
2537 1756 2686 1802 uerat
2705 1745 2857 1817 plebs
2879 1745 2992 1814 Dei,
3009 1745 3144 1800 iacta
3164 1753 3477 1801 estcaterva
3496 1743 3726 1800 diaboli.

422 1828 538 1895 bus,
587 1837 634 1882 et
675 1828 995 1902 dispergeret
1035 1845 1120 1884 eos
1149 1830 1203 1884 in
1249 1829 1564 1901 regionibus.
1617 1831 1858 1903 Dispersi
1889 1841 2016 1889 sunt
2048 1837 2094 1900 Β
2192 1838 2261 1894 Ει
2292 1839 2507 1894 tradidit
2537 1855 2622 1894 eos
2650 1840 2702 1894 in
2729 1855 2912 1895 manus
2941 1839 3196 1912 gentium,
3223 1848 3271 1893 et
3312 1839 3567 1893 dominati
3605 1848 3731 1893 sunt

421 1919 565 1974 enim
605 1918 778 1975 Judaei
811 1919 864 1976 in
892 1919 1125 1977 diversis
1146 1920 1413 1993 partibus.
1447 1921 1556 1978 Sed
1589 1931 1644 1978 et
1678 1923 1767 1979 ille
1808 1922 2018 1994 disper-

419 2014 565 2085 gitur
595 2029 693 2085 per
720 2014 958 2082 diversa,
992 2017 1082 2088 qui
1132 2016 1516 2072 circumfertur
1539 2018 1689 2074 omni
1722 2028 1884 2074 vento
1920 2018 2020 2078 do:

418 2109 633 2176 ctrinaa,
663 2119 716 2167 ct
741 2110 793 2165 in
825 2111 988 2167 Deum
1020 2110 1172 2166 llrma
1205 2125 1314 2166 non
1341 2111 1592 2167 consistit
1613 2113 1872 2168 statione.

493 2199 563 2255 Et
591 2201 785 2256 initiati
809 2211 926 2256 sunt
954 2200 1296 2275 Beelphegor,
1331 2211 1376 2258 et
1402 2203 1732 2259 comederunt
1761 2205 2020 2275 sacriﬁcia

421 2303 762 2349 mortuorum.
795 2293 901 2363 Qui
933 2295 1042 2352 Deo
1070 2309 1130 2352 se
1163 2309 1485 2352 consecrare
1513 2296 1837 2365 debuerant,
1874 2299 2020 2354 idolo

419 2391 728 2447 consecrati
755 2400 904 2448 sunt.
929 2391 996 2446 Et
1025 2392 1115 2464 qui
1137 2407 1330 2463 panem
1363 2392 1545 2448 vivum
1574 2393 1784 2450 esurire
1811 2393 2018 2450 debue-

420 2490 564 2549 rant,
590 2491 928 2540 mortuurum
958 2482 1225 2540 sacrillcia
1252 2483 1628 2541 comederunt.

496 2577 564 2632 Et
595 2579 929 2634 irritaverunt
970 2595 1087 2634 eum
1124 2580 1178 2634 in
1209 2581 1660 2636 adinrentionibus
1708 2583 1836 2636 suis.
1880 2582 2018 2649 Quia

421 2672 669 2743 perversi
701 2682 877 2727 erant.
912 2671 980 2727 Et
1009 2673 1359 2746 multiplicata
1385 2683 1462 2729 est
1490 2675 1543 2730 in
1583 2676 1654 2730 eis
1679 2676 1856 2733 ruina.
1891 2675 2020 2732 Rui-

341 2827 352 2838 ,
422 2780 494 2820 na
523 2773 606 2820 est
649 2779 772 2820 cum
823 2766 1057 2836 parietes
1121 2765 1409 2821 domorum
1459 2777 1665 2823 ruunt:
1725 2783 1846 2840 qu:e
1894 2778 2019 2825 tunc

422 2858 817 2930 multiplicatur
839 2874 960 2915 cum
989 2858 1190 2915 fuerint
1218 2875 1250 2916 a
1295 2859 1662 2917 fundamentis
1691 2863 1888 2917 eversi.
1925 2863 2022 2918 Er-

422 2966 492 3024 go
520 2951 604 3007 isti
635 2966 757 3008 cum
789 2951 1167 3018 fundamento,
1197 2954 1248 3008 id
1285 2962 1388 3021 est,
1428 2969 1550 3009 cum
1603 2954 1716 3025 ipsa
1748 2955 1884 3026 legis
1940 2955 2022 3011 lit-

423 3055 540 3105 tera
569 3050 619 3104 in
663 3064 767 3121 qua
798 3065 858 3106 se
887 3050 1146 3122 putabant
1172 3058 1336 3114 stare,
1369 3049 1533 3105 diruti
1562 3060 1688 3106 sunt
1717 3069 1730 3106 :
1756 3052 1880 3122 quia
1910 3059 2019 3108 sta-

428 3141 567 3198 biliti
599 3158 706 3198 non
731 3141 952 3199 fuerunt
979 3157 1145 3215 super
1174 3152 1405 3214 petram.

2125 1948 2302 1987 eorum
2328 1933 2416 2000 qui
2458 1931 2677 1986 oderunt
2720 1947 2828 1987 eos.
2858 1928 2931 1984 Et
2977 1931 3351 1986 tribulaveruut
3393 1947 3478 1986 eos
3531 1930 3730 1984 inimici

2123 2042 2322 2094 eorum,
2355 2035 2401 2079 et
2424 2024 2686 2080 humiliali
2711 2024 2948 2080 suntsub
2987 2025 3222 2079 manibus
3249 2038 3448 2079 eorum.
3503 2021 3614 2079 Sed
3646 2021 3732 2078 di—

2125 2127 2318 2187 cestu,
2364 2135 2396 2172 o
2426 2118 2589 2174 homo
2619 2136 2630 2170 :
2663 2115 2780 2174 Non
2810 2126 2896 2174 est
2934 2127 3084 2173 recta
3113 2117 3196 2172 via
3238 2117 3473 2185 Domini,
3507 2117 3599 2189 qui
3627 2132 3732 2174 nos

2125 2211 2179 2267 in
2207 2210 2371 2267 tantis
2399 2211 2559 2266 malls
2589 2210 2838 2266 inclinari
2869 2208 3156 2282 permittit.
3197 2209 3328 2276 Sed,
3358 2225 3570 2282 quasso.
3607 2225 3735 2280 pcr-

2123 2306 2318 2375 spice:
2371 2305 2494 2376 quia
2545 2319 2642 2375 pro
2686 2305 2800 2360 suis
2849 2314 3174 2374 peccatores
3216 2302 3542 2358 criminibus
3573 2303 3735 2357 incli—

2125 2409 2344 2466 nantur,
2373 2410 2428 2456 et
2457 2398 2599 2454 Deus
2628 2407 2776 2453 tanta
2812 2397 3014 2469 pietate
3041 2395 3304 2466 przeditus
3330 2406 3440 2463 est,
3479 2405 3539 2450 ut
3578 2409 3732 2451 scm-

2127 2509 2224 2563 per
2261 2493 2514 2562 dignetur
2559 2489 2824 2562 impartiri
2878 2489 3238 2561 prazsidium:
3275 2489 3417 2546 sicut
3449 2489 3729 2560 loquitur:

2127 2585 2278 2659 Sape
2291 2585 2542 2640 liberavit.
2561 2584 2787 2656 Semper
2801 2583 2891 2638 ille
2907 2583 3099 2640 liberat
3111 2591 3187 2652 ,et
3200 2589 3256 2636 tu
3275 2595 3381 2637 non
3395 2582 3690 2653 corrigcris
3705 2582 3735 2636 ἲ

2126 2677 2318 2734 Adhuc
2332 2676 2482 2748 plaga
2504 2675 2649 2731 illata
2665 2672 2912 2744 iujauuis
2925 2682 3092 2729 astat:
3120 2683 3174 2728 et
3190 2683 3242 2726 Iu
3260 2687 3363 2726 non
3377 2670 3692 2726 emcndaris
3706 2669 3733 2724 ἲ

2198 2770 2312 2843 Ipsi
2335 2780 2502 2826 autem
2522 2769 2948 2824 exacerbaverunt
2971 2783 3086 2820 eum
3107 2766 3160 2821 in
3190 2764 3408 2820 consilio
3428 2780 3545 2818 suo.
3568 2762 3734 2831 Quod

2127 2865 2453 2931 habuerunt,
2487 2875 2565 2931 ut,
2605 2864 2796 2920 relicto
2820 2877 2910 2934 eo,
2941 2861 3082 2917 idola
3107 2871 3491 2931 sequerentur.
3528 2858 3599 2912 Et
3630 2862 3733 2913 lm-

2126 2959 2312 3014 miliati
2355 2969 2471 3012 sunt
2516 2959 2570 3012 in
2611 2955 2964 3028 iniquitatibus
2993 2954 3120 3008 suis.
3150 2953 3269 3009 Jam
3306 2951 3359 3006 hi
3391 2967 3497 3006 non
3525 2965 3556 3005 a
3588 2951 3729 3018 Deo,

2125 3052 2222 3109 sed
2255 3067 2286 3106 a
2317 3053 2430 3108 suis
2454 3051 2668 3108 delictis
2701 3049 3078 3104 humiliantur.
3110 3045 3218 3104 Sed
3251 3046 3538 3119 praecurrit
3561 3045 3732 3101 solita

2127 3145 2428 3210 miseratio,
2461 3144 2678 3199 dicente
2712 3143 3008 3213 propheta:

503 3235 657 3291 Stetit
688 3235 932 3304 Phiuees,
973 3247 1022 3292 et
1050 3236 1266 3308 placuit,
1298 3246 1348 3292 et
1383 3238 1599 3293 cessavit
1639 3240 1924 3310 quassatio.
1954 3240 2020 3295 Et
2050 3241 2096 3306 C
2198 3237 2267 3293 Et
2296 3240 2422 3295 uidit
2451 3255 2566 3293 cum
2593 3236 2988 3302 tribularentur,
3017 3245 3062 3290 et
3103 3234 3298 3288 audiuit
3332 3235 3614 3289 orationem
3640 3249 3732 3288 ro-

429 3340 724 3404 reputatum
777 3332 934 3406 estrei
985 3333 1054 3386 ad
1095 3331 1382 3406 justitiam,
1431 3342 1536 3388 etc.
1591 3332 1856 3404 Superius
1881 3331 2025 3391 dixit

427 3423 647 3496 Moysen
681 3425 733 3480 in
759 3405 1130 3481 conl'ractione
1159 3426 1416 3482 stetisse:
1453 3426 1540 3481 hic
1574 3436 1752 3483 autem
1786 3427 2022 3484 Phiueen

427 3531 687 3572 exorasse
729 3515 858 3572 dicit
893 3515 1081 3589 (Num.
1116 3518 1277 3589 xxv).
1313 3518 1468 3587 Quod
1491 3519 1779 3590 diligenter
1803 3522 2022 3578 auscul-

424 3616 502 3676 ta,
531 3608 808 3678 sacerdos,
841 3612 924 3667 cui
956 3611 1152 3666 anima:
1180 3608 1571 3669 commendatae
1605 3624 1731 3671 sunt
1759 3631 1774 3670 :
1799 3617 2023 3687 evagina

427 3703 666 3775 gladium
701 3723 713 3759 :
742 3706 993 3762 interime
1025 3707 1404 3776 fornicatores,
1436 3709 1537 3763 hoc
1566 3717 1667 3778 est,
1693 3708 1876 3780 profer
1904 3725 2026 3766 ver-

431 3797 582 3867 bum,
616 3799 752 3854 insta
802 3801 1134 3872 importune,
1167 3815 1514 3874 opportune;
1553 3819 1744 3875 argue,
1780 3805 2020 3878 increpa,

430 3891 658 3949 obsecra
691 3908 814 3949 cum
843 3895 990 3950 omni
1025 3895 1284 3965 patientia
1313 3904 1368 3951 et
1387 3895 1715 3966 doctriua(ll
1748 3896 1880 3952 Tim.
1906 3897 2021 3971 iv):

432 3993 489 4040 ut
518 3985 618 4042 tibi
663 3996 948 4059 reputatur
991 3987 1058 4042 ad
1099 3987 1387 4058 justitiam.
1428 3987 1563 4056 Quia
1595 3990 1686 4059 qui
1730 3990 2028 4047 reddiderit

429 4081 728 4150 pretiosum
742 4097 810 4137 ex
827 4081 1352 4148 vili,sicutosmeum
1367 4082 1570 4151 erit,ait
1585 4083 1846 4139 Dominus
1860 4085 2022 4142 Deus.

502 4171 572 4228 Et
612 4175 947 4230 irritaverant
985 4191 1105 4228 eum
1151 4175 1219 4230 ad
1265 4192 1426 4245 aquas
1467 4177 1928 4246 contradictionis,
1979 4190 2028 4234 et

430 4275 643 4320 uexatus
679 4277 754 4321 est
785 4266 994 4340 Moyses
1038 4276 1244 4339 prapter
1289 4285 1396 4336 eos,
1433 4269 1554 4340 quia
1596 4271 2029 4327 exacerbaveruut

429 4358 670 4427 spiritum
702 4362 838 4431 ejus.
871 4361 1042 4432 Aqua:
1071 4360 1540 4428 contradictionis,
1581 4377 1735 4434 aqua:
1776 4363 2025 4434 baptismi

432 4451 812 4521 accipiuntur:
855 4452 924 4507 ad
965 4467 1101 4524 quas
1131 4452 1350 4508 diabolo
1393 4454 1788 4510 contradicitur
1815 4466 1868 4512 et
1898 4471 2030 4526 0pc-

429 4543 584 4599 ribus
606 4544 741 4614 ejus.
775 4545 905 4600 Post
927 4561 1060 4617 quas
1087 4546 1130 4601 si
1157 4545 1279 4617 quis
1309 4561 1368 4602 se
1395 4547 1827 4618 eoin-‘piinaverit
1859 4550 2023 4617 vitiis,

429 4648 658 4693 vexatur
687 4637 964 4706 sacerdos,
997 4655 1096 4712 pro
1127 4654 1192 4695 eo
1229 4640 1374 4712 quod
1415 4641 1826 4698 exacerltaverit
1866 4643 2027 4712 spiri-
2055 4634 2105 4694 Ι)

2128 3349 2266 3388 rum.
2295 3331 2463 3387 Docet
2491 3329 2636 3386 enim
2669 3337 2726 3387 et
2753 3337 2804 3384 te
2833 3326 2981 3399 quod
3022 3325 3071 3382 si
3094 3340 3396 3383 conversus
3439 3327 3732 3398 ingemue~

2129 3427 2204 3482 ris
2256 3444 2268 3479 :
2331 3425 2582 3497 pr0tiuus
2629 3423 3071 3497 appropinquant
3119 3421 3282 3478 celsis
3332 3423 3556 3480 auribus
3607 3421 3735 3494 ejus

2129 3533 2319 3591 preces
2359 3517 2682 3573 humilitatis
2711 3526 2836 3571 tuas.

2204 3609 2401 3664 Memor
2428 3609 2527 3680 fuit
2557 3609 2845 3664 testamenti
2862 3609 2962 3663 sui.
2993 3607 3149 3677 Quod
3171 3622 3296 3664 cum
3320 3608 3596 3664 Abraham
3619 3608 3734 3664 ini-

2129 3702 2260 3758 tium
2295 3701 2418 3758 ﬁdei
2443 3710 2644 3758 nostrm
2679 3700 2900 3772 pepigit.
2936 3699 3004 3754 Et
3035 3701 3268 3772 paenituit
3301 3717 3418 3755 eum
3444 3703 3732 3756 secundum

2129 3797 2511 3852 multitudinem
2540 3796 2910 3852 misericordia:
2935 3811 3062 3865 suae,
3091 3806 3138 3850 et
3169 3795 3311 3851 dedit
3333 3813 3420 3851 eos
3447 3797 3500 3851 in
3521 3798 3730 3852 miseri-

2128 3893 2335 3946 cordias
2373 3892 2425 3945 in
2454 3901 2728 3961 conspectu
2759 3891 2987 3944 ontnium
3028 3891 3114 3960 qui
3140 3899 3383 3960 ceperant
3410 3907 3518 3945 eos.
3549 3889 3735 3959 Super

2128 3985 2456 4055 pmoitenles
2485 3985 2631 4039 enim
2666 3983 2893 4054 paenitet
2934 3983 3074 4038 Deus
3105 3982 3173 4040 de
3203 3983 3412 4038 malitia
3441 4001 3601 4054 quam
3647 3985 3734 4039 lu-

2128 4090 2285 4132 cutus
2309 4077 2508 4144 fuerat,
2541 4086 2596 4132 ut
2620 4075 2846 4144 faceret,
2879 4085 2933 4133 et
2967 4091 3076 4132 uou
3116 4076 3269 4145 fecit,
3302 4077 3648 4134 constituens
3676 4089 3734 4134 te

2131 4172 2182 4226 in
2226 4171 2349 4226 sinu
2380 4171 2611 4227 Abrahae
2654 4173 2820 4243 patris
2849 4171 3006 4243 cujus
3045 4186 3104 4226 es
3133 4171 3292 4227 lidcm
3329 4183 3563 4229 secutus.
3598 4173 3734 4231 ldco

2129 4273 2183 4320 et
2212 4267 2474 4335 praphcta
2506 4264 2782 4320 exsultans
2812 4266 2887 4320 ait
2919 4284 2930 4317 ε

2203 4357 2387 4414 Salvos
2419 4374 2512 4412 nos
2533 4361 2638 4428 fac,
2660 4355 2880 4413 Domine
2912 4356 3050 4413 Deus
3083 4369 3274 4414 noster.
3307 4357 3386 4414 Ne
3419 4357 3573 4413 nobis
3599 4360 3732 4414 vitia

2129 4452 2495 4510 dominentur.
2532 4452 2599 4506 Et
2651 4470 2906 4525 eongrega
2960 4470 3051 4508 nos
3103 4454 3168 4508 de
3212 4453 3532 4508 nationibus.
3589 4454 3733 4521 Quia

2130 4561 2263 4617 gens
2291 4546 2646 4602 Hebraeorum
2679 4549 2730 4602 in
2764 4546 3078 4617 regionibus
3103 4554 3187 4602 est
3217 4545 3490 4617 dispersa.

2207 4640 2275 4696 Ut
2313 4641 2651 4711 conﬁteamur
2695 4641 2893 4696 nomini
2931 4650 3018 4695 tuo
3042 4651 3242 4709 sancto,
3271 4650 3319 4696 et
3348 4642 3628 4713 gloriemur
3673 4644 3729 4696 in

429 4739 542 4786 ttun
571 4730 669 4787 Dei
701 4746 796 4802 per
821 4747 980 4802 quem
1014 4733 1104 4789 ille
1133 4734 1389 4804 praedicat
1423 4753 1434 4787 :
1465 4735 1603 4791 sicut
1645 4735 1839 4790 Paulus
1871 4735 2035 4792 dice-5
2131 4732 2287 4788 laude
2317 4743 2427 4789 tua.
2465 4731 2524 4788 ln
2557 4732 2694 4791 Filio
2738 4733 2923 4805 utique
2957 4751 2971 4789 :
3025 4734 3149 4804 quia
3188 4747 3383 4790 nomen
3438 4733 3557 4790 Filii
3610 4735 3732 4791 laus

427 4823 559 4880 bat:
589 4824 718 4893 Quis
747 4825 942 4893 uritur,
973 4835 1026 4881 et
1067 4842 1168 4897 ego
1214 4843 1320 4883 non
1369 4845 1498 4883 uror
1533 4828 1575 4899 (l
1630 4827 1750 4883 Cor.
1799 4827 1920 4902 XI)?
1953 4831 2026 4886 De

429 4917 534 4974 hoc
564 4919 725 4973 etiam
766 4918 958 4988 spiritu
1004 4921 1306 4976 testabatur
1343 4921 1526 4976 dicens
1557 4939 1570 4976 :
1605 4920 1784 4979 Nolite
1823 4924 2028 5004 contri-

429 5020 576 5067 stare
605 5011 872 5082 Spiritum
902 5021 1146 5068 sanctum
1183 5016 1274 5070 Dei
1301 5034 1312 5068 :
1349 5016 1402 5071 in
1429 5032 1537 5088 quo
1567 5018 1764 5089 signati
1794 5018 1926 5075 estis
1973 5019 2025 5076 in

429 5104 516 5160 die
542 5105 929 5175 redemptionis
960 5106 1176 5180 (Ep/tes.
1211 5109 1304 5178 tv).

501 5197 572 5253 Et
610 5199 848 5253 distinxit
877 5201 929 5254 in
960 5201 1110 5257 labiis
1153 5203 1282 5257 suis.
1346 5202 1416 5262 Ut
1449 5203 1653 5276 jugiter
1695 5208 2028 5277 supplicaret

429 5307 528 5362 pro
585 5292 685 5347 eis.
744 5291 864 5346 Non
930 5293 1349 5366 disperdiderunt
1403 5307 1578 5368 gentes
1641 5315 1768 5366 quas
1827 5301 2027 5355 dixerat

427 5381 681 5436 Dominus
707 5383 835 5437 illis.
872 5383 1236 5442 ldololatriam
1265 5388 1348 5444 vel
1376 5388 1590 5444 diversa
1621 5389 1878 5446 facinora.

502 5475 570 5529 Et
597 5476 860 5530 commixti
887 5487 1007 5531 sunt
1051 5480 1179 5535 inter
1219 5492 1392 5554 gentes
1439 5493 1486 5537 et
1529 5482 1820 5538 didicerunt
1870 5501 2024 5554 opera

433 5586 631 5640 eorum,
671 5578 718 5624 et
756 5571 1038 5628 servierunt
1066 5575 1390 5646 sculptilibus
1418 5591 1618 5644 eorum,
1651 5585 1698 5630 et
1729 5580 1926 5647 factum
1952 5590 2025 5633 est

431 5663 537 5719 illis
562 5667 614 5720 in
639 5671 965 5724 scandalum.
1004 5667 1158 5724 Sicut
1183 5670 1328 5725 enim
1359 5671 1628 5727 sacerdoti
1653 5672 1899 5727 exoranti
1930 5687 2028 5742 pro

434 5757 636 5826 p0pulo
661 5759 724 5813 ad
752 5759 1016 5831 justitiam
1043 5768 1355 5830 reputatur;
1394 5762 1464 5816 ita
1497 5763 1579 5816 his
1610 5763 1700 5832 qui
1735 5763 1788 5818 in
1815 5763 2028 5821 deside-

434 5845 528 5900 riis
558 5848 806 5908 fauaticis
836 5855 1320 5921 convertebanlur,
1353 5857 1402 5909 in
1439 5857 1776 5913 scandalum.

2130 4839 2218 4885 tua
2247 4839 2351 4884 εει.

2200 4922 2509 4979 Benedictus
2533 4922 2782 4977 Dominus
2809 4921 2950 4978 Deus
2984 4921 3178 4988 Israel,
3203 4939 3235 4977 a
3262 4923 3455 4979 sarculo
3482 4933 3531 4978 et
3561 4940 3724 4995 usque

2129 5019 2474 5085 insamulum,
2505 5029 2608 5073 ctc.
2660 5017 2852 5073 Merito
2892 5016 3210 5074 benedictus
3253 5018 3304 5072 in
3355 5019 3581 5082 sarcula,
3631 5034 3732 5090 per

2133 5128 2292 5185 quem
2337 5111 2473 5167 facta
2517 5123 2642 5166 sunt
2667 5111 2887 5179 srecula,
2921 5120 2975 5166 et
3022 5127 3128 5166 non
3159 5110 3338 5166 solum
3389 5110 3531 5166 facta
3575 5120 3725 5178 sunt,

2135 5205 2231 5260 sed
2261 5205 2421 5259 etiam
2465 5203 2768 5273 redempta.
2797 5203 2897 5272 Qui
2929 5214 2982 5256 et
3023 5219 3166 5258 nunc
3206 5217 3304 5258 uos
3350 5218 3600 5259 recreare
3641 5202 3728 5259 di-

2134 5305 2331 5368 gnetur
2362 5296 2414 5350 in
2455 5296 2704 5360 salutari,
2751 5295 2802 5350 id
2833 5307 2937 5359 cst,
2984 5295 3038 5350 in
3082 5295 3300 5351 Christo
3329 5294 3461 5351 Jesu
3490 5296 3725 5352 Domino

2135 5399 2344 5455 nostro,
2375 5389 2460 5442 cui
2491 5397 2574 5442 est
2613 5403 2733 5442 cum
2776 5388 2893 5458 ipso
2923 5396 2978 5443 et
3006 5387 3206 5459 Spiritu
3235 5398 3429 5445 sancto
3459 5388 3633 5446 honor
3667 5399 3724 5445 et

2131 5481 2299 5554 gloria
2332 5482 2382 5537 iu
2415 5480 2613 5536 saecula
2635 5479 2978 5535 saeculorum.
3054 5479 3250 5541 Amen.

2671 5594 3009 5653 l’SALMUS.
3051 5594 3185 5652 CVI.

2133 5717 2376 5772 Alleluia.
2429 5714 2535 5771 Iste
2569 5714 2806 5781 psalmus
2852 5729 3070 5770 omnem
3119 5727 3336 5768 causam
3388 5715 3724 5771 conditionis

2206 5789 2454 5842 humana:
2480 5829 2495 5853 ,
2541 5802 2703 5857 quam
2756 5786 2844 5842 vel
2876 5785 3246 5856 deliuquendo
3283 5787 3560 5857 sutupsit,
3609 5788 3723 5842 sive

2207 5857 2524 5929 pteuitendo
2563 5856 2800 5927 suscepit
2833 5874 2845 5910 :
2889 5858 3004 5912 sive
3045 5856 3444 5914 multitudinem
3499 5859 3724 5914 misera-
