4008 6336
238 333 356 391 ΗΔΒ

1158 327 1582 388 BREVIARIUM
1625 329 1687 387 IN
1733 329 2058 390 PSAIAIUS.
2104 331 2348 392 ΡεΑωι.
2391 333 2524 392 CVI.

3350 341 3488 400 1H6

289 451 479 524 tionunt
511 447 602 524 Dei
636 446 719 516 (ut
763 445 814 501 in
847 445 1205 524 praesenti__ait
1254 465 1264 501 :
1299 447 1420 524 quis
1451 447 1716 524 sap3_etts._
1740 457 1794 503 ct
1819 449 1871 510 Α
1899 459 2083 507 austro
2123 450 2301 507 veniet
2335 469 2348 507 :
2393 452 2672 524 quomodo
2704 467 2843 509 nunc
2872 452 3088 523 dicitur,
3120 455 3164 509 Α
3208 457 3334 512 solis
3374 468 3491 513 ortu

288 519 537 577 custodiet
566 520 680 574 haec
704 536 717 585 ;
738 528 792 573 et
818 528 944 574 tunc
968 519 1230 590 intelliget
1260 519 1659 575 misericordias
1687 519 1791 575 Do-

289 593 430 661 mini)
479 605 700 647 narrare
727 590 1061 661 dignoscitur
1113 608 1124 643 :
1178 591 1272 646 sed
1325 601 1379 646 et
1425 593 1789 660 repulsionem

287 664 583 721 Judaeorum
625 672 678 719 et
728 663 1070 718 vocationem
1111 663 1350 734 gentium
1383 663 1791 719 evidentiSsime

291 737 485 808 pandit.

286 827 608 898 Conﬁtemini
655 826 873 882 Domino
922 829 1166 899 quoniam
1211 828 1395 892 bonus,
1445 830 1690 900 quoniam
1737 830 1790 884 in

221 925 445 980 saeculum
475 923 830 978 misericordia
861 925 994 992 ejus.
1040 921 1168 979 Ideo
1205 923 1540 979 conﬁtemini
1571 924 1619 979 ei
1670 938 1792 994 pec-

219 1027 326 1075 cata
354 1026 530 1072 vestra
563 1033 578 1070 :
609 1017 733 1086 quia
764 1016 942 1072 bonus
987 1027 1070 1072 est
1115 1025 1171 1072 et
1210 1025 1425 1086 peccata
1458 1017 1701 1072 dimittit.
1733 1015 1790 1073 Si

218 1122 383 1167 autem
410 1110 580 1165 bonus
607 1125 718 1164 non
747 1118 914 1178 esset,
961 1124 1067 1165 non
1099 1110 1254 1166 vobis
1297 1111 1541 1178 diceret,
1572 1111 1790 1181 con/ite-

218 1209 366 1274 mini;
385 1215 459 1275 et,
484 1206 804 1276 confitemini
831 1206 880 1260 ei
906 1221 926 1260 ,ο
963 1207 1210 1278 quoniam
1234 1207 1287 1260 in
1317 1207 1562 1262 steculum
1586 1206 1788 1261 miseri-

214 1302 375 1356 cordia
404 1302 538 1372 ejus.
590 1301 688 1356 Hic
733 1310 815 1356 est
858 1302 1226 1357 misericordia
1269 1319 1282 1356 :
1325 1311 1582 1358 caeterum
1627 1317 1789 1373 supra

210 1395 402 1466 jnstitia
430 1403 532 1448 cst.
588 1394 846 1463 Quoniam
892 1397 942 1450 in
984 1397 1233 1451 saeculum
1264 1397 1620 1452 misericordia
1652 1402 1784 1472 ejus.

215 1488 463 1560 Quamdiu
500 1493 635 1546 estis
662 1491 713 1545 in
744 1491 966 1559 sacculo,
998 1491 1355 1547 conlltemini.

273 1580 456 1635 Dicant
482 1583 572 1652 qui
597 1583 849 1655 redempti
875 1594 998 1638 sunt
1043 1601 1074 1638 a
1101 1582 1360 1651 Domino,
1409 1601 1536 1657 quos
1576 1587 1791 1641 redemit

221 1673 278 1730 de
298 1689 447 1727 manu
477 1674 693 1728 inimici.
744 1674 970 1745 Proprie
999 1675 1068 1732 de
1101 1678 1386 1732 vocatione
1414 1679 1656 1748 gentium
1705 1679 1787 1734 l0-

211 1767 398 1835 qnitur.
450 1765 559 1822 iste
601 1767 748 1822 enim
795 1769 1040 1839 psalmus
1070 1784 1258 1826 eorum
1290 1770 1450 1827 habet
1473 1786 1787 1828 sacramen-

1895 554 1943 599 et
1963 562 2174 612 occasu,
2202 547 2332 601 etab
2359 547 2598 619 aquilone
2623 548 2649 603 .’
2675 547 2874 605 Auster
2898 560 2952 605 et
2980 559 3138 605 notus
3170 552 3362 607 tacitus
3384 561 3488 609 est.

1895 638 2083 694 Asolis
2105 650 2221 695 ortu
2260 651 2309 696 et
2351 657 2554 697 occasu.
2589 640 2785 710 Amen,
2819 658 2976 698 amen
2999 642 3121 699 dico
3152 645 3324 708 vobis.
3365 647 3490 717 quia

1896 734 2050 790 multi
2081 734 2300 791 venient
2327 736 2395 790 ab
2427 736 2636 792 oriente
2666 745 2722 793 et
2754 736 3058 805 occidente,
3089 748 3144 794 et
3175 740 3492 800 recumbent

1893 826 1947 881 itt
1977 828 2098 884 sinu
2129 829 2502 886 Abrahamlilii
2535 840 2716 887 autem
2745 833 3118 904 generationis
3149 834 3308 906 hujus
3336 837 3493 907 longe

1894 929 2052 976 erunt
2085 921 2316 993 (Matth.
2347 939 2435 978 vut
2460 926 2500 988 ).
2556 925 2598 978 Α
2636 925 2762 980 solis
2808 935 2923 980 ortu
2949 936 2996 981 et
3033 944 3218 984 occasu
3255 945 3275 984 :
3305 931 3489 1002 utique

1895 1013 2229 1086 alienigenae.
2267 1017 2331 1072 Et
2353 1016 2420 1073 ab
2447 1018 2724 1088 aquilone.
2776 1019 2976 1091 Aquilo
3005 1019 3332 1077 durissimus
3360 1039 3490 1080 vcn-

1895 1117 1980 1164 tus
2009 1118 2092 1166 est
2121 1129 2132 1164 :
2167 1111 2384 1167 nomine
2414 1122 2591 1168 autem
2622 1112 2818 1169 dcxtcr
2839 1124 3078 1170 vocatur.
3104 1115 3186 1169 Ab
3209 1117 3488 1186 aquilone,

1892 1206 2088 1277 inquit,
2123 1207 2476 1264 cxardescent
2508 1210 2648 1265 mala
2694 1225 2857 1280 super
2902 1217 3100 1266 terram
3134 1209 3370 1282 (Jerem.
3406 1213 3488 1282 ι).

1894 1301 2040 1357 Mare
2077 1301 2275 1370 legitur
2308 1302 2360 1358 in
2404 1303 2678 1371 Numeris,
2731 1314 2788 1360 et
2825 1304 2878 1359 in
2912 1304 3120 1372 Exodo,
3167 1315 3222 1360 et
3256 1305 3308 1360 in
3340 1305 3489 1362 omni

1893 1396 2171 1466 Scriptura
2220 1406 2426 1460 sancta.
2476 1407 2530 1453 ct
2575 1399 2902 1470 ubicumque
2949 1414 3098 1454 mare
3139 1399 3357 1466 auditis,
3405 1414 3494 1454 se—

1894 1490 2129 1546 cundum
2161 1490 2377 1546 climata
2411 1507 2624 1562 semper
2654 1491 2973 1563 intelligitur
2996 1491 3276 1549 occidens.
3309 1493 3354 1548 A
3383 1492 3491 1550 situ

1893 1585 2036 1640 enim
2066 1583 2371 1641 Jerusalem
2406 1599 2554 1640 mare
2585 1583 2686 1640 hoc
2715 1600 2986 1655 magnum,
3014 1585 3158 1656 quod
3192 1585 3408 1650 dicitur.
3437 1587 3488 1642 in

1892 1677 2174 1734 occidente
2225 1687 2327 1734 est.
2380 1677 2570 1734 Videte
2615 1679 2774 1748 igitur
2822 1679 3138 1751 mysterium
3185 1677 3492 1749 Scriptura-

1895 1789 2036 1828 rutn.
2088 1772 2145 1829 ln
2177 1775 2284 1828 isto
2328 1773 2452 1830 loco
2485 1773 2570 1829 bis
2613 1772 2867 1828 occidens
2911 1773 3242 1840 nominatur,
3293 1782 3347 1830 et
3387 1785 3489 1831 nec

210 1865 310 1912 tum
341 1875 354 1912 :
386 1858 474 1930 qui
508 1857 776 1930 redempti
806 1871 934 1916 sunt
963 1861 1014 1916 in
1048 1861 1261 1918 Domini
1290 1865 1566 1933 passione.
1599 1863 1786 1919 Dicant
1820 1854 1865 1916 Β
1895 1865 2064 1921 semel
2091 1874 2272 1921 notus.
2320 1866 2432 1921 lloc
2462 1882 2631 1938 quare
2677 1864 2918 1922 dicitur?
2965 1865 3228 1935 Quoniam
3261 1866 3489 1936 populus

208 1953 287 2025 qui
309 1953 557 2026 redempti
580 1965 721 2010 sunt.
753 1954 873 2025 Ipse
914 1965 997 2012 est
1022 1957 1167 2012 enim
1197 1957 1446 2014 Salvator
1475 1969 1528 2014 et
1557 1958 1789 2016 Redem-

208 2056 322 2115 ptor
345 2056 397 2101 et
428 2047 683 2117 pretium.
731 2047 920 2104 Dicant
947 2051 1034 2119 qui
1064 2051 1316 2122 redempti
1346 2063 1484 2106 sunt.
1538 2051 1656 2124 Ipse
1702 2069 1787 2110 re-

206 2137 405 2193 demit:
456 2139 577 2211 ipse
621 2139 713 2195 dat
763 2142 996 2211 pretium
1035 2145 1349 2214 sanguinem
1377 2159 1556 2201 suum.
1609 2145 1787 2213 Quare

208 2241 372 2288 autem
404 2233 559 2289 dedit
598 2235 828 2305 pretium
860 2239 1176 2308 sanguinem
1204 2241 1407 2295 suum?
1456 2240 1521 2297 Ut
1550 2242 1787 2297 redime-

206 2336 280 2382 ret
304 2342 399 2383 nos
441 2327 514 2384 de
559 2344 722 2385 manu
751 2330 973 2388 inimici.
1019 2330 1232 2404 Captivi
1279 2337 1422 2390 enim
1471 2336 1790 2393 tenebamur

206 2419 253 2475 in
277 2437 429 2476 manu
457 2421 689 2480 diaboli.
725 2424 1016 2496 Propterea
1047 2436 1227 2484 autem
1257 2429 1349 2486 ille
1377 2430 1526 2486 venit
1549 2441 1603 2486 ct
1629 2430 1786 2487 rede-

204 2515 291 2569 mit
318 2531 438 2584 nos,
470 2524 536 2572 ut
564 2517 819 2574 liberaret
845 2518 912 2575 de
951 2519 1152 2577 diaboli
1187 2538 1368 2578 manu.
1409 2523 1552 2591 Quos
1575 2526 1789 2580 redemit

204 2607 261 2661 de
286 2625 440 2663 manu
469 2611 694 2678 inimici,
745 2621 802 2666 ut
830 2611 1079 2668 destruat
1108 2614 1388 2671 inimicum
1430 2625 1486 2672 et
1531 2615 1787 2672 defenso-

203 2717 327 2758 rem.
361 2704 620 2761 Inimicus
649 2705 811 2761 homo
838 2709 1296 2778 superseminavit
1331 2711 1557 2767 zizania.
1607 2709 1791 2767 Inimi-

203 2813 291 2854 cus
317 2810 498 2857 autem
533 2801 782 2858 diabolus
811 2812 916 2859 est.
946 2803 1200 2861 Inimicus
1226 2814 1314 2862 est
1353 2807 1470 2876 ipsc
1498 2815 1552 2862 et
1575 2822 1790 2878 posses-

201 2907 304 2950 sor.
340 2894 640 2966 Propterea
681 2911 841 2951 manu
873 2912 970 2951 sua
1004 2913 1101 2952 nos
1132 2906 1279 2954 tenet
1309 2917 1320 2952 :
1352 2916 1461 2955 non
1492 2899 1615 2972 quia
1661 2899 1786 2956 dili-

200 2986 288 3056 git,
333 2989 430 3045 sed
483 2990 610 3060 quia
652 2990 786 3046 odit.
839 2991 981 3058 Quos
1020 2992 1235 3048 redemit
1285 2994 1350 3048 de
1377 3011 1532 3049 manu
1571 2995 1785 3050 inimici.

201 3078 425 3139 Grandis
456 3081 720 3154 maiestas
761 3094 815 3140 et
844 3085 1064 3156 grandis
1106 3087 1340 3155 petentia
1371 3087 1646 3159 sanguinis
1679 3088 1789 3145 Do—

201 3171 344 3239 mini,
369 3175 458 3244 qui
493 3175 658 3230 solvit
688 3191 904 3231 manutn
936 3176 1158 3233 diaboli.
1191 3178 1474 3248 Quomodo
1502 3182 1645 3236 cnim
1666 3189 1790 3236 sunt

1889 1956 2200 2013 Judaeorum
2248 1959 2298 2013 in
2348 1959 2453 2014 iSIO
2508 1959 2716 2029 psalmo
2766 1975 2872 2015 non
2911 1959 3165 2016 scribitur
3195 1959 3485 2029 vocandus,

1891 2053 1987 2108 sctl
2020 2060 2226 2105 tantum
2256 2051 2521 2122 gentium.
2558 2051 2799 2124 Denique
2823 2051 2950 2123 qttid
2981 2052 3157 2108 dicit?

1964 2145 2278 2200 Erravernnt
2304 2147 2356 2200 in
2391 2145 2672 2201 solitudine
2698 2145 2751 2200 in
2777 2147 3068 2216 inaquoso:
3101 2147 3235 2202 viam
3273 2147 3492 2202 civitatis

1891 2239 2180 2294 habitaculi
2201 2255 2301 2292 non
2331 2238 2652 2293 invenerunt.
2679 2237 2977 2294 Esurientes
2995 2248 3042 2293 et
3071 2240 3321 2294 sitientes.
3349 2239 3413 2295 Et
3435 2248 3494 2294 nt

1891 2333 2075 2388 sciatis
2100 2333 2222 2403 quia
2258 2331 2473 2403 proprie
2504 2331 2573 2388 dc
2614 2332 2901 2389 vocatione
2932 2334 3173 2404 gentium
3206 2333 3485 2403 scribitur,

1892 2435 1946 2482 et
1985 2427 2052 2482 de
2081 2427 2403 2496 expulsiune
2443 2425 2777 2494 Judaeorum,
2826 2426 2880 2482 ln
2922 2426 3276 2498 sequentibus
3321 2426 3492 2497 ipsius

1894 2521 2084 2590 psalmi
2115 2522 2378 2590 scriptum
2409 2530 2490 2575 cst
2523 2538 2538 2575 :
2585 2519 2772 2576 Posuit
2809 2520 3032 2576 llutnina
3084 2521 3140 2576 in
3183 2519 3484 2589 desertum,

1894 2612 2144 2668 videlicet
2172 2612 2501 2667 Jndacorum.
2531 2611 2848 2667 Errarerunt
2889 2613 2945 2668 in
2984 2613 3271 2668 solitudine
3293 2614 3347 2666 in
3367 2613 3486 2667 ina-

1892 2721 2073 2778 quoso.
2121 2705 2368 2759 Diximus
2412 2720 2532 2776 qua:
2563 2714 2750 2761 essent
2776 2721 2954 2776 aquae,
2987 2705 3220 2761 diximus
3256 2720 3374 2776 quae
3403 2719 3491 2760 es-

1895 2808 2018 2856 sent
2046 2798 2289 2855 ﬂumina.
2336 2799 2488 2854 Viam
2528 2799 2752 2854 civitatis
2797 2798 3083 2853 habitaculi
3133 2815 3234 2853 non
3282 2798 3493 2852 invene-

1893 2902 2038 2961 runt,
2086 2893 2366 2948 esurientes
2409 2902 2457 2948 et
2508 2893 2762 2947 sitientes.
2819 2891 3168 2961 Exponamus
3216 2888 3491 2962 quomodo

1892 2988 2135 3058 gentium
2181 2989 2412 3060 populus
2465 2986 2628 3042 fuerit
2676 2988 2728 3042 in
2782 2986 3019 3054 deserto,
3065 2985 3157 3042 ubi
3198 3001 3303 3040 non
3335 2991 3494 3040 erant

1895 3095 2067 3152 aquae,
2103 3081 2204 3137 hoc
2234 3091 2338 3149 est,
2371 3080 2426 3136 in
2453 3081 2736 3152 inaquuso,
2769 3091 2824 3136 et
2867 3079 3140 3153 quomodo
3175 3081 3314 3134 viam
3357 3079 3490 3134 civi-

1898 3175 2020 3230 talis
2051 3174 2342 3231 habitaculi
2374 3190 2479 3229 non
2516 3174 2861 3236 invenerunt,
2886 3172 3192 3230 esurientes
3221 3181 3275 3228 et
3304 3171 3491 3226 sitien-

200 3263 368 3336 aliqua
411 3266 668 3322 animalia
712 3283 834 3338 qua:
881 3269 1153 3340 stringunt
1203 3271 1410 3342 aliquid
1447 3273 1582 3326 intra
1615 3287 1674 3327 se
1703 3275 1780 3327 in-
1815 3259 1860 3321 C
1895 3279 1994 3326 tes.
2031 3271 2105 3326 De
2133 3269 2328 3341 quibus
2372 3269 2595 3338 dicitur,
2647 3283 2749 3324 nan
2777 3269 3116 3336 int-eneruat,
3147 3267 3489 3324 manifestum

199 3355 422 3425 clusum,
453 3359 603 3430 quod
634 3359 823 3416 dicunt
853 3369 908 3416 et
941 3361 1159 3426 medici.
1211 3373 1265 3418 et
1315 3364 1543 3436 physici,
1603 3376 1657 3420 ut
1687 3366 1789 3421 nisi

198 3449 418 3509 fractum
448 3452 639 3518 luerit,
669 3469 697 3508 a
723 3469 780 3510 se
809 3469 915 3510 non
948 3455 1231 3526 dividitur,
1283 3473 1382 3514 nec
1410 3459 1632 3514 dimittit
1661 3460 1790 3516 illttd

197 3546 330 3614 quod
373 3547 709 3603 intrinsecus
736 3547 980 3604 clausum
1012 3558 1158 3604 tenet
1193 3570 1206 3604 :
1260 3552 1306 3604 si
1339 3560 1518 3607 autem
1565 3552 1790 3608 missum

196 3636 359 3696 luerit
394 3641 606 3707 oleum,
655 3643 837 3697 statim
879 3641 1214 3710 dissolvitur,
1263 3654 1318 3700 et
1361 3646 1503 3716 quod
1544 3645 1790 3703 strictum

196 3732 362 3790 luerat
388 3737 691 3807 dissipatur
717 3748 770 3792 et
807 3736 1063 3792 dividitur
1101 3738 1153 3793 in
1202 3750 1422 3808 partes:
1456 3739 1537 3794 sic
1581 3750 1636 3796 et
1681 3756 1794 3795 ma-

196 3842 316 3884 num
347 3830 703 3887 durissimam
734 3831 941 3887 diaboli
971 3832 1133 3888 solvit
1163 3835 1384 3904 sanguis
1413 3835 1639 3890 Chrisﬁ.
1689 3834 1796 3890 No-

194 3922 330 3980 lebat
361 3941 469 3982 nos
502 3923 778 3982 dimittere
808 3926 1078 3982 diabolus.
1116 3927 1441 3996 Sanguinem
1473 3943 1626 3983 suum
1658 3927 1795 3983 ludit

195 4015 454 4076 Dominus
485 4020 645 4090 quasi
694 4019 869 4075 oleum
922 4019 1331 4086 misericordiae,
1369 4031 1421 4075 et
1470 4037 1565 4092 per
1617 4022 1792 4092 ipsum

193 4126 292 4168 nos
332 4114 610 4170 liberavit.
667 4113 743 4168 De
787 4114 1080 4186 regionibus
1127 4117 1454 4188 congregavit
1501 4131 1610 4171 eos.
1661 4116 1793 4171 Vide

193 4219 350 4276 quam
409 4205 635 4278 grandis
675 4206 746 4262 sit
795 4222 986 4262 manus
1034 4206 1252 4262 diaboli.
1307 4207 1448 4273 Quos
1487 4207 1700 4261 redemit
1733 4210 1795 4262 de

192 4315 346 4353 manu
375 4300 599 4355 inimici.
632 4298 740 4354 Hos
765 4309 944 4354 autem
972 4313 1109 4370 quos
1139 4297 1374 4353 redemit
1401 4299 1468 4354 de
1501 4314 1660 4353 manu
1691 4299 1792 4354 ini-

192 4393 338 4460 mici,
364 4393 419 4449 in
448 4393 666 4448 cunctis
698 4391 1011 4464 regionibus
1041 4391 1364 4447 tenebantur
1395 4390 1452 4446 in
1495 4406 1656 4445 manu
1695 4391 1797 4445 ini-

190 4485 334 4542 mici.
364 4485 446 4542 De
465 4486 768 4559 regionibus
791 4486 1120 4557 congregavit
1148 4501 1252 4541 eos.
1279 4483 1336 4540 In
1371 4493 1484 4540 toto
1514 4484 1646 4540 orbe
1680 4500 1793 4540 ma-

191 4592 290 4633 nus
317 4577 530 4634 diaboli
560 4579 876 4650 possidebat
904 4593 1024 4634 nos.

256 4675 301 4729 Α
325 4675 458 4730 solis
487 4683 604 4729 ortu
626 4683 673 4729 et
703 4690 908 4743 occasu,
943 4674 1005 4729 ab
1031 4673 1274 4745 aquilone
1311 4683 1359 4729 et
1388 4674 1538 4730 mari.
1567 4673 1794 4730 Videtur

188 4767 409 4838 quidem
444 4776 681 4839 quatuor
729 4768 936 4823 dixisse
966 4767 1184 4824 climata
1231 4786 1244 4822 :
1291 4767 1589 4836 Orientem,
1640 4767 1796 4824 Orci-

185 4859 435 4928 dentem,
493 4859 797 4927 Meridicm,
844 4868 898 4915 et
941 4859 1172 4915 Boream
1205 4877 1217 4912 :
1252 4859 1366 4914 hanc
1405 4869 1534 4914 sunt
1564 4872 1795 4929 quatuor

185 4954 410 5010 climata
456 4955 667 5010 mundi.
721 4955 830 5011 Sed
859 4969 965 5010 non
999 4954 1071 5010 ita
1103 4954 1343 5026 psalmus
1382 4955 1645 5010 continet.
1698 4954 1795 5010 llic

184 5051 330 5104 enim
365 5049 540 5105 habet
571 5066 586 5104 :
639 5051 680 5104 Α
707 5051 830 5104 solis
861 5060 978 5104 ortu
1025 5058 1074 5104 et
1111 5066 1297 5103 occasu
1327 5065 1345 5104 :
1376 5049 1516 5106 Ecce
1559 5049 1668 5105 duo
1699 5051 1797 5105 cli-

186 5151 362 5198 mata:
390 5143 472 5197 Ab
502 5143 764 5215 aquilone,
789 5142 892 5198 hoc
913 5153 1014 5209 est,
1041 5157 1071 5196 a
1091 5144 1464 5213 septentrione
1494 5163 1505 5198 :
1533 5144 1672 5200 Ecce
1695 5146 1794 5200 tria

181 5240 432 5296 climata.
470 5237 538 5294 Et
559 5240 712 5294 mari.
739 5238 884 5294 Mare
907 5239 1092 5309 utique
1123 5239 1176 5293 in
1205 5239 1488 5295 occidente
1519 5249 1623 5296 est.
1655 5241 1796 5310 Ergo

183 5333 642 5401 videthuoniam
657 5331 994 5388 occidentem
1009 5331 1095 5387 his
1109 5332 1426 5401 nominavit,
1443 5345 1495 5388 et
1509 5333 1794 5390 meridiem

182 5442 286 5482 nec
318 5423 531 5482 semel.
583 5426 762 5492 Quare
796 5426 958 5496 igitur
991 5425 1090 5480 tria
1119 5425 1334 5480 climata
1367 5426 1708 5491 nominavit,
1743 5435 1798 5482 et

182 5534 354 5573 unum
391 5516 574 5572 noluit
600 5517 962 5587 nuncupare?
990 5517 1246 5588 Legimus
1274 5518 1328 5573 in
1361 5518 1576 5573 Abacuc
1605 5535 1618 5573 :
1657 5519 1797 5576 Deus

180 5613 249 5665 ali
277 5619 483 5667 austro
525 5611 712 5666 veniet
740 5611 940 5682 (Abac.
967 5611 1090 5683 ut).
1136 5611 1213 5667 De
1245 5611 1525 5668 Salvatore
1552 5611 1792 5669 dicitur:

180 5705 458 5776 quoniam
497 5703 636 5760 Dens
664 5713 822 5760 natus
849 5713 932 5761 est
969 5705 1021 5761 in
1068 5717 1276 5761 austro.
1325 5706 1370 5762 A
1400 5709 1504 5763 situ
1531 5709 1674 5764 enim
1706 5707 1796 5764 Je-

180 5799 460 5862 rusalem,
497 5795 772 5853 Bethleem
811 5799 864 5854 in
893 5808 1081 5855 austro
1122 5802 1296 5870 posita
1346 5810 1450 5858 est.
1497 5802 1796 5872 Pmpterca

178 5891 413 5960 dicitur,
475 5887 624 5947 Deus
653 5893 722 5947 ab
766 5903 952 5951 austro
979 5894 1183 5951 veniet.
1237 5894 1294 5952 Si
1330 5905 1514 5955 autem
1556 5895 1700 5955 Deus
1730 5897 1797 5953 ab

1892 3374 1996 3434 est,
2029 3365 2174 3435 quod
2205 3365 2538 3436 quaesierunt
2579 3364 2721 3419 viam
2755 3364 2989 3420 civitatis
3034 3361 3361 3429 habitaculi,
3394 3359 3490 3416 sed

1895 3476 2001 3515 non
2054 3460 2395 3517 invenerunt.
2455 3459 2802 3530 Quaesierunt
2839 3474 2970 3531 ergo
3022 3457 3162 3513 viam
3205 3471 3490 3528 perquam

1895 3556 2148 3610 venirent
2173 3556 2238 3610 ad
2266 3554 2544 3611 civitatem
2582 3573 2596 3611 :
2640 3555 2944 3611 esurientes
2976 3555 3312 3626 quaesierunt
3339 3561 3394 3608 et
3421 3553 3494 3608 si-

1896 3647 2115 3703 tientes.
2160 3648 2347 3704 Anima
2395 3665 2572 3703 eorum
2619 3648 2675 3702 in
2719 3649 2845 3720 ipsis
2903 3648 3109 3719 defecit.
3169 3647 3496 3704 Deiecerunt

1895 3750 2197 3797 scrutantes
2226 3742 2490 3796 scrutinio
2517 3739 2690 3808 (Psal.
2726 3742 2906 3810 utut).
2953 3740 3300 3806 Deleccrunt,
3346 3735 3497 3808 quzc-

1895 3837 2124 3902 sierunt,
2159 3846 2213 3890 et
2244 3849 2350 3890 non
2385 3836 2730 3900 invenerunt,
2780 3843 2834 3888 et
2863 3833 2915 3888 in
2941 3833 3120 3888 esurie
3161 3849 3256 3888 sua
3290 3841 3345 3887 et
3375 3833 3489 3900 siti,

1894 3931 2030 3982 viam
2059 3928 2276 3983 civitatis
2306 3927 2589 3980 habitaculi
2619 3943 2720 3980 non
2745 3926 3068 3981 invenerunt.
3119 3923 3422 3979 Esurientes
3447 3934 3494 3980 et

1896 4023 2147 4075 sitientes.
2225 4019 2373 4074 Multi
2429 4020 2638 4072 luerunt
2689 4017 2781 4088 qui
2836 4015 3284 4084 repromitterent
3331 4015 3488 4069 istam

1897 4113 2040 4167 viam
2086 4128 2207 4183 qua:
2238 4110 2528 4166 deduceret
2565 4109 2630 4164 ad
2683 4107 2981 4164 civitatem.
3020 4108 3275 4164 Promisit
3297 4105 3494 4162 Socra.

1899 4215 2000 4272 tes,
2050 4203 2296 4275 promisit
2345 4203 2518 4270 Plato,
2566 4201 2813 4274 promisit
2859 4201 3202 4256 Aristoteles.
3255 4199 3496 4254 Haemor-

1897 4299 2096 4356 rhousa
2142 4314 2262 4370 quae
2313 4297 2517 4354 ﬂuebat
2565 4296 2827 4368 sanguine
2875 4295 3048 4368 (Luc.
3077 4311 3169 4350 vut
3198 4293 3238 4366 ),
3297 4294 3496 4351 mullos

1898 4393 2146 4464 quaesivit
2192 4391 2456 4459 medicos,
2509 4399 2564 4446 et
2602 4408 2632 4445 a
2674 4391 2824 4446 nullo
2872 4390 3052 4445 sanari
3100 4389 3301 4460 potuit.
3346 4388 3495 4444 Viam

1898 4485 2120 4540 civitatis
2155 4483 2440 4538 habitaculi
2467 4500 2566 4538 non
2597 4484 2922 4539 invenerunt.
2972 4482 3231 4537 Doctrina
3278 4481 3491 4537 illorum

1899 4580 2071 4649 magis
2103 4578 2296 4633 laniem
2326 4577 2559 4633 iaciebat
2593 4576 2865 4643 veritatis,
2913 4591 3078 4647 quam
3131 4576 3493 4632 saturitatem.

1824 4657 2320 4730 l)Haemorrhousa
2389 4681 2556 4727 totam
2606 4669 2970 4726 substantiam
3027 4685 3180 4726 suam
3228 4670 3494 4742 impendit

1899 4767 1950 4822 in
1983 4767 2245 4822 medicos.
2302 4763 2599 4819 Esnrientes
2630 4773 2677 4818 et
2707 4764 2959 4828 sitientes,
3001 4765 3176 4819 anima
3222 4780 3399 4818 eorum
3441 4764 3492 4815 in

1896 4861 2024 4932 ipsis
2062 4859 2271 4929 defecit.
2319 4856 2423 4912 Sed
2457 4857 2713 4928 quoniam
2745 4855 3059 4926 perdiderat
3085 4870 3236 4909 suam
3269 4854 3496 4909 univer-

1899 4973 2013 5012 sam
2059 4955 2460 5020 substantiam,
2519 4955 2622 5008 hoc
2659 4962 2743 5008 est
2771 4997 2785 5020 ,
2840 4951 3084 5007 Ecclesia
3132 4947 3201 5003 de
3246 4945 3498 5017 gentibus

1897 5057 2222 5121 congregata
2260 5065 2272 5102 :
2305 5049 2429 5119 quia
2471 5048 2653 5102 anima
2682 5046 2799 5118 ejus
2841 5048 2892 5100 in
2936 5043 3056 5114 ipsa
3109 5039 3332 5106 defecit,
3383 5039 3496 5094 cla-

1903 5146 2071 5200 mavit
2113 5144 2178 5198 ad
2212 5141 2497 5197 Dominum
2543 5157 2665 5196 cum
2717 5140 3086 5195 tribularetur.
3134 5135 3332 5190 Tactus
3381 5135 3498 5189 litn-
3575 5161 3578 5170 -

1903 5237 2036 5292 briae
2069 5236 2296 5300 Domini,
2331 5235 2541 5290 clamor
2570 5231 2842 5290 credentis
2875 5230 2993 5285 luit.

1975 5331 2044 5400 Et
2070 5331 2422 5386 clamauerunt
2445 5329 2514 5384 ad
2551 5327 2833 5383 Domintmt
2862 5341 2980 5378 cum
3011 5323 3406 5390 tribularentur,
3451 5332 3499 5378 et

1901 5425 1967 5479 de
1989 5424 2376 5478 necessitatibus
2407 5439 2582 5479 eorum
2605 5421 2794 5488 eripuit
2817 5436 2922 5472 eos.
2968 5417 3049 5473 Ad
3083 5418 3393 5482 Dominum,
3421 5419 3500 5472 in-

1903 5521 2039 5588 quit,
2071 5536 2194 5575 cum
2221 5519 2510 5575 tribularer
2541 5515 2792 5581 clamavi,
2821 5512 3168 5570 etexaudivit
3195 5527 3281 5568 me
3311 5511 3494 5583 (Psal.

1905 5613 2004 5683 ιι).
2039 5612 2192 5668 Tunc
2243 5611 2566 5668 exaudimur
2607 5623 2636 5663 a
2687 5607 2938 5673 Domino,
2968 5606 3182 5676 quando
3211 5619 3318 5661 non
3363 5604 3498 5659 sim-

1905 5707 2029 5778 plex
2068 5722 2193 5774 vox,
2225 5705 2318 5763 sed
2348 5703 2620 5760 tribulatio
2646 5703 2844 5758 clamat
2869 5703 2933 5756 ad
2970 5701 3274 5756 hominum.

1978 5801 2045 5854 Et
2075 5800 2252 5855 eduxit
2280 5816 2365 5855 eos
2398 5799 2451 5852 in
2488 5798 2621 5850 viam
2665 5807 2880 5864 rectam,
2907 5806 2960 5851 ut
2996 5797 3132 5850 irent
3164 5797 3216 5850 in
3245 5795 3503 5850 civitatem

1905 5894 2267 5949 habitationis.
2291 5892 2425 5959 Quia
2455 5889 2594 5947 viam
2618 5890 2858 5950 civitatis
2886 5889 3182 5949 habitaculi
3215 5906 3320 5946 non
3359 5889 3510 5948 inve-
