4008 6336
417 292 554 355 ΗΠ
1215 289 1561 353 APPENDIX
1596 291 1689 348 AD
1726 290 1967 353 TOMUM
2004 289 2071 351 SI

2195 291 2357 355 [utut
2392 291 2454 355 8.
2498 292 2900 355 HIBRONYMI.
3576 292 3716 350 ιιιδ

423 417 644 477 nerunt,
680 418 960 482 prepterea
990 408 1215 467 deduxit
1244 424 1340 467 eos
1364 409 1416 464 in
1446 406 1585 467 viam
1615 416 1841 467 rectam.
1875 407 2017 480 Ergo
2043 410 2096 477 Α
2191 407 2553 482 Conﬁteanlur
2571 407 2800 469 Domino
2828 411 3198 471 misericordia
3217 413 3353 486 ejus.
3386 406 3596 478 Quibus
3616 420 3717 463 ex.

422 503 685 569 ostendit,
714 503 836 576 quia
865 511 992 559 ante
1016 502 1337 567 invenerunt
1363 501 1581 574 quidem
1612 500 1748 565 vias,
1776 500 1871 561 sed
1897 516 2015 573 pra-
2122 501 2298 558 celsus
2327 519 2387 558 se
2419 504 2743 573 ltumiliavit,
2774 505 2972 583 quibus
3002 505 3149 564 Deus
3179 506 3345 562 homo
3374 504 3559 560 lactus
3582 508 3666 557 est
3700 517 3717 556 :

422 610 542 662 vas,
574 605 630 652 et
656 612 761 651 non
796 606 991 653 rectas.
1042 595 1106 653 Et
1150 596 1363 657 deduxit
1408 612 1494 653 eos
1535 597 1589 651 in
1639 597 1774 659 viam
1802 605 2015 655 rectam.
2122 596 2319 669 quibus
2345 597 2666 657 immortalis
2697 613 2797 670 pro
2826 598 3135 659 mortalium
3164 600 3272 659 vita
3301 596 3553 655 subditur
3576 609 3723 650 mor-

428 687 525 744 Via
551 688 774 742 deduxit
806 704 902 743 eos
929 691 979 743 in
1008 690 1168 746 viam.
1204 689 1322 760 Ipse
1348 689 1612 745 Dominus
1642 699 1803 763 atque
1831 688 2023 745 Salva-
2127 689 2186 744 ti.
2219 688 2285 743 Et
2308 689 2565 751 mirabilia
2590 693 2702 765 ejus
2715 691 2840 761 [iliis
2858 689 3143 747 hominum.
3172 690 3308 760 Quia
3331 688 3530 746 inferni
3550 701 3722 744 aereas

427 789 514 836 tor
545 779 767 836 deduxit
794 796 891 836 eos
924 780 977 836 in
1016 783 1157 837 viam
1206 792 1406 839 rectam
1440 798 1454 837 :
1487 781 1612 839 fecit
1646 796 1764 853 eos,
1794 792 1849 838 ut
1884 782 1937 845 in
1963 796 2023 845 se
2127 788 2310 853 portas
2341 792 2631 854 veCIesque
2672 781 2944 855 conlregit
2991 802 3004 840 :
3041 784 3167 854 quia
3212 783 3378 842 rediit
3426 781 3601 841 victor
3651 777 3725 836 ad

426 872 765 927 ambularent
799 891 812 926 :
848 874 963 946 ipse
996 884 1047 930 et
1072 872 1285 946 ductor,
1318 882 1374 932 et
1401 876 1506 929 via.
1535 874 1599 931 Et
1625 876 1841 935 deduxit
1863 892 1949 931 eos
1971 877 2025 933 in
2126 889 2352 945 superos
2385 892 2400 930 :
2429 874 2557 947 quia
2580 874 2931 935 remeavitad
2954 876 3149 937 cmlos.

424 966 563 1021 uiam
602 974 814 1035 rectam,
854 962 931 1021 ut'
952 982 1047 1041 per
1079 967 1217 1022 hanc
1248 967 1409 1037 viam,
1445 966 1547 1025 hoc
1578 976 1682 1033 est,
1716 983 1813 1040 per
1841 966 2027 1031 Domi,
2201 967 2271 1025 Et
2298 970 2591 1042 sacrificent
2634 970 2953 1042 sacriﬁcium
2980 970 3173 1033 laudis.
3224 969 3457 1028 Cessent
3503 967 3640 1025 hirci
3669 974 3730 1027 et

430 1077 558 1117 num
586 1061 926 1118 Salvatorem
961 1064 1106 1121 irent
1144 1063 1198 1119 in
1231 1064 1502 1121 civitatem
1551 1064 1926 1133 habitationis,
1971 1064 2028 1127 in
2132 1061 2282 1119 vituli
2327 1081 2343 1119 :
2382 1064 2509 1134 quia
2556 1063 2700 1125 Deus
2730 1062 3062 1127 sacriﬁcium
3090 1062 3158 1123 de
3187 1078 3324 1135 puro
3349 1060 3518 1123 corde
3547 1060 3731 1132 requie

434 1154 733 1219 Ecclesium
756 1155 874 1228 ejus
900 1172 1023 1228 qure
1054 1156 1272 1211 fundata
1321 1156 1496 1212 luerat
1530 1171 1694 1229 super
1741 1158 1943 1227 ipsum,
1975 1166 2031 1217 et
2131 1157 2220 1217 rit.
2254 1155 2319 1223 Et
2365 1158 2671 1221 annuntient
2711 1173 2871 1229 opera
2916 1160 3029 1231 eius
3072 1159 3130 1215 in
3170 1155 3542 1221 multatione.
3589 1152 3731 1213 Cum

437 1260 669 1321 petram,
703 1261 757 1305 et
802 1250 941 1305 viam
974 1260 1137 1324 atque
1168 1251 1469 1308 ductorem.
1515 1251 1801 1323 Simulque
1845 1252 2028 1313 consi-
2131 1248 2330 1327 gaudio
2356 1252 2566 1313 cunctis
2596 1249 2781 1317 choris
2831 1251 3161 1311 annuntieut
3202 1249 3481 1323 :qualiter
3504 1262 3603 1305 eos
3629 1261 3732 1308 sua

433 1342 758 1411 derandum,
786 1346 910 1416 quia
938 1346 992 1400 in
1022 1346 1126 1401 isto
1159 1346 1365 1416 psalmo
1391 1346 1552 1402 tertio
1580 1345 1813 1407 dicitur:
2135 1343 2443 1401 visitatioue
2469 1343 2713 1401 salvarit.

505 1438 859 1508 Conﬁtenntur
880 1437 1104 1494 Domino
1135 1438 1501 1495 misericordia:
1529 1424 1666 1517 ejus,
1698 1448 1747 1509 et
1776 1438 2034 1501 mirabilia
2211 1435 2316 1505 Qui
2333 1436 2646 1493 descendunt
2676 1454 2836 1497 mare.
2861 1437 2919 1496 Id
2947 1446 3053 1508 est,
3082 1436 3366 1503 mulum.
3392 1433 3461 1492 In
3488 1434 3732 1501 naribus,

322 1564 326 1569 -
434 1530 547 1603 ejus
576 1529 701 1603 ﬁliis
724 1529 1012 1584 hominum.
1060 1529 1196 1599 Quia
1224 1530 1432 1584 satiavit
1468 1532 1698 1601 animum
1734 1531 1959 1595 inanem,
1988 1539 2035 1599 et
2139 1527 2194 1593 In
2224 1528 2515 1597 Ecclesiis,
2546 1545 2670 1602 quae
2717 1530 2994 1595 Christum
3031 1538 3276 1602 portant,
3321 1537 3380 1587 et
3402 1545 3433 1587 a
3472 1526 3739 1587 ﬂuctibus

435 1622 663 1677 animum
709 1623 1014 1678 esurientem
1062 1621 1269 1676 satiavit
1322 1621 1486 1678 bonis.
1553 1622 1661 1677 Eos
1705 1622 1796 1693 qui
1844 1623 2037 1693 inanes
2139 1620 2298 1694 hujus
2346 1620 2533 1681 mundi
2580 1622 2907 1689 tunduntur.
2957 1621 3236 1681 Facientes
3277 1622 3628 1694 operationem
3676 1620 3739 1683 iis

436 1725 594 1772 erant
632 1731 661 1771 a
709 1715 879 1785 gratia
931 1730 1051 1786 sua,
1100 1724 1153 1770 et
1204 1714 1401 1772 famem
1459 1715 1611 1773 verbi
1662 1715 2032 1787 patiebantur,
2139 1716 2287 1791 aquis
2310 1694 2511 1775 multis.
2541 1716 2596 1777 lu
2642 1717 2879 1788 pupulis.
2927 1716 3035 1779 Sed
3081 1727 3137 1777 et
3182 1716 3251 1773 ad
3288 1714 3571 1786 apostolos
3617 1713 3742 1773 hac

441 1806 598 1862 bonis
628 1808 947 1873 ecclestibus
976 1808 1210 1864 satiavit.
2066 1802 2115 1879 Β
2144 1811 2430 1887 referenda
2449 1821 2612 1869 sunt:
2639 1811 2753 1885 Ipsi
2779 1813 3014 1875 viderunt
3045 1828 3201 1885 Opera
3237 1808 3472 1875 Domini,
3498 1817 3546 1865 et
3575 1808 3744 1863 sitire-

514 1901 760 1957 Sedentes
789 1901 843 1955 in
872 1901 1093 1957 tenebris
1129 1910 1175 1955 et
1223 1900 1407 1956 umbra
1451 1900 1632 1955 mortis
1672 1917 1689 1954 :
1742 1900 1935 1957 uinctos
1980 1900 2035 1969 in
2141 1904 2408 1979 bilia.ejus
2453 1906 2506 1961 in
2533 1906 2816 1980 profundo.
2860 1904 2920 1965 In
2967 1904 3237 1977 profunda
3280 1904 3430 1963 enim
3474 1900 3742 1979 caligine,

444 1994 771 2049 nteiidicitate
801 2004 848 2049 et
874 1999 1033 2066 ferro.
1088 1993 1338 2073 Vinctum
1384 1994 1528 2050 enim
1570 2002 1688 2048 erat
1725 2008 1895 2064 genus
1939 1993 2038 2049 hu-
2144 2016 2242 2072 per
2264 2016 2453 2059 eorum
2486 2000 2929 2071 praedicationem
2953 2001 3136 2059 lumen
3168 1998 3418 2061 veritatis
3445 1995 3657 2061 illusit,
3682 2001 3747 2055 et

444 2102 662 2142 silanum
690 2087 898 2144 catenis
928 2085 1239 2157 criminum,
1280 2096 1334 2142 et
1364 2087 1569 2143 carceri
1603 2086 1802 2153 diaboli
1833 2087 2040 2143 manci-
2143 2093 2419 2165 yiderum,
2447 2104 2708 2163 opcranle
2733 2094 2999 2164 Domino,
3034 2094 3088 2151 in
3120 2091 3362 2153 tenebris
3392 2085 3748 2155 densissimis

443 2187 649 2251 patum.
682 2180 749 2234 Et
776 2196 874 2239 cur
900 2179 1003 2235 hoc
1030 2180 1267 2235 accidit?
1302 2179 1435 2245 Vide
1462 2179 1591 2255 quid
1619 2182 1887 2253 sequitur.
2144 2187 2357 2255 clarere
2378 2188 2560 2257 lumen
2592 2188 2893 2255 verissimae
2922 2186 3233 2248 Trinitatis.

522 2273 661 2342 Quia
702 2274 1132 2331 eaacerbaverunt
1159 2276 1419 2344 eloquium
1449 2273 1679 2331 Domini.
1728 2274 1860 2345 Quae
1892 2290 2044 2330 mau-
2220 2280 2385 2355 Dixit,
2410 2290 2458 2339 et
2486 2282 2624 2341 stetit
2647 2282 2865 2353 spiritus
2890 2278 3152 2353 procella.
3182 2277 3436 2341 Cessavit
3462 2275 3750 2339 mundani

452 2365 700 2435 daverat,
752 2384 859 2427 non
904 2369 1296 2425 custodientes.
1349 2367 1419 2423 El
1476 2366 1755 2433 consilium
1786 2366 2042 2435 Altissimi
2150 2374 2401 2434 ιεηιιιιίο,
2557 2386 2610 2431 (ιι
2637 2375 2691 2431 in
2717 2376 2841 2437 navi
2871 2373 3155 2437 (im-micas
3183 2373 3470 2441 Dominus,
3499 2384 3624 2427 ωω
3648 2384 3753 2426 ει..

444 2457 803 2516 irritaverant.
835 2460 990 2529 Quod
1018 2459 1240 2519 dederat
1272 2472 1329 2515 ut
1353 2462 1623 2532 eligerent
1647 2462 1834 2515 vitam.
2148 2471 2346 2528 citatus
2372 2485 2401 2525 a
2429 2469 2717 2540 discipulis
2747 2469 2964 2537 luisset,
2984 2469 3281 2538 imperavit
3301 2474 3486 2530 vento,
3504 2472 3563 2531 et
3591 2478 3755 2521 mare

522 2552 589 2606 Et
614 2551 946 2609 Itumiliatum
968 2563 1040 2608 est
1070 2557 1123 2609 in
1144 2552 1404 2610 laboribus
1433 2569 1525 2608 cor
1554 2569 1750 2609 eorum.
1775 2552 1910 2625 Quia
1937 2568 2045 2613 non
2150 2562 2297 2629 siluit
2330 2561 2513 2636 (Matt.
2543 2560 2684 2634 vut).
2720 2560 2788 2621 Et
2819 2561 3036 2619 βιαιωιί
3066 2568 3190 2619 sunt
3218 2561 3412 2631 ﬂuctus
3442 2558 3574 2629 ejus.
3602 2555 3752 2613 Sus-

451 2645 835 2701 exaltabantur
863 2647 917 2702 in
948 2648 1206 2718 operibus
1232 2648 1344 2703 Dei.
1379 2644 1645 2717 Inﬁrmati
1683 2653 1803 2701 sunt
1827 2660 1919 2715 nec
1950 2646 2048 2720 fuit
2154 2656 2303 2727 pensi
2340 2666 2506 2722 sunt,
2544 2670 2615 2719 ne
2657 2663 2926 2723 placerent
2956 2670 2972 2709 :
3004 2652 3058 2715 id
3086 2660 3210 2719 est,
3259 2649 3421 2722 hujus
3457 2649 3757 2707 diabolica

450 2742 539 2813 qui
578 2741 871 2815 adjuvant.
912 2742 990 2797 Eo
1031 2741 1175 2815 quod
1208 2742 1262 2798 in
1299 2742 1466 2801 Deum
1499 2740 1636 2796 lirmi
1668 2756 1776 2796 non
1808 2748 1996 2805 essent
2029 2755 2045 2796 :
2153 2751 2478 2813 tentatimtis
2525 2757 2736 2817 motus,
2789 2761 2927 2821 quos
2973 2744 3149 2818 iniqui
3186 2751 3537 2809 commovent
3582 2755 3759 2812 super

456 2847 557 2888 nec
585 2849 711 2889 eum
742 2835 1106 2906 requirerent,
1136 2835 1227 2907 qui
1256 2850 1418 2897 verus
1447 2844 1530 2891 est
1559 2833 1822 2890 medicus.
2147 2840 2347 2912 justus.

525 2924 595 2981 Et
619 2927 971 2984 clamauerunt
993 2929 1063 2983 ad
1094 2926 1376 2983 Dominum
1400 2927 1527 2982 dum
1561 2926 1960 2995 tribularentur,
2002 2936 2050 2993 et
2226 2933 2523 2999 Ascendunt
2552 2949 2711 3006 usque
2732 2933 2800 2988 ad
2821 2931 2998 2991 caelos.
3037 2930 3339 2991 Elevanlur
3381 2928 3436 2989 in
3475 2923 3759 2996 superbiig

458 3021 523 3076 de
554 3024 939 3079 necessitatibus
964 3040 1142 3080 eorum
1165 3023 1399 3079 liberavit
1425 3039 1529 3079 eos.
1560 3022 1769 3079 Deiecit
1793 3034 1916 3099 post
1943 3022 2054 3083 ori—
2156 3028 2303 3094 suis,
2329 3024 2395 3083 ad
2437 3036 2756 3087 sanctorum
2797 3022 3075 3094 injuriam.
3121 3018 3192 3085 Et
3232 3018 3548 3079 descendunt
3592 3031 3763 3088 usque

453 3114 635 3186 ginale
664 3127 943 3187 peccatum
972 3120 1266 3171 humanum
1307 3131 1477 3188 genus
1527 3135 1539 3169 :
1573 3119 1760 3171 iterata
1793 3115 1914 3177 vice
1942 3130 2050 3171 non
2157 3122 2224 3177 ad
2244 3120 2476 3194 abyssos.
2504 3117 2872 3177 llumilianlur
2894 3118 2947 3181 in
2966 3113 3342 3179 confessione.
3368 3110 3439 3169 Et
3466 3122 3525 3175 ut
3550 3109 3763 3169 intelli-

456 3211 755 3267 ohservans
780 3213 951 3283 legem
983 3211 1233 3267 traditam
1258 3227 1357 3287 per
1384 3211 1627 3284 Moysen,
1658 3209 1751 3279 sed
1782 3217 1839 3265 et
1860 3209 1928 3266 de
1956 3209 2058 3275 hac
2083 3197 2129 3263 C
2160 3230 2254 3286 gas
2284 3210 2584 3284 ﬁguraliter
2614 3210 2715 3266 hoc
2738 3209 2807 3265 de
2836 3208 2995 3267 malis
3019 3205 3333 3267 hominibus
3378 3202 3487 3269 dici
3510 3242 3528 3273 ,
3572 3199 3764 3273 sequi-

461 3305 789 3361 necessitate
816 3303 950 3360 illud
975 3305 1197 3376 eripuit.

532 3395 602 3450 Et
625 3399 804 3451 eduxit
824 3412 911 3451 eos
930 3398 993 3450 de
1024 3396 1268 3460 tenebris,
1295 3404 1401 3451 etc.
1428 3394 1498 3456 Et
1523 3395 1593 3450 oh
1620 3393 1672 3449 id
1705 3413 1717 3449 :

531 3487 893 3560 Con/iteantur
925 3488 1144 3545 Domino
1171 3490 1537 3544 misericordia:
1563 3492 1698 3569 ejus,
1728 3500 1775 3543 et
1799 3489 2061 3563 qtirubiliq

459 3584 573 3656 ejus
603 3584 729 3657 ﬁliis
767 3584 1056 3649 hominum.
1113 3586 1178 3643 Et
1221 3602 1319 3640 cur
1367 3586 1483 3658 ejus
1530 3588 1611 3641 vel
1664 3586 2060 3657 tuiseriCordiqe

462 3676 790 3732 conﬁtenda:
815 3678 951 3747 sint,
982 3679 1068 3739 vel
1102 3678 1367 3734 mirabilia
1398 3679 1781 3755 prmdiceutur,
1827 3696 2061 3755 sequen-

467 3772 538 3829 tia
564 3773 784 3829 docent.
1904 3760 1909 3766 ’

538 3864 673 3932 Quia
700 3866 939 3922 contrivit
966 3876 1143 3941 portas
1168 3881 1348 3933 terras,
1372 3877 1419 3922 et
1439 3876 1602 3923 vectes
1634 3867 1826 3941 ferreos
1855 3870 2063 3943 confre-

463 3961 556 4034 git.
608 3958 859 4016 Visitavit
888 3960 1036 4015 ettim
1081 3974 1181 4016 nos
1210 3961 1394 4016 oriens
1433 3977 1500 4017 ex
1531 3962 1644 4029 alto
1677 3961 1849 4032 (Luc.
1888 3964 1971 4039 ι),
2010 3973 2066 4031 et

466 4053 784 4110 illuminavit
838 4069 1088 4111 errorum
1134 4055 1411 4125 tenebras,
1460 4055 1798 4133 disrupitque
1845 4067 2067 4129 eatenas

469 4144 631 4216 legis,
664 4155 721 4203 ut
752 4144 924 4201 libero
952 4145 1175 4201 arbitrio
1195 4147 1546 4202 serviremus.

545 4235 785 4310 Suscepit
812 4253 898 4292 eos
939 4241 1004 4293 de
1030 4237 1111 4291 via
1139 4237 1426 4311 iniquitatis
1468 4254 1665 4303 eorum.
1700 4237 2071 4297 Obseraverat

480 4330 645 4401 igitur
692 4330 945 4387 diabolus
1004 4331 1358 4388 validissimis
1421 4332 1560 4388 seris
1606 4346 1829 4389 suarum
1870 4332 2066 4401 aedium

474 4442 645 4483 :creas
686 4428 893 4500 valvas,
946 4444 1015 4486 ne
1052 4429 1120 4484 ab
1152 4428 1269 4502 ejus
1293 4428 1417 4500 jure
1446 4430 1627 4505 egredi
1664 4430 1866 4493 valeret
1897 4446 2068 4503 genus

474 4520 792 4577 humanum.
816 4524 948 4591 Qum
971 4525 1175 4593 omnia,
1193 4523 1527 4594 utdiximus,
1552 4541 1646 4597 sua
1665 4526 1926 4591 Dominus
1939 4527 2068 4595 visi-

477 4616 685 4672 talione
709 4619 986 4688 contrivit,
1008 4617 1309 4689 suscipiens
1338 4634 1462 4676 eum
1487 4619 1540 4674 in
1569 4633 1651 4677 se.
1691 4619 1909 4701 Propter
1930 4620 2072 4691 inju-

475 4711 647 4767 stitias
668 4712 802 4766 enim
826 4729 947 4766 suas
978 4714 1240 4777 Immiliati
1262 4722 1401 4777 sunt.
1424 4712 1491 4771 Ut
1515 4710 1955 4779 exaltarenturin
1980 4726 2067 4768 eo.

554 4802 772 4859 Omnem
799 4821 967 4860 escam
989 4807 1286 4860 abominata
1325 4816 1400 4861 est
1447 4806 1619 4863 anima
1657 4821 1858 4873 eorum,
1907 4814 1955 4860 et
1984 4822 2076 4879 ap-

484 4898 959 4972 propinquaverunt
986 4915 1146 4972 usque
1179 4899 1250 4953 ad
1280 4907 1458 4972 portas
1494 4898 1695 4954 mortis.
1737 4896 2075 4959 Etclamave-

479 5002 598 5047 runt
628 4993 695 5046 ad
727 4991 1003 5048 Dominum
1028 5010 1143 5047 cum
1172 4992 1566 5063 tribularentur,
1593 5001 1640 5049 et
1671 4994 1732 5048 de
1757 4993 2076 5057 necessitati-

480 5084 574 5138 bus
601 5100 778 5163 eorum
803 5084 1037 5141 liberavit
1062 5102 1172 5141 eos.
1207 5084 1314 5143 Sed
1337 5084 1460 5141 vide
1489 5086 1726 5156 qualiter
1752 5100 1850 5151 eos
1880 5084 2077 5147 libera-

485 5179 660 5234 verit:
693 5182 815 5250 quia
843 5195 1004 5235 omne
1038 5180 1261 5239 verbum
1290 5180 1434 5246 vitae,
1464 5180 1607 5255 quod
1636 5180 1913 5259 prophetia
1943 5196 2082 5252 praes

484 5274 889 5343 nuntiaverunt,
918 5272 1211 5331 abominati
1251 5282 1378 5345 sunt
1419 5283 1474 5331 et
1504 5276 2082 5355 appropinquaverunt

490 5365 673 5421 morti.

562 5457 709 5523 Tunc
727 5459 868 5516 misit
896 5460 1103 5516 uerbum
1129 5450 1301 5529 suum,
1348 5470 1398 5517 et
1416 5462 1620 5529 sanavit
1642 5479 1747 5519 eos.
1779 5463 1958 5533 Ipsum
1990 5462 2082 5533 Fi-

485 5552 638 5625 lium,
668 5556 834 5629 quiin
868 5556 1133 5627 principio
1157 5567 1277 5621 erat
1305 5557 1539 5623 Verbum
1574 5576 1588 5613 :
1622 5559 1713 5637 qui
1752 5559 1803 5614 in
1832 5559 2074 5630 Evange-

486 5645 561 5703 lio
597 5657 755 5703 sanat
784 5663 998 5704 omnem
1026 5651 1345 5721 languorem
1377 5660 1431 5707 et
1469 5666 1683 5719 omnem
1713 5651 2080 5721 inﬁrmitatem

489 5739 542 5819 in
568 5740 748 5815 plebe.
782 5740 845 5797 Et
874 5744 1062 5821 eripuit
1106 5760 1191 5799 eos
1233 5744 1298 5815 de
1340 5744 1728 5815 interitignibus
1774 5761 1976 5815 eorum.
2026 5743 2082 5801 In

497 5832 695 5905 quibus
722 5848 779 5889 se
802 5834 904 5905 ipsi
930 5835 1323 5903 derperserant.

2162 3318 2284 3365 tur:
2316 3306 2502 3363 Anima
2530 3320 2712 3371 eorum
2748 3305 2800 3358 in
2842 3303 2990 3359 malis
3042 3302 3280 3359 tabescet.
3337 3297 3562 3356 Fluctus
3605 3295 3764 3361 enim

2161 3416 2424 3474 aquarum
2454 3399 2689 3471 animam
2716 3412 2822 3454 non
2856 3396 3079 3453 habent.
3106 3393 3214 3455 Sed
3249 3392 3480 3451 tabescit
3529 3393 3711 3449 anima
3744 3407 3765 3453 ε

2161 3509 2283 3550 eum
2316 3492 2598 3559 verberata
2652 3490 2831 3569 plagis
2876 3487 3229 3554 cmiestibus,
3290 3500 3349 3547 se
3394 3498 3655 3558 peccasse
3704 3491 3769 3548 et

2162 3589 2363 3651 sanctis
2388 3585 2639 3657 iniuriam
2668 3584 2923 3647 intulisse
2961 3581 3263 3655 cognoscit.

2238 3679 2453 3751 Turbati
2478 3686 2616 3747 sunt,
2654 3685 2702 3733 et
2758 3678 2883 3737 moti
2911 3676 3043 3733 sicut
3068 3674 3260 3735 ebrius.
3290 3671 3433 3728 Nihil
3479 3670 3626 3737 enim
3666 3670 3772 3729 Iae-

2165 3781 2302 3841 tum,
2336 3772 2470 3829 nihil
2501 3770 2719 3838 stabile,
2746 3768 2881 3831 nihil
2911 3768 3157 3829 sobrium
3212 3782 3401 3825 eorum
3434 3779 3635 3831 sensus
3666 3762 3773 3821 ιητ

2163 3866 2346 3927 bebat.
2380 3863 2437 3917 E'
2466 3863 2630 3918 omnis
2655 3862 2914 3935 sapientia
2939 3877 3116 3925 eorum
3156 3860 3400 3923 devorata
3437 3867 3532 3921 est.
3578 3858 3626 3915 Δ
3673 3870 3773 3914 sa-

2166 3959 2372 4033 pientia
2398 3957 2511 4027 veri
2542 3956 2635 4015 Dei
2661 3974 2675 4010 :
2699 3955 2838 4012 sicut
2861 3953 3139 4028 quonde
3163 3953 3332 4021 draco
3366 3950 3534 4026 Moysi
3571 3949 3776 4023 deglue

2168 4052 2287 4123 tivit
2316 4051 2583 4111 dracones
2611 4041 2992 4125 Egyptiorum
3030 4044 3235 4119 (Exod.
3260 4043 3384 4115 vn).

2242 4144 2309 4215 Et
2334 4143 2688 4209 clamauerunt
2715 4141 2784 4198 ad
2808 4139 3089 4197 Dominum
3114 4154 3233 4203 cum
3272 4135 3669 4202 tribularentur,
3719 4145 3775 4193 et

2168 4239 2233 4305 de
2277 4235 2660 4301 necessitatibus
2683 4248 2867 4307 eorum
2896 4231 3128 4297 liberavit
3151 4247 3259 4289 eos.
3292 4227 3363 4305 lJt
3390 4229 3777 4303 relinquam

2169 4334 2504 4397 luxuriosam
2528 4328 2844 4399 ebrietatem
2866 4369 2880 4391 ,
2902 4325 2999 4391 Dei
3022 4324 3346 4399 sapientiam
3374 4328 3777 4399 sequerentur,

2244 4427 2441 4493 Statuit
2474 4422 2755 4496 procellam
2797 4424 2912 4492 eius
2932 4420 2987 4485 in
3008 4435 3214 4481 auram.
3240 4416 3310 4475 Ut
3342 4415 3457 4493 jam
3502 4430 3611 4481 non
3647 4428 3780 4487 cum

2174 4522 2296 4594 igne
2323 4528 2379 4575 et
2406 4517 2695 4592 grandine,
2724 4513 2819 4572 sed
2847 4528 2971 4569 cum
3004 4509 3157 4573 suavi
3192 4508 3368 4575 sancti
3392 4506 3640 4587 Spiritus
3671 4505 3777 4561 lia:

2098 4589 2150 4669 υ
2179 4589 2327 4683 an...
2358 4589 2659 4671 adveniret.
2706 4607 2773 4669 Et
2801 4607 3057 4673 siluerunt
3090 4606 3280 4681 ﬂuctus
3303 4605 3443 4683 ejus,
3493 4600 3783 4663 Paeniten-

2180 4709 2309 4769 tiam
2338 4715 2582 4776 agentes,
2613 4703 2668 4767 in
2693 4701 3142 4774 tranquillitatem
3175 4695 3426 4755 conversi
3448 4703 3594 4763 sunt.

2255 4798 2440 4859 Lwtati
2464 4807 2583 4855 sunt
2612 4797 2735 4871 quia
2761 4795 3037 4857 siluerunt.
3074 4790 3189 4859 illis
3228 4787 3636 4862 quiescentibus
3656 4828 3672 4855 ,
3718 4785 3779 4851 hi

2181 4895 2451 4959 ltutautur.
2489 4890 2551 4946 Et
2578 4889 2756 4953 eduxit
2778 4904 2863 4953 eos
2891 4887 2945 4943 in
2982 4894 3187 4958 portum
3231 4884 3513 4955 voluptatis
3571 4898 3779 4943 eorum.

2183 4988 2262 5044 De
2285 4987 2367 5045 his
2386 4982 2796 5065 quiescentibus
2816 4980 3094 5049 ﬂuctibus.
3117 4987 3484 5059 apposueruut
3509 4976 3783 5047 integram

2184 5084 2514 5145 voluntatem
2546 5078 2610 5133 ad
2637 5092 2760 5144 eum
2789 5074 2981 5143 deduci
3005 5092 3018 5127 :
3040 5073 3134 5151 qui
3162 5072 3419 5145 mitigans
3441 5070 3656 5149 lituztus,
3678 5084 3783 5129 ve-

2183 5192 2276 5241 rus
2298 5186 2376 5233 cat
2402 5182 2609 5255 portus,
2638 5169 2706 5241 Et
2729 5171 2792 5239 de
2812 5166 3203 5241 necessitatibus
3220 5182 3395 5237 eorum
3416 5165 3648 5233 liberauit
3667 5182 3782 5235 eos,

2183 5267 2261 5333 Ne
2290 5267 2358 5333 ab
2390 5266 2474 5331 his
2503 5263 2727 5327 gestibus
2756 5268 3138 5339 quaterentur.

2256 5359 2615 5435 Conﬁteautur
2675 5355 2902 5423 Domino
2963 5351 3330 5420 misericordiae
3379 5352 3515 5422 ejus.
3571 5349 3781 5418 Quibus

2188 5457 2417 5537 protegit
2448 5466 2623 5535 genus
2651 5450 2966 5517 humanum.
3001 5446 3068 5515 Et
3107 5444 3365 5511 mirab’lia
3387 5448 3497 5519 ejus
3529 5443 3656 5516 [iliis
3685 5444 3783 5500 ho,

2190 5552 2407 5619 mitium.
2439 5548 2576 5621 Quia
2606 5542 2932 5607 mirabiliter
2954 5540 3057 5607 bos
3081 5539 3418 5612 compescuit
3449 5538 3668 5597 ﬂuctus.

2263 5643 2508 5711 Exaltent
2533 5656 2650 5696 eum
2690 5638 2744 5692 in
2777 5634 3012 5705 Ecclesia
3048 5634 3230 5708 plebis.
3265 5632 3322 5692 In
3358 5631 3785 5709 congregatione

2194 5738 2454 5813 lidelium.
2483 5733 2548 5790 In
2575 5729 2824 5799 cathedra
2846 5729 3107 5795 seniorum
3135 5726 3350 5791 laudent
3374 5725 3550 5795 illum.
3579 5722 3699 5789 Non
3728 5722 3785 5791 in

2193 5832 2290 5907 illa
2319 5830 2577 5899 eatltedra
2605 5828 2657 5899 in
2687 5838 2793 5903 qua
2820 5821 3026 5891 Scriba:
3065 5828 3122 5881 et
3173 5817 3441 5903 Pharisgci
3483 5816 3785 5889 sederunt.
