4008 6336
245 384 368 442 illi)

1164 370 1596 430 DREVlARlUM
1636 368 1701 425 ΙΝ
1743 364 2079 429 PSALMOB.
2121 364 2369 427 PSAIM.
2409 362 2568 421 CVII.

3368 352 3506 416 “50

241 499 324 571 qui
344 497 577 567 legentes
602 492 776 563 legem
805 532 820 557 ,
851 505 955 547 non
1004 488 1397 546 intellexerunt
1442 485 1496 543 in
1528 499 1592 540 ea
1626 483 1807 539 Domi-
1833 483 1887 547 Α
1911 479 2263 552 spiritualiter
2337 475 2614 548 intelligas
2639 515 2655 544 ,
2730 472 2939 531 videbis
3010 471 3064 533 in
3129 468 3234 525 hoc
3297 467 3507 540 psalmg

242 606 357 657 itum
388 587 721 656 nuntiatum,
755 584 852 641 sed
881 585 934 643 in
985 584 1073 639 illa
1108 586 1294 652 inqua
1344 596 1469 636 eum
1492 619 1507 646 ,
1565 578 1650 634 vel
1683 592 1811 649 pro-

241 685 423 756 phetae,
450 680 529 735 rel
555 676 915 752 patriarchae,
947 674 1216 747 spirituali
1249 673 1408 730 oculo
1436 670 1815 742 contemplan-

240 789 337 847 tes,
369 783 744 849 cognoverunt
776 773 828 831 in
855 770 1166 839 miraculis,
1195 769 1285 829 vel
1333 768 1572 826 oraculis
1598 766 1812 823 cecine-

239 880 374 930 runt.

305 966 435 1034 Quia
463 964 633 1037 posuit
652 964 875 1039 ﬂumina
901 962 953 1017 in
978 964 1237 1019 desertum
1254 1000 1268 1025 ,
1292 965 1339 1015 et
1364 958 1531 1013 exitus
1562 969 1814 1020 aquarum

237 1061 285 1119 in
310 1060 476 1116 sitim:
505 1066 693 1115 terram
731 1055 1051 1129 fructifcram
1069 1054 1125 1109 in
1145 1050 1491 1124 salsuginem,
1542 1065 1575 1102 a
1614 1046 1815 1101 malitia

236 1150 619 1211 inhabitantium
647 1150 701 1205 in
730 1164 813 1207 ea.
847 1146 1040 1203 Merito
1071 1142 1427 1206 exaltandus,
1470 1140 1666 1196 merito
1694 1138 1809 1193 lau-

237 1244 455 1314 dandus,
486 1245 575 1312 qtti
601 1245 653 1299 iu
681 1241 922 1298 Ecclesia
955 1256 1073 1312 qum
1112 1238 1262 1309 prius
1293 1236 1468 1293 fuerat
1496 1234 1734 1301 deserta,
1761 1238 1818 1287 et

234 1340 355 1407 odio
383 1337 586 1404 habita,
613 1336 795 1408 posuit
820 1334 1122 1406 apostolos,
1174 1334 1265 1402 qui
1299 1345 1417 1385 eam
1471 1336 1529 1385 et
1568 1327 1816 1384 consola-

237 1445 417 1492 rentur
446 1432 709 1504 alloquio.
736 1443 790 1486 et
815 1430 1015 1493 alluvio
1038 1426 1434 1486 lmcundztrent.
1472 1422 1628 1479 Dedit
1674 1434 1727 1477 et
1758 1420 1813 1504 in

235 1528 433 1595 animas
460 1502 763 1581 sitientium
789 1540 945 1580 suum
983 1522 1204 1579 verbum
1229 1562 1244 1587 ,
1267 1521 1447 1577 exitus
1475 1502 1815 1590 pradicatio-

234 1635 384 1688 num,
411 1628 462 1676 et
492 1626 693 1675 terram
722 1616 1002 1688 corporis,
1027 1631 1145 1685 qua:
1176 1614 1329 1685 prius
1350 1611 1535 1682 Spiuas
1564 1608 1817 1664 amaritu-

231 1714 364 1775 dinis
392 1712 716 1787 protulerat,
745 1709 1012 1767 fructibus
1038 1707 1268 1780 replevit
1289 1704 1530 1761 aeternis.

300 1806 479 1865 Posuit
508 1805 769 1863 desertum
806 1803 858 1858 in
907 1813 1091 1875 stagna
1134 1814 1406 1869 aquarum.
1453 1794 1710 1852 Praabens
1759 1794 1813 1849 in

1914 584 2110 644 quarto
2143 567 2551 627 misericordias
2577 566 2774 638 petitas
2801 573 2857 622 et
2883 563 3181 625 clementer
3222 559 3464 618 indultae
3491 575 3508 617 :

1914 682 2050 740 quas
2082 675 2138 725 et
2160 665 2316 721 nobis
2357 663 2555 730 pietate
2584 657 2790 733 proﬂua
2834 657 3088 729 dignetur
3128 652 3378 725 quaesitas
3430 653 3513 711 ins-

1914 759 2161 830 dulgere,
2195 757 2435 829 pulsatae
2459 754 2677 825 aperire
2698 794 2712 816 .
2746 750 2948 823 petitas
2979 763 3086 805 non
3138 762 3355 819 negare.
3404 745 3513 819 ipsi

1912 852 2085 924 gloria
2113 866 2236 908 cum
2266 858 2474 909 aeterno
2505 848 2668 905 Patre
2693 855 2747 903 et
2766 844 2975 917 Spiritu
3005 850 3195 899 saneto
3227 841 3280 907 in
3305 839 3506 913 etecula

1916 946 2265 1002 saeculorum.
2289 943 2487 1001 Amen.

2453 1031 2772 1093 PSALMUS
2811 1029 2970 1094 CVII.

1917 1151 2188 1209 Canticum
2210 1150 2411 1206 Psalmi
2440 1151 2542 1221 ipsi
2573 1149 2758 1204 David.
2782 1147 3065 1221 Canticum
3094 1158 3310 1221 semper
3335 1141 3513 1200 refer-

1991 1235 2076 1282 tttr
2106 1224 2157 1280 in
2190 1239 2408 1287 sensum
2442 1218 2723 1291 {psalmus
2752 1235 2893 1291 vero,
2907 1218 3146 1291 refertur
3202 1218 3256 1273 in
3314 1228 3508 1291 carpet-

1991 1296 2144 1353 ralia.
2173 1295 2244 1352 Ut
2263 1304 2445 1349 autem
2486 1288 2841 1349 manifestius
2865 1289 3130 1355 dicamus,
3156 1290 3424 1344 canticum
3455 1288 3507 1341 in

1990 1378 2014 1407 α
2050 1369 2314 1423 theoriam
2343 1364 2576 1421 refertur
2601 1382 2614 1419 :
2645 1364 2886 1434 psalmus
2916 1371 3096 1416 autem
3124 1359 3508 1434 inpracticen,

1990 1440 2093 1495 hoc
2116 1440 2310 1501 est,in
2340 1454 2527 1505 opera.
2577 1429 2843 1502 Quoniam
2891 1448 3024 1504 ergo
3063 1434 3116 1487 itt
3164 1429 3322 1487 titulo
3365 1429 3506 1485 scri-

1989 1525 2140 1583 ptum
2176 1528 2188 1564 :
2222 1510 2493 1583 Canticum
2514 1508 2705 1583 psalmi
2737 1523 2757 1562 :
2806 1518 2956 1583 recte
3002 1514 3063 1583 _et
3108 1511 3507 1583 consequenter

1992 1572 2043 1708 it;
2076 1583 2312 1666 secundo
2349 1572 2624 1649 versiculo
2655 1579 2731 1637 ait
2763 1596 2775 1633 :
2828 1575 3055 1637 Cantabo
3098 1585 3144 1631 et
3188 1574 3407 1649 psallam
3459 1572 3513 1639 in

1992 1674 2021 1708 Π
2047 1671 2159 1708 οντα
2187 1670 2319 1708 Πιθα-

1990 1670 2159 1726 gtorta
2187 1670 2319 1708 mea.

1995 1796 2250 1852 Paratum
2272 1809 2359 1850 cor
2390 1807 2580 1859 meum,
2608 1789 2771 1855 Deus,
2800 1797 3044 1861 paratum
3075 1802 3165 1841 cor
3190 1801 3379 1845 meum.
3412 1783 3516 1840 Pa-

231 1899 460 1969 Ecclesia
520 1898 871 1970 baptismum.
927 1894 991 1955 Et
1029 1893 1348 1955 terramsitte
1375 1907 1513 1962 aqua
1566 1889 1617 1942 itt
1647 1887 1817 1942 exitus
1847 1883 1892 1946 Β
1920 1897 2070 1947 ratus
2118 1904 2239 1945 sum
2294 1902 2399 1951 non
2445 1886 2622 1941 solum
2672 1897 2870 1955 opere,
2922 1880 3017 1935 sed
3047 1878 3209 1936 etiam
3245 1875 3411 1934 corde
3461 1882 3518 1933 et

230 2002 494 2067 aquarum.
546 1993 939 2051 Pnedicatores
989 1988 1043 2045 in
1075 1990 1355 2045 nationum
1405 1983 1660 2040 ariditate
1685 1995 1819 2039 con-

226 2088 470 2161 stituens.

296 2180 361 2237 Et
383 2179 655 2237 collocavit
692 2179 802 2243 illic
840 2176 1141 2237 esurientes.
1187 2173 1257 2231 Ut
1297 2170 1454 2231 bonis
1506 2167 1819 2226 cteleslibus

234 2274 608 2343 reﬁcerentur.
645 2272 1107 2331 Etconstitttcrunt
1147 2269 1405 2324 civitatem
1456 2262 1815 2321 habitationis.

227 2367 443 2434 Animas
485 2381 616 2431 suas
662 2364 1036 2427 exhibuerunt
1086 2362 1156 2418 ab
1205 2360 1495 2418 incentivis
1561 2357 1818 2413 vitiorum

230 2470 365 2518 tutas
395 2477 411 2520 :
438 2461 492 2531 in
524 2460 722 2531 quibus
744 2460 951 2519 fructus
976 2458 1202 2529 spiritus
1227 2454 1517 2511 habitaret.

296 2552 360 2609 Et
388 2554 773 2621 seminaverunt
798 2569 985 2626 agros,
1015 2559 1063 2607 et
1091 2550 1462 2624 plantaverunt
1496 2545 1668 2601 vineas
1694 2584 1711 2612 ,
1772 2551 1821 2599 et

228 2650 449 2720 fecerunt
478 2648 714 2721 [ructam
737 2644 1045 2707 nativitatis.
1098 2642 1178 2699 Ad
1206 2639 1483 2713 apes-talos
1541 2638 1639 2693 ista
1674 2634 1819 2692 rele-

227 2752 432 2807 runtur,
462 2741 556 2817 qui
586 2739 837 2817 iecerunt
882 2753 1072 2795 semen
1122 2736 1177 2792 in
1234 2734 1398 2793 corda
1454 2731 1819 2800 credentium,

227 2834 292 2891 de
329 2835 533 2906 quibus
580 2836 813 2899 fructum
861 2831 1182 2891 u-tcruitatis
1210 2829 1515 2902 accipiant,
1569 2827 1671 2881 ltoc
1716 2831 1817 2890 est,

225 2930 615 2998 centesimum,
644 2928 1083 3001 sexagesimum,
1144 2936 1197 2993 et
1246 2924 1584 2981 tricesimum
1636 2920 1820 2990 (illan.

227 3023 363 3097 XIII)-

299 3117 363 3171 Et
391 3116 789 3185 benedixite’s,
832 3126 877 3181 et
917 3114 1251 3188 multiplicati
1299 3123 1418 3173 sunt
1464 3111 1637 3167 nimis.
1685 3109 1819 3176 Quia

226 3226 340 3287 qua:
367 3217 537 3273 erant
560 3208 753 3281 placita
795 3210 871 3278 ei,
906 3208 1197 3273 faciebant.
1232 3207 1323 3264 Sie
1351 3215 1406 3261 et
1432 3205 1485 3265 in
1533 3218 1696 3259 manu
1727 3201 1822 3258 Joo

1922 1999 2107 2043 sensu.
2141 1983 2397 2039 Pamtum
2422 1997 2511 2035 cor
2528 1995 2699 2035 meum
2729 2020 2744 2047 ,
2794 1980 2848 2035 in
2876 1991 3043 2036 sensu
3076 1994 3089 2033 :
3140 1983 3377 2046 paratum
3428 1987 3517 2041 cor

1921 2097 2110 2144 meum,
2143 2078 2197 2133 in
2225 2091 2414 2146 Opere,
2450 2075 2553 2131 hoc
2580 2082 2665 2129 est
2683 2119 2697 2144 ,
2729 2074 2783 2128 iu
2811 2071 3076 2145 practice.
3114 2069 3380 2138 Quoniam
3404 2081 3514 2124 non

1920 2174 2097 2231 solum
2131 2170 2295 2228 corde
2320 2179 2375 2226 et
2400 2183 2567 2229 sensu
2587 2208 2600 2228 .
2626 2166 2721 2222 sed
2752 2166 2882 2221 etin
2907 2178 3079 2235 opere
3123 2172 3348 2234 paratus
3373 2174 3513 2215 sum.

1921 2267 2219 2337 Propterea
2246 2273 2303 2323 et
2341 2262 2583 2321 secundo
2629 2260 2794 2316 dico:
2846 2257 3076 2313 Cantabo
3114 2265 3163 2313 et
3214 2254 3437 2326 psallam
3465 2254 3520 2313 in

1882 2358 2089 2434 ‘gloria
2136 2374 2270 2413 mea.
2293 2355 2547 2422 Cantabo,
2577 2354 2679 2410 hoc
2710 2361 2820 2421 est,
2852 2352 2904 2407 in
2938 2349 3103 2406 corde
3134 2362 3279 2418 meo,
3314 2356 3361 2403 et
3382 2347 3521 2420 psal-

1922 2456 2047 2511 lam.
2069 2453 2221 2511 Sicut
2252 2452 2566 2523 psalterium
2593 2466 2660 2507 ex
2687 2448 2877 2507 multis
2904 2446 3125 2506 chordis
3153 2442 3516 2514 compositum

1922 2557 2047 2613 est,
2077 2554 2135 2603 et
2174 2547 2223 2605 si
2275 2561 2384 2601 una
2410 2543 2613 2600 chorda
2664 2542 2828 2599 fuerit
2878 2547 3036 2611 rupta
3066 2584 3081 2610 ,
3127 2535 3522 2597 exterminatur

1924 2644 2270 2717 psalterium,
2304 2643 2373 2700 ita
2405 2650 2457 2698 et
2494 2641 2546 2709 in
2579 2639 2790 2697 actibus
2813 2636 3040 2702 nostris.
3091 2635 3138 2690 si
3169 2649 3333 2690 unum
3363 2646 3521 2689 man-

1922 2738 2106 2805 datum
2134 2735 2509 2809 prtetergressi
2542 2733 2836 2799 fuerimus,
2898 2728 3218 2802 psalterium
3270 2734 3517 2782 nostrum

1925 2833 2215 2903 rumpitur.
2261 2831 2386 2887 Ideo
2437 2829 2577 2884 dixit
2608 2844 2623 2883 :
2672 2825 2905 2881 Cantabo
2941 2832 2987 2878 et
3018 2820 3242 2894 psallam
3267 2820 3321 2875 in
3348 2817 3516 2889 gloria

1924 2945 2059 2982 mea.
2096 2926 2149 2983 lu
2194 2925 2319 2981 aliis
2348 2923 2627 2980 codicibus
2667 2920 2903 2993 legitur,
2949 2917 3201 2991 ingloria
3256 2925 3365 2981 tua.
3408 2910 3520 2970 Sed

1926 3022 2120 3077 melius
2141 3029 2227 3077 est
2242 3018 2540 3075 secundum
2561 3012 2881 3071 llehraicum
2906 3011 3106 3083 legere,
3125 3009 3179 3064 in
3197 3006 3366 3079 gloria
3382 3021 3513 3063 mea.

1925 3116 2078 3186 Quod
2093 3114 2247 3183 dicit,
2270 3114 2371 3168 hoc
2386 3123 2469 3168 est
2489 3129 2504 3168 :
2523 3110 2755 3166 Cttntabo
2778 3117 2825 3164 et
2852 3107 3075 3180 psallam
3101 3105 3152 3159 in
3170 3102 3341 3175 gloria
3363 3116 3477 3156 mea
3496 3116 3515 3156 :

1930 3210 2065 3279 lloe,
2095 3207 2344 3279 Domine,
2370 3204 2512 3277 quod
2542 3204 2633 3259 tibi
2652 3199 3005 3274 psallo,quod
3038 3198 3131 3254 tibi
3161 3204 3358 3263 canto,
3410 3208 3520 3249 non

227 3307 355 3379 seph
379 3306 667 3369 benedixit
688 3306 869 3375 omnia
896 3304 1062 3381 Deus,
1095 3304 1219 3374 quia
1250 3318 1310 3359 se
1354 3317 1385 3359 a
1412 3302 1594 3372 pravis
1618 3299 1824 3370 cogita-
1852 3277 1897 3347 Ο
1931 3303 2024 3358 tibi
2047 3277 2275 3373 gratiam
2298 3277 2461 3365 iacio,
2484 3296 2577 3354 sed
2606 3295 2758 3351 mihi.
2781 3295 2836 3350 ln
2873 3294 2980 3347 alio
3007 3292 3152 3346 enim
3182 3288 3389 3360 psalmo
3438 3287 3521 3341 di-

228 3397 465 3454 tionibus
518 3406 576 3453 et
620 3396 1076 3468 concupiscentiis
1121 3394 1415 3452 custodivit
1468 3391 1621 3457 (Gen.
1650 3407 1736 3447 xu
1779 3398 1828 3444 et

226 3490 413 3567 seqq).
443 3488 518 3545 Et
531 3491 773 3564 jumenta
801 3505 976 3561 eorum
1008 3504 1110 3558 non
1150 3489 1442 3549 ntinoravit.
1479 3483 1830 3545 lrratiottabi-

227 3581 304 3638 les
328 3582 471 3639 inter
492 3597 591 3638 eos
620 3581 870 3649 homines
900 3597 1005 3639 non
1030 3589 1155 3637 sunt
1185 3580 1437 3645 tuiuotati
1472 3580 1525 3636 itt
1575 3577 1826 3642 inferius,

225 3674 318 3729 sed
351 3674 404 3730 in
429 3675 629 3740 melius
657 3674 913 3747 reparati.
948 3672 1117 3749 Igitur
1144 3672 1404 3743 explicita
1445 3670 1736 3727 vocatione
1767 3682 1830 3731 ac

227 3767 611 3839 redemptione
636 3767 900 3847 gentium,
929 3767 1073 3833 redit
1095 3766 1162 3823 ad
1193 3766 1572 3843 expulsiuncm
1612 3762 1827 3818 ludatu-

227 3874 344 3917 rum
364 3903 379 3928 ,
408 3861 608 3917 dicens
639 3878 655 3921 :

301 3955 473 4013 Pauci
493 3956 621 4029 {acti
641 3965 784 4014 sunt.
817 3956 892 4012 Eo
917 3955 1057 4031 quod
1087 3970 1194 4010 non
1227 3952 1461 4011 fuissent
1490 3951 1544 4008 in
1580 3951 1664 4006 his
1692 3948 1833 4006 mul-

227 4049 471 4123 tiplicata
507 4064 673 4125 opera
702 4050 821 4109 Dei.
854 4049 920 4104 Et
943 4050 1110 4106 vexati
1143 4060 1261 4104 sunt
1295 4065 1326 4107 a
1361 4046 1693 4102 tribulatione
1715 4061 1829 4100 ma-

227 4142 401 4200 lorum
425 4153 479 4201 et
510 4144 709 4200 dolore.
734 4143 869 4223 Quia
895 4144 1166 4203 insontem
1195 4143 1361 4213 iniqui
1387 4152 1513 4196 sunt
1536 4141 1831 4212 persecuti.

298 4237 506 4307 Effusa
533 4248 609 4303 est
637 4238 898 4307 contentio
917 4254 1071 4313 super
1095 4238 1357 4315 principes
1390 4252 1593 4301 eorum.
1644 4234 1714 4293 Ut
1742 4234 1834 4307 qui

226 4331 532 4397 Dominum
565 4339 1041 4404 contempserant,
1076 4331 1180 4411 ipsi
1238 4337 1733 4395 contemnerentur.
1767 4328 1835 4385 Et

226 4423 580 4497 seduxerunt
638 4438 735 4482 eos
776 4440 910 4491 vana
965 4425 1206 4495 ipsorum
1258 4424 1589 4495 simulacra,
1652 4423 1835 4495 utique

228 4534 353 4590 qua:
397 4517 728 4574 adorabunt.
785 4516 853 4571 Et
904 4518 1118 4573 deduxit
1156 4534 1242 4574 eos
1267 4518 1321 4572 in
1348 4519 1514 4584 invio,
1555 4524 1602 4571 et
1645 4534 1747 4575 non
1780 4517 1836 4587 in

227 4611 333 4667 uia.
359 4610 707 4669 Seducenles
744 4624 841 4666 eos
870 4627 900 4673 a
930 4612 1016 4666 via
1048 4608 1299 4683 Domini,
1344 4609 1695 4683 deduxerunt
1739 4623 1835 4665 eos

229 4705 285 4761 in
312 4705 475 4761 invio
500 4703 743 4760 Satanrc.
777 4703 1021 4775 Denique
1042 4745 1056 4771 ,
1082 4703 1327 4763 deduntis
1376 4673 1494 4767 islis
1544 4704 1596 4759 in
1648 4703 1792 4760 invio
1816 4744 1833 4771 ,
1867 4677 1916 4751 ί)
1943 4673 2179 4765 Edicta-3
2205 4704 2369 4767 homo
2395 4673 2488 4771 qui
2517 4673 2645 4761 facit
2665 4713 2806 4768 opus
2830 4673 2922 4752 De}
2951 4694 3291 4769 negligenter
3314 4688 3533 4764 (lenm,
3632 4714 3635 4717 ι
3676 4673 3694 4687 ⁶

230 4798 527 4855 videamus
549 4797 677 4879 quid
709 4796 898 4867 fecerit
922 4797 1059 4852 Deus
1093 4795 1237 4868 plebi
1269 4812 1400 4852 sua).

306 4891 379 4946 Et
402 4891 613 4967 adjuvit
636 4898 917 4967 pauperem
949 4890 1014 4944 de
1036 4891 1233 4969 inopia.
1267 4888 1531 4961 Populum
1576 4886 1842 4944 Christia-

229 5000 367 5051 num
396 4983 638 5055 dapibus
662 4984 883 5041 satiavit
905 4983 1149 5041 internis.
1188 4982 1252 5037 lit
1273 4983 1445 5056 posuit
1465 4986 1598 5045 sicut
1626 4998 1741 5041 oves
1762 4982 1843 5052 fa-

228 5080 439 5149 milias.
491 5078 565 5138 Ut
601 5081 884 5151 audientes
920 5096 1108 5137 vocem
1140 5080 1252 5136 veri
1291 5081 1560 5157 pastoris,
1609 5079 1716 5135 lide
1750 5094 1843 5139 se-

224 5181 570 5248 querentur.
939 5241 955 5256 .

314 5264 593 5321 Videbunt
617 5265 762 5337 recti,
795 5275 844 5322 et
868 5265 1203 5333 lwtabutttur.
1235 5265 1475 5335 Quorum
1528 5275 1655 5323 sunt
1707 5280 1849 5335 prte-

230 5358 531 5416 dicatione
573 5359 849 5415 conversi.
906 5356 978 5412 Et
1028 5359 1191 5415 omnis
1233 5359 1484 5431 iniquitas
1532 5357 1745 5433 apilabit
1791 5374 1848 5411 os

229 5470 419 5510 suum.
455 5452 746 5523 Diabolus,
774 5452 857 5508 vel
885 5452 1058 5509 Judaei
1083 5495 1099 5520 ,
1155 5451 1272 5508 sive
1325 5451 1565 5509 haeretici
1600 5469 1614 5508 :
1645 5452 1755 5527 qui
1792 5451 1845 5517 iu

230 5546 536 5611 excelsum
562 5544 899 5618 iniquitatem
933 5546 1083 5618 loqui
1113 5555 1596 5625 praesumpserant.

1929 3396 1999 3451 cit
2023 3414 2035 3449 :
2059 3394 2326 3465 Quoniam
2362 3393 2624 3455 bonorum
2654 3403 2898 3449 meorum
2924 3400 3028 3441 non
3054 3398 3181 3456 eges
3208 3380 3516 3451 (Psal.xv).

1930 3488 2083 3558 Quod
2108 3502 2241 3560 ergo
2263 3486 2423 3553 facio,
2449 3500 2547 3559 pro
2572 3498 2658 3550 inc
2680 3482 2841 3547 facio.
2866 3479 3019 3549 Quod
3042 3493 3173 3550 ergo
3197 3475 3376 3539 servio
3404 3473 3522 3540 tibi,

1929 3583 2099 3655 gloria
2114 3597 2229 3639 mea
2245 3589 2348 3636 est.
2367 3578 2683 3652 lcjunatnus
2706 3594 2720 3631 :
2740 3573 3000 3643 numquid
3016 3570 3217 3649 aliquid
3235 3568 3523 3629 Deodona-

1933 3674 2089 3731 mus?
2121 3674 2223 3739 l’ro
2252 3672 2488 3743 peccatis
2531 3669 2736 3731 nostris
2762 3667 2863 3727 hoc
2899 3666 3147 3727 iacimus.
3193 3662 3443 3719 Jacemus
3470 3662 3525 3716 in

1929 3783 2113 3826 sacco.
2145 3768 2283 3837 Quid
2318 3782 2382 3823 ex
2416 3764 2521 3821 hoc
2572 3772 2893 3835 prtrslamus
2945 3760 3206 3821 Domino?
3255 3757 3367 3821 lloe
3403 3763 3528 3811 tan-

1931 3870 2045 3917 tum
2077 3860 2150 3914 illi
2200 3870 2553 3935 praestamus,
2589 3865 2649 3915 ut
2687 3856 2970 3911 salvemus
3016 3852 3229 3913 animus
3289 3856 3523 3909 nostras.

1932 3953 2054 4023 Ipse
2086 3955 2232 4009 enim
2260 3952 2363 4007 hoc
2391 3949 2700 4007 desiderat.
2737 3947 2889 4005 Sicut
2910 3947 3087 4003 honus
3128 3953 3182 3999 et
3214 3940 3528 4003 misericors

1935 4049 2181 4107 medicus
2212 4063 2227 4103 :
2256 4047 2302 4111 si
2333 4045 2571 4116 aliquem
2605 4041 2923 4108 sanaverit,
2965 4037 3169 4111 gaudet
3206 4034 3424 4113 quidem
3471 4043 3529 4092 et

1935 4143 2052 4217 ipse
2100 4150 2155 4197 et
2198 4140 2288 4205 ille
2332 4139 2425 4219 qui
2460 4147 2687 4205 sanatus
2729 4144 2860 4192 est:
2907 4134 2980 4190 ita
3021 4140 3079 4189 et
3125 4129 3386 4191 Dominus
3429 4144 3531 4193 ne—

1932 4246 2072 4301 ster.
3520 4220 3529 4223 Α

2014 4329 2270 4401 Exsurge,
2293 4327 2595 4401 psalterium
2624 4333 2672 4380 et
2703 4322 2922 4381 cithara.
2968 4320 3014 4383 0
3036 4317 3373 4393 psalterium,
3394 4330 3427 4370 o
3454 4314 3531 4372 ci-

1942 4427 2114 4495 thara,
2137 4423 2277 4491 facta
2307 4437 2368 4479 es
2387 4430 2444 4490 et
2463 4430 2645 4487 creata
2677 4433 2758 4495 es,
2790 4426 2850 4483 ut
2877 4416 3076 4488 psallas
3100 4413 3211 4479 Deo
3238 4429 3255 4468 :
3298 4422 3533 4481 exsurge

1940 4529 1993 4573 et
2018 4517 2210 4591 psalle.
2232 4529 2406 4591 quare
2430 4513 2622 4588 iaces?
2639 4510 2685 4571 0
2708 4508 2996 4573 monacbe,
3016 4506 3110 4578 qui
3138 4514 3251 4573 stas
3279 4516 3530 4571 corpore,

1943 4628 2115 4686 quare
2137 4612 2286 4683 jacet
2314 4609 2494 4675 anima
2523 4614 2641 4679 tua,
2672 4613 2730 4663 et
2757 4619 2864 4667 non
2899 4601 3097 4675 psallis
3123 4595 3398 4657 Domino?
3426 4594 3536 4655 Ma-

1948 4796 2159 4869 XLVIII).
2189 4796 2245 4861 Si
2272 4790 2591 4865 psalterium
2615 4805 2707 4859 es,
2731 4789 2775 4846 si
2798 4788 3009 4845 cithara
3034 4801 3120 4854 es,
3142 4798 3313 4857 quare
3340 4778 3536 4841 surdus

1947 4906 2030 4957 es,
2057 4898 2113 4944 et
2143 4903 2249 4943 non
2271 4885 2545 4957 gloriﬁcas
2571 4884 2741 4947 Deum
2759 4881 2783 4936 ?
2804 4879 3097 4952 Exsurgam
3121 4872 3369 4933 diluculo.
3393 4872 3537 4939 Deus

1949 4984 2002 5040 in
2033 4979 2273 5037 tenebris
2318 4977 2570 5053 benedici
2597 4983 2653 5030 et
2686 4974 2895 5030 laudari
2947 4987 3053 5038 non
3084 4976 3263 5042 potest
3292 4982 3308 5027 :
3362 4962 3457 5021 sed
3485 4964 3540 5019 in

1948 5077 2072 5131 luce
2102 5070 2464 5129 benedicitur.
2502 5070 2634 5129 llem
2664 5068 2786 5124 dico
2818 5067 3009 5122 miram
3037 5083 3048 5119 :
3077 5061 3207 5123 Etsi
3236 5067 3397 5115 nocte
3417 5072 3542 5112 sur-

1956 5173 2155 5253 gimus,
2181 5170 2349 5227 Deum
2376 5169 2430 5237 in
2460 5166 2581 5233 luce
2609 5164 3005 5223 benedicimus.
3050 5158 3355 5229 Numquam
3385 5152 3543 5219 Chri-

1952 5248 2136 5322 stiano
2160 5279 2266 5321 nox
2289 5270 2374 5318 est
2411 5278 2424 5317 :
2457 5275 2675 5330 semper
2701 5258 3014 5315 Christiano
3047 5252 3133 5309 sol
3158 5248 3387 5321 iustitia:
3436 5248 3547 5307 ori-

1957 5367 2066 5413 tur.
2118 5357 2183 5423 Et
2238 5355 2356 5410 hn-c
2394 5353 2618 5424 quidem
2669 5348 2973 5412 secundum
3014 5345 3238 5404 Iudaeos
3290 5343 3543 5403 dicimus.

1954 5453 2232 5509 Cmterntn
2264 5449 2570 5509 secundum
2601 5445 2851 5509 altiorem
2882 5454 3129 5511 sensum,
3166 5436 3432 5497 Dominus
3460 5443 3544 5505 est

1951 5545 2049 5618 qui
2075 5524 2222 5611 canit
2253 5560 2266 5597 :
2299 5541 2554 5607 Paratum
2583 5554 2671 5593 cor
2710 5552 2880 5592 meum
2908 5576 2923 5600 ,
2980 5532 3144 5602 Deus,
3184 5540 3427 5609 paratum
3455 5544 3545 5596 cor

309 5639 456 5707 Quis
478 5641 684 5709 sapiens
713 5650 759 5703 et
787 5640 1041 5695 custodiet
1064 5628 1154 5709 ea,
1183 5650 1231 5694 et
1258 5649 1380 5695 tunc
1412 5639 1664 5711 intelliget
1702 5641 1853 5697 mise-
1955 5655 2145 5701 meum.
2189 5637 2419 5705 Paratus
2472 5649 2589 5688 sum
2627 5631 2714 5686 hic
2749 5649 2761 5686 :
2814 5639 3035 5701 paratus
3078 5644 3196 5685 sum
3237 5627 3290 5697 in
3344 5629 3546 5683 laturo.

223 5724 511 5787 ricordias
535 5721 792 5783 Domini?
822 5725 881 5787 Si
927 5726 1072 5782 enim
1120 5726 1397 5817 sapienter
1444 5727 1764 5799 consideres
1793 5735 1848 5783 et

1955 5732 2121 5805 Salvo
2146 5739 2202 5789 et
2231 5729 2285 5796 in
2310 5728 2472 5801 terris
2500 5744 2516 5788 :
2556 5725 2706 5783 salvo
2728 5733 2785 5782 et
2812 5725 2862 5779 in
2891 5723 3066 5795 caelis,
3099 5722 3202 5783 hoc
3233 5730 3343 5795 est,
3368 5730 3424 5779 et
3445 5735 3543 5777 an—

300 5925 329 5953 ι
357 5907 510 5969 Vide
535 5924 654 5984 quae
675 5908 776 5967 sub
806 5907 1020 5984 initium
1054 5909 1214 5985 epist.
1243 5911 1296 5968 in
1321 5923 1504 5969 nostra
1531 5911 1849 5971 recensione
1870 5910 1965 5984 50,
1986 5910 2053 5967 ad
2074 5907 2750 5985 Paulam,_observamus,
2781 5912 2930 5965 ηομ
2946 5942 2963 5973 ,
2992 5899 3099 5961 col.
3129 5901 3257 5963 441.
3280 5901 3304 5979 ἦ
