4008 6336
423 348 557 410 ΗΜ

1200 351 1544 410 APPENDIX
1585 351 1675 410 AD
1714 349 1957 408 'I'OMUM
1993 348 2352 409 SEPTIMUM
2393 351 2453 409 S.
2498 353 2895 411 IIIERONYMI.

3578 344 3719 404 IIS-2

422 471 576 543 gelos
597 470 746 527 salvo
771 468 1112 526 etboutines.
1135 467 1708 541 Exsurge,psalterium
1725 465 1771 521 et
1793 463 2014 520 cithara.
2045 466 2098 526 Α
2130 461 2272 519 Deus
2301 465 2502 521 locutus
2534 478 2606 522 est
2654 469 2708 521 in
2734 476 2910 522 sancto
2941 482 3055 522 suo.
3111 465 3242 522 Sive
3271 465 3324 522 in
3352 464 3580 534 templo,
3607 462 3725 516 sive

427 563 692 635 Loquitur
745 562 1005 618 Dominus
1049 576 1148 618 suo
1199 562 1418 632 corpori
1453 579 1466 616 :
1517 559 1832 615 Psalterium
1870 567 1916 612 et
1947 558 2021 612 ci-

428 655 601 724 thara,
636 654 726 723 qui
755 653 1090 710 descendisti
1121 655 1174 709 in
1210 653 1488 710 infernum
1523 664 1575 709 et
1607 651 1828 724 jacuisti
1852 694 1867 716 ,
1922 667 2019 706 ex-

429 761 593 820 surge
623 756 680 803 et
700 747 857 803 lauda
894 749 1208 805 Dominum.
1246 749 1311 804 Et
1337 750 1487 805 vides
1511 748 1644 819 quid
1691 747 1826 802 dicit
1855 765 1868 801 :
1902 745 2019 801 Non

429 841 658 913 ipsequi
683 853 864 897 movet
898 841 1164 898 citharam
1199 853 1252 897 et
1284 842 1597 913 psalterium
1648 840 1876 906 laudat;
1922 838 2018 895 sed

429 934 546 1004 ipsa
573 936 782 992 cithara
810 946 866 993 ct
887 937 1206 1008 psalterium
1229 979 1242 1003 ,
1268 937 1388 1007 ipsa
1419 935 1750 992 benedicunt
1775 934 2019 988 Patrem.

432 1029 527 1086 Ille
555 1032 705 1086 enim
739 1031 882 1086 Deus
905 1040 1008 1098 est,
1042 1040 1099 1087 et
1131 1031 1198 1086 ab
1227 1030 1351 1086 aliis
1381 1030 1726 1087 benedicitur
1755 1038 1808 1084 et
1833 1028 2022 1084 lauda-

431 1132 540 1179 tur.
570 1123 783 1192 Corpus
809 1133 988 1180 autem
1021 1124 1140 1195 ejus
1166 1133 1221 1179 et
1249 1124 1410 1180 homo
1433 1139 1593 1194 quem
1624 1121 1884 1192 suscepit,
1908 1121 2025 1191 ipse

433 1217 618 1273 laudat
665 1218 975 1274 Dominum.
1007 1217 1080 1273 Ut
1124 1226 1304 1274 autem
1353 1216 1538 1272 sciatis
1586 1216 1844 1286 quoniam
1903 1230 2027 1284 pro—

440 1313 600 1382 pheta
623 1328 688 1369 ex
719 1328 950 1384 persona
968 1314 1178 1368 Domini
1207 1313 1468 1384 loquitur,
1497 1321 1680 1368 etnon
1703 1325 1768 1366 ex
1798 1316 2026 1364 memet-

434 1408 551 1478 ipso
582 1406 687 1462 hoc
713 1409 932 1477 loquor,
958 1407 1140 1462 videte
1165 1406 1290 1476 quid
1325 1408 1593 1474 sequitur.

508 1499 802 1571 Conﬁtebor
824 1500 910 1555 tibi
939 1501 993 1555 in
1020 1499 1251 1572 papulis,
1279 1499 1519 1554 Domine.
1564 1497 1801 1569 Populos
1843 1505 2022 1552 autem

438 1596 683 1668 lntellige
714 1596 957 1653 Judmos.
1000 1595 1069 1651 Et
1106 1596 1331 1666 psallunt
1359 1595 1452 1650 tibi
1492 1596 1546 1650 in
1591 1594 1908 1650 nationibus.
1952 1591 2027 1648 De

435 1696 595 1752 nobis
629 1696 781 1752 dicit.
826 1695 1044 1751 Judacos
1081 1694 1230 1750 enim
1286 1693 1406 1748 illos
1437 1693 1588 1760 dicit,
1621 1691 1714 1764 qui
1767 1690 1928 1762 primi
1960 1705 2027 1745 ex

435 1787 642 1846 Judaeis
677 1788 1046 1845 crediderunt.
1095 1788 1165 1843 Et
1205 1786 1382 1844 videte
1433 1786 1680 1842 ordinem
1717 1803 1730 1837 :
1783 1784 2024 1839 Primum

2123 556 2175 612 in
2202 573 2534 632 unoquoque
2557 569 2897 628 sanctorum,
2931 558 3049 614 sive
3079 560 3132 614 in
3166 555 3454 630 propheta.
3484 553 3725 610 Auditur

2125 650 2176 705 iu
2223 651 2432 725 Moyse,
2491 653 2714 709 auditur
2744 654 2797 710 in
2851 653 3138 724 apostolo;
3198 662 3254 708 et
3310 651 3499 708 verius
3555 648 3721 704 dico:

2125 743 2365 800 Locutus
2415 756 2498 802 est
2544 748 2597 802 in
2653 747 2797 802 Filio
2847 764 2968 804 suo.
3001 747 3143 816 Quid
3187 762 3318 820 ergo
3367 748 3580 804 locutus
3635 754 3728 803 est

2129 837 2312 893 Deus?
2345 839 2471 895 I-Izec
2509 856 2630 912 quae
2671 850 2996 912 sequuntur.

2200 934 2492 991 Exaltabor
2518 947 2564 992 et
2593 937 2822 992 dividant
2853 938 3125 993 Sicimam.
3155 937 3472 1007 Propterea,
3522 938 3724 1009 inquit,

2127 1032 2444 1103 cruciligor,
2474 1040 2532 1087 ut
2581 1032 2820 1088 dividam
2869 1033 3152 1089 Sicimam.
3204 1032 3404 1088 Sicima
3446 1033 3730 1102 interpre—

2131 1133 2274 1178 tatur
2327 1124 2380 1178 in
2430 1135 2613 1179 nostra
2648 1126 2851 1196 lingua,
2900 1124 3125 1179 Immeri.
3161 1124 3385 1180 I-Iumeri
3424 1133 3609 1180 autem
3640 1124 3732 1179 in-

2132 1224 2514 1286 terpretautur,
2551 1234 2729 1289 opera.
2757 1217 2963 1273 Sensus
2989 1234 3117 1290 ergo
3159 1218 3258 1273 iste
3285 1225 3374 1273 est
3406 1235 3420 1273 :
3454 1217 3730 1288 PrOpter-

2129 1323 2191 1364 ea
2235 1308 2549 1381 crocitigor,
2593 1320 2648 1364 ut
2683 1325 2850 1380 opera
2881 1325 3002 1366 mea
3049 1311 3282 1366 dividam
3323 1311 3530 1367 sanctis
3561 1312 3728 1366 meis.

2131 1403 2422 1476 Propterea
2457 1407 2767 1477 cruciﬁgor,
2793 1418 2846 1461 ut
2871 1407 3058 1478 jugum
3086 1422 3265 1463 meum
3289 1422 3476 1472 suave,
3508 1417 3558 1462 et
3582 1421 3732 1462 onus

2133 1514 2313 1553 meum
2347 1498 2463 1554 leve
2502 1498 2777 1570 imponam
2810 1516 2976 1571 super
3001 1502 3252 1558 cervices
3281 1502 3589 1556 hominum.
3623 1500 3736 1556 Fe-

2133 1590 2253 1645 cisti
2278 1633 2292 1657 ,
2341 1591 2595 1662 Domine,
2639 1594 2783 1665 quod
2837 1595 3116 1665 pollicitus
3152 1610 3231 1650 es.
3266 1597 3548 1652 Exaltatus
3581 1610 3642 1650 es
3670 1603 3735 1651 et

2131 1684 2364 1741 divisisti
2405 1687 2686 1742 Sicimam.
2722 1687 2787 1741 Et
2819 1687 3103 1743 convallem
3153 1689 3604 1744 tabernaculorum
3635 1690 3730 1743 di-

2134 1780 2339 1835 metiar.
2365 1779 2507 1836 Vere
2555 1781 2816 1837 Dominus
2864 1793 2919 1837 et
2948 1782 3205 1838 Salvator
3248 1791 3434 1838 noster
3483 1783 3538 1838 in
3587 1784 3738 1840 hanc

421 1883 623 1940 ‘laudat
643 1884 813 1940 Deum
846 1885 900 1939 in
934 1884 1168 1955 p0pu|is,
1198 1890 1254 1940 et
1286 1893 1473 1954 postea
1504 1881 1689 1937 laudat
1737 1881 2027 1936 Dominum
2063 1880 2106 1938 Β
2136 1875 2438 1931 convallem
2461 1875 2843 1947 lacryniarum,
2868 1877 2926 1955 in
2959 1876 3134 1931 locum
3162 1876 3487 1932 humilitatis
3519 1887 3732 1933 nostra:

436 1978 491 2033 in
517 1978 851 2033 nationibus.
885 1978 1126 2045 Primum
1159 1979 1304 2033 enim
1335 1991 1403 2032 ex
1423 1975 1631 2032 Judtnis
1653 1974 2028 2040 crediderunt,

439 2081 496 2130 et
520 2083 704 2143 postea
729 2072 1087 2128 crediderunt
1117 2087 1182 2127 ex
1214 2070 1489 2142 gentibus.

516 2164 652 2232 Quia
678 2182 866 2238 magna
895 2175 971 2219 est
1003 2164 1360 2219 misericordia
1406 2174 1495 2218 tua
1521 2180 1672 2236 super
1707 2164 1878 2218 caelos.
1914 2161 2030 2218 Non

438 2266 524 2314 est
549 2267 796 2315 creatura
816 2274 935 2330 quae
960 2274 1065 2313 non
1098 2257 1340 2329 indigeat
1360 2257 1734 2318 misericordia
1759 2257 1876 2312 Dei.
1901 2255 2034 2312 Uni-

441 2353 581 2408 versi
608 2351 980 2407 misericordia
1021 2352 1116 2426 Dei
1147 2351 1472 2424 indigemus.
1505 2351 1750 2416 Gabriel,
1779 2348 2030 2418 Michael,

441 2449 732 2521 Seraphim
761 2493 776 2514 ,
824 2451 1154 2520 Cherubim,
1212 2453 1514 2507 l’otestates
1545 2491 1560 2516 ,
1623 2449 2034 2506 Dominationes

442 2553 570 2597 sunt
624 2543 843 2614 quidem
903 2553 1141 2612 sauclte,
1206 2545 1301 2600 sed
1354 2545 1598 2616 indigent
1657 2542 2033 2600 misericordia

440 2636 704 2692 creatoris
727 2638 831 2693 sui.
863 2637 978 2694 Non
1021 2638 1255 2695 detraho
1293 2641 1497 2711 angelis
1521 2682 1536 2707 ,
1589 2639 1683 2695 sed
1730 2647 2033 2694 creatorem

443 2730 704 2801 praedico,
733 2731 999 2802 siquidem
1032 2732 1133 2802 ipsi
1165 2734 1345 2804 angeli
1390 2734 1623 2788 libenter
1645 2732 1871 2788 audiunt
1898 2747 2036 2802 pra:-

443 2822 614 2879 dieari
636 2839 823 2880 eorum
857 2837 1187 2881 creatorem.
1223 2829 1288 2884 lit
1314 2827 1475 2882 aliter
1493 2842 1792 2898 possumus
1823 2825 2032 2892 dicere,

443 2917 712 2987 Quoniam
753 2921 1127 2979 misericordia
1167 2932 1253 2979 tua
1294 2925 1364 2979 de
1389 2933 1533 2978 terra
1566 2923 1712 2978 levat
1741 2922 1807 2978 ad
1839 2921 2032 2977 caelos.

447 3010 514 3066 Et
539 3031 698 3087 usque
722 3015 790 3070 ad
833 3017 990 3071 nubes
1017 3019 1204 3073 veritas
1257 3025 1365 3072 tua.
1400 3017 1500 3074 Ubi
1531 3025 1658 3072 sunt
1685 3014 1887 3083 JUdi'L'I,
1947 3011 2036 3068 ubi

444 3119 572 3162 Sunt
619 3109 827 3164 similes
879 3111 1228 3176 Judaeorum,
1289 3113 1380 3183 qui
1438 3111 1735 3168 secundum
1795 3112 2034 3167 litteram

442 3210 657 3258 tantum
689 3214 816 3259 sunt
848 3204 1257 3274 inlelligentes?
1292 3205 1577 3273 Quomodo
1611 3219 1779 3276 usque
1833 3203 1900 3258 ad
1932 3220 2034 3258 nu-

2134 1969 2484 2037 subintravit,
2539 1969 2644 2024 hoc
2689 1980 2796 2036 e5t,
2851 1954 2904 2024 in
2952 1968 3116 2024 istum
3169 1967 3476 2024 mundum:
3517 1970 3568 2024 in
3594 1985 3735 2040 quo,

2133 2065 2479 2134 quantumvis
2521 2063 2696 2134 quivis
2727 2074 2952 2120 sanctus
2977 2062 3159 2131 luerit,
3187 2063 3416 2119 necdum
3445 2063 3740 2134 cognoscit

2134 2157 2432 2214 secundum
2489 2159 2637 2230 quod
2693 2166 2915 2227 Oportet
2993 2172 3178 2214 nosse.
3230 2158 3306 2214 Es
3369 2169 3520 2228 parte
3576 2160 3733 2215 enim

2135 2257 2534 2324 cognoscimus.
2569 2266 2624 2310 et
2654 2271 2717 2311 ex
2745 2265 2898 2326 parte
2939 2256 3329 2326 prophetamus
3365 2256 3423 2331 (I
3452 2257 3553 2313 Cor
3581 2259 3736 2332 χιιι).

2209 2348 2360 2404 Meus
2409 2360 2482 2405 est
2529 2348 2755 2418 Gulaad,
2801 2361 2849 2406 et
2903 2367 3044 2405 meus
3080 2361 3152 2404 est
3184 2349 3472 2407 Manasscs.
3513 2351 3741 2408 Gaudet

2137 2443 2399 2500 Dominus
2424 2452 2612 2500 n‘ostcr
2641 2457 2807 2517 atque
2848 2445 3122 2512 Salvator,
3169 2444 3378 2502 habens
3425 2445 3609 2517 plures
3649 2446 3741 2501 di-

2137 2538 2319 2593 vitias.
2365 2539 2571 2594 Galaad
2605 2540 3021 2608 interpretatur,
3053 2541 3462 2613 transmigratio.
3517 2539 3742 2596 Gaudet

2137 2649 2268 2704 ergo
2302 2634 2519 2704 quando
2551 2636 2786 2705 populus
2823 2651 2888 2691 ex
2917 2636 3173 2707 gentibus
3220 2637 3473 2708 migravit
3501 2637 3743 2692 etvenit

2137 2725 2203 2780 ad
2229 2742 2376 2782 eum.
2413 2727 2690 2784 Manasses
2745 2729 3158 2797 interpretatur,
3200 2747 3264 2784 ea:
3307 2730 3582 2785 oblivione.
3642 2731 3742 2786 Vi-

2137 2820 2263 2877 dete
2290 2822 2454 2892 igitur
2503 2824 2631 2892 quid
2683 2824 2852 2880 dicit:
2886 2824 3060 2882 Filius
3108 2826 3200 2882 ille
3228 2827 3320 2898 qui
3353 2827 3566 2897 accepit
3608 2825 3743 2880 sub-

2138 2921 2416 2986 stantiam,
2451 2929 2506 2976 et
2535 2922 2774 2977 comedit
2804 2937 2951 2988 eam,
2973 2932 3028 2978 et
3055 2923 3258 2978 oblitus
3279 2923 3390 2978 mei
3422 2931 3562 2988 erat,
3594 2937 3744 2978 nunc

2143 3027 2478 3071 memoratus
2516 3028 2602 3073 est
2633 3018 2737 3072 mei
2768 3017 2936 3090 (Luc.
2969 3017 3086 3089 xv).
3115 3019 3179 3074 Et
3207 3018 3407 3074 dicitur
3431 3018 3742 3083 Manasscs,

2140 3107 2244 3164 hoc
2275 3121 2382 3176 est,
2413 3127 2476 3164 cx
2506 3111 2762 3165 oblivione
2789 3127 2806 3164 :
2834 3111 2960 3182 quia
2986 3126 3090 3166 non
3123 3120 3210 3168 est
3238 3112 3463 3177 oblitus,
3520 3111 3617 3167 sed
3651 3127 3750 3167 re-

2143 3204 2342 3258 meavit
2373 3204 2438 3258 ad
2471 3219 2630 3259 suum
2678 3213 2911 3275 patrem.
2967 3203 3036 3258 Et
3063 3203 3322 3277 Ephraim
3365 3208 3622 3274 susceptio
3651 3222 3748 3260 ca-

447 3294 541 3352 bes
557 3307 638 3352 est
668 3300 875 3353 veritas
908 3297 1040 3353 Déi?
1069 3299 1236 3354 Filius
1258 3301 1352 3355 Dei
1393 3300 1524 3355 dicit
1557 3318 1569 3353 :
1605 3300 1718 3371 Ego
1774 3314 1892 3354 sum
1926 3299 2035 3366 via,
2067 3275 2111 3339 C
2143 3298 2262 3369 pilis
2287 3297 2406 3352 ntei.
2442 3298 2701 3369 Ephraim
2728 3275 3143 3368 interpretatur,
3172 3300 3430 3370 fructifcr.
3461 3299 3743 3373 Ephraim,

446 3387 647 3444 veritas
684 3401 735 3445 et
769 3390 882 3445 vita
923 3390 1106 3465 (Joan.
1139 3393 1278 3462 xxv),
1311 3403 1364 3448 et
1403 3392 1691 3450 descendit
1745 3394 1799 3448 in
1854 3393 2035 3459 terris,

446 3491 502 3537 et
531 3497 653 3538 cum
685 3483 995 3541 hominibus
1027 3497 1387 3541 converSatus
1431 3497 1515 3542 est
1552 3486 1806 3558 (Baruch.
1833 3487 1938 3558 ιιι).
1976 3487 2042 3541 Et

448 3577 742 3646 quomodo,
773 3595 934 3650 usque
958 3580 1026 3634 ad
1065 3581 1220 3635 nubes
1249 3581 1434 3636 veritas
1459 3583 1590 3636 tua?
1615 3581 1932 3636 Manifestus
1957 3590 2041 3636 est

449 3683 665 3734 sensus,
699 3671 840 3742 quod
871 3673 939 3728 de
969 3675 1230 3744 apostolis
1254 3675 1492 3746 loquitur
1522 3685 1575 3732 et
1621 3676 1689 3732 de
1719 3676 1946 3742 sanctis,
1982 3684 2042 3730 ut

451 3763 680 3821 imbrem
717 3783 873 3821 suum
906 3783 1012 3822 non
1055 3768 1244 3838 pluant
1274 3784 1442 3840 super
1470 3768 1721 3834 Iudaeos,
1755 3768 1848 3824 sed
1878 3783 2041 3837 super

448 3868 659 3931 gentes,
697 3862 1124 3930 sicutscriptum
1156 3871 1274 3917 est:
1308 3861 1578 3918 Mandabo
1613 3863 1846 3918 nubibus
1880 3865 2037 3929 meis,

451 3971 520 4010 ne
552 3956 737 4025 pluant
765 3972 928 4026 super
953 3956 1120 4012 Israel
1147 3956 1374 4012 imbrem
1401 3955 1538 4029 (Isai
1567 3955 1647 4027 v).
1677 3955 1733 4009 In
1762 3955 1881 4011 istis
1910 3969 2043 4025 ergo

453 4046 689 4103 nubibus
715 4049 919 4104 veritas
954 4049 1046 4104 Dei
1078 4060 1183 4106 est.
1229 4047 1284 4105 Si
1309 4059 1489 4105 autem
1530 4051 1582 4102 in
1635 4049 1754 4104 istis
1811 4048 2044 4103 nubibus

449 4141 653 4196 veritas
685 4141 780 4198 Dei
809 4153 914 4212 est,
947 4143 1226 4214 quomodo
1249 4143 1540 4200 Montanus
1562 4143 1732 4210 dicit,
1783 4153 1838 4199 et
1889 4143 2046 4197 Cata-

450 4234 671 4306 phrygte
707 4234 896 4290 dicunt
941 4255 951 4289 :
993 4236 1142 4307 quod
1185 4253 1294 4292 non
1341 4248 1427 4293 est
1474 4236 1775 4293 revelatum
1825 4247 2047 4307 aposto-

449 4327 537 4394 lis,
567 4328 732 4400 nobis,
748 4329 1048 4385 revelatum
1073 4341 1181 4386 est.

524 4421 775 4478 Exaltare
803 4441 958 4491 super
988 4427 1161 4488 calas,
1187 4425 1350 4481 Deus.
1406 4426 1551 4482 Deus
1584 4440 1691 4482 non
1744 4426 2042 4494 cxaltatur,

446 4514 551 4570 nisi
596 4530 763 4585 super
811 4517 980 4572 caelos
1030 4536 1043 4572 :
1106 4534 1212 4574 non
1263 4519 1543 4575 exaltatur
1597 4534 1768 4588 super
1819 4529 2040 4574 terram.

449 4607 677 4676 Quando
709 4611 912 4664 terreni
962 4626 1173 4678 sumus,
1233 4626 1340 4668 non
1392 4613 1696 4668 exaltamus
1745 4613 1933 4666 Deum.
1985 4611 2040 4667 Si

447 4710 627 4757 autem
688 4702 757 4758 de
807 4707 1042 4760 terrenis
1094 4706 1218 4761 l'acti
1274 4707 1536 4764 fuerimus
1593 4707 1872 4776 ctelestes,
1909 4717 2041 4764 tunc

450 4796 756 4853 exaltamus
791 4798 980 4866 Deum,
1010 4813 1063 4854 et
1099 4801 1362 4858 Dominus
1394 4811 1580 4858 noster
1601 4803 1817 4874 quando
1839 4814 1957 4858 erat
1989 4804 2041 4858 in

451 4897 621 4955 terra,
656 4906 761 4946 non
794 4906 895 4948 nos
925 4893 1204 4950 exultavit.
1258 4895 1414 4951 Dicat
1460 4895 1654 4967 aliquis
1681 4913 1694 4950 :
1727 4896 2044 4954 Temerarie

451 4983 713 5055 loqueris.
745 4984 1024 5055 Siquidem
1055 4989 1170 5063 ipse
1199 4988 1329 5044 dicit
1361 4990 1410 5043 in
1443 4991 1736 5061 Evangelio
1763 5011 1773 5045 :
1809 4991 2042 5058 Quando

451 5079 720 5133 exaltatus
762 5080 936 5148 lucro,
968 5082 1147 5137 omnia
1177 5082 1388 5138 traham
1440 5084 1507 5139 ad
1562 5101 1646 5140 mc
1675 5085 1871 5154 (Joan.
1903 5088 2036 5159 xu).

452 5169 592 5226 Vide
629 5173 756 5243 quid
787 5174 928 5229 dicat
961 5175 1228 5244 :Quando
1258 5178 1525 5233 exaltatus
1583 5179 1738 5235 luero
1781 5180 1832 5234 in
1874 5181 2040 5248 caelo,

452 5271 582 5319 tunc
609 5265 795 5320 omnia
826 5268 1034 5322 traham
1066 5269 1135 5324 ad
1187 5285 1296 5324 me.
1344 5269 1506 5327 Prius
1547 5272 1764 5342 quidem
1808 5282 1892 5328 est
1938 5277 2044 5330 iste

448 5370 661 5422 sensus,
695 5359 789 5414 sed
823 5375 923 5430 ego
966 5361 1114 5417 aliud
1161 5352 1426 5436 intelligo.
1478 5365 1706 5433 Quando
1759 5368 2036 5423 exaltatus

437 5447 626 5517 fulcro,
659 5452 876 5519 quando
914 5455 1208 5510 crucifixus
1232 5459 1408 5526 l'uero,
1445 5470 1570 5513 tunc
1592 5474 1783 5514 omnes
1828 5459 2041 5516 traham

445 5542 512 5597 ad
545 5558 650 5599 me.
687 5541 754 5600 Ut
775 5544 1054 5602 liberentur
1074 5549 1249 5604 dilecti
1277 5552 1371 5606 tui.
1403 5552 1447 5606 Ο
1473 5552 1609 5607 mira
1637 5553 1996 5624 intelligentia
2024 5556 2040 5610 !

446 5637 745 5708 Pmpterea
793 5641 1125 5713 cruciligitur
1176 5645 1465 5712 Dominus,
1512 5657 1565 5702 et
1630 5647 1927 5713 exaltatur,
1989 5657 2046 5703 ut

447 5731 748 5788 liberentur
773 5733 960 5789 dilecti
991 5735 1132 5804 ejus.
1169 5736 1237 5791 Ut
1264 5738 1563 5806 liberentur,
1616 5740 1810 5810 inquit,
1867 5741 2047 5796 dilecti

450 5828 544 5880 tui.
578 5825 827 5881 Eacltare
854 5843 1010 5896 super
1034 5828 1206 5897 ctelos,
1240 5830 1398 5885 Deus.
1425 5832 1647 5887 Factum
1673 5843 1758 5888 est
1785 5833 1927 5905 quod
1957 5849 2046 5903 pe-

456 5917 692 5972 tit-imus.
725 5917 820 5976 llle
868 5918 1142 5976 exaltatus
1174 5931 1278 5992 est,
1312 5933 1363 5977 et
1425 5939 1522 5979 nos
1568 5926 1781 5983 liberati
1837 5934 2044 5984 suinus.

2152 3389 2348 3461 inquit,
2401 3393 2658 3462 susceptio
2713 3394 2899 3466 capitis
2940 3394 3058 3448 mei.
3090 3393 3507 3463 Susceplionem
3559 3393 3750 3464 posuit

2149 3498 2293 3539 nunc
2322 3499 2421 3554 pro
2444 3499 2672 3540 corona.
2703 3485 2858 3555 Quod
2882 3485 3030 3540 enim
3061 3486 3113 3540 in
3143 3484 3324 3555 capite
3376 3484 3617 3554 ponitur,
3648 3501 3753 3540 co-

2148 3593 2278 3632 rona
2304 3589 2409 3646 est,
2439 3589 2494 3634 et
2546 3580 2599 3634 in
2647 3579 2952 3648 Scripturis
2975 3579 3208 3635 diversis
3239 3579 3553 3634 nominibus
3581 3593 3750 3633 voca-

2145 3683 2253 3729 tur.
2287 3674 2342 3729 In
2372 3673 2480 3730 alio
2506 3675 2630 3731 loco
2664 3674 2860 3729 habet:
2889 3674 3053 3731 Scuto
3082 3672 3438 3730 circumdabit
3467 3682 3518 3728 te
3540 3675 3751 3729 veritas

2149 3768 2269 3838 ejus
2300 3767 2431 3840 (Ps.
2476 3769 2586 3840 xc).
2626 3768 2694 3823 Et
2736 3770 2788 3823 in
2819 3768 2927 3824 alio
2973 3768 3230 3839 psalmo:
3262 3768 3364 3834 Qui
3413 3777 3640 3823 coronat
3690 3779 3750 3822 te

2152 3861 2207 3917 iu
2259 3861 2641 3917 misericordia
2675 3873 2729 3917 et
2782 3861 3236 3918 miserationibus
3267 3859 3398 3934 (Ps.
3441 3861 3560 3931 cn).
3592 3859 3752 3914 Sicut

2146 3955 2288 4010 enim
2322 3955 2391 4011 ibi
2429 3957 2609 4025 posuit
2635 3963 2846 4011 scutum
2891 3970 2992 4025 pro
3032 3970 3262 4020 corona,
3309 3955 3376 4009 ita
3409 3964 3460 4010 et
3489 3953 3590 4025 hic
3616 3969 3751 4009 sus-

2147 4049 2456 4117 ceptionem
2499 4047 2678 4118 posuit
2711 4063 2812 4116 pro
2849 4063 3078 4102 corona.
3116 4047 3303 4103 Videte
3342 4063 3472 4118 ergo
3502 4047 3629 4116 quid
3659 4047 3752 4102 di-

2147 4142 2264 4196 cit:
2327 4141 2523 4197 Factus
2571 4156 2632 4197 es
2685 4141 2916 4204 Galaad,
2964 4139 3143 4197 lactus
3198 4156 3258 4196 es
3296 4139 3596 4205 Manasses,
3640 4139 3753 4194 hoc

2147 4245 2251 4300 est,
2287 4234 2536 4304 migrasti
2594 4233 2661 4287 ad
2695 4233 3008 4295 Dominum,
3041 4241 3095 4287 et
3123 4240 3248 4304 post
3278 4231 3611 4286 oblivionem
3659 4247 3756 4287 re-

2148 4327 2345 4383 measti
2388 4327 2454 4382 ad
2503 4337 2713 4395 patrem
2749 4336 2923 4382 tuum.
2969 4325 3106 4381 Esto
3153 4324 3435 4396 Ephraim,
3479 4334 3602 4382 esto
3631 4323 3754 4380 fru-

2147 4420 2329 4476 ctiler.
2373 4415 2583 4474 Habeto
2629 4434 2795 4491 opera
2825 4418 2999 4486 bona,
3046 4427 3100 4475 et
3129 4427 3318 4490 postea
3371 4418 3480 4475 eris
3535 4433 3755 4475 corona

2149 4515 2386 4570 Domini.

2219 4609 2364 4664 Juda
2402 4627 2494 4665 rea:
2525 4626 2688 4665 meus.
2720 4608 2936 4674 Videte,
2985 4607 3037 4663 in
3066 4615 3264 4679 quanta
3312 4605 3484 4677 gloria
3528 4615 3614 4661 est
3651 4606 3753 4676 qui

2149 4708 2259 4778 agit
2290 4706 2688 4776 pcenitentiam.
2720 4704 2889 4760 Jndas
2947 4705 3118 4769 enim,
3172 4703 3427 4772 confessio
3476 4701 3757 4772 interpre-

2151 4810 2316 4855 tatur.
2364 4799 2519 4853 Moab
2565 4798 2698 4853 lcbcs
2722 4798 2833 4871 spei
2876 4813 3017 4851 mete.
3065 4795 3288 4853 Grande
3327 4794 3646 4867 mysterium
3694 4797 3752 4850 in

2151 4891 2338 4964 paucis
2367 4891 2552 4946 verbis
2579 4890 2914 4960 agnoscitur.
2949 4889 3101 4959 Rogo
3141 4903 3260 4954 vos,
3301 4885 3596 4959 diligenter
3624 4885 3755 4941 ani-

2144 4985 2496 5042 madvertite.
2530 4983 2814 5054 Siquidem
2867 4993 2921 5037 ct
2953 4983 3084 5037 mihi
3115 4982 3208 5053 qui
3249 4982 3461 5052 loquor,
3491 4990 3544 5036 et
3592 4980 3754 5035 vobis

2148 5081 2240 5151 qui
2271 5078 2494 5142 auditis,
2529 5077 2773 5148 prodest.
2818 5075 2976 5131 Moab
3021 5076 3438 5146 interpretatur,
3471 5089 3535 5128 ex
3576 5082 3750 5144 patre.

2148 5174 2255 5242 Ab,
2287 5173 2484 5227 dicitur
2509 5179 2694 5244 pater:
2748 5171 2856 5232 M0.
2890 5185 2974 5223 ex.
3025 5168 3159 5236 Quis
3190 5176 3276 5223 est
3320 5167 3424 5221 iste
3450 5181 3515 5221 ex
3545 5165 3752 5234 patre?

2149 5269 2249 5336 Qui
2284 5266 2519 5337 perdidit
2561 5274 2770 5333 patrem
2821 5279 3006 5328 suum,
3037 5261 3130 5333 qui
3162 5258 3380 5330 reliquit
3429 5274 3590 5313 suum
3645 5272 3753 5327 pa-

2149 5373 2288 5416 trem
2317 5378 2331 5415 :
2361 5360 2449 5429 qui
2484 5373 2591 5413 non
2626 5356 2884 5411 remeavit
2911 5355 2978 5409 ad
3027 5364 3238 5426 patrem
3289 5351 3592 5423 proprium,
3645 5365 3752 5405 nec

2148 5461 2234 5508 est
2278 5452 2469 5524 dignus
2519 5449 2703 5506 vocari
2755 5449 3046 5503 Manasses.
3097 5446 3232 5512 Quis
3285 5454 3371 5500 est
3409 5443 3512 5499 iste
3544 5443 3751 5498 Moab?

2150 5546 2401 5602 Inimicus
2426 5545 2662 5607 Domini,
2691 5544 2760 5600 de
2789 5542 2943 5612 cujus
2970 5555 3171 5612 genere
3201 5553 3371 5608 usque
3400 5537 3466 5593 ad
3498 5545 3747 5608 quartam

2149 5643 2562 5716 generationem
2595 5651 2648 5696 et
2670 5639 2936 5694 decimam
2966 5645 3021 5692 et
3053 5650 3223 5704 usque
3251 5633 3302 5688 in
3334 5631 3592 5688 saeculum
3638 5645 3747 5685 non

2151 5736 2380 5794 intrabit
2412 5735 2463 5790 in
2494 5732 2794 5789 Ecclesiam
2845 5729 3084 5785 Domini.
3117 5727 3252 5796 Quis
3289 5735 3372 5782 est
3417 5726 3522 5780 iste
3545 5722 3749 5778 Moab?

2151 5830 2250 5898 Qui
2283 5846 2346 5883 ex
2379 5825 2659 5883 immunda
2705 5823 3093 5880 commixtione
3133 5820 3372 5876 nascitur
3403 5819 3454 5874 in
3485 5817 3748 5888 spelunca

2158 5923 2468 5980 tenebrosa.
2504 5920 2580 5978 Ex
2612 5920 2713 5977 Lot
2743 5918 2885 5974 enim
2931 5926 2984 5974 ct
3015 5914 3226 5973 liliabus
3272 5912 3419 5972 illius
3471 5910 3580 5971 nati
3622 5907 3747 5969 sunt
