4008 6336
231 257 355 316 1le

1130 246 1557 308 DREVIARIUM
1601 247 1667 305 IN
1707 241 2039 307 l'SALMOS.
2087 244 2310 304 PSALM
2370 242 2524 304 CVII.

3354 243 3494 305 ΗΜ

227 376 343 441 duo,
370 370 541 437 Moab,
575 378 630 427 et
659 369 858 437 Atnon,
883 375 938 426 et
966 369 1123 427 Moab
1164 372 1337 442 major
1356 379 1440 428 est
1467 370 1607 426 titius
1636 369 1796 443 (Gen.
1827 369 1875 432 Α
1904 383 2119 434 narum,
2154 377 2211 425 et
2258 366 2559 439 sanguinis.
2594 364 2823 422 Idumam
2883 365 3028 421 enim
3083 364 3493 435 interpretatur,

228 465 350 538 xu).
386 463 571 521 Videte
622 477 753 535 ergo
782 462 1062 534 quomodo
1121 464 1176 518 in
1236 464 1416 520 littera
1476 461 1798 533 mysterium
1900 461 2414 533 sanguinea.l.ocus
2457 459 2756 516 occisionis
2804 458 3132 529 animatum,
3183 450 3274 516 ubi
3314 461 3501 516 multa:

226 559 582 619 absconditur.
617 557 675 613 ln
705 558 974 624 tenebris,
998 557 1052 614 in
1084 557 1346 630 spelunca
1375 575 1388 611 :
1433 570 1543 612 non
1576 556 1629 611 in
1660 556 1797 623 sole.

1903 553 2308 611 interficiuntur
2336 553 2556 609 animm.
2603 552 2780 610 Nemo
2831 553 2979 609 enim
3018 552 3194 609 victor
3219 552 3502 611 descendit

227 672 325 716 non
354 656 404 711 in
433 655 576 710 luce.
632 652 792 711 Moab
816 669 950 725 ergo
979 652 1223 708 diabolus
1251 653 1680 723 interpretatur:
1708 650 1801 722 qui
1900 649 1957 706 in
1985 648 2280 715 infernum,
2312 648 2415 705 nisi
2447 656 2504 704 ιιι
2535 647 2706 718 solus,
2748 645 3005 708 Domine.

227 750 414 809 oblitus
460 757 544 806 est
588 749 759 820 patris
811 747 919 803 sui.
971 746 1215 819 Denique
1243 755 1299 804 et
1326 745 1654 813 Abessalon,
1709 743 1801 817 qui

226 852 535 920 persecutus
558 852 643 899 est
669 852 880 915 patrem
906 857 1084 908 suum,
1112 840 1506 912 interpretatur
1527 838 1796 896 diabolus.

226 938 327 997 lste
354 953 480 1009 ergo
527 937 709 1004 Moab,
741 936 1016 1009 quomodo
1047 936 1198 993 lebes
1246 934 1366 1007 spei
1416 934 1628 991 Domini
1677 931 1806 989 est?

227 1032 827 1102 chcsinterpretatur,
879 1031 1006 1086 olla.
1059 1029 1347 1099 Quomodo
1374 1027 1481 1084 olla
1527 1028 1646 1100 spei
1696 1026 1803 1082 Do-

225 1124 350 1182 mini
390 1124 511 1179 est‘ll
560 1121 777 1195 Ergone
815 1119 1083 1179 credibile
1122 1130 1237 1189 est,
1278 1129 1343 1177 ut
1389 1120 1546 1176 Moab
1590 1116 1682 1190 qui
1724 1119 1807 1174 in-

225 1224 566 1288 terpretatur,
619 1215 882 1284 diabolus,
916 1215 1067 1272 lebes
1106 1216 1223 1287 spei
1255 1214 1469 1270 Domini
1519 1211 1636 1268 sit?
1661 1212 1808 1280 Quo-

226 1311 376 1372 modo
408 1326 536 1383 spes
565 1310 781 1371 Domini
812 1311 942 1368 est?
968 1310 1123 1367 Dicat
1153 1309 1490 1381 Apostolus:
1519 1307 1671 1377 Quos
1697 1314 1808 1364 tra—

226 1405 328 1464 didi
351 1403 587 1473 Satanze,
622 1411 683 1459 ut
710 1402 925 1460 discant
956 1418 1064 1459 non
1094 1402 1480 1474 blasphemare
1507 1400 1717 1475 (lTim.
1744 1402 1806 1471 l).

226 1497 477 1556 Diabolus
507 1498 670 1569 quasi
699 1497 1124 1569 quaestionarius
1166 1496 1387 1553 Domini
1418 1506 1523 1553 εει.
1567 1495 1671 1565 Qui
1701 1510 1808 1550 non

225 1602 365 1649 recte
385 1589 668 1648 ambulant
690 1589 757 1646 ad
790 1592 981 1657 Deum,
1016 1588 1302 1646 traduntur
1323 1588 1566 1645 diabolo.
1594 1588 1811 1657 Quare?

226 1685 289 1743 Ut
314 1694 541 1758 pereant
567 1687 620 1742 in
648 1693 940 1742 a-ternum.
973 1686 1036 1741 Et
1065 1685 1161 1740 ubi
1190 1684 1481 1742 clementia
1526 1684 1619 1739 Dei
1647 1683 1671 1737 ?
1721 1681 1811 1737 tibi

1976 740 2137 810 Deus,
2166 743 2256 815 qui
2308 741 2546 813 repuliin
2588 756 2703 798 nos.
2766 739 2885 796 Non
2940 740 3101 809 dixit,
3135 740 3236 811 Qui
3276 740 3504 814 repellis

1905 851 2033 905 nos,
2079 837 2199 904 sed,
2230 837 2331 904 Qui
2354 834 2651 908 aliquando
2682 833 2934 906 repulisti
2961 849 3081 891 nos.
3107 833 3174 889 Et
3205 851 3307 890 non
3337 835 3501 891 exibis

1904 928 2069 996 Deus,
2118 932 2175 985 in
2227 931 2505 986 virtutibus
2554 930 2791 985 nostris?
2824 929 2952 987 Hmc
2999 929 3390 1003 interrogative
3419 930 3500 987 le—

1906 1023 2081 1095 genda
2106 1036 2251 1080 sunt.
2279 1024 2348 1080 Et
2372 1041 2473 1081 non
2498 1024 2684 1091 exibis,
2708 1021 2870 1091 Deus,
2901 1024 2953 1078 in
2974 1023 3247 1079 virtutibus
3274 1021 3505 1079 nostris?

1906 1115 2007 1185 Qui
2036 1131 2226 1186 passus
2270 1131 2331 1173 es
2382 1132 2479 1188 pro
2509 1116 2690 1184 nobis,
2735 1130 2910 1188 quare
2949 1130 3055 1172 non
3105 1114 3329 1186 adjuvas
3359 1130 3501 1171 nos:

1908 1208 2005 1266 sed
2031 1210 2237 1280 pateris
2266 1208 2581 1265 conculcari
2628 1222 2729 1262 nos
2762 1222 2794 1263 a
2820 1205 3040 1265 diabolo
3079 1205 3458 1263 crudelissimo
3480 1208 3506 1261 ἰ

1908 1302 1977 1360 Ει
2004 1320 2107 1359 non
2128 1303 2313 1371 exibis,
2343 1302 2502 1369 Deus,
2535 1304 2588 1357 in
2616 1301 2891 1358 virtutibus
2912 1301 3131 1358 nostris.
3160 1300 3349 1358 Videte
3377 1299 3507 1373 quid

1910 1398 2058 1454 dicat
2085 1415 2097 1451 :
2131 1396 2250 1453 Non
2293 1396 2447 1463 dixit,
2482 1411 2589 1453 non
2620 1396 2780 1453 existi
2810 1414 2825 1451 :
2850 1395 2969 1463 sed,
3000 1412 3105 1451 non
3127 1394 3310 1462 exibis,
3343 1393 3502 1465 Deus,

1912 1493 1967 1547 in
1998 1490 2268 1547 virtutibus
2296 1490 2507 1546 nostris.
2537 1489 2653 1546 Hoc
2676 1491 2795 1545 vult
2824 1490 3007 1546 dicere
3039 1506 3052 1543 :
3084 1488 3316 1557 Quando
3360 1487 3513 1544 labo-

1914 1600 2125 1651 ramus,
2179 1593 2312 1641 tunc
2339 1583 2559 1655 adjuvat
2586 1599 2687 1640 nos
2715 1583 2884 1640 Deus.
2931 1582 3048 1640 Non
3094 1594 3175 1639 est
3219 1583 3364 1639 etaim
3412 1597 3513 1637 vo-

1914 1678 2082 1736 lentis
2109 1694 2288 1751 neque
2321 1679 2618 1745 currentis,
2647 1677 2743 1735 sed
2767 1677 3078 1734 miserentis
3105 1686 3185 1734 est
3212 1677 3305 1734 Dei
3330 1676 3508 1751 (Rom.

226 1781 528 1841 misericors
557 1780 749 1850 pater?
780 1779 872 1836 ubi
903 1787 987 1837 est
1008 1781 1098 1851 qui
1126 1778 1255 1835 facit
1292 1779 1465 1835 solem
1493 1792 1651 1834 suum
1675 1776 1807 1832 oriri
1839 1766 1887 1828 Β
1913 1770 2012 1845 rx).
2048 1771 2243 1829 Videte
2273 1770 2405 1843 quid
2450 1771 2600 1826 dicat
2633 1789 2645 1824 :
2678 1770 2797 1826 Non
2825 1769 2903 1825 ait
2936 1788 2946 1823 :
2975 1785 3089 1851 non
3128 1778 3216 1827 est
3254 1768 3514 1840 jacentis,

226 1889 380 1947 super
399 1874 580 1945 justos
605 1884 661 1929 et
687 1883 1033 1943 peccatores,
1066 1881 1120 1928 et
1140 1871 1273 1943 pluit
1300 1886 1467 1936 super
1495 1879 1810 1942 peccatores

230 1977 282 2025 et
301 1968 476 2039 juslos
504 1965 736 2040 (Matth.
780 1966 876 2039 v)?
902 1966 1059 2035 Quod
1087 1963 1239 2032 dicit,
1272 1964 1377 2020 hoc
1406 1970 1491 2019 est
1521 1979 1536 2018 :
1565 1961 1809 2028 Tradidi,

227 2058 413 2131 inquit,
439 2069 762 2130 peccatores
790 2057 1034 2125 diabolo,
1068 2066 1130 2114 ιιι
1153 2057 1222 2113 ab
1248 2057 1368 2127 ipso
1393 2056 1649 2121 cruciati,
1680 2069 1811 2111 con-

227 2163 505 2211 vertantur
527 2152 596 2210 ad
623 2169 734 2209 me.
766 2152 977 2209 Dicitur
999 2162 1053 2209 et
1079 2151 1135 2208 in
1162 2150 1401 2208 Ieremia
1428 2169 1440 2204 :
1481 2148 1622 2219 Quid
1655 2147 1812 2205 vides

227 2248 608 2318 tu,Jercmial
650 2248 830 2305 Ollatn
880 2260 1228 2312 succensam,
1278 2242 1701 2316 inquit(.lerem.
1747 2240 1810 2313 ι).

226 2342 411 2400 Videte
436 2357 573 2415 ergo
597 2343 856 2416 quoniam
886 2342 941 2398 in
986 2342 1090 2397 ista
1137 2340 1246 2397 olla
1281 2340 1573 2396 mittuntur
1597 2354 1812 2396 carnes.

227 2437 333 2495 lloc
372 2438 640 2508 scriptum
697 2436 865 2492 estin
916 2433 1218 2491 Ezechiel:
1262 2433 1334 2489 Et
1382 2434 1562 2498 mitte,
1614 2432 1813 2503 inquit,

230 2547 418 2589 carnes
466 2530 526 2587 in
571 2530 762 2597 ollam,
793 2542 855 2585 ut
900 2528 1097 2586 molles
1120 2526 1254 2583 ﬁant
1284 2525 1509 2601 (Ezech.
1534 2524 1706 2598 xxiv).
1747 2514 1853 2582 Ut‘

227 2621 356 2679 dura
384 2629 781 2679 convertantur
821 2622 888 2677 ad
920 2621 1087 2677 Deum
1135 2638 1151 2678 :
1192 2627 1253 2676 ιιι
1296 2636 1362 2676 ex
1400 2619 1572 2677 corde
1604 2619 1818 2691 lapideo

229 2713 317 2771 ﬁat
360 2730 455 2771 eor
504 2728 789 2771 carneum.
828 2714 895 2769 Et
924 2712 1015 2769 ubi
1056 2712 1205 2784 prius
1236 2729 1345 2769 non
1395 2721 1610 2785 poterat
1653 2712 1816 2769 scribi

227 2816 450 2879 propter
477 2807 781 2863 duritiam:
818 2816 1004 2878 postea
1056 2806 1330 2863 scribatur
1378 2814 1600 2877 propter
1645 2804 1822 2861 molli-

230 2897 374 2955 tiem.
400 2897 774 2966 Snceendam,
808 2899 1006 2970 inquit,
1038 2897 1180 2956 hanc
1219 2899 1403 2967 ollam,
1436 2907 1491 2955 et
1519 2913 1817 2970 excoquam

228 3005 411 3048 carnes
434 3002 496 3050 et
510 3008 660 3063 ossa,
680 3007 854 3065 usque
874 2992 1003 3048 dum
1027 2993 1285 3049 amittant
1300 3007 1518 3049 omnem
1532 2992 1819 3049 humorem

228 3094 282 3142 et
306 3086 573 3144 illuviem.
599 3085 671 3143 Et
694 3086 875 3143 videte
906 3094 1095 3157 postea
1125 3085 1255 3158 quid
1285 3086 1503 3143 dicatur
1531 3103 1541 3139 :
1592 3086 1660 3141 Et
1710 3085 1821 3142 dis-

1915 1881 2094 1938 neque
2124 1865 2472 1934 dormientis,
2505 1864 2600 1922 sed
2629 1864 2947 1921 miserentis
2972 1846 3058 1920 est
3101 1862 3217 1919 Dei.
3251 1862 3360 1919 Sed
3391 1862 3517 1920 vide

1914 1960 2047 2032 quid
2073 1959 2210 2016 dicit
2244 1978 2256 2014 :
2308 1960 2425 2016 Non
2468 1968 2555 2016 est
2601 1960 2838 2016 volentis
2864 1974 3043 2031 neque
3078 1958 3371 2027 currentis,
3419 1955 3518 2014 sed

1916 2054 2234 2111 miserentis
2266 2054 2386 2110 Dei.
2439 2054 2495 2110 Si
2543 2069 2650 2110 non
2678 2069 2812 2126 ergo
2856 2054 3194 2111 voluerimus
3240 2062 3296 2110 et
3323 2068 3520 2111 cucur-

1916 2148 2174 2214 rerimus,
2222 2146 2369 2204 Deus
2411 2147 2569 2203 nobis
2619 2146 2753 2202 nihil
2807 2147 3075 2218 proderit.
3134 2145 3392 2203 Nostrum
3434 2154 3522 2204 est

1917 2241 2061 2298 velle
2089 2249 2145 2299 et
2172 2255 2419 2309 currere,
2450 2250 2506 2297 et
2539 2248 2726 2311 postea
2755 2240 2898 2297 Deus
2925 2239 3239 2297 miseretur.
3297 2238 3516 2298 Athleta

1918 2335 2064 2393 enim
2100 2335 2383 2392 dormiens
2427 2333 2606 2405 perdit
2645 2335 2956 2391 victoriam.

1991 2428 2075 2485 Da
2123 2430 2269 2485 nobis
2293 2428 2553 2485 auxilium
2591 2427 2658 2485 de
2688 2427 3046 2485 tribulatione.
3090 2427 3209 2485 Non
3241 2428 3399 2496 dixit,
3451 2427 3521 2486 da

1921 2523 2079 2580 nobis
2104 2522 2366 2579 auxilium
2389 2522 2459 2578 de
2497 2521 2712 2579 deliciis
2740 2540 2750 2576 :
2782 2521 2905 2592 sed,
2955 2522 3022 2579 de
3047 2522 3405 2579 tribulatione.
3438 2522 3522 2580 Ad

1924 2615 2212 2671 Dominum
2240 2631 2363 2673 cum
2393 2614 2687 2671 tribularer
2732 2614 2989 2681 clamavi,
3035 2624 3091 2671 et
3128 2614 3407 2673 exaudivit
3436 2630 3523 2673 me

1922 2708 2115 2781 (Psal.
2148 2708 2318 2781 cur).
2358 2707 2475 2764 Non
2501 2707 2641 2764 dixit
2670 2727 2681 2762 :
2712 2724 2834 2765 cum
2874 2722 3052 2766 essem
3087 2708 3142 2764 in
3170 2707 3383 2766 deliciis
3411 2708 3523 2766 cla-

1927 2804 2091 2868 mavi,
2116 2801 2506 2859 autdormiens
2527 2802 2783 2859 clamavi.
2810 2800 2904 2858 Vis
2926 2801 3179 2859 exaudiri
3204 2819 3231 2856 a
3258 2800 3527 2859 Domino?

1923 2896 2060 2953 Esto
2088 2895 2143 2952 in
2175 2895 2563 2952 tribulatione:
2598 2895 2794 2962 clama,
2822 2903 2880 2952 et
2903 2895 3233 2953 exaudieris.
3288 2893 3346 2950 Si
3400 2893 3525 2966 quis

1925 3003 2060 3061 ergo
2098 3004 2209 3045 non
2241 2996 2327 3045 est
2356 2988 2411 3044 in
2442 2987 2817 3057 tribulatione,
2868 2988 3132 3045 auxilium
3185 2988 3399 3044 Domini
3446 2989 3528 3044 in-

1926 3094 2126 3137 vocare
2157 3096 2264 3137 non
2293 3087 2491 3152 potest.
2546 3080 2686 3148 Quia
2732 3096 2867 3135 rana
2895 3078 3043 3136 salus
3075 3080 3323 3136 hominis.
3360 3079 3530 3137 Male-

229 3195 372 3252 cant,
398 3186 748 3258 inquit,quia
772 3200 874 3257 ego
903 3184 1187 3241 Dominus.
1214 3183 1403 3257 Magna
1421 3181 1819 3250 misericordia,
1850 3169 1897 3233 (Ξ
1928 3173 2107 3230 dictus
2140 3174 2304 3230 homo
2334 3174 2425 3245 qui
2458 3187 2615 3245 spem
2662 3173 2825 3230 habet
2851 3174 2904 3229 in
2935 3173 3157 3230 homine
3185 3173 3339 3247 (Jer.
3367 3172 3523 3248 xvn).

230 3288 286 3335 et
320 3286 584 3352 magnum
616 3286 1047 3336 sacramentum.
1082 3278 1366 3334 Mittuntur
1412 3291 1611 3335 carnes
1664 3277 1717 3332 in
1744 3274 1825 3332 ol-

228 3372 357 3444 lam,
392 3384 451 3430 ut
477 3382 866 3446 exaequantur
894 3380 951 3430 et
1003 3371 1221 3428 discant
1258 3371 1386 3443 quia
1427 3370 1691 3427 Dominus
1716 3377 1820 3427 est.

227 3464 391 3525 Multa
422 3476 560 3526 sunt
588 3483 709 3540 qua:
730 3468 985 3524 dicantur
1013 3465 1083 3523 de
1123 3464 1279 3522 Moab
1306 3475 1360 3522 et
1398 3464 1527 3535 olla,
1559 3464 1655 3521 sed
1683 3478 1827 3521 nunc

228 3558 444 3631 longum
469 3569 583 3617 cst.

297 3653 365 3709 In
397 3653 694 3710 [dammam
723 3653 999 3709 extendam
1027 3651 1427 3722 calciamentum
1457 3667 1648 3708 meum.
1700 3650 1827 3707 ldu-

230 3762 360 3806 mura
392 3749 811 3819 interpretatur,
846 3758 1051 3803 terrena
1078 3755 1135 3803 et
1161 3747 1468 3819 sanguinea.
1519 3744 1831 3802 Misericors

231 3840 403 3911 Deus,
435 3858 549 3899 non
582 3843 759 3898 solum
784 3842 1029 3899 coelestia
1052 3842 1166 3898 vult
1191 3840 1495 3913 possidere,
1527 3840 1622 3897 sed
1645 3850 1700 3897 et
1720 3848 1830 3896 ter-

1928 3267 2045 3325 Non
2103 3276 2186 3325 est
2233 3283 2460 3325 necesse
2507 3266 2610 3324 hoc
2640 3267 3012 3340 interpretari.
3076 3268 3205 3325 llaec
3255 3267 3528 3327 sententia

1930 3362 2182 3419 omnibus
2203 3371 2370 3434 patet.
2412 3361 2623 3433 Aliquis
2649 3361 2888 3433 speravit
2916 3361 2970 3417 in
2999 3361 3330 3433 imperatore
3352 3402 3369 3431 ,
3399 3377 3529 3434 spc-

1929 3462 2075 3519 ravit
2101 3462 2153 3517 in
2186 3460 2455 3533 principe,
2485 3459 2538 3514 in
2568 3470 2744 3532 patre,
2772 3467 2866 3515 aut
2893 3470 3068 3516 matre
3095 3460 3189 3515 :a'n
3216 3458 3398 3531 aliquo
3428 3474 3530 3517 ne-

1930 3558 2078 3630 gotio
2105 3557 2285 3618 subito
2330 3555 2644 3612 subtractus
2701 3563 2786 3612 est
2814 3554 3048 3627 spiritus
3091 3554 3210 3627 ejus
3262 3555 3317 3611 in
3366 3569 3529 3626 quem

1932 3650 2023 3706 ille
2050 3650 2311 3721 speravit,
2340 3656 2396 3705 et
2416 3648 2639 3705 evanuit
2664 3648 2812 3703 salus
2841 3647 2982 3718 ejus.
3012 3645 3129 3703 Non
3180 3646 3344 3717 dixit,
3398 3662 3536 3703 vana

1932 3746 2081 3800 salus
2103 3744 2325 3799 hominis
2353 3759 2375 3810 ,°
2400 3743 2521 3812 sed,
2558 3743 2706 3799 salus
2731 3742 2850 3814 ejus
2879 3742 2971 3813 qui
2999 3750 3183 3813 sperat
3204 3742 3257 3798 in
3288 3740 3533 3799 homine.

2008 3835 2078 3892 In
2110 3836 2221 3893 Deo
2251 3837 2505 3909 faciemus
2546 3837 2808 3890 virtutem.
2841 3834 2957 3891 Non
3009 3834 3313 3892 habeamus
3355 3850 3530 3907 spem,

231 3939 457 3994 restria.
518 3934 654 3992 Mihi
682 3937 994 4009 alienigena:
1021 3936 1179 3991 amici
1225 3933 1353 4006 farti
1379 3942 1521 3989 sunt.
1569 3934 1645 3990 De
1675 3932 1833 3989 nobis
1936 3930 2041 3987 nisi
2070 3931 2123 3985 in
2156 3924 2388 3985 Domino
2414 3936 2647 3984 tantum.
2672 3926 2790 3984 Non
2824 3926 3071 3983 dicamus
3109 3944 3123 3980 :
3164 3926 3210 3983 si
3238 3925 3370 4009 illud
3398 3926 3532 3984 mihi

229 4028 386 4098 dicit,
412 4031 511 4104 qui
543 4046 611 4088 ex
640 4005 896 4103 gentibus
923 4005 1273 4087 credidimus.
1938 4024 2176 4091 eveniat,
2226 4031 2320 4080 ant
2365 4022 2518 4091 illud,
2552 4021 2699 4079 unde
2726 4021 2902 4078 habeo
2946 4020 3180 4077 vivere?
3209 4005 3535 4092 Re‘spondeo

304 4127 439 4195 Quis
508 4126 729 4181 deducet
778 4142 861 4181 me
905 4125 959 4181 in
999 4125 1256 4181 civitatem
1296 4125 1602 4181 munitam?
1637 4122 1832 4191 Nemo,
1941 4118 2038 4179 tibi
2080 4117 2222 4189 quod
2257 4114 2429 4187 majus
2455 4123 2560 4172 est.
2591 4114 2645 4173 Si
2675 4113 2987 4186 persecutio
3014 4114 3132 4184 ﬁat,
3183 4113 3326 4171 unde
3368 4113 3538 4172 habes

229 4216 493 4276 Domino.
550 4217 630 4275 Tu
671 4234 733 4275 es
770 4218 917 4274 enim
967 4218 1060 4289 qui
1100 4217 1277 4274 dicis:
1318 4216 1587 4273 Torcular
1629 4216 1836 4273 calcari
1939 4210 2176 4267 vivere?
2216 4210 2446 4281 Semper
2473 4207 2786 4265 Christiano
2813 4208 3128 4281 persecutio
3156 4217 3264 4276 est,
3317 4222 3539 4279 semper

229 4310 405 4380 solus,
433 4318 495 4368 et.
513 4310 582 4367 de
603 4310 861 4382 gentibus
880 4310 963 4366 vir
986 4324 1093 4366 non
1114 4308 1220 4364 fuit
1238 4323 1451 4364 mecum
1476 4306 1632 4380 (Isai.
1658 4308 1835 4380 thn).
1944 4304 2160 4362 uuditas
2186 4304 2467 4376 proposita
2494 4311 2601 4361 est.
2633 4302 2800 4360 Nemo
2824 4318 2958 4374 ergo
2988 4301 3152 4359 debet
3179 4301 3249 4359 de
3274 4301 3386 4358 vita
3436 4301 3537 4359 ista

230 4403 443 4462 Omnes
501 4403 650 4460 enim
705 4403 1150 4470 declinaverunt,
1201 4401 1370 4458 simul
1426 4400 1655 4458 inutiles
1709 4400 1838 4457 facti
1943 4398 2264 4470 desperare,
2301 4411 2462 4453 nemo
2502 4396 2889 4464 timeat,nemo
2908 4394 3073 4452 debet
3104 4394 3293 4455 dicere
3324 4414 3335 4448 :
3367 4394 3422 4452 Si
3444 4410 3535 4452 se-

230 4508 413 4569 sunt:
446 4516 560 4557 non
593 4507 679 4556 est
696 4498 790 4570 qui
828 4498 1001 4554 faciat
1037 4498 1259 4561 bonum,
1303 4512 1412 4553 non
1452 4504 1537 4553 est
1564 4510 1733 4568 usque
1771 4495 1839 4552 ad
1947 4506 2140 4557 nuero,
2176 4488 2322 4545 unde
2350 4488 2525 4545 habeo
2551 4488 2781 4545 vivere?
2808 4487 2853 4543 si
2884 4487 3134 4544 infirmus
3167 4488 3340 4545 factus
3365 4489 3541 4557 fuero,

232 4605 407 4648 unum
441 4589 628 4662 (Psal.
662 4589 805 4663 xtu).
831 4589 963 4656 Quis
990 4604 1123 4661 ergo
1148 4589 1364 4644 deducet
1393 4603 1474 4643 me
1501 4588 1557 4644 in
1582 4589 1840 4644 civitatem
1867 4581 1920 4643 D
1946 4585 2088 4642 unde
2101 4585 2223 4640 vivo
2244 4585 2268 4640 τ
2290 4583 2567 4640 Christum
2584 4582 2777 4651 habes,
2801 4591 2856 4639 et
2874 4581 3068 4639 times?
3086 4583 3393 4640 Sivolatilia
3418 4583 3543 4640 coeli

233 4686 505 4740 nianitam
524 4684 553 4738 ?
577 4683 770 4749 Nemo,
804 4681 1053 4739 Domine.
1080 4681 1365 4753 Siquidem
1399 4691 1456 4738 et
1500 4682 1714 4750 Petrus,
1748 4681 1841 4753 qui
1948 4681 2146 4753 pascit,
2170 4680 2384 4737 dubitas
2412 4678 2554 4750 quod
2578 4678 2752 4750 possit
2780 4688 2833 4736 te
2855 4680 3117 4749 pascere?
3141 4679 3402 4737 Diabolus
3422 4696 3547 4752 pas-

232 4780 587 4851 promiserat
613 4793 714 4850 pro
742 4785 797 4834 te
824 4776 990 4844 mori,
1023 4783 1209 4848 postea
1240 4785 1294 4834 te
1323 4777 1561 4848 negavit.
1587 4776 1720 4844 Quae
1760 4783 1847 4831 est
1948 4776 2169 4832 citsuos
2197 4774 2468 4841 homines,
2487 4782 2539 4829 et
2570 4771 2820 4830 Christus
2839 4790 2944 4830 non
2959 4786 3143 4848 pascet
3165 4790 3298 4832 suos
3320 4772 3548 4831 servos?

231 4872 341 4929 ista
372 4872 576 4930 civitas
624 4869 1176 4939 munita‘llnferuus,
1217 4870 1309 4927 ubi
1343 4869 1697 4927 includuntur
1733 4868 1842 4925 im-
1950 4867 2208 4925 Diabolus
2277 4867 2406 4924 facit
2453 4865 2668 4937 jttdices
2722 4866 2884 4940 hujus
2938 4869 3128 4925 mundi
3182 4868 3413 4937 divites,
3489 4873 3548 4925 et

234 4964 349 5036 pii:
380 4964 534 5021 unde
559 4963 712 5022 exire
741 4979 849 5020 non
877 4962 1028 5020 licet.
1063 4962 1134 5019 Et
1161 4977 1291 5019 vere
1343 4977 1410 5019 ex
1461 4961 1563 5018 ista
1603 4960 1845 5025 civitate,

232 5059 346 5116 nisi
380 5058 655 5115 Dominus
694 5057 867 5114 victor
896 5072 1004 5114 non
1045 5055 1183 5113 exiit
1208 5056 1369 5111 alter.
1401 5055 1468 5111 Et
1494 5069 1625 5111 vere
1644 5053 1848 5111 civitas

234 5154 464 5213 munita
496 5162 582 5210 est
607 5154 733 5209 ista.
760 5152 981 5227 Moyses
1017 5151 1085 5207 de
1114 5152 1216 5206 ista
1263 5149 1484 5206 civitate
1536 5149 1691 5206 exire
1739 5162 1847 5203 non

236 5250 450 5323 potuit.
482 5246 655 5305 Jacob
675 5247 934 5303 similiter
961 5244 1191 5302 intravit
1212 5245 1264 5299 in
1297 5243 1438 5299 hanc
1467 5243 1769 5307 civitatem,
1794 5249 1852 5298 et

237 5360 355 5401 non
385 5351 482 5401 est
508 5357 785 5401 reversus.
816 5342 1061 5412 Denique
1097 5338 1234 5394 dicit
1257 5336 1324 5393 ad
1370 5335 1514 5392 ﬁlios
1537 5350 1667 5391 suos
1699 5352 1710 5388 :
1744 5334 1851 5390 Lu-

237 5457 386 5513 gens
441 5438 779 5497 descendam
802 5437 869 5493 ad
908 5435 1121 5493 inferos
1152 5431 1322 5508 (Gen.
1372 5430 1606 5502 xxxvii).
1657 5430 1737 5486 Ad
1767 5428 1851 5484 in-

238 5535 404 5594 feros
437 5542 621 5591 autem
651 5531 972 5590 descendit:
1008 5531 1136 5602 quia
1167 5526 1399 5585 necdum
1423 5533 1543 5583 erat
1571 5523 1856 5597 paradisus

235 5614 272 5688 la
309 5632 538 5686 latrone
562 5636 803 5700 apertus.
839 5623 1045 5681 Munita
1093 5632 1176 5681 est
1206 5623 1307 5680 ista
1340 5618 1535 5678 civitas
1588 5617 1656 5674 ad
1693 5633 1854 5689 egre-

242 5727 521 5787 diendum
553 5745 565 5780 :
598 5734 789 5799 aperta
831 5732 916 5780 est
957 5731 1141 5781 autem
1170 5721 1238 5778 ad
1273 5717 1683 5777 introeundum.
1721 5716 1856 5785 Quis

243 5823 482 5882 deducet
508 5836 590 5876 me
615 5836 776 5894 usque
801 5820 855 5874 in
887 5814 1224 5874 ldunueam?
1252 5814 1355 5874 Ubi
1412 5814 1567 5872 locus
1611 5820 1697 5871 est
1734 5828 1853 5886 pm-

1950 4961 2203 5019 Christus
2238 4977 2345 5017 non
2378 4968 2564 5033 potest
2603 4959 2807 5029 facere,
2838 4970 2899 5017 ut
2928 4978 3036 5017 non
3064 4960 3388 5018 mendicos?
3415 4960 3547 5017 Dia-

1955 5056 2115 5113 bolus
2164 5055 2259 5112 dat
2298 5071 2491 5111 aurum
2540 5065 2596 5113 et
2626 5071 2891 5128 gemmas,
2940 5064 2998 5113 et
3045 5053 3298 5111 Christus
3351 5071 3548 5128 panem

1957 5167 2067 5207 non
2095 5158 2278 5222 potest
2306 5149 2478 5207 dare?
2505 5148 2618 5207 Nos
2658 5165 2878 5206 omnem
2911 5147 3341 5206 sollicitudinem
3388 5149 3557 5222 proji-
3588 5214 3593 5219 ε

1958 5244 2164 5301 cian'ius
2206 5245 2273 5300 de
2314 5243 2578 5300 cordibus
2608 5242 2833 5311 nostris,
2885 5249 2941 5299 et
2986 5241 3275 5299 dicamus:
3328 5240 3397 5298 In
3445 5242 3553 5300 Deo

1958 5340 2210 5411 faciemus
2238 5340 2496 5421 virtutem.
2540 5338 2662 5408 Ipse
2692 5338 2799 5395 erit
2845 5336 3020 5394 virtus
3059 5349 3245 5394 nostra
3274 5356 3287 5393 :
3321 5339 3438 5411 ipse
3466 5354 3561 5409 pa-

1959 5434 2044 5490 nis
2078 5442 2303 5491 noster:
2348 5435 2466 5505 ipse
2495 5432 2603 5488 erit
2642 5440 2824 5488 rector
2851 5440 3058 5489 noster.
3092 5430 3162 5487 Et
3191 5435 3301 5506 ipse
3354 5434 3426 5488 ad
3468 5436 3555 5489 ni-

1960 5529 2124 5585 hilum
2151 5528 2371 5584 deducet
2397 5526 2633 5582 inimicos
2685 5536 2913 5582 nostros.
2970 5525 3094 5597 Ipse
3146 5542 3246 5583 nos
3284 5539 3552 5584 coronat:

1960 5622 2080 5696 ipse
2123 5621 2677 5696 pugnatuobiscum:
2711 5622 2886 5693 magis
2931 5607 3111 5677 autem
3145 5621 3260 5693 ipse
3294 5622 3475 5678 vincet
3502 5621 3559 5679 in

1964 5718 2142 5776 nobis.
2158 5716 2299 5788 Quid
2322 5714 2470 5774 enim
2492 5712 2760 5770 dicimus?
2788 5714 2856 5770 In
2886 5712 2998 5772 Deo
3025 5716 3272 5787 faciemus
3294 5715 3554 5772 virtutem.

1961 5805 2194 5882 Quando
2223 5810 2369 5868 enim
2415 5806 2584 5864 fortes
2614 5806 2903 5879 fuerimus,
2951 5807 3065 5881 ipse
3107 5807 3177 5864 ad
3216 5806 3435 5865 nihilum
3467 5807 3564 5888 de;
