4008 6336
410 220 551 284 H55

1192 216 1535 278 APPENDIX
1574 215 1666 274 AD
1705 212 1951 273 TOMUM
1995 209 2351 272 SEPTIMUM
2391 208 2450 266 S.
2492 205 2899 266 HIEKONYMI.

3570 201 3711 262 “56

411 350 558 402 ducct
588 345 822 401 inimicos
855 350 1078 399 nostros.
1108 339 1223 397 Non
1255 340 1391 396 dixit
1419 357 1432 394 :
1465 337 1748 416 pugnabit,
1796 346 1881 390 aut
1914 350 2006 389 oc-
2038 336 2085 396 Α
2115 331 2244 386 bant
2276 347 2288 384 :
2328 329 2471 384 Vah!
2507 328 2597 400 qui
2631 328 2797 384 solvis
2830 326 3112 398 templum,
3136 332 3193 382 et
3219 325 3271 382 in
3307 324 3485 380 tribus
3513 323 3710 380 diebus

409 440 558 496 cidet
587 455 600 496 :
631 439 750 504 sed,
779 439 850 491 ad
881 437 1103 492 trs/tilum
1126 435 1367 489 deducet.
1399 432 1526 488 Ideo
1557 445 1653 486 eos
1673 429 1740 484 ad
1775 427 2004 483 nihilum

409 530 666 598 deducet,
710 539 790 594 ut,
820 529 863 584 si
887 526 1189 592 voluerint,
1233 524 1401 580 fortes
1433 538 1528 579 eos
1555 523 1735 588 faciat,
1762 531 1813 576 et
1842 518 2008 590 glori-

410 623 536 678 licct
565 638 679 679 eos.
714 621 1104 677 Bcncdicamus
1132 634 1265 690 ergo
1317 617 1487 673 Deum
1520 634 1531 668 :
1579 614 1664 670 cui
1708 614 1781 668 sit
1831 612 2006 683 gloria

410 714 464 770 in
508 715 704 770 saecula
735 716 1084 770 saeculorum.
1119 711 1312 767 Amen.

931 841 1256 907 PS.-\LMUS
1293 844 1475 902 CVIII.

411 938 480 1000 In
511 946 688 1013 ﬁnem,
727 937 972 999 Paulinus
1004 941 1197 996 David.
1229 937 1564 1013 QtltldidICil,
1602 939 1652 1013 in
1682 937 1838 1013 finem
1874 952 1890 988 .'
1921 934 2004 988 in-

482 1009 789 1086 telligamus
829 1016 1028 1070 nonde
1075 1013 1328 1086 prteseuti
1371 1011 1510 1086 dici,
1555 1009 1651 1086 sed
1684 1010 1753 1086 de
1790 1009 2005 1086 laturo.

482 1089 539 1146 Si
570 1078 753 1144 autem
779 1088 846 1143 de
873 1087 1054 1142 futuro
1075 1078 1308 1152 'diritur,
1351 1083 1633 1154 prOphetia
1675 1083 1743 1136 de
1783 1078 2006 1134 Chrisw

482 1171 587 1216 est.

482 1274 622 1328 Deus
647 1315 663 1342 ,
697 1272 906 1328 laudem
939 1289 1103 1328 meant
1142 1287 1206 1326 ne
1247 1271 1491 1326 tacueris.
1542 1269 1655 1323 Hoc
1694 1278 1770 1322 est
1793 1309 1808 1333 ,
1840 1265 2009 1322 Judas

411 1383 498 1423 me
527 1367 770 1430 tradidit,
795 1365 967 1422 Judazi
999 1364 1276 1437 persecuti
1305 1373 1426 1418 sunt
1452 1403 1466 1427 ,
1497 1370 1555 1416 et
1582 1359 1966 1415 cruciﬁxernnt
1990 1402 2004 1423 ,

409 1471 459 1515 et
488 1467 818 1530 putaverunt
843 1474 929 1512 me
952 1457 1008 1512 in
1035 1457 1199 1511 linem
1232 1456 1480 1525 perdere.
1507 1454 1586 1508 Tu
1609 1463 1818 1515 autem,
1845 1451 2007 1514 Deus,

410 1554 624 1610 Iaudem
672 1569 851 1609 meam
899 1570 967 1608 ne
998 1551 1256 1607 tacueris.
1302 1549 1564 1607 Universa
1615 1545 1862 1602 Ecclesia
1913 1560 2010 1615 per

409 1649 658 1721 singulos
685 1648 804 1703 dies
835 1648 1022 1702 laudat
1052 1646 1360 1710 Dominum,
1387 1652 1444 1698 et
1473 1643 1741 1710 completa
1776 1649 1857 1694 est
1885 1654 2009 1692 ora-

2111 423 2242 479 illud
2295 423 2616 479 remdilicas.
2672 422 2831 479 Salva
2880 421 3230 491 temetipsum
3270 419 3467 492 (Mare.
3500 420 3615 486 xv).
3649 417 3713 474 Si

2110 519 2282 590 diligit
2326 530 2377 573 te
2418 517 2605 582 Pater,
2642 517 2827 572 veniat
2868 531 3014 571 nunc
3041 557 3054 576 ,
3100 522 3156 568 et
3192 513 3389 570 liberet
3430 520 3485 568 te
3526 511 3711 584 (Matt.

2110 611 2326 681 xxvm).
2365 611 2478 680 Ego
2519 626 2614 678 pro
2649 610 2782 678 ipsis
2817 623 2882 664 ex
2921 607 3154 663 mortuis
3195 605 3471 662 resurresi
3495 648 3511 672 ,
3541 612 3598 662 et
3626 605 3714 659 illi

2110 705 2298 760 dicunt
2337 723 2350 758 :
2387 705 2648 776 Discipuli
2692 704 2840 760 illius
2885 714 3154 759 venerunt
3195 709 3360 757 nocte
3385 745 3400 770 ,
3449 711 3504 758 et
3543 699 3714 755 furati

2108 809 2234 854 sunt
2261 814 2384 853 eum
2412 797 2568 869 (Luc.
2601 796 2791 868 χχιιι).
2826 795 2891 850 Et
2922 796 3101 850 odium
3131 812 3225 864 pro
3253 795 3528 850 dilectione
3567 809 3710 848 mea.

2109 888 2435 954 Considera,
2470 905 2504 946 o
2532 890 2875 956 Christiane;
2904 887 3198 944 considera
3221 930 3236 948 .
3265 903 3299 942 ο
3324 885 3624 950 monacbe;
3659 883 3711 942 sl

2114 982 2374 1038 Dominus
2405 993 2816 1052 persecutorem
2856 997 3014 1037 suum
3063 993 3112 1035 et
3147 979 3486 1052 proditorem
3517 979 3712 1036 osculo

2110 1078 2384 1146 suscepit,
2417 1085 2472 1132 et
2512 1091 2610 1145 pro
2639 1076 3080 1146 cruciligentibus
3111 1090 3234 1130 eum
3265 1081 3389 1131 orat
3423 1091 3437 1129 :
3469 1089 3566 1130 nos
3606 1088 3713 1144 pro

2111 1172 2369 1227 fratribus
2401 1171 2604 1226 nostris
2633 1171 2760 1242 quid
2792 1170 2972 1226 facere
2999 1170 3263 1226 debemus
3287 1170 3310 1224 ‘I

2181 1263 2454 1320 Constitue
2479 1281 2634 1333 super
2658 1281 2777 1319 sum
2815 1271 3162 1337 peccatorent.
3201 1262 3470 1332 Quoniam
3519 1262 3714 1334 rogari

2112 1380 2214 1436 pro
2244 1363 2378 1434 ipsis
2410 1364 2462 1417 in
2491 1377 2656 1418 cruce
2682 1403 2696 1427 ,
2741 1371 2794 1417 ct
2835 1363 3093 1417 viderunt
3118 1361 3342 1416 vulnera
3383 1375 3521 1415 mea.
3574 1358 3714 1415 Dedi

2111 1459 2192 1515 eis
2223 1460 2403 1514 locum
2436 1459 2809 1528 ptenitentiae,
2849 1465 2909 1512 et
2945 1472 3049 1512 non
3088 1464 3257 1526 agunt
3299 1454 3716 1526 pcnitcntiam,

2113 1563 2168 1609 et
2196 1569 2283 1610 me
2317 1554 2508 1608 nolunt
2540 1552 2742 1608 habere
2781 1567 2963 1623 regem
2987 1593 3002 1618 ,
3049 1550 3284 1606 habeant
3316 1565 3494 1620 regem
3521 1549 3720 1605 diabm

2112 1647 2223 1702 lum
2259 1666 2270 1701 ς
2307 1647 2503 1701 ηοΙιιιιι
2534 1647 2735 1700 habere
2782 1659 2966 1717 regem
2997 1645 3203 1710 Jesum,
3249 1644 3483 1699 habeant
3529 1649 3719 1715 regem

411 1741 488 1797 tio
521 1741 735 1796 Domini
767 1741 1006 1796 dicentis
1032 1757 1043 1792 :
1070 1737 1232 1802 Deus,
1255 1737 1462 1792 laudem
1487 1751 1652 1788 meam
1679 1750 1741 1786 ne
1762 1731 2002 1786 tacueris.
2041 1737 2087 1805 B
2116 1739 2451 1802 Bal-abham,
2480 1740 2570 1809 qui
2605 1740 3019 1808 interpretatur,
3051 1737 3195 1806 ﬁlius
3234 1738 3428 1808 patris,
3460 1735 3566 1792 hoc
3595 1747 3678 1791 est
3701 1779 3718 1804 ,

413 1835 552 1891 Vide
599 1836 754 1907 cujus
803 1835 1083 1906 dignitatis
1128 1843 1256 1888 sunt
1297 1831 1629 1886 sacerdotes.
1683 1828 2007 1886 Sacerdotes

409 1930 728 2002 loquuntur,
761 1941 815 1984 et
847 1931 901 1983 in
931 1927 1309 1984 sacerdotibus
1344 1927 1490 1981 Dens
1516 1923 1731 1980 laudem
1776 1921 1896 1976 Filii
1925 1921 2010 1974 sui

413 2040 521 2081 non
557 2033 723 2080 tacet.
774 2024 910 2088 Quia
956 2040 1012 2077 os
1045 2021 1330 2089 peccatoris
1361 2028 1408 2073 et
1438 2034 1492 2071 os
1530 2016 1701 2071 dolosi
1738 2030 1896 2085 super
1932 2028 2012 2067 me

411 2127 652 2186 apertum
680 2126 776 2170 est.
816 2115 1111 2170 Videamus
1141 2111 1415 2184 quomodo
1439 2127 1497 2165 os
1530 2109 1685 2165 Iuda:
1717 2106 2010 2177 proditoris

407 2215 656 2282 apertum
694 2220 774 2265 est
820 2209 875 2264 in
911 2209 1223 2263 Dominum.
1274 2204 1434 2259 Venit
1475 2203 1540 2257 ad
1583 2201 1914 2264 Dominum,
1954 2205 2012 2251 ut

410 2320 537 2359 eum
588 2303 806 2369 tradat,
850 2311 906 2356 et
945 2301 1078 2356 dzcit
1118 2319 1128 2352 ε
1166 2299 1339 2353 Bahbi
1367 2339 1382 2363 ,
1431 2297 1531 2350 hoc
1577 2305 1657 2348 est
1687 2338 1699 2360 ,
1752 2293 2012 2363 magister

415 2397 608 2468 (Marc.
655 2399 790 2465 xiv).
835 2396 976 2450 Ecce
1022 2410 1079 2447 os
1120 2391 1444 2465 peccatoris,
1485 2396 1530 2443 et
1572 2404 1626 2442 os
1657 2385 1847 2440 dolosi.
1899 2385 2010 2454 Ego

411 2503 534 2546 eum
571 2505 686 2545 mea
729 2489 1020 2543 clementia
1054 2487 1179 2541 volo
1229 2486 1483 2551 salt-are,
1535 2493 1586 2537 et
1636 2479 1881 2536 osculum
1931 2477 2009 2531 illi

407 2581 657 2654 porrigo.
691 2590 744 2636 et
773 2581 903 2635 volo
939 2580 1162 2635 Vincere
1197 2578 1458 2632 malitiam
1491 2570 1607 2646 ejus
1628 2615 1642 2638 ,
1670 2584 1725 2629 et
1757 2573 1850 2627 ille
1883 2586 2011 2642 per-

410 2684 595 2732 manet
622 2675 687 2730 ad
719 2671 1173 2729 malefaciendum
1202 2717 1216 2740 ,
1248 2680 1308 2725 ut
1334 2685 1420 2724 me
1455 2668 1655 2724 tradat.
1687 2665 2010 2736 Specialiter

412 2768 736 2839 intelligitur
761 2767 832 2823 de
860 2767 999 2824 Juda
1041 2785 1054 2821 :
1093 2765 1427 2837 generaliter
1466 2772 1645 2818 autem
1678 2761 1746 2816 de
1773 2759 2006 2819 Judads,

408 2861 463 2916 in
509 2877 576 2916 co
619 2870 868 2929 tempore
909 2874 1018 2930 quo
1057 2859 1356 2913 dicebant:
1387 2855 1657 2927 Crucilige
1683 2896 1696 2917 ,
1751 2853 2009 2922 crucilige

409 2955 594 3029 (Joan.
621 2955 757 3024 χιιι).
781 2953 913 3009 Tale
940 2968 1002 3008 os
1029 2953 1336 3023 peccatoris
1360 2951 1413 3005 in
1442 2948 1727 3004 Dominum
1762 2957 2008 3012 apertum

409 3054 512 3102 est.
541 3046 611 3103 Ut
633 3057 816 3101 autem
843 3045 1073 3101 videatis
1095 3043 1236 3116 quod
1261 3044 1328 3098 de
1349 3043 1603 3098 omnibus
1624 3041 1826 3097 Iuda-is
1845 3038 2002 3104 dixit,

2114 1830 2342 1886 diaboli.
2377 1831 2653 1886 Barabhas
2687 1831 2791 1887 iste
2815 1829 2939 1900 quis
2963 1829 3102 1884 luit?
3129 1827 3440 1885 Seditiosus
3467 1837 3522 1884 et
3550 1828 3721 1883 latro.

2118 1923 2180 1980 Et
2213 1939 2340 1978 vere
2369 1925 2671 1979 Barabbam
2707 1924 2908 1980 habent
2940 1936 3126 1993 regem
3157 1965 3170 1987 ,
3211 1933 3268 1979 et
3303 1936 3476 1994 usque
3515 1923 3570 1978 in
3613 1919 3722 1978 Ιιθ⁸

2115 2017 2367 2074 diernum
2399 2018 2541 2074 diem
2584 2019 2906 2075 seditiosnm
2946 2027 3001 2074 et
3046 2019 3314 2075 latronem
3346 2061 3360 2084 ,
3394 2019 3486 2090 qui
3516 2019 3727 2074 occidit

2115 2109 2264 2179 ipsos
2291 2109 2537 2165 Juda'os.
2591 2109 2868 2165 Barabbas
2897 2111 3039 2166 latro
3068 2156 3081 2179 ,
3113 2113 3204 2182 qui
3248 2113 3510 2183 sanguine
3534 2111 3726 2166 delec-

2118 2211 2287 2267 tatur,
2317 2213 2605 2274 antequam
2655 2204 2916 2259 Dominus
2946 2205 3360 2272 cruciligeretur
3385 2221 3397 2258 :
3423 2216 3722 2273 antequam

2115 2311 2241 2352 eum
2273 2297 2654 2368 cruciﬁgereut
2679 2298 2852 2353 Judaei
2881 2337 2893 2358 .
2927 2297 3170 2353 ἰιιτ·1ιιθιις
3199 2309 3338 2354 erat.
3373 2297 3725 2369 Negaverunt

2117 2389 2431 2453 Dominum,
2456 2403 2505 2446 et
2535 2391 2810 2445 Barabbas
2830 2391 3095 2447 dimisuts
3120 2401 3204 2446 est
3226 2390 3404 2465 (Joan.
3429 2391 3608 2463 χχιιι).
3633 2391 3718 2446 Ex

2115 2497 2182 2537 eo
2208 2483 2353 2538 enim
2385 2492 2631 2552 tempore
2665 2484 2944 2540 Barabbas
2975 2485 3142 2556 coepit
3172 2484 3224 2539 in
3259 2500 3354 2539 eos
3384 2485 3585 2541 habere
3614 2500 3722 2556 po-

2116 2584 2368 2630 testatem
2393 2618 2407 2642 ,
2443 2585 2499 2631 et
2537 2577 2627 2631 ille
2665 2576 2882 2631 daemon
2923 2578 3012 2644 qui
3051 2578 3259 2645 eiectus
3299 2579 3476 2633 fuerat
3509 2579 3577 2634 de
3617 2579 3724 2634 lto-

2115 2669 2261 2724 mine
2287 2711 2301 2732 ,
2334 2678 2387 2724 et
2415 2669 2484 2724 de
2533 2669 2622 2724 illa
2674 2672 3031 2739 generatione
3058 2715 3074 2742 ,
3116 2681 3172 2727 et
3217 2672 3621 2741 perambulabat
3659 2671 3720 2728 in

2113 2760 2354 2828 deserto,
2386 2771 2441 2818 et
2470 2762 2650 2818 locum
2684 2763 2929 2818 invenire
2960 2779 3065 2818 non
3091 2773 3344 2835 poterat,
3375 2763 3601 2819 adduxit
3628 2778 3719 2820 ses

2114 2871 2236 2910 cum
2271 2856 2408 2910 alios
2437 2865 2647 2924 septem
2681 2857 2960 2913 dmmoues
2992 2859 3208 2928 pejores
3247 2872 3307 2914 se
3333 2857 3488 2929 (Luc.
3522 2857 3620 2930 χι),
3660 2865 3724 2917 et

2115 2949 2337 3004 intravit
2369 2950 2421 3004 in
2452 2964 2784 3022 synagogam
2805 2992 2818 3014 ,
2849 2962 2899 3006 et
2935 2952 3069 3005 facta
3113 2958 3241 3006 sunt
3284 2952 3577 3006 noris-ima
3619 2954 3724 3006 tuo:

2116 3044 2279 3097 minis
2310 3043 2457 3098 illius
2487 3044 2667 3115 pejora
2700 3045 3002 3114 prioribus.
3057 3046 3302 3117 Denique
3337 3055 3392 3101 et
3430 3046 3720 3119 Synagoga

408 3154 479 3197 ex
522 3141 986 3212 consequentibus
1034 3139 1401 3210 cognoscetis.
1455 3136 1596 3204 Quid
1641 3136 1784 3190 enim
1833 3131 2007 3187 dicit?
2037 3147 2082 3209 ρ
2115 3134 2430 3194 Judteorum
2479 3145 2772 3206 antequam
2823 3137 3172 3209 cruciﬁgeret
3225 3139 3510 3193 llmninnm
3540 3183 3555 3204 ,
3598 3148 3724 3194 erat

481 3233 664 3289 Loculi
705 3243 823 3288 sunt
864 3233 1135 3288 adversum
1181 3249 1262 3286 me
1305 3232 1484 3302 lingua
1515 3229 1720 3283 dolosa.
1769 3228 1880 3296 Ego
1911 3241 2010 3296 pro

409 3328 544 3397 ipsis
568 3325 948 3396 crucifigebar,
985 3334 1039 3379 et
1081 3325 1156 3378 illi
1200 3323 1540 3378 insultahaut
1583 3321 1735 3374 mihi.
1773 3319 2007 3373 Vulnera

407 3433 530 3474 mea
563 3417 833 3472 medicina
865 3432 1055 3472 eorum
1088 3425 1237 3470 erant
1260 3457 1274 3479 ,
1305 3426 1358 3471 et
1391 3415 1614 3470 videbar
1645 3411 1751 3467 illis
1779 3413 1830 3467 in
1862 3413 2012 3467 deri-

405 3525 550 3567 sum.
585 3507 654 3564 Et
680 3509 998 3564 sermonibus
1031 3509 1139 3562 odii
1170 3507 1620 3563 circumdederant
1661 3523 1762 3560 me.
1800 3505 1919 3560 Non
1953 3515 2010 3560 ιιι

413 3603 642 3660 credant
671 3644 685 3668 ,
730 3602 825 3658 sed
873 3612 930 3656 ut
967 3611 1303 3672 expugnent.
1365 3600 1428 3655 Et
1467 3607 1886 3671 expugnaverunt
1932 3615 2012 3652 me

408 3698 592 3767 gratis.
629 3695 932 3764 Dupliciter
975 3695 1296 3766 intelligitur
1333 3693 1534 3766 gratis,
1580 3693 1684 3748 hoc
1726 3704 1808 3746 est
1834 3734 1847 3755 ,
1891 3693 2010 3747 sine

415 3805 603 3846 causa.
653 3789 764 3846 Nec
796 3791 938 3845 enim
990 3803 1340 3859 peccaverant
1371 3829 1383 3851 ,
1433 3797 1484 3841 et
1517 3803 1621 3840 non
1672 3787 1922 3840 merebar
1954 3794 2011 3838 ιιι

411 3883 753 3942 debellarent
794 3897 905 3937 tne.
937 3881 1067 3950 Quze
1111 3892 1292 3935 autem
1333 3879 1495 3951 digna
1529 3894 1696 3934 causa
1745 3887 1858 3933 erat
1892 3919 1904 3941 ,
1953 3885 2011 3931 ιιι

410 3985 790 4049 expugnarent
821 3975 953 4031 me?
982 3975 1121 4043 Quia
1151 3989 1468 4029 sanaveram
1515 3983 1750 4042 mgrotos
1785 3986 2006 4037 θιιιίιιιι,

409 4072 535 4141 quia
580 4079 824 4124 mortuos
859 4069 1314 4124 resuscitaveram
1337 4109 1349 4131 ,
1384 4068 1507 4136 quia
1540 4067 1644 4120 alia
1676 4066 1826 4136 signa
1860 4064 2006 4119 fece-

410 4181 550 4220 ram.
605 4164 801 4219 Videte
845 4179 976 4234 ergo
1017 4162 1280 4232 quoniam
1346 4163 1515 4231 gratis
1558 4169 2008 4230 expugnaverunt

407 4274 554 4314 eum.
590 4258 657 4313 Et
687 4259 848 4313 aliter
871 4256 1214 4327 intelligitur.
1242 4255 1545 4310 Voluerunt
1577 4253 1927 4324 exstinguere
1954 4260 2010 4308 ct

407 4351 594 4406 delere
651 4365 846 4406 nomen
905 4337 1122 4414 meum,
1179 4357 1234 4404 et
1293 4357 1466 4401 tamen
1524 4363 1629 4401 non
1687 4355 2005 4417 potuerunt.

408 4443 641 4512 Quando
662 4443 859 4514 aliquis
877 4443 1110 4514 aliquem
1136 4441 1502 4512 persequitur,
1525 4451 1579 4495 et
1604 4439 1732 4494 nihil
1760 4440 2002 4510 prolicit:

2115 3229 2336 3300 quidem
2381 3230 2657 3299 peccatrix
2686 3273 2700 3295 ,
2731 3230 2828 3284 sed
2879 3246 3043 3286 unum
3091 3239 3304 3285 tantum
3338 3230 3578 3286 habebat
3603 3233 3722 3286 dae-

2114 3339 2351 3378 monem.
2379 3322 2667 3379 Crucilixit
2705 3324 3016 3387 Ilomiuum,
3044 3334 3097 3378 et
3133 3332 3258 3379 octo
3289 3325 3450 3378 simul
3497 3325 3550 3378 in
3593 3337 3718 3380 eam

2111 3416 2392 3472 daemones
2440 3416 2673 3485 ingressi
2722 3427 2869 3470 sunt.
2919 3415 3206 3486 Impletum
3258 3427 3346 3471 est
3394 3431 3526 3486 ergo
3569 3415 3717 3484 quod

2112 3509 2247 3566 dixit
2280 3531 2292 3566 :
2326 3509 2589 3564 Constitue
2627 3527 2782 3582 super
2826 3527 2944 3564 eum
2990 3519 3307 3582 precatorem
3335 3552 3351 3576 ,
3402 3521 3448 3564 ct
3479 3510 3721 3564 diabolus

2111 3612 2207 3657 stet
2233 3619 2264 3654 a
2290 3602 2487 3657 dextris
2528 3603 2661 3672 ejus.
2709 3603 2978 3670 Quoniam
3021 3619 3049 3656 a
3098 3603 3306 3657 dextris
3353 3601 3474 3673 ejus
3521 3603 3716 3668 stetit,

2111 3706 2404 3768 propterea
2433 3697 2725 3767 Synagoga
2760 3699 2962 3752 siccam
3013 3695 3248 3753 habebat
3279 3711 3498 3751 manum
3526 3696 3721 3751 dextea-

2113 3805 2266 3857 ram,
2298 3789 2436 3844 sicut
2467 3789 2736 3859 scriptum
2785 3797 2872 3843 est
2919 3791 2969 3843 in
3021 3790 3338 3859 Evangelia.
3389 3788 3501 3845 Nos
3531 3799 3718 3845 autem

2112 3897 2352 3944 oremus,
2387 3893 2441 3936 ut
2473 3883 2737 3937 Dominus
2768 3891 2876 3938 stet
2906 3900 2932 3936 a
2967 3882 3174 3939 dextris
3201 3884 3427 3955 nostris,
3460 3885 3719 3941 diabolus

2113 3985 2291 4030 autem
2323 3991 2350 4028 a
2381 3975 2621 4030 sinistris
2654 3974 2808 4042 (Luc.
2842 3973 2940 4047 rt).
2975 3975 3251 4044 Scriptum
3291 3987 3373 4032 est
3412 3979 3464 4032 in
3508 3977 3719 4031 Zacha-

2113 4070 2194 4124 ria
2231 4088 2240 4121 ε
2277 4070 2342 4124 Ει
2371 4069 2612 4125 ostendit
2661 4070 2790 4124 mihi
2845 4071 3106 4128 Dominus
3135 4073 3318 4128 Jesum
3352 4073 3711 4128 Sacerdotem

2113 4178 2368 4233 maguum
2398 4205 2412 4228 ,
2448 4171 2683 4217 stantem
2728 4178 2910 4218 coram
2942 4163 3136 4235 angelo
3169 4165 3426 4232 Domini,
3459 4176 3514 4221 et
3544 4165 3716 4221 Sataa'

2113 4257 2287 4311 stabat
2313 4271 2344 4311 a
2367 4255 2572 4310 dextris
2600 4259 2741 4325 ejus,
2770 4263 2829 4310 ut
2850 4268 3117 4327 pugnaret
3147 4272 3270 4312 cum
3294 4273 3360 4314 eo
3384 4257 3578 4329 (lactt.
3605 4264 3714 4326 ιιι).

2113 4349 2169 4405 Si
2203 4365 2335 4420 ergo
2365 4365 2394 4403 a
2426 4349 2635 4404 dextris
2662 4349 2910 4406 diabolus
2957 4359 3064 4406 stat
3091 4391 3107 4417 ,
3141 4352 3414 4422 quomodo
3460 4368 3604 4407 nunc
3642 4352 3719 4408 de

2109 4444 2246 4502 Iuda
2276 4446 2432 4512 dicit,
2457 4456 2506 4502 et
2535 4446 2776 4502 diabolus
2803 4457 2904 4502 stet
2934 4464 2967 4502 α
2991 4447 3189 4502 dextris
3212 4453 3325 4519 eius
3345 4451 3370 4503 ?
3397 4448 3505 4506 Sed
3534 4450 3718 4505 videto

405 4544 462 4591 et
487 4552 596 4590 non
627 4535 812 4605 implet
840 4535 1174 4590 desiderium
1207 4550 1363 4589 suum
1388 4577 1402 4603 ,
1431 4533 1603 4605 gratis
1641 4532 2001 4603 persequitur.
2033 4545 2086 4604 Ῑ)
2111 4536 2240 4606 quid
2266 4537 2395 4591 dicit
2426 4555 2436 4589 :
2470 4537 2654 4592 Stabat
2680 4538 2934 4594 diabolus
2960 4554 2990 4593 a
3018 4538 3226 4595 dextris
3250 4539 3404 4606 Jesn,
3437 4549 3498 4595 ut
3520 4541 3720 4596 adver-

480 4627 588 4682 Pro
617 4643 675 4682 eo
703 4637 759 4682 ut
789 4645 868 4681 me
889 4627 1186 4700 diligerent,
1223 4626 1561 4682 detrahebant
1594 4627 1723 4680 mihi
1743 4641 1762 4681 :
1786 4642 1880 4696 ego
1912 4642 2006 4679 au-

406 4731 505 4777 tem
529 4720 765 4775 orabam.
795 4721 897 4776 Pro
921 4721 1219 4788 beneﬁciis,
1252 4738 1371 4793 qua:
1399 4720 1480 4776 eis
1510 4721 1844 4776 contuleram
1864 4763 1878 4785 ,
1907 4720 2007 4789 ipsi

407 4814 767 4870 contumelias
814 4814 945 4868 mihi
980 4811 1267 4869 faciebant.
1323 4815 1432 4884 Ego
1464 4823 1644 4868 autem
1675 4812 1801 4884 quid
1835 4813 2005 4868 facie-

405 4907 566 4963 bam?
596 4906 842 4962 Orabam.
876 4907 1000 4962 "ch
1031 4915 1158 4962 sunt
1202 4922 1352 4961 arma
1382 4907 1596 4962 Domini
1630 4925 1642 4962 :
1668 4907 1784 4963 hrcc
1814 4908 1922 4962 sint
1953 4915 2007 4962 et

406 5009 591 5058 nostra
625 5017 798 5068 arma,
824 5001 1023 5057 oratio.
1049 5000 1108 5056 Si
1129 4999 1346 5072 quando
1370 5015 1503 5071 ergo
1535 5016 1633 5055 nos
1663 5001 2008 5070 persequitur

409 5093 605 5163 aliquis
629 5138 643 5160 ,
681 5106 734 5150 el
773 5095 892 5150 odit
927 5110 1047 5159 nos,
1079 5093 1326 5150 dicamus
1359 5111 1372 5147 :
1406 5093 1512 5148 Pro
1535 5111 1592 5149 eo
1624 5104 1678 5149 ut
1712 5111 1790 5148 me
1815 5093 2004 5167 dilige-

407 5201 553 5257 rent,
594 5190 926 5245 detrahebant
967 5189 1112 5244 mihi.
1161 5191 1272 5260 Ego
1318 5200 1497 5245 autem
1535 5189 1663 5261 quid
1697 5189 2005 5245 faciebam?

412 5283 641 5338 Orabam
687 5299 704 5336 :
753 5291 811 5338 ut
848 5299 943 5337 eos
991 5283 1315 5339 vincerem?
1360 5283 1538 5337 Absit.
1586 5283 1848 5338 Dominus
1897 5298 2003 5338 non

407 5377 631 5440 orabat,
664 5387 720 5431 ut
751 5377 1012 5433 vinceret.
1055 5377 1157 5433 Sed
1191 5377 1318 5448 quid
1354 5377 1523 5433 dixit?
1549 5376 1659 5449 Ego
1689 5389 1861 5433 autem
1884 5394 2006 5431 ora-

408 5470 544 5526 bam.
585 5470 722 5539 Quid
759 5469 1042 5526 dicebam?
1067 5471 1252 5539 Pater,
1289 5472 1508 5542 ignosce
1532 5472 1610 5526 eis
1638 5471 1813 5542 :quod
1855 5472 2001 5528 enim

410 5565 637 5632 faciunt,
663 5565 910 5620 nesciunt
934 5563 1088 5637 (Luc.
1113 5563 1289 5636 χχιιι).

487 5660 552 5714 Ει
576 5669 854 5732 posuerunt
878 5659 1154 5714 adversum
1181 5675 1258 5713 me
1281 5659 1421 5714 mala
1453 5676 1547 5732 pro
1567 5658 1737 5716 bonis.
1764 5659 1818 5714 Ιιι
1843 5674 2008 5716 cruce

414 5757 646 5827 positus,
669 5754 925 5826 rogabam
955 5767 1051 5825 pro
1073 5753 1510 5826 cruciﬁgentibus
1538 5769 1646 5822 me,
1671 5765 1728 5811 et
1751 5753 1829 5811 illi
1857 5753 2007 5811 dice-

2113 4641 2330 4684 saretur
2361 4630 2433 4693 ei,
2467 4629 2567 4684 hoc
2595 4638 2704 4696 est,
2738 4632 2981 4687 dexterae
3009 4634 3130 4703 ejus
3160 4632 3442 4690 adversari
3475 4636 3712 4691 volebat.

2115 4722 2212 4776 Hic
2256 4730 2437 4777 autem
2473 4739 2579 4777 non
2611 4724 2784 4791 dicit,
2827 4725 2952 4796 quia
3003 4739 3248 4797 pugnare
3276 4727 3432 4794 ult;
3465 4729 3561 4785 sed
3589 4730 3716 4799 quia

2108 4814 2221 4884 jam
2270 4817 2479 4871 vicerat
2509 4815 2729 4874 Judam.
2783 4817 3040 4874 Diabolus
3089 4819 3159 4873 lbi
3199 4829 3390 4875 contra
3430 4819 3714 4877 dexteram

2114 4907 2392 4963 desiderat
2429 4925 2672 4978 pugnare
2703 4928 2714 4962 ε
2749 4909 2838 4965 hic
2865 4924 3048 4967 autem
3078 4911 3392 4968 domitu-ltus
3420 4923 3506 4968 est
3531 4913 3715 4971 dexte

2114 5018 2188 5057 ra:
2221 5001 2396 5058 Judae.
2432 5003 2539 5060 Sed
2577 5014 2632 5060 et
2662 5004 2768 5061 hoc
2794 5005 3276 5062 considerandum.
3329 5007 3388 5061 In
3431 5009 3530 5063 illa
3573 5021 3709 5064 tem-

2113 5111 2245 5167 pore
2279 5096 2455 5152 stabat
2485 5113 2516 5152 a
2545 5097 2760 5155 dextris
2811 5099 3021 5155 Domini
3051 5139 3066 5167 ,
3114 5105 3172 5155 ul
3210 5100 3596 5159 adversaretur
3622 5104 3671 5159 ei
3691 5148 3705 5172 ,

2114 5189 2332 5260 quando
2357 5191 2517 5245 Jesus
2549 5189 2782 5246 habebat
2813 5193 3138 5249 vestimenta
3169 5194 3407 5249 sordida.
3446 5193 3538 5251 Sic
3565 5197 3709 5252 enim

2115 5290 2169 5338 et
2215 5283 2284 5336 ibi
2330 5283 2591 5362 scriptum
2640 5293 2725 5340 est
2762 5305 2771 5336 :
2805 5285 2872 5340 Et
2902 5285 3064 5342 Jesus
3112 5286 3345 5344 habebat
3386 5290 3714 5356 resdmcnta'

2113 5375 2360 5432 sordida.
2393 5377 2661 5443 Quamdiu
2695 5376 2860 5433 habet
2908 5379 3170 5435 Dominus
3197 5379 3358 5437 Iesus
3385 5381 3709 5438 vestimenta

2115 5469 2361 5535 sordida,
2395 5470 2604 5525 tamdiu
2632 5479 2736 5525 stat
2764 5470 3016 5527 diabolus
3041 5488 3068 5526 a
3096 5473 3304 5530 dextris
3335 5475 3478 5544 eius,
3513 5491 3704 5546 quam-

2115 5565 2206 5622 diu
2251 5575 2432 5636 portat
2463 5576 2680 5635 peccata
2711 5576 2896 5622 nostra
2932 5585 2942 5620 :
2974 5567 3028 5622 in
3074 5569 3312 5636 peccatis
3360 5569 3562 5625 nristris
3608 5570 3704 5624 ad-

2116 5669 2368 5717 versatur
2401 5660 2480 5715 illi
2512 5659 2783 5716 diabolus.
2825 5661 3054 5728 Quando
3089 5673 3273 5718 autem
3296 5661 3498 5718 dicitur
3525 5663 3579 5717 in
3611 5664 3710 5718 Za-

2117 5753 2299 5810 charis
2333 5772 2343 5807 ε
2379 5753 2577 5810 Tollite
2608 5755 2934 5811 vestimenta
2966 5755 3086 5826 eius
3127 5755 3344 5812 sordida
3373 5795 3388 5825 ,
3415 5767 3470 5812 et
3506 5757 3715 5817 induite
