4008 6336
226 269 345 336 1157

1138 253 1573 322 BRBVIARIUM
1605 262 1672 320 IN
1714 254 2043 320 PSALMUS.
2092 256 2335 320 l’SALﬂ.
2376 258 2555 320 CVIII.

3353 255 3491 318 “58

220 408 329 451 eum
359 384 690 451 mutatoriis,
723 382 984 440 continuo
1011 381 1140 437 dicit
1168 382 1326 436 Jesus
1363 382 1429 436 ad
1460 379 1738 435 diabolum
1773 397 1784 432 :
1816 382 1867 442 Α
1898 379 2091 437 Videte
2138 377 2538 437 (iisrensiouem
2596 373 2995 434 Pharisaeorum
3026 381 3079 434 et
3120 375 3489 433 infelicitatem

223 486 450 551 lucrepct
495 477 756 532 Dominus
800 474 854 530 in
909 484 985 542 te,
1016 473 1250 530 Satanas
1277 515 1292 540 ,
1325 471 1572 543 increpet
1618 482 1669 529 te
1704 470 1793 543 qui
1895 472 2072 529 Judte.
2098 471 2154 529 Si
2195 473 2336 530 bene
2381 473 2596 528 endstis
2627 472 2945 544 sanguinem
2974 473 3102 526 Jesu
3124 511 3138 538 ,
3171 487 3337 540 quare
3385 483 3494 525 non

220 575 373 646 clcgit
414 571 734 629 Jerusalem.
785 569 899 625 Hoc
942 577 1118 624 totum
1165 566 1289 624 ideo
1332 567 1620 634 diximus;
1669 568 1796 639 quia
1900 567 2186 637 recepistis
2216 565 2499 636 pecuniam
2529 566 2812 622 vestram?
2853 565 2908 621 Si
2953 574 3134 620 autem
3189 581 3294 618 non
3328 563 3494 619 vultis

223 671 466 740 scriptum
494 677 572 724 est
609 685 619 719 :
657 663 722 720 Et
751 664 989 720 diabolus
1017 671 1113 717 stet
1145 679 1174 714 a
1202 661 1395 718 dextris
1421 664 1552 736 ejus.

287 765 408 822 Cum
429 761 730 837 jun'icatttr,
761 768 908 816 exeat
939 759 1330 814 condemnatus.
1383 757 1499 813 Non
1533 757 1716 812 veniat
1744 756 1798 811 in

217 857 484 932 judicium,
515 852 610 910 sed
641 853 696 908 in
725 851 1271 908 condemnationem.
1324 849 1422 907 Ubi
1466 850 1614 905 enim
1652 847 1801 920 judi-

222 952 353 1008 cium
375 955 478 1013 est,
502 946 574 1001 ibi
605 945 990 1002 condemnatio
1018 962 1028 997 :
1054 943 1144 1000 ubi
1176 955 1358 998 alitem
1391 941 1799 1010 condemnatio,

217 1042 319 1116 jam
365 1036 648 1095 manifesta
693 1046 778 1093 est
823 1037 1114 1092 sententia.
1169 1034 1236 1090 Et
1268 1035 1438 1090 oratio
1467 1038 1582 1108 ejus
1626 1036 1716 1104 ﬁat
1748 1035 1802 1088 in

222 1144 490 1208 peccatum.
522 1131 846 1188 Pmnitentia
873 1129 1030 1186 Julian
1057 1169 1071 1195 ,
1102 1130 1259 1199 pejus
1291 1138 1572 1200 peccatum
1601 1129 1802 1184 factum

219 1237 313 1285 est.
345 1225 626 1295 Quomodo
651 1223 806 1294 pejus
833 1232 1116 1293 peccatum
1144 1222 1344 1277 factum
1374 1231 1458 1276 est
1487 1219 1808 1291 pmnitentia

219 1318 363 1378 Judae
383 1317 407 1372 3
429 1316 560 1373 lvit.
595 1327 651 1373 et
679 1315 974 1387 suspendio
1001 1314 1182 1386 periit.
1217 1314 1285 1370 Et
1311 1313 1399 1384 qui
1424 1315 1670 1385 proditur
1702 1315 1810 1369 Do-

221 1414 342 1472 mini
366 1412 542 1468 I'actus
570 1420 656 1465 est
681 1452 696 1476 ,
729 1410 816 1466 hic
847 1419 906 1466 et
938 1411 1297 1480 interemptor
1325 1409 1408 1464 sui
1438 1410 1666 1464 exstitit.
1703 1409 1810 1465 Pro

221 1505 498 1562 clementia
542 1502 760 1558 Domini
793 1503 894 1558 hoc
924 1503 1049 1558 dico
1082 1521 1092 1556 :
1122 1503 1248 1574 quia
1293 1502 1466 1573 magis
1495 1515 1560 1557 ex
1598 1502 1700 1558 huc
1731 1503 1813 1556 oi-

219 1599 378 1657 lendit
405 1599 719 1662 Dominum,
753 1597 876 1668 quia
907 1611 972 1652 se
1001 1595 1310 1666 suSpeudit,
1335 1612 1496 1666 quam
1524 1598 1668 1668 quod
1703 1598 1803 1652 llo-

222 1693 416 1760 minum
446 1691 705 1764 prodidit.
735 1689 1042 1761 Oportebat
1067 1689 1373 1744 orationem
1405 1690 1580 1759 ipsius
1610 1704 1734 1744 esse
1759 1688 1810 1743 in

1903 661 2174 732 recipere,
2199 661 2454 732 quoniam
2479 659 2712 731 pretium
2742 657 3029 730 sanguinis
3059 667 3142 713 est
3169 675 3180 709 :
3206 655 3499 712 ostenditis

1904 756 2266 823 vosmetipsos
2299 753 2500 824 injuste
2542 761 2598 810 et
2627 753 2814 824 inique
2857 751 3122 808 effudisse
3149 750 3494 821 sanguinem.

1903 848 2013 906 Sed
2040 846 2167 904 vide
2196 848 2323 920 quid
2359 846 2581 902 faciunt.
2618 847 2820 918 Ipsam,
2853 845 3046 916 inquit,
3078 843 3362 915 pecuniam
3390 858 3498 896 non

1906 941 2128 997 mittunt
2152 942 2204 998 in
2233 942 2527 998 carbonem
2548 986 2560 1006 ,
2590 941 2685 997 sed
2713 947 2902 997 etnunt
2927 955 2993 996 ex
3033 937 3147 1010 ipsa
3185 953 3408 1010 agrum,
3445 945 3500 992 et

1904 1034 2178 1105 appellant
2224 1052 2348 1090 eum
2395 1034 2844 1103 Acheldemach,
2893 1033 3034 1104 quod
3082 1033 3498 1102 interpretatur,

1908 1134 2127 1203 pretium
2150 1132 2419 1204 sanguinis
2439 1125 2654 1202 (Matth.
2685 1119 2881 1202 xxvii).
2907 1131 3084 1197 Quare
3110 1128 3262 1184 illum
3283 1125 3505 1184 emunt?

1910 1223 1967 1278 In
2001 1223 2338 1295 septtltumn
2383 1226 2820 1296 peregrinorum.
2865 1222 2974 1278 Nos
3016 1222 3161 1279 beati
3203 1212 3400 1293 quibus
3437 1220 3507 1276 de

1913 1318 2090 1390 pretio
2120 1319 2405 1389 sanguinis
2435 1317 2650 1373 Domitii
2682 1327 2812 1388 ager
2858 1296 3088 1371 emitur.~
3129 1314 3196 1369 Et
3236 1324 3369 1369 uaor‘
3397 1315 3510 1386 ejus

1914 1411 2089 1465 vidua.
2121 1411 2434 1484 Synagoga,
2467 1421 2586 1482 quae
2619 1411 2791 1480 prima
2828 1409 2964 1465 facta
2997 1417 3081 1464 est
3114 1425 3250 1465 uxor
3283 1409 3410 1475 Dei,
3443 1408 3514 1464 de

1913 1521 2019 1577 qua
2036 1505 2209 1561 dixit:
2239 1507 2296 1561 Et
2321 1506 2473 1561 dedit
2505 1507 2582 1560 illi
2613 1505 2856 1560 libellum
2881 1504 3092 1576 repudii
3122 1503 3302 1576 (Deut.
3329 1503 3507 1572 xxiv).

1916 1602 1985 1656 Et
2011 1601 2207 1657 iterum
2244 1621 2254 1655 :
2287 1599 2488 1672 Recepi
2519 1613 2658 1665 eam,
2690 1608 2746 1655 et
2773 1600 2884 1656 dixi
2920 1600 2994 1655 illi
3033 1619 3043 1653 :
3077 1600 3412 1655 Convertere
3445 1598 3510 1653 ad

1919 1711 2003 1749 me
2029 1693 2162 1763 (λετ,
2197 1693 2299 1766 ιιι).
2335 1693 2432 1748 Illa
2464 1709 2596 1763 ergo
2641 1691 2925 1766 Syttﬂgttga
2967 1693 3256 1762 repudium
3303 1694 3517 1764 accepit

223 1784 591 1858 patuiteutiam
619 1815 635 1849 ο
663 1791 720 1839 et
752 1797 910 1837 versa
937 1792 1013 1836 ρει
1050 1781 1103 1835 in
1134 1792 1440 1850 peccatum.
1483 1781 1654 1838 Vides
1703 1781 1811 1836 hm-
1843 1781 1891 1844 B
1919 1804 1948 1843 a
1983 1788 2302 1856 Salvatore,
2337 1798 2390 1842 ct
2427 1789 2564 1843 facta
2597 1799 2680 1845 est
2718 1799 2852 1844 uxor
2880 1788 3036 1844 ludas
3072 1788 3385 1858 proditoris.
3418 1790 3517 1844 lte-

224 1877 441 1935 relicum
467 1883 744 1941 orantem,
769 1874 922 1930 vides
944 1873 1218 1940 Jttdzruttt,
1239 1874 1392 1929 vides
1417 1873 1775 1929 Maniclnrum
1800 1893 1810 1928 :

224 1972 345 2028 licet
379 1969 633 2040 jejunent
659 2011 672 2034 ,
708 1969 834 2024 licet
875 1977 1072 2034 orent,
1117 1976 1297 2022 tamen
1347 1968 1525 2023 oratio
1572 1968 1812 2039 ipsorum

223 2063 452 2119 vertitur
479 2061 536 2116 in
563 2070 867 2132 peccatum.
1095 2130 1100 2136 ἱ

293 2155 448 2212 Fiant
482 2158 594 2210 dies
639 2156 751 2228 ejus
784 2155 957 2226 pauci.
989 2155 1115 2210 Dies
1160 2155 1279 2224 ejus
1304 2153 1458 2225 pauci
1491 2153 1616 2210 facti
1643 2165 1765 2210 sunt
1804 2174 1815 2208 :

227 2259 412 2307 noctes
439 2265 574 2304 vero
595 2257 910 2305 creverunt.
943 2248 1214 2318 Receptus
1236 2257 1320 2302 est
1341 2249 1484 2303 enim
1517 2247 1570 2304 in
1594 2247 1820 2303 dimidio

223 2343 429 2398 dierum
465 2356 716 2395 suorum.
748 2340 838 2396 Sol
873 2339 941 2395 ab
971 2341 1092 2410 ipso
1122 2339 1355 2395 recessit
1378 2379 1393 2407 ,
1426 2349 1481 2395 et
1509 2355 1638 2396 ecce
1669 2352 1824 2397 tene-

224 2435 331 2492 brtc
359 2435 410 2492 ei
457 2434 836 2504 multiplicata:
863 2442 1012 2490 sunt.
1047 2433 1112 2487 Et
1141 2435 1498 2502 episcopatum
1545 2438 1655 2510 ejus
1687 2437 1824 2489 acci-

222 2529 326 2600 piat
355 2527 516 2584 alter.
553 2527 666 2582 lloc
694 2535 749 2581 et
780 2527 836 2582 in
871 2525 1102 2582 Actibus
1146 2528 1518 2597 apostolorum
1550 2529 1825 2583 manifes-

223 2625 327 2680 tius
374 2625 796 2694 interpretatum
847 2631 934 2676 est
965 2619 1103 2690 (Act.
1128 2624 1195 2691 ι).
1241 2620 1354 2676 Non
1409 2622 1584 2676 soltttn
1636 2631 1821 2677 autem

223 2717 277 2774 in
325 2718 421 2773 illo
451 2729 702 2790 tempore
728 2716 796 2772 de
825 2715 962 2772 Juda
1001 2716 1204 2773 dictum
1239 2725 1362 2784 est;
1393 2717 1488 2772 sed
1517 2733 1691 2788 usque
1728 2718 1826 2772 lto-

223 2811 312 2868 die
338 2811 580 2880 dicitur,
611 2819 667 2866 et
696 2825 865 2880 usque
900 2812 952 2864 in
983 2809 1124 2864 diem
1165 2809 1382 2880 judicii.
1427 2809 1482 2866 Si
1517 2810 1633 2879 ipse
1658 2809 1827 2865 Jndas

218 2905 597 2976 apostolatmn
643 2903 923 2975 perdidit,
970 2903 1284 2958 custodiant
1321 2918 1381 2958 se
1408 2902 1728 2960 sacerdotes
1773 2911 1828 2959 et

219 2999 463 3071 episcopi
490 3041 506 3064 ,
539 3008 597 3054 ttt
631 3015 739 3055 non
770 3009 824 3054 et
853 2998 956 3069 ipsi
985 3014 1142 3054 suum
1175 2998 1544 3055 sacerdotium
1575 3000 1824 3071 perdant.

216 3093 272 3151 Si
304 3094 600 3166 apostolus
647 3091 880 3160 cecidit,
917 3091 1130 3149 facilius
1175 3091 1472 3148 monachus
1518 3101 1696 3163 potest
1739 3111 1829 3148 ca-

1922 1882 2084 1951 nique
2115 1880 2244 1952 quid
2293 1879 2458 1936 fecit?
2504 1880 2620 1935 Non
2671 1883 2885 1949 accepit
2931 1882 3110 1935 dotem
3143 1925 3157 1948 ,
3209 1879 3306 1936 sed
3337 1881 3517 1936 dotem

1921 1975 2118 2031 marito
2148 1991 2249 2031 suo
2280 1975 2447 2031 dedit.
2479 1979 2684 2033 lterum
2717 1985 2896 2031 autem
2927 1977 3019 2031 ille
3052 1977 3393 2031 miserrimus
3424 1975 3516 2031 Ju-

1922 2069 2020 2126 das
2048 2071 2140 2142 qui
2167 2070 2405 2150 prodidit
2426 2071 2742 2138 Dominum,
2772 2089 2877 2126 non
2906 2072 3017 2127 vult
3043 2073 3292 2143 accipere
3320 2073 3518 2126 malam

1922 2163 2105 2218 dotem
2135 2175 2148 2229 ς
2181 2163 2274 2219 scd
2310 2161 2543 2219 reddidit
2581 2166 2854 2220 meretrici
2888 2166 3044 2220 uxori
3077 2166 3277 2221 malam
3312 2167 3519 2228 dotem,

1924 2263 2083 2324 quam
2134 2258 2348 2326 accepit
2396 2257 2465 2311 ab
2517 2257 2627 2312 illa.
2685 2259 2749 2312 Et
2786 2259 2912 2327 quid
2957 2257 3136 2314 dicit?
3191 2259 3524 2330 Displicuisti

1928 2349 2092 2419 priori
2123 2359 2216 2404 tuo
2245 2352 2462 2416 marito,
2497 2352 2801 2423 repudiavit
2833 2363 2906 2421 te,
2941 2363 2992 2409 et
3025 2355 3274 2423 proiecit,
3300 2363 3354 2410 et
3377 2354 3527 2410 dedit

1928 2443 2018 2497 tibi
2052 2443 2301 2499 libellum
2327 2445 2562 2516 repudii.
2592 2445 2707 2516 Ego
2736 2447 2863 2502 nolo
2887 2454 2936 2501 te
2963 2445 3165 2502 haltere
3194 2446 3245 2501 itt
3274 2461 3518 2503 uxt'l‘t‘lll.

1930 2534 2135 2590 Dedisti
2186 2535 2319 2589 mihi
2367 2537 2638 2606 pretium,
2675 2547 2724 2592 ct
2758 2537 3023 2609 deet-[iisti
3058 2555 3162 2593 me.
3201 2540 3265 2594 Et
3291 2555 3408 2610 qnzc
3441 2540 3524 2594 in-

1929 2627 2190 2684 terfecisti
2226 2628 2516 2684 Dominum
2566 2631 2735 2685 Deum
2769 2639 2918 2684 tuum
2945 2675 2958 2697 ,
3000 2632 3298 2689 inlcrIlcies
3329 2640 3381 2687 et
3415 2650 3519 2687 mc.

1929 2719 2045 2776 Non
2077 2736 2296 2791 possum
2323 2723 2468 2776 enim
2503 2724 2553 2776 in
2589 2722 2870 2793 Scriptura
2899 2723 3168 2792 invenire,
3195 2724 3336 2795 quod
3358 2724 3527 2780 ludas

1931 2823 1956 2852 ει
1989 2814 2234 2870 habuerit
2270 2824 2362 2870 aut
2392 2832 2642 2881 uxorem,
2677 2825 2770 2871 aut
2803 2819 2962 2872 lilios.

2003 2905 2268 2963 Nutantes
2298 2913 2682 2980 transferantur
2711 2907 2813 2981 ﬁlii
2840 2911 2976 2982 ejus,
3011 2919 3056 2965 et
3092 2911 3400 2969 mendicant.
3435 2912 3526 2966 Di-

1930 3003 2162 3073 ligenter
2213 3003 2565 3060 causiderate
2597 3017 2611 3058 :
2646 3005 2921 3074 siquidem
2961 3003 3206 3061 difﬁcilia
3237 3016 3362 3060 sunt
3407 3019 3530 3076 qua:

1933 3105 2258 3166 sequuntur.
2297 3095 2372 3151 Ex
2406 3097 2497 3151 ille
2528 3105 2776 3167 tempore
2811 3113 2876 3153 ex
2919 3111 3026 3169 quo
3057 3097 3320 3154 Domitius
3345 3099 3527 3154 cruci--

219 3191 372 3248 dere.
404 3191 601 3246 Virtus
643 3204 749 3245 non
781 3188 944 3260 perit,
978 3187 1108 3244 licet
1148 3189 1314 3244 homo
1343 3187 1500 3244 cadat
1531 3197 1587 3244 et
1618 3199 1822 3258 pereat.
1852 3185 1898 3250 Ο
1933 3186 2070 3244 lixus
2091 3197 2194 3255 est,
2219 3205 2282 3244 ex
2310 3199 2436 3245 tunc
2460 3179 2998 3262 setnper'tnMcntur
3025 3191 3220 3262 Judaei,
3254 3207 3361 3246 non
3385 3202 3533 3249 stant

217 3285 430 3342 Tamen
479 3285 749 3341 Dominus
774 3282 1033 3339 denarios
1061 3297 1193 3338 suos
1227 3283 1323 3336 dat
1362 3283 1464 3338 sub
1503 3285 1715 3339 tenore.
1768 3283 1826 3340 Si

218 3379 311 3433 ille
334 3393 450 3434 non
478 3375 852 3447 duplicavcrit
875 3418 888 3439 .
924 3376 1189 3444 accipitur
1221 3375 1451 3446 pecunia
1481 3376 1629 3446 ejus.
1655 3387 1711 3433 et
1735 3377 1831 3432 da-

216 3473 364 3530 bitur
423 3473 678 3530 habenti.
755 3470 986 3526 Pecunia
1039 3469 1255 3524 Domini
1309 3469 1484 3526 otiosa
1537 3485 1661 3527 esse
1719 3485 1827 3526 non

215 3575 425 3638 potest.

287 3660 460 3716 Fiant
495 3659 599 3730 ﬁlii
629 3659 744 3730 ejus
773 3657 1017 3728 orpltani,
1050 3666 1098 3712 et
1128 3674 1264 3712 uxor
1294 3657 1406 3728 ejus
1437 3656 1614 3710 vidua.
1642 3655 1832 3713 Videte

214 3754 344 3824 quia
395 3763 754 3808 sacramenta
801 3757 928 3804 sunt
973 3763 1092 3820 quae
1139 3748 1416 3804 dicuntur.
1464 3745 1632 3804 Filios
1679 3747 1833 3804 Judtc

215 3862 359 3918 quos
396 3845 609 3918 putas?
635 3844 874 3901 Judmos.
921 3843 989 3899 Et
1016 3843 1191 3900 Judaei
1222 3843 1479 3898 dicuntur
1511 3858 1616 3898 non
1643 3844 1714 3899 ab
1741 3843 1833 3897 illo

215 3941 362 3997 Juda
395 3946 632 4007 sancto,
659 3937 756 3994 sed
790 3939 858 3994 ab
889 3937 994 3992 isto
1034 3935 1331 4007 proditore.
1386 3934 1463 3990 Ex
1509 3935 1600 3990 illo
1642 3942 1835 3990 sancto

215 4049 324 4091 nos
351 4047 562 4092 sumus
592 4029 767 4088 Juda-i
797 4029 1112 4100 spirituales
1149 4047 1158 4081 :
1192 4044 1256 4084 ex
1302 4027 1396 4083 illo
1438 4039 1619 4084 autem
1655 4027 1837 4098 prodi-

215 4138 380 4196 tore,
432 4126 538 4182 isti
582 4133 711 4181 sunt
737 4122 912 4180 Judaei
962 4121 1231 4178 carnales.
1287 4121 1527 4192 Denique
1555 4121 1665 4176 duo
1713 4132 1838 4176 sunt

209 4221 468 4294 apostoli
503 4261 521 4286 ,
551 4219 642 4291 qui
674 4228 936 4274 vocantur
966 4215 1118 4273 Judac
1164 4215 1454 4273 vocabulo.
1507 4215 1838 4273 Undecimus

209 4315 526 4388 apostolus
553 4321 658 4380 est,
687 4313 778 4383 qtti
807 4312 1007 4367 dicitur
1037 4310 1207 4368 Judas
1235 4310 1446 4367 Jacobi.
1476 4311 1840 4367 Duodecimus

208 4420 410 4468 autem
469 4418 600 4475 est,
634 4415 689 4464 et
730 4405 1096 4473 novissimus,
1131 4405 1220 4477 qui
1250 4413 1470 4459 vocatur
1493 4403 1663 4460 Judas
1700 4403 1840 4459 lsca-

208 4506 422 4563 riotes.
461 4505 550 4560 Ex
584 4504 680 4560 illo
703 4519 834 4576 ergo
859 4502 998 4559 Juda
1028 4503 1239 4570 Jacobi,
1277 4519 1375 4557 nos
1402 4501 1639 4557 dicimur
1666 4501 1838 4558 Judtei

1932 3281 1985 3335 in
2031 3296 2130 3337 suo
2160 3282 2304 3338 loco.
2338 3283 2579 3355 Denique
2604 3285 2801 3339 dicitur
2841 3293 2896 3339 et
2937 3285 3005 3340 de
3035 3285 3171 3341 Cain
3207 3303 3220 3340 :
3276 3287 3340 3340 Et
3365 3286 3528 3352 exiit,

1932 3374 2130 3445 inquit,
2159 3374 2292 3432 Cain
2322 3391 2351 3431 a
2398 3375 2535 3432 facie
2574 3377 2693 3445 Dei,
2740 3389 2795 3433 et
2822 3377 3088 3434 habitavit
3127 3379 3179 3433 in
3227 3388 3370 3435 terra
3416 3378 3535 3434 Νοά

1933 3465 2089 3540 (Gen.
2127 3470 2201 3540 tv)
2235 3487 2248 3524 ε
2280 3469 2398 3526 Nod
2424 3477 2606 3527 autem
2636 3473 3026 3544 interpretatur
3066 3475 3358 3528 commotio.
3395 3475 3533 3543 Quia

1933 3577 2186 3634 egressus
2229 3563 2402 3620 fuerat
2445 3581 2474 3620 a
2508 3567 2646 3622 facie
2676 3565 2770 3622 Del
2801 3568 2936 3623 Cain
2979 3587 2991 3622 :
3024 3577 3174 3624 recte
3205 3581 3314 3625 non
3359 3570 3530 3637 stetit,

1935 3654 2029 3711 sed
2060 3655 2326 3711 habitavit
2355 3657 2406 3712 in
2434 3668 2572 3712 terra
2600 3657 2739 3724 Nod,
2785 3659 2888 3714 hoc
2919 3672 3024 3724 est,
3058 3661 3108 3714 in
3141 3660 3532 3715 commotione.

1936 3749 2010 3804 Ita
2045 3751 2205 3821 igitur
2226 3760 2281 3806 et
2308 3752 2416 3814 isti,
2443 3753 2700 3823 quoniam
2723 3753 3113 3808 crucillserunt
3152 3753 3316 3809 Deum
3349 3761 3404 3808 et
3430 3752 3536 3808 D0-

1936 3846 2141 3900 minum
2165 3861 2344 3913 suum,
2374 3856 2623 3902 nutantes
2647 3846 3070 3902 transferentur.
3093 3846 3210 3902 Non
3241 3847 3387 3903 enim
3411 3851 3538 3901 sunt

1937 3935 1991 3992 in
2019 3935 2130 3991 suis
2163 3936 2328 4002 locis;
2360 3937 2454 3994 sed
2486 3938 2540 3993 in
2571 3945 2690 3995 toto
2721 3937 2850 3993 orbe
2881 3939 3048 3994 divisi
3087 3948 3233 3993 sunt.
3270 3938 3534 3994 Mendici-

1938 4040 2102 4087 tatem
2151 4031 2237 4087 hic
2276 4031 2408 4088 dicit
2449 4033 2758 4089 divitiarum
2807 4033 3191 4104 spiritualium.
3223 4032 3339 4089 Non
3390 4033 3535 4088 enim

1941 4123 2141 4180 habent
2187 4128 2498 4196 praphetas,
2540 4141 2647 4181 non
2699 4125 2906 4183 habent
2934 4127 3156 4198 Legem,
3191 4139 3296 4182 non
3337 4126 3541 4183 habent

1940 4218 2326 4290 sacerdotium,
2361 4237 2467 4276 non
2494 4220 2694 4278 habent
2729 4221 3078 4290 sacriﬁcium,
3103 4221 3197 4277 sed
3228 4233 3360 4281 vero
3380 4235 3537 4278 men-

1941 4309 2048 4366 dici
2081 4310 2208 4367 l'acti
2237 4321 2384 4366 sunt.

2016 4405 2294 4462 Scrutetur
2324 4407 2579 4478 fenerator
2621 4423 2826 4463 omnem
2869 4407 3215 4461 substantiam
3255 4409 3386 4479 ejus.
3437 4405 3542 4463 Des

1943 4496 2070 4554 disti
2099 4499 2176 4553 illi
2210 4499 2515 4569 pecuniam,
2551 4499 2810 4557 Domine:
2836 4499 3033 4556 dediSti
3057 4499 3133 4555 illi
3165 4501 3307 4556 sicut
3327 4511 3380 4556 et
3398 4502 3542 4556 aliis.

207 4598 581 4673 spirituales,
613 4613 680 4654 ex
710 4597 821 4654 isto
847 4608 1027 4653 autem
1060 4597 1343 4662 lscariote,
1373 4596 1451 4652 illi
1471 4597 1841 4652 tlicunlurJu-
1866 4588 1921 4648 D
1948 4590 2041 4647 Ille
2063 4600 2243 4646 autem
2273 4591 2406 4663 quid
2443 4593 2600 4647 Iccit?
2626 4592 2745 4648 Non
2778 4593 2962 4664 ligavit
2991 4595 3042 4648 in
3076 4593 3316 4659 sudario,
3351 4603 3403 4648 et
3435 4607 3544 4649 non

205 4694 322 4750 ntei
359 4691 656 4748 carnales.
694 4690 787 4748 Ille
813 4689 981 4746 Judas
1009 4697 1164 4762 pater
1191 4699 1380 4745 noster
1404 4690 1606 4744 dicitur
1626 4689 1841 4757 Jacobi,

205 4777 324 4841 hoc
359 4793 486 4850 εει,
523 4781 691 4838 Judas
725 4781 869 4837 Illius
895 4781 1350 4852 suppiantatoris.
1380 4780 1491 4836 Nos
1531 4783 1675 4837 cnim
1714 4798 1842 4851 sup-

203 4875 613 4949 plantavirnus
645 4874 902 4946 populum
929 4873 1244 4930 Jndteorum
1286 4883 1344 4930 et
1379 4874 1692 4945 accepimus
1735 4873 1843 4944 pri-

204 4969 419 5025 mitiva
469 4967 695 5022 illorum
733 5008 750 5034 ,
799 4966 878 5022 illi
924 4975 1108 5024 autem
1160 4983 1225 5022 cx
1257 4965 1518 5024 lscariote
1563 4967 1842 5034 dicuntur,

200 5066 370 5138 quod
417 5062 656 5120 dubium
705 5070 812 5130 est,
857 5077 925 5117 an
959 5071 1165 5129 patrem
1217 5061 1525 5134 signiticet,
1564 5079 1631 5118 an
1664 5062 1841 5116 villam

202 5151 367 5232 ejus.
396 5156 692 5213 Castorum
715 5155 1228 5226 quomodocumque
1251 5155 1633 5226 interpretatus
1652 5156 1843 5224 I'ttcris,

201 5266 452 5308 merces
509 5249 910 5318 interpretatur
959 5257 1016 5305 et
1061 5246 1321 5319 pretium.
1363 5247 1527 5316 igitur
1561 5247 1730 5303 Judas
1757 5249 1848 5318 qui

201 5346 573 5420 proditurus
618 5351 738 5400 erat
769 5342 1090 5408 Dominum,
1124 5354 1175 5398 et
1211 5343 1442 5414 pretium
1485 5353 1843 5412 accepturus,

200 5433 280 5496 de
330 5433 546 5508 pretio
586 5449 782 5490 nomen
819 5434 1050 5505 accepit.
1084 5432 1235 5488 Licet
1267 5432 1572 5489 reddiderit
1610 5433 1847 5504 pretium

200 5526 634 5589 sacerdotibus
663 5526 1004 5595 Jttdaiorum,
1036 5527 1128 5582 sed
1165 5537 1342 5582 tamen
1376 5526 1450 5581 illi
1481 5526 1848 5584 condemnant

197 5642 374 5693 eum,
408 5613 690 5694 quoniam
740 5622 930 5678 nolunt
979 5622 1224 5692 recipere
1270 5623 1504 5693 pretium
1549 5622 1846 5695 sanguinis.

1946 4684 2135 4740 inludit
2170 4694 2352 4752 terrae,
2387 4696 2444 4742 et
2484 4685 2764 4758 negligens
2804 4685 2935 4753 fuit;
2979 4687 3073 4742 sed
3109 4687 3196 4742 ubi
3237 4686 3420 4741 habuit
3468 4694 3549 4741 ta-'

1946 4778 2147 4833 lentum
2173 4786 2229 4833 ct
2258 4780 2541 4849 pecuniam
2579 4779 2814 4846 Domini,
2849 4778 3058 4850 accepit
3091 4779 3323 4850 pretium
3347 4779 3416 4833 ah
3442 4779 3546 4834 ini-

1948 4873 2102 4928 micis
2131 4873 2363 4942 Domini,
2395 4883 2450 4929 et
2468 4870 2714 4929 vendidit
2740 4873 3026 4930 Dominum
3051 4873 3379 4945 sttumtbuc.
3404 4875 3544 4945 six).

1947 4966 2244 5037 Propterea
2297 4967 2390 5022 tibi
2431 4967 2554 5024 dico
2597 4986 2609 5022 ε
2664 4969 2924 5038 Domine,
2966 4971 3122 5040 exige
3161 4968 3354 5024 abillo
3395 4967 3555 5024 fenus

1949 5061 2192 5130 pecunia:
2233 5068 2360 5115 tum.
2398 5059 2462 5115 Et
2496 5061 2748 5132 diripiant
2779 5063 2938 5117 alieni
2981 5060 3178 5114 labores
3209 5064 3345 5133 ejus.
3380 5059 3554 5116 F8064

1951 5162 2101 5208 ratur
2129 5151 2412 5220 Dominus,
2445 5154 2729 5210 manifeste
2760 5155 2949 5224 exigit,
2974 5159 3027 5208 et
3053 5154 3400 5224 qnidlaetttm
3429 5155 3555 5210 est?

1953 5245 2128 5302 Alieni
2158 5247 2414 5318 diripiettt
2438 5247 2650 5303 labores
2668 5249 2807 5319 ejus.
2835 5248 2960 5305 Sive
2986 5247 3052 5302 de
3076 5248 3328 5304 omnibus
3350 5249 3557 5306 Juda'ls

1952 5339 2281 5412 generaliter
2336 5339 2726 5410 intelligimus:
2776 5339 2900 5410 quia
2946 5340 3139 5395 vastati
3195 5352 3327 5396 sunt
3368 5357 3397 5397 ι
3443 5343 3558 5398 Roe-

1956 5433 2158 5489 manis.
2185 5434 2309 5490 Sive
2339 5433 2672 5504 specialiter,
2706 5433 2849 5502 quod
2888 5447 2916 5488 a
2947 5431 3287 5489 daemonibus
3317 5435 3564 5506 direptus

1955 5535 2040 5583 est
2071 5527 2266 5594 ludas,
2291 5535 2346 5583 et
2375 5527 2489 5594 ipse
2517 5525 2770 5594 populus.

2033 5619 2154 5674 Non
2187 5619 2253 5674 sit
2284 5617 2364 5673 illi
2391 5617 2624 5689 adjutor,
2660 5632 2753 5671 nec
2781 5618 2847 5673 sit
2882 5619 2968 5688 qui
3006 5619 3309 5676 misereatur
3346 5621 3559 5692 pupillis

202 5881 207 5884 _
277 5820 322 5863 ,ι
355 5803 610 5866 Juvahit
629 5806 924 5865 recoluisse
947 5818 1069 5878 qua
1095 5803 1264 5861 trudit
1283 5801 1602 5876 Euthymius
1632 5801 1686 5858 in
1716 5800 1858 5859 hunc
1896 5800 2099 5860 locum.
