4008 6336
471 237 496 293 ι
517 237 611 293 159

1258 233 1606 294 APPENDIX
1648 235 1737 292 AD
1776 233 2021 296 TOMUM
2060 233 2411 297 SEPTIMUM
2554 236 2960 300 HIERONYMI.

3637 245 3664 304 Ι
3681 247 3771 306 160

469 355 605 426 ejus.
637 353 691 408 In
721 352 814 408 illo
846 359 1091 424 tempore
1124 367 1230 408 non
1261 352 1448 410 habuit
1489 329 1722 425 populus
1749 354 2058 411 Judaeornm
2089 360 2139 419 Α
2164 361 2516 431 eompunctio
2555 377 2568 415 :
2613 360 2870 434 quoniam
2915 369 3307 434 persequentes
3348 377 3434 420 mc
3474 377 3584 420 non
3626 367 3770 436 potui

469 446 794 516 adjutorem.
850 445 1197 515 llespondete
1244 445 1399 512 mihi,
1447 461 1492 500 ο-
1529 446 1724 502 Judaei.
1760 447 1963 503 Fuistis
2015 449 2068 503 in

470 538 796 611 Babylonia:
820 538 1084 594 habuistis
1106 538 1176 592 ibi
1210 539 1529 611 prophetas,
1556 539 1770 608 Daniel,
1792 540 2068 610 Ezechiel,

473 643 530 690 et
567 649 754 689 revera
786 631 1086 688 idololatra:
1114 634 1297 689 eratis.
1327 633 1681 706 Septuaginta
1709 637 1863 690 annis
1893 635 2072 691 fuistis

470 727 525 782 in
569 726 902 797 captivitate,
949 735 1004 782 et
1045 737 1231 798 postea
1271 729 1498 784 venistis
1545 731 1596 784 in
1637 731 1882 802 propria.
1933 731 2073 787 Ecce

471 836 616 878 nunc
644 821 1023 893 quadringenti
1066 831 1092 859 ει
1121 823 1275 889 anni,
1309 839 1479 894 quare
1510 841 1616 880 non
1663 835 1745 881 est
1774 825 1972 882 missus
2005 825 2070 882 ad

471 934 572 975 Vos
616 918 923 990 propheta?
967 919 1020 974 In
1065 918 1159 974 illo
1199 927 1447 990 tempore
1494 920 1640 976 idola
1685 921 1971 989 colebatis,
2017 931 2074 978 et

469 1011 840 1068 miserebatur
885 1011 1053 1068 vestri
1098 1012 1262 1068 Deus.
1307 1011 1461 1070 Nunc
1509 1023 1690 1070 autem
1743 1030 1852 1071 non
1892 1016 2074 1073 colitis

469 1107 637 1173 idola,
670 1122 839 1178 quare
864 1105 1160 1176 dereliquit
1187 1123 1286 1162 vos
1316 1107 1618 1162 Dominus?
1646 1109 1784 1166 Ecce
1814 1108 2073 1180 quadrin-

467 1204 615 1275 genti
640 1203 769 1258 anni
799 1211 947 1258 sunt.
980 1201 1088 1258 Sed
1121 1211 1248 1258 tunc
1271 1202 1644 1274 dereliquistis
1677 1204 1990 1272 Dominum,
2021 1213 2076 1260 et

471 1297 616 1355 idola
648 1297 916 1354 colebatis
951 1316 963 1352 :
997 1313 1140 1352 nunc
1186 1306 1367 1354 autem
1399 1297 1688 1354 Dominum
1729 1297 2074 1355 crucifixistis

471 1402 525 1447 et
558 1390 927 1457 interfecistis,
963 1401 1017 1445 et
1045 1388 1166 1446 ideo
1191 1404 1298 1445 non
1327 1388 1433 1446 erit
1457 1389 1619 1444 vobis
1651 1389 1892 1460 adjutor.

543 1483 610 1540 In
656 1484 980 1558 generatione
1029 1500 1136 1538 una
1182 1484 1419 1539 deleatur
1462 1500 1646 1538 nomen
1694 1485 1832 1554 ejus.
1874 1484 1919 1540 Ο
1949 1498 2077 1556 pro-

474 1577 680 1652 phetia,
728 1596 761 1632 o
799 1587 1206 1634 sacramentum
1250 1577 1594 1649 prophetiae!
1639 1577 1706 1632 In
1749 1579 2077 1651 generatione

475 1689 582 1728 una
623 1672 859 1727 deleatur
886 1687 1073 1726 nomen
1119 1673 1251 1742 ejus.
1297 1670 1433 1726 Post
1472 1671 1780 1741 passionem
1835 1670 2070 1740 Domini,

2174 453 2408 510 salvare.

2247 549 2428 605 Libera
2449 568 2548 619 me,
2579 553 2702 624 quia
2725 569 2917 628 egenus
2930 563 2976 610 et
3001 571 3201 628 pauper
3227 570 3343 609 sum
3368 571 3483 627 ego.
3509 553 3775 610 Dominus

2173 658 2232 699 se
2274 657 2566 715 pauperem
2611 645 2768 716 dixit,
2809 657 2868 704 ut
2904 663 3173 720 pauperes
3202 650 3608 705 consolaretur.
3643 649 3774 704 Cum

2175 735 2486 793 hominibus
2520 756 2724 811 pauper
2763 741 2937 798 factus
2975 753 3079 810 est,
3113 752 3168 799 ut
3211 743 3401 800 saltem
3450 759 3618 799 nemo
3650 759 3779 814 pau-

2174 843 2358 900 perem
2387 829 2712 903 despiceret.
2748 831 2814 887 Et
2845 851 2935 889 cor
2955 852 3123 890 meum
3153 837 3514 892 conturbatum
3543 846 3620 891 est
3643 837 3779 891 intra

2175 936 2272 976 me.
2319 921 2650 994 Videtequid
2681 924 2855 981 dicat:
2886 923 2956 980 Et
2991 944 3080 982 cor
3105 945 3269 983 meum
3297 929 3669 984 conturbatum
3710 939 3780 984 est

2175 1015 2314 1068 intra
2333 1033 2431 1070 me.
2446 1016 2626 1088 Ipsum
2641 1029 2722 1074 est
2752 1020 3035 1098 quodalibi
3056 1021 3185 1077 dicit
3208 1040 3219 1073 :
3246 1021 3520 1076 Turbatus
3553 1037 3702 1087 sum,
3729 1031 3782 1077 et

2175 1124 2282 1164 non
2310 1125 2428 1164 sum
2455 1111 2687 1167 locutus.
2710 1111 2863 1181 Quod
2894 1114 3109 1180 turbor,
3144 1113 3377 1170 hominis
3399 1125 3482 1171 est
3513 1132 3525 1167 :
3559 1117 3781 1171 vincere

2175 1211 2359 1258 autem
2390 1204 2753 1260 turbationem
2785 1214 2840 1261 et
2869 1207 3030 1273 iram,
3060 1205 3162 1262 hoc
3185 1222 3396 1278 magna:
3417 1207 3648 1262 virtutis
3674 1217 3776 1262 est.

2179 1294 2476 1366 Propterea
2519 1297 2653 1354 dicit
2687 1308 2742 1354 et
2785 1298 3050 1370 propheta
3094 1318 3104 1352 :
3152 1299 3479 1368 lrascimini,
3515 1309 3573 1358 ct
3612 1301 3784 1358 nolite

2177 1405 2405 1462 peccare
2453 1389 2628 1461 (Psal.
2669 1392 2766 1462 tv).
2798 1390 2966 1448 Irasci
3010 1394 3274 1449 hominum
3302 1403 3372 1450 est
3396 1410 3415 1449 :
3452 1408 3561 1450 non
3607 1410 3785 1450 rema-

2187 1500 2316 1540 nere
2341 1484 2392 1538 in
2425 1484 2526 1553 ira,
2557 1483 2850 1540 Christiani
2881 1494 2983 1544 est.

2255 1578 2518 1634 Excussae
2546 1595 2663 1634 sum
2677 1580 2814 1634 sicut
2841 1580 3070 1638 locustte.
3105 1580 3217 1651 Ego
3237 1580 3458 1653 quidem
3493 1596 3777 1651 veneram,

2179 1681 2238 1728 ut
2274 1682 2616 1744 protegerent
2649 1675 2907 1744 pOpulum
2940 1691 3142 1744 meum,
3165 1684 3217 1730 et
3250 1675 3360 1730 dixi
3395 1694 3406 1728 :
3451 1675 3783 1742 Jerusalem,

473 1766 828 1840 quadraginta
877 1766 986 1820 duo
1021 1764 1148 1820 anni
1189 1764 1555 1832 transierunt,
1602 1774 1657 1820 et
1707 1764 1942 1836 populus
1983 1765 2075 1820 ille
2104 1759 2153 1820 B
2179 1766 2498 1836 Jerusalem,
2532 1784 2653 1840 qua:
2681 1768 2885 1824 occidis
2913 1769 3232 1841 prophetas,
3263 1780 3314 1825 et
3339 1769 3551 1840 lapidas
3573 1784 3673 1826 eos
3693 1770 3784 1842 qui

471 1859 686 1918 deletus
729 1868 832 1915 est.
877 1857 1159 1930 Siquidem
1209 1857 1447 1928 perfecta
1490 1866 1622 1913 tetas
1649 1857 2074 1930 quadragesimo

475 1971 620 2012 anno
648 1954 818 2011 venit.
852 1955 980 2010 Post
1007 1953 1321 2024 passionem
1351 1968 1484 2024 ergo
1508 1953 1745 2020 Domini,
1774 1954 2076 2025 quadrage-

475 2049 615 2105 simo
659 2047 901 2105 secundo
943 2061 1089 2103 anno
1135 2047 1314 2103 deleta
1361 2056 1443 2103 est
1483 2046 1848 2120 Jerosolyma.
1879 2047 2076 2105 Videte

475 2160 608 2217 ergo
634 2143 888 2215 quoniam
918 2143 970 2198 in
995 2143 1351 2212 generatione
1369 2158 1475 2198 una
1505 2142 1744 2198 deletum
1768 2152 1853 2198 est
1877 2158 2073 2200 nomen

477 2239 618 2312 ejus.
665 2239 773 2296 Sed
813 2248 867 2294 et
910 2239 962 2292 in
999 2237 1101 2292 hoc
1131 2237 1427 2294 clementia
1455 2245 1540 2293 est
1569 2236 1810 2292 Domini.
1841 2236 2074 2292 Crucifi-

477 2345 675 2391 xerunt
703 2348 851 2400 eum,
885 2339 940 2388 et
979 2331 1335 2402 quadraginta
1365 2331 1504 2387 duos
1527 2345 1701 2388 annos
1728 2331 1881 2387 dedit
1904 2332 1982 2388 eis
2005 2331 2073 2387 ad

476 2427 882 2501 pmnitentiam.
917 2426 1031 2497 Ego
1062 2426 1387 2498 simpliciter
1430 2425 1590 2483 dico:
1644 2427 1938 2499 Propterea
1987 2429 2073 2484 in-

473 2521 695 2579 terfecit
737 2535 836 2576 eos
884 2528 1008 2592 post
1037 2521 1395 2592 quadraginta
1424 2520 1560 2577 duos
1591 2537 1788 2588 annos,
1833 2523 1962 2593 quia
2007 2539 2075 2580 ex

484 2614 594 2672 illis
615 2614 708 2688 qni
731 2614 1119 2671 crucilixerunt
1144 2614 1454 2682 Dominum,
1472 2630 1631 2671 nemo
1654 2627 1986 2672 remanserat
2009 2631 2077 2672 ex

479 2708 584 2764 eis.
620 2707 790 2764 Judas
841 2706 1206 2772 maledicitur,
1249 2715 1308 2763 ut
1354 2707 1407 2763 in
1442 2706 1576 2764 Juda
1619 2707 1792 2765 Judrei
1849 2707 2076 2765 maledi-

479 2810 693 2859 cantur.

552 2896 620 2952 In
663 2895 969 2951 ntemoriam
1013 2894 1190 2952 redeat
1218 2895 1467 2966 iniquitas
1494 2903 1702 2967 patrum
1726 2896 1839 2967 ejus
1871 2895 1924 2949 in
1952 2911 2076 2950 con-

481 2989 658 3066 spectu
687 2991 915 3046 Domini.
951 2990 1318 3046 Peccavernnt
1350 2989 1402 3044 in
1432 2989 1673 3055 deserto,
1698 2987 1954 3044 dimisisti
1976 2989 2076 3044 eis.

478 3085 632 3143 Nunc
669 3092 887 3158 reputat
916 3083 1026 3140 illis
1053 3083 1197 3155 quod
1229 3091 1356 3139 tunc
1384 3091 1778 3154 peccaverunt,
1820 3082 2076 3154 quoniam

2179 1861 2245 1915 ad
2289 1868 2340 1916 te
2384 1860 2534 1916 missi
2576 1869 2702 1916 sunt
2737 1881 2746 1914 :
2794 1863 3045 1934 quotiens
3088 1862 3234 1920 volui
3266 1877 3602 1935 congregare
3644 1863 3785 1920 ﬁlios

2181 1960 2302 2007 tuos
2329 1994 2342 2017 .
2398 1952 2542 2009 sicut
2587 1953 2785 2026 gallina
2815 1965 3114 2027 congregat
3145 1956 3322 2027 pullos
3366 1973 3496 2012 suos
3537 1958 3645 2014 sub
3674 1957 3787 2014 alas

2181 2060 2310 2100 suas
2342 2043 2560 2115 (Matth.
2593 2047 2787 2120 xxttt)!
2819 2047 2934 2118 Ego
2963 2041 3222 2104 veneram
3246 2057 3306 2104 ut
3333 2049 3534 2120 gallina
3565 2049 3636 2106 ad
3663 2067 3788 2121 pro-

2181 2139 2472 2211 tegendum
2493 2155 2587 2197 eos
2615 2158 2629 2195 :
2660 2140 2734 2195 illi
2764 2150 2946 2196 autem
2983 2141 3360 2197 inimicissima
3386 2153 3576 2199 mente
3598 2157 3782 2200 susce-

2183 2243 2380 2306 perunt
2409 2250 2516 2291 me.
2561 2235 2673 2306 Ego
2703 2249 2958 2291 veneram
2991 2244 3050 2291 ut
3076 2246 3273 2303 mater,
3303 2246 3358 2292 et
3385 2237 3464 2292 illi
3496 2237 3659 2308 quasi
3692 2236 3788 2292 hs-

2181 2330 2436 2386 micidam
2489 2345 2646 2386 suttm
2696 2346 2782 2387 me
2841 2331 3254 2388 interfecerunt.
3329 2329 3605 2386 El'tttasus
3653 2349 3786 2388 sum.

2179 2425 2318 2493 Quid
2359 2423 2618 2482 esthoc?
2663 2427 2936 2497 persecuti
2979 2435 3107 2484 sunt
3136 2442 3245 2492 me,
3278 2427 3639 2498 projecerunt
3677 2442 3783 2484 rne.

2180 2517 2461 2574 Persecuti
2489 2528 2613 2574 sunt
2636 2535 2722 2574 me
2739 2519 2806 2576 de
2829 2519 3119 2576 Nazareth.
3146 2519 3277 2576 Veni
3298 2521 3351 2576 in
3373 2519 3783 2592 Capharnaum,

2182 2613 2453 2682 persecuti
2483 2625 2605 2668 sunt
2639 2629 2746 2669 me.
2795 2613 2868 2669 De
2919 2613 3302 2684 Capharnaum
3337 2613 3410 2668 ivi
3451 2614 3505 2668 in
3547 2613 3788 2669 Bethsai-

2180 2705 2326 2773 datn,
2357 2715 2410 2762 et
2441 2707 2568 2763 inde
2597 2723 2684 2763 me
2714 2707 2984 2778 persecuti
3017 2717 3164 2763 sunt.
3203 2705 3338 2762 Veni
3369 2707 3421 2762 in
3449 2705 3784 2773 Jerusalem,

2180 2801 2430 2859 nolebam
2458 2802 2723 2860 recedere
2753 2819 2783 2858 a
2816 2803 3018 2874 populo
3046 2818 3190 2869 meo,
3218 2811 3274 2858 et
3303 2803 3430 2859 inde
3476 2818 3567 2860 me
3597 2817 3783 2876 perse-

2181 2895 2288 2952 cuti
2316 2905 2464 2962 sunt,
2489 2905 2542 2951 et
2567 2896 2644 2952 sic
2667 2910 2754 2951 me
2781 2893 3050 2951 habebant
3079 2896 3233 2967 quasi
3263 2894 3532 2952 locusms.
3564 2895 3631 2951 Et
3655 2895 3780 2967 quid

2183 2987 2322 3043 feci?
2367 2987 2538 3043 Iratus
2595 3002 2737 3054 sum,
2791 2987 3013 3044 defendi
3061 2988 3470 3059 memetipsum,
3525 2987 3778 3044 maledixi

2184 3096 2300 3148 eos,
2346 3090 2399 3136 et
2439 3080 2703 3151 dereliqui
2735 3079 2896 3136 illos?
2937 3080 3048 3138 Nec
3076 3097 3244 3138 unum
3291 3081 3487 3138 horum
3523 3081 3657 3148 feci;
3687 3080 3778 3137 sed

479 3180 768 3236 Dominum
803 3178 1220 3236 crucifixerunt.
1268 3178 1394 3235 Sive
1424 3178 1582 3234 aliter
1609 3179 2072 3248 interpretemur:
2105 3167 2150 3231 C
2183 3173 2310 3244 quid
2343 3171 2484 3230 feci?
2509 3173 2670 3230 Oravi
2703 3189 2804 3244 pro
2831 3174 2983 3245 ipsis.

477 3273 544 3330 Et
593 3281 804 3343 reputat
833 3272 940 3328 illis
970 3271 1354 3327 crudelitatem
1399 3269 1812 3326 homicidiorum
1855 3283 2068 3339 eorum,

475 3377 531 3422 et
563 3366 696 3421 nihil
734 3365 817 3421 eis
856 3364 1092 3420 dimittit.
1124 3365 1191 3418 Et
1220 3374 1481 3434 peccatum
1513 3363 1694 3418 matris
1713 3363 1826 3434 ejus
1852 3379 1954 3417 non
1985 3362 2074 3417 de-

473 3462 661 3517 leatur.
705 3460 836 3526 Qua:
883 3468 966 3514 est
1015 3466 1192 3512 mater
1243 3455 1431 3512 Judaei
1483 3454 1810 3526 Jerusalem,
1843 3468 1964 3526 quae
2019 3452 2071 3508 in

474 3551 738 3624 sanguine
782 3551 999 3623 gaudet,
1051 3566 1172 3620 qua:
1215 3548 1414 3606 occidit
1459 3547 1756 3620 prephetas
1802 3557 1856 3604 et
1897 3549 2069 3619 ipsum

477 3648 764 3706 Dominum
789 3662 968 3703 suum.

548 3739 659 3796 Pro
679 3757 738 3796 eo
754 3739 892 3811 quod
910 3755 1014 3793 non
1035 3747 1108 3792 est
1134 3737 1432 3794 recordatus
1449 3740 1620 3808 facere
1639 3736 2070 3792 misericordiam.

474 3833 683 3890 Videtis
705 3841 904 3904 quanta
930 3831 1222 3888 clementia
1247 3828 1463 3886 Domini
1491 3838 1596 3885 est.
1625 3829 1780 3885 Videt
1808 3846 1929 3886 eum
1950 3846 2070 3885 cum

473 3926 738 3982 ministris
764 3924 1073 3981 venientem
1102 3940 1117 3991 ;
1145 3923 1290 3980 videt
1319 3939 1440 3979 eum
1474 3923 1780 3979 venientem
1814 3938 1936 3978 eum
1963 3923 2073 3978 fus-

475 4018 639 4086 tibus,
674 4026 726 4074 et
760 4017 986 4089 porrigit
1017 4016 1092 4072 illi
1120 4016 1386 4072 osculum.
1423 4015 1518 4072 Ille
1548 4017 1696 4071 venit
1727 4016 1794 4072 ad
1836 4017 2070 4088 proden-

470 4113 622 4181 dum,
641 4121 697 4170 et
721 4111 987 4167 Dominus
1013 4111 1256 4168 osculum
1283 4111 1397 4178 dat,
1425 4110 1592 4183 utqui
1619 4113 1934 4184 magistrum
1961 4129 2065 4168 non

469 4207 670 4275 timuit,
704 4205 792 4262 vel
823 4204 1110 4262 clementia
1142 4205 1472 4261 vinceretur.

543 4299 612 4355 Et
659 4309 954 4372 persecutus
1003 4308 1082 4353 est
1134 4297 1389 4352 hominem
1436 4298 1640 4369 inapem
1677 4308 1723 4352 et
1754 4298 2066 4354 mendicum.

472 4393 578 4462 Qui
609 4408 729 4449 cum
762 4402 908 4450 esset
938 4391 1113 4460 dives,
1150 4399 1374 4463 propter
1413 4406 1514 4447 nos
1541 4407 1750 4463 pauper
1777 4393 1948 4448 factus
1987 4403 2072 4448 est

470 4488 517 4559 (l
540 4484 660 4542 Cor.
691 4485 832 4556 VIII).
864 4483 1123 4540 Dominus
1155 4484 1374 4555 inopem
1405 4499 1465 4540 se
1492 4483 1623 4539 dicit
1653 4494 1710 4538 et
1730 4486 2064 4554 mendicum,

2250 3269 2432 3324 Genua
2471 3285 2585 3324 mea
2615 3269 2880 3338 inﬁrmata
2909 3279 3029 3324 sunt
3057 3287 3089 3326 α
3111 3271 3342 3344 jejunio.
3397 3269 3610 3325 Hahete
3653 3284 3775 3324 con-

2178 3363 2528 3428 solationem,
2557 3379 2589 3418 o
2616 3361 2902 3429 monache,
2929 3362 3228 3434 jejunando
3259 3382 3269 3415 :
3295 3361 3569 3434 siquidem
3595 3373 3651 3418 cl
3675 3361 3774 3417 Do.

2178 3456 2358 3510 minus
2398 3455 2502 3510 hoc
2529 3452 2678 3510 fecit.
2707 3453 2820 3525 Ego
2847 3453 2970 3509 dico
3000 3453 3147 3526 quod
3179 3456 3396 3526 quando
3415 3453 3626 3526 jejuna!
3651 3468 3764 3509 mo—

2178 3553 2406 3617 nachus,
2456 3553 2651 3608 fortior
2694 3552 2753 3607 fit
2795 3551 3024 3623 jejunio.
3063 3553 3125 3605 Et
3167 3549 3386 3622 quando
3430 3549 3770 3604 infirmantur

2174 3664 2350 3720 genua
2384 3646 2759 3718 ejusjejunio,
2799 3655 2924 3700 tunc
2953 3644 3186 3700 maxime
3218 3644 3530 3700 roboratur.
3567 3641 3632 3696 Et
3654 3658 3767 3695 caro

2175 3757 2290 3796 mea
2318 3741 2587 3794 immutata
2629 3748 2702 3794 est
2747 3749 2954 3811 pr0pter
2999 3737 3182 3793 oleum.
3234 3736 3370 3793 Rem
3401 3735 3596 3792 videor
3631 3733 3768 3790 difﬁc

2175 3834 2335 3889 cilcm
2367 3833 2570 3899 dicere,
2603 3842 2657 3886 et
2696 3831 3000 3888 secundum
3050 3831 3288 3886 litteram
3328 3830 3683 3900 interpretor,
3715 3836 3765 3882 ut

2175 3925 2438 3980 mdiﬁcem
2463 3923 2766 3980 audientes.
2791 3922 3214 3979 Edificatenim
3240 3937 3326 3978 me
3345 3922 3547 3977 littera.
3566 3921 3760 3976 Bonum

2176 4029 2257 4074 est
2284 4017 2572 4088 jejunare:
2621 4017 2820 4074 bonum
2851 4028 2934 4072 est
2960 4016 3146 4088 fugere
3168 4017 3416 4072 delicias.
3466 4015 3760 4086 Antequam

2175 4115 2386 4170 veniam
2420 4115 2486 4169 ad
2532 4113 2872 4184 spiritualem
2919 4111 3360 4183 intelligentiam,
3391 4109 3564 4165 miror
3601 4109 3656 4166 in
3681 4109 3756 4164 lit-

2176 4215 2312 4276 tera,
2346 4207 2490 4280 qnod
2520 4207 2656 4263 dicit
2697 4206 2883 4262 oleum
2931 4220 2990 4262 se
3033 4205 3386 4260 manducare.
3417 4204 3602 4274 Longe
3628 4211 3704 4259 est
3730 4217 3756 4257 ε

2173 4301 2387 4356 creteris
2433 4300 2742 4356 desideriis.
2788 4298 2900 4355 Hoc
2954 4305 3126 4355 totum
3155 4297 3288 4364 dixi,
3337 4297 3460 4369 quia
3493 4296 3664 4352 dixit:
3698 4294 3758 4350 Et

2174 4411 2294 4448 caro
2325 4408 2439 4449 mea
2476 4397 2745 4448 immutata
2773 4401 2846 4447 est
2893 4401 3100 4465 propter
3127 4391 3318 4446 oleum.
3355 4389 3468 4446 Hoc
3499 4390 3658 4445 aliter
3684 4390 3758 4444 in.

2175 4494 2506 4558 terpretatus
2563 4499 2704 4541 sum.
2753 4485 3025 4540 Caeterum
3074 4483 3218 4555 quod
3271 4483 3426 4549 dicit,
3480 4481 3582 4539 hoc
3635 4494 3756 4538 eSt:

448 4566 528 4636 ἐι
553 4581 674 4650 quis
706 4580 758 4634 in
794 4577 999 4634 divitiis
1024 4578 1141 4634 suis
1167 4577 1464 4648 gloriatur?
1497 4577 1720 4634 llabetis
1745 4579 2070 4636 consolatio—
2097 4574 2150 4635 D
2173 4582 2388 4648 Oleum,
2421 4581 2597 4652 imago
2638 4578 2904 4634 claritatis
2935 4586 3019 4634 est
3062 4594 3075 4628 :
3127 4578 3308 4633 oleum
3341 4576 3492 4648 quasi
3534 4591 3657 4632 esca
3684 4583 3764 4630 est

468 4688 617 4741 nem,
648 4686 936 4744 pauperes,
958 4680 1014 4726 et
1042 4671 1300 4727 Dominus
1330 4670 1608 4726 vobiscum
1633 4686 1840 4742 pauper
1867 4682 1970 4730 est.
1999 4671 2070 4728 Et

469 4775 835 4839 compunctum
879 4765 1035 4820 corde
1065 4765 1399 4835 mortiﬁcare.
1433 4764 1571 4831 Quid
1605 4775 1688 4821 est
1724 4767 1864 4836 quod
1902 4766 2064 4835 dixit,

468 4871 834 4932 compunctum
886 4859 1039 4915 corde
1086 4859 1436 4928 mortiﬁcare?
1476 4857 1629 4926 Quod
1677 4860 1731 4914 in
1775 4860 2068 4932 Evangelio

468 4957 612 5014 dixit
645 4976 656 5010 :
689 4956 888 5012 Tristis
931 4965 1014 5013 est
1055 4957 1236 5012 anima
1267 4971 1385 5012 mea
1417 4970 1587 5028 usque
1616 4955 1683 5011 ad
1714 4965 1965 5012 mortem.
1999 4955 2068 5011 Et

470 5052 672 5109 iterum
697 5051 915 5124 quando
937 5051 1105 5107 dixit:
1133 5050 1312 5117 Pater,
1349 5051 1393 5105 si
1419 5050 1676 5121 possibile
1701 5060 1805 5119 est,
1827 5059 2071 5106 transeat

468 5167 499 5207 a
533 5166 620 5207 me
651 5149 808 5207 \calix
844 5152 946 5207 iste
979 5150 1196 5223 (Matth.
1228 5147 1402 5220 xxvi).
1437 5148 1608 5204 Aliter
1645 5167 1656 5200 :
1706 5149 1817 5204 Hoc
1845 5147 2068 5204 dolebat

468 5245 630 5312 mihi,
662 5255 719 5301 et
757 5244 1123 5302 contristabar
1159 5259 1260 5315 pro
1292 5243 1748 5315 persequentibus
1781 5260 1904 5299 me:
1941 5241 2064 5314 quia

468 5338 730 5396 nolebant
753 5338 1129 5410 panitentiam
1153 5351 1334 5408 agere.
1357 5337 1469 5408 Ego
1491 5336 1543 5392 in
1565 5353 1724 5392 cruce
1741 5337 2063 5408 pendebam,

467 5443 522 5491 et
551 5435 816 5505 sanguine
846 5449 967 5490 meo
996 5432 1244 5488 Iavabam
1277 5431 1469 5488 sordes
1500 5447 1713 5500 eorum,
1745 5443 1800 5488 et
1829 5433 1932 5502 ipsi
1965 5448 2067 5488 no-

464 5525 653 5584 lebant
692 5543 854 5601 agere
898 5527 1298 5599 paenitentiam.
1332 5525 1427 5582 lite
1457 5536 1616 5582 erant
1646 5527 1920 5599 lact-ymaa,
1953 5524 2068 5582 haec

537 5655 562 5683 ει
588 5644 743 5714 Quod
801 5643 1024 5716 sequior
1059 5643 1160 5700 ista
1211 5640 1528 5716 Hieronymi
1578 5652 1738 5700 aetate
1781 5645 1874 5716 sit,
1915 5657 2066 5698 reum

463 5719 708 5774 ementiti
738 5715 974 5772 nominis
1001 5724 1348 5787 tractatorem
1381 5715 1523 5770 hunc
1547 5724 1712 5787 agunt
1734 5715 1954 5770 eruditi.
1975 5716 2071 5768 list

460 5798 641 5847 tamen
666 5789 756 5847 hic
781 5790 934 5846 locus
955 5797 1012 5845 et
1032 5789 1082 5844 in
1099 5785 1509 5858 Aquicinctcnsi
1537 5785 1640 5844 uis.
1659 5787 1802 5860 apud
1824 5788 2063 5844 Martcne

2178 4674 2418 4730 luminis.
2450 4671 2524 4728 Ita
2559 4673 2726 4744 igitur
2754 4681 2810 4728 et
2835 4671 3009 4727 Judzri
3039 4681 3368 4742 acceperunt
3400 4686 3430 4724 a
3457 4686 3542 4726 me
3565 4670 3760 4738 oleum,

2175 4780 2504 4841 acceperunt
2530 4769 2721 4837 vitam,
2750 4776 3077 4839 acceperunt
3108 4769 3311 4824 lumen.
3337 4767 3414 4824 Ne
3435 4769 3559 4840 quis
3577 4766 3759 4823 existi-

2178 4875 2308 4932 met,
2339 4863 2481 4935 quod
2511 4863 2691 4945 oleum
2713 4863 2860 4920 dicat
2887 4879 2986 4934 pro
3013 4861 3383 4918 misericordia
3411 4879 3424 4916 :
3460 4862 3513 4917 in
3540 4861 3762 4918 llebra’o

2177 4958 2466 5030 significat,
2503 4957 2842 5028 intelligibile
2865 4957 3066 5012 oleum.
3095 4957 3421 5012 lmmutatus
3447 4966 3554 5024 est,
3584 4973 3688 5012 non
3711 4956 3758 5010 in

2175 5051 2451 5124 gaudium,
2483 5051 2578 5107 sed
2611 5051 2662 5106 in
2697 5049 2972 5106 tristitiam
3010 5068 3021 5104 :
3073 5067 3179 5107 non
3215 5062 3274 5107 ttt
3307 5049 3588 5122 pulchrior
3620 5051 3759 5106 inve-

2172 5149 2372 5214 niatur,
2423 5145 2516 5203 sed
2552 5156 2609 5202 ut
2655 5145 2851 5202 ftedior
2895 5154 3173 5216 appareat.
3235 5145 3528 5216 Propterea
3583 5145 3755 5202 dicit:

2169 5241 2417 5297 Vidimus
2479 5255 2638 5306 eum,
2701 5249 2757 5294 et
2819 5254 2924 5295 non
2993 5238 3231 5295 [rubebat
3301 5237 3753 5309 pulchritudinem

2172 5332 2328 5408 (Isai.
2373 5332 2482 5405 ιν).
2532 5331 2748 5400 Quare?
2785 5330 2918 5400 Quia
2963 5346 3092 5388 caro
3138 5331 3308 5401 ipsius
3357 5331 3636 5388 immutata
3679 5337 3756 5386 est

2170 5437 2395 5501 propter
2425 5427 2628 5484 oleum.
2661 5424 2780 5481 Non
2815 5426 3049 5483 habebat
3075 5425 3304 5482 delicias
3346 5424 3618 5496 corporis,
3665 5422 3751 5480 sed

2173 5522 2266 5577 Dei
2297 5520 2540 5592 spiritus.
2573 5519 2642 5576 Et
2669 5533 2767 5575 nos
2790 5533 2922 5591 ergo
2943 5519 3161 5591 quando
3183 5518 3523 5590 jejunamus,
3545 5515 3750 5590 quando

2179 5637 2511 5695 Anecdotor.
2539 5645 2671 5692 tom.
2703 5633 2796 5701 IX,
2824 5635 2915 5690 ubi
2950 5635 3155 5693 llilario
3187 5634 3536 5704 Pictaviensi,
3559 5633 3750 5693 seniori

2176 5709 2592 5782 scilicetPatri,
2618 5723 2755 5778 opus
2800 5708 3107 5766 ascrihitur.
3139 5709 3275 5767 Vide
3309 5725 3432 5781 qum
3465 5710 3515 5765 in
3550 5707 3750 5782 prmiisa

2179 5781 2568 5839 Admonitione
2596 5782 2972 5838 observamus.

3599 5953 3718 5967 ορ-..
