4008 6336
244 339 362 399 tun
463 371 466 374 η
1138 326 1568 387 ιιιιειιιιιιιιιιι
1607 324 1670 386 IN
1708 323 2042 387 rsauuos.
2084 329 2332 388 psam.
2372 287 2552 388 cvn't.
3344 337 3486 394 ηδε

242 444 392 512 facies
421 455 612 507 nostrae
643 445 862 518 pallidae
891 453 1019 502 sunt
1056 464 1066 498 :
1105 446 1323 517 quando
1365 445 1496 502 foedi
1533 445 1802 512 videmur,
1831 451 1886 511 Α
1913 446 2138 502 minum.
2167 446 2432 502 Dominus
2458 445 2811 517 crucifigitur,
2842 452 2896 502 et
2926 459 3024 517 pro
3063 447 3506 520 crucifigentibus

239 558 608 620 cognoscamus
645 541 1008 612 nosmetipsos
1041 549 1168 596 tunc
1200 542 1512 611 pulchiores
1537 555 1804 611 apparere
1911 540 2200 612 rogat.Vos
2220 550 2422 609 autem,
2452 541 2497 595 si
2519 539 2801 596 audieritis
2831 541 3055 597 verbum
3087 542 3309 610 malum,
3333 560 3401 599 ne
3430 554 3512 600 te-

236 644 458 702 Christo.
509 637 667 694 Talcs
698 636 873 708 diligit
911 636 1110 692 milites
1141 635 1413 701 Christus,
1458 635 1548 706 qui
1586 633 1808 704 jejuniis
1910 634 3508 705 neatisiram?Solnouoccidatsuperiracundiamvestram

189 725 192 730 ’
238 742 429 795 vacent.
464 735 684 788 Annona
716 740 902 786 nostra
926 739 980 785 et
1009 744 1133 786 esca
1161 728 1430 800 jejunium
1464 737 1566 783 est.
1594 725 1808 796 Quare?
1913 727 2225 799 (Ephes.v).
2251 726 2317 782 Et
2339 728 2640 800 operiantur
2658 728 2792 782 sicut
2811 728 3042 800 diptoide
3063 730 3367 801 confusione
3389 747 3507 786 sua.

235 830 355 899 Quia
394 827 446 882 in
485 824 688 896 jejunio
719 823 946 878 victoria
978 833 1082 888 est,
1139 831 1196 878 et
1245 822 1302 876 in
1351 821 1584 876 victoria
1623 817 1811 875 trium-
1911 821 2121 891 Diplois
2136 836 2306 892 genus
2332 831 2413 878 est
2439 822 2609 892 pallii.
2640 822 2882 893 Denique
2911 824 3038 878 etin
3088 823 3354 880 Hebraico
3380 841 3510 882 ιιΑιι.

235 924 381 996 phus.
413 918 650 988 Denique
678 925 732 974 et
759 916 1098 989 Apostolus:
1131 916 1248 972 Non
1293 914 1348 970 in
1379 916 1684 982 saturitate,
1715 913 1812 969 sed

232 1016 283 1072 in
309 1012 615 1068 infirmitate
642 1010 908 1080 gloriatur
936 1008 984 1078 (Ι
1012 1008 1134 1065 Cor.
1164 1008 1263 1080 tv).
1288 1008 1518 1076 Quando
1547 1007 1695 1064 enim
1724 1007 1808 1062 in-

233 1108 429 1176 ﬁrmor,
465 1114 592 1160 tunc
625 1102 821 1160 fortior
847 1118 967 1156 sum
1001 1101 1067 1174 (ll
1097 1100 1216 1156 Cor.
1255 1099 1384 1171 xu).

295 1201 358 1256 Et
382 1215 472 1274 ego
499 1200 669 1271 factus
697 1214 812 1253 sum
839 1196 1171 1270 approbrium
1198 1197 1328 1251 illis.
1356 1194 1641 1252 Vocabanl.
1669 1193 1815 1250 enim

230 1309 307 1348 me
329 1289 751 1352 Sunaritanum,
796 1297 852 1344 et
892 1287 1154 1344 dicebant
1183 1306 1195 1343 :
1230 1287 1288 1342 In
1331 1285 1640 1343 Beelzebub
1670 1286 1819 1357 prin-

224 1387 334 1457 cipe
355 1385 746 1441 datmoniorum
773 1383 924 1453 cjicit
947 1382 1218 1438 daemonia
1241 1382 1426 1454 (Joan.
1454 1382 1595 1453 vin).
1623 1382 1818 1438 Nonne

226 1481 308 1535 hic
332 1485 415 1535 est
444 1478 588 1533 tilius
614 1475 815 1546 Joseph
849 1476 1024 1532 fabri?
1051 1476 1245 1532 Nonne
1276 1477 1474 1533 fratres
1511 1475 1629 1548 ejus
1655 1484 1712 1532 et
1731 1492 1820 1532 so-

222 1587 363 1628 rores
407 1585 601 1626 omnes
639 1569 780 1640 apud
817 1585 917 1625 nos
953 1579 1091 1624 sunt
1127 1569 1283 1639 (Luc.
1327 1569 1430 1640 xi)?
1470 1570 1536 1623 Et
1579 1573 1815 1624 lterum:

222 1666 316 1735 Qui
357 1662 530 1720 solvis
563 1663 854 1733 templum,
897 1672 952 1718 et
1005 1661 1058 1717 in
1108 1661 1282 1716 tribus
1333 1659 1527 1716 diebus
1579 1659 1819 1716 aedificas

1916 900 2106 989 (Sim)
2127 916 2347 973 dicitur.
2380 917 2584 986 Diplois
2613 915 2755 984 ideo,
2782 918 2911 988 quia
2931 916 3131 988 duplex
3159 927 3244 974 est
3265 919 3510 990 pallium.

1917 1007 2210 1076 PrOpterea
2246 1023 2348 1079 ego
2371 1007 2494 1063 dico
2528 1007 2620 1064 tibi
2653 1026 2664 1063 :
2699 1008 2969 1076 Domine,
3011 1009 3218 1065 inimici
3251 1011 3357 1067 mei
3385 1021 3516 1067 sunt

1915 1099 2089 1157 Judaei
2111 1119 2124 1154 :
2145 1099 2414 1171 persecuti
2437 1110 2564 1156 sunt
2587 1115 2696 1168 me,
2719 1099 3109 1157 crucifixerunt
3139 1116 3245 1168 me,
3267 1102 3520 1159 fecerunt

1919 1194 2048 1249 mihi
2065 1195 2248 1249 omnia
2272 1193 2433 1260 mala,
2467 1191 2984 1263 blasphemaverunt
3009 1208 3114 1249 me.
3131 1191 3510 1265 lndulgeillis:

1917 1288 2172 1356 quoniam
2187 1300 2286 1356 ego
2299 1287 2388 1358 qui
2407 1301 2603 1357 passus
2614 1301 2758 1353 sum,
2772 1301 2906 1357 rogo
2918 1301 3020 1357 pro
3036 1287 3190 1359 ipsis.
3210 1287 3414 1359 thuid
3429 1302 3518 1344 ro-

1917 1381 2021 1452 go?
2041 1380 2378 1437 Ernbescant
2395 1389 2454 1435 'et
2480 1379 2906 1446 confundantur,
2927 1391 2982 1436 et
3005 1381 3084 1437 sic
3099 1381 3392 1437 salventur.
3409 1381 3518 1438 Nu-

1919 1474 2186 1528 daverunt
2204 1488 2290 1528 me
2306 1473 2481 1528 tunica
2499 1487 2642 1538 mea,
2667 1481 2723 1528 et
2742 1487 2896 1527 suam
2915 1472 3289 1543 perdiderunt.
3316 1473 3393 1528 Da
3414 1473 3525 1528 illis

1919 1565 2398 1634 confusionem,da
2437 1565 2543 1621 illis
2570 1565 2944 1636 ignominiam,
2977 1574 3032 1622 et
3063 1565 3300 1622 habeant
3318 1566 3518 1637 duplex

1922 1661 2174 1733 pallium,
2204 1659 2308 1715 hoc
2328 1669 2436 1728 est,
2458 1673 2526 1714 ne
2542 1657 2844 1729 simplicem
2863 1658 3098 1715 habeant
3117 1659 3518 1729 confusionem,

220 1757 344 1815 illud
373 1756 573 1828 (Marc.
597 1754 793 1826 xv).Et
814 1757 1011 1811 iterum
1053 1772 1066 1809 :
1101 1755 1390 1810 Videamus
1416 1755 1463 1810 si
1497 1755 1644 1811 venit
1674 1754 1818 1811 Elias
1873 1761 1892 1796 ‘-
1923 1755 2018 1812 sed
2051 1754 2350 1825 duplicem,
2380 1762 2438 1808 ut
2471 1753 2643 1824 magis
2673 1765 2835 1824 agant
2863 1753 3264 1823 paenitentiam.
3291 1754 3410 1811 Non
3437 1754 3525 1810 di-

219 1851 421 1908 salvare
453 1860 604 1906 eum.
626 1848 722 1904 Ille
744 1848 972 1904 vocabat
1000 1866 1012 1900 :
1045 1847 1154 1914 Eli,
1187 1847 1268 1902 Eli
1310 1863 1324 1900 :
1363 1848 1508 1917 quod
1537 1855 1643 1910 est.
1679 1846 1822 1903 Deus
1851 1840 1900 1902 B
1926 1847 2003 1903 cit
2031 1855 2220 1902 contra
2245 1845 2490 1912 Judzeos,
2522 1844 2620 1901 sed
2653 1861 2751 1915 pro
2779 1846 2910 1916 ipsis
2936 1845 3086 1902 dicit.
3121 1843 3352 1903 Creator
3377 1849 3526 1904 enim

216 1962 383 2008 meus,
403 1945 545 2000 Deus
569 1957 722 1998 meus
736 1941 954 2016 (Matth.
969 1941 1163 2011 xxv"),
1182 1950 1236 1997 et
1252 1941 1327 1997 illi
1347 1940 1520 1996 Eliam
1538 1939 1820 2011 putabant.

219 2040 402 2096 Videte
439 2038 744 2094 ineruditos
777 2035 1014 2092 Judmos.
1059 2034 1227 2091 Filius
1272 2034 1366 2091 Dei
1400 2034 1533 2089 Elite
1562 2033 1823 2089 auxilium
1857 2086 1862 2090 κ

215 2133 460 2205 petebat?
497 2130 751 2186 Viderunt
770 2146 872 2196 me,
908 2139 954 2183 et
989 2138 1252 2183 moverunt
1287 2129 1466 2198 capita
1500 2144 1614 2182 sua.
1646 2125 1826 2195 Quare

214 2235 503 2285 moverunt
531 2225 711 2296 capita
743 2225 878 2280 sua?
906 2223 1041 2292 Quia
1083 2231 1138 2279 et
1183 2221 1349 2294 pede‘s
1372 2222 1484 2293 jam
1514 2231 1819 2277 moverant.

280 2320 500 2377 Salvum
523 2336 606 2375 me
635 2320 716 2390 {ac
743 2327 950 2390 propter
966 2314 1375 2371 misericordiam
1399 2325 1559 2370 tuam.
1599 2315 1738 2370 Dicit
1770 2322 1825 2369 et

209 2415 265 2470 in
297 2412 648 2486 Evangelio:
692 2411 1024 2467 Potestatem
1069 2407 1248 2464 habeo
1298 2405 1539 2478 ponendi
1583 2405 1824 2462 animam

208 2523 407 2575 theam,
463 2517 521 2562 et
553 2506 751 2562 iterum
783 2501 1097 2560 resumeudi
1128 2517 1248 2558 eam
1280 2499 1462 2568 (Joan.
1498 2499 1582 2571 ιι).
1616 2500 1682 2555 Et
1725 2500 1824 2556 ite-

205 2617 322 2658 rum
349 2617 362 2655 :
393 2598 579 2656 Nemo
607 2599 748 2654 tollit
768 2612 886 2654 eam
919 2612 948 2651 a
979 2611 1088 2652 me.
1122 2596 1189 2650 Et
1217 2593 1490 2665 quemodo
1516 2593 1826 2649 misericor-

203 2692 345 2749 diam
381 2693 557 2764 petit?
590 2689 710 2760 lpse
735 2687 1168 2746 misericordiam
1195 2685 1354 2757 petit,
1382 2694 1438 2742 et
1466 2685 1582 2756 ipse
1616 2685 1826 2742 tribuit.

203 2787 320 2859 Ipse
353 2796 414 2843 ut
442 2787 617 2842 homo
648 2793 822 2856 rogat,
845 2792 899 2839 ct
927 2793 988 2838 ut
1016 2783 1166 2837 Deus
1199 2781 1410 2836 tribuit.
1689 2854 1692 2856 γ

269 2885 344 2940 Et
374 2887 554 2941 sciant
575 2885 696 2956 quia
731 2900 913 2939 manus
941 2891 1030 2938 tua
1057 2885 1186 2945 hare,
1215 2892 1262 2938 et
1288 2888 1367 2949 tu,
1393 2879 1634 2945 Domine,
1660 2878 1827 2951 fecisti

199 2995 332 3035 eam.
370 2978 519 3047 Quid
553 2988 639 3033 est
668 2976 812 3048 quod
838 2976 970 3031 dicit
997 2992 1009 3028 :
1063 2973 1128 3028 Et
1171 2975 1340 3029 sciant
1368 2975 1492 3045 quia
1521 2987 1706 3026 manus
1738 2980 1828 3024 tua

198 3072 331 3139 ha'c,
379 3078 430 3124 et
476 3079 560 3135 tu,
615 3067 856 3135 Domine,
909 3066 1079 3138 fecisti
1125 3066 1275 3121 eam?
1305 3063 1626 3134 lntclligant
1655 3060 1824 3116 Judaei

197 3162 470 3234 quoniam
524 3161 631 3232 ipsi
678 3174 787 3216 non
817 3158 1226 3230 praevaluerunt
1253 3158 1310 3213 in
1343 3172 1430 3213 me
1456 3173 1468 3210 :
1497 3155 1595 3211 sed
1627 3169 1744 3210 mea
1774 3161 1830 3210 et

1930 1950 2034 2008 est,
2063 1949 2118 1996 et
2137 1939 2374 2007 illorum,
2404 1948 2460 1995 et
2485 1948 2673 1994 noster
2696 1981 2712 2007 ,
2738 1955 2847 1994 non
2869 1939 3014 1995 enim
3034 1955 3133 1996 eos
3161 1939 3385 1997 omnino
3405 1956 3530 1997 era-

1927 2033 2149 2089 dicavit.
2183 2032 2360 2089 Vultis
2383 2032 2561 2089 scire?
2588 2033 2786 2089 Petrus
2813 2049 2880 2089 ex
2912 2033 3046 2104 ipsis
3077 2045 3216 2103 erat,
3247 2043 3304 2090 et
3336 2050 3530 2093 omnes

1929 2128 2160 2198 apostoli
2205 2143 2272 2184 ex
2304 2126 2436 2198 ipsis
2460 2135 2636 2182 erant.
2668 2126 2780 2182 Nos
2810 2127 2863 2182 in
2897 2127 3135 2184 radicem
3169 2129 3410 2198 ipsorum
3447 2129 3532 2186 in-

1928 2223 2064 2278 serti
2095 2236 2306 2278 sumus.
2339 2220 2448 2277 Nos
2476 2221 2614 2276 rami
2645 2235 2857 2289 sumus,
2889 2221 2968 2276 illi
2998 2222 3172 2283 radix.
3212 2222 3332 2278 Non
3360 2224 3531 2280 debe-

1929 2332 2050 2372 mus
2095 2315 2424 2372 maledicere
2451 2315 2758 2381 radicibus,
2807 2315 2904 2372 sed
2951 2315 3215 2374 debemus
3240 2333 3402 2376 orare
3431 2335 3535 2392 pro

1928 2408 2208 2464 radicibus
2233 2409 2459 2464 nostris.
2490 2407 2594 2476 Qui
2627 2409 2815 2465 inserti
2842 2424 3032 2466 sumus
3062 2410 3117 2466 in
3140 2411 3405 2478 radicem,
3435 2413 3533 2469 dc-

1929 2517 2217 2572 precemur
2243 2500 2552 2566 Dominum,
2579 2509 2636 2556 ut
2659 2501 2798 2556 sicut
2824 2502 2876 2558 hi
2893 2504 3028 2558 rami
3055 2504 3193 2560 salvi
3216 2503 3347 2561 facti
3373 2514 3524 2574 sunt,

1930 2596 2011 2652 sic
2042 2605 2098 2652 et
2137 2597 2286 2652 radix
2320 2598 2580 2654 salvetur.
2653 2598 2814 2655 Forte
2858 2600 3055 2672 aliquis
3095 2602 3238 2657 dicat
3275 2620 3288 2653 :
3323 2601 3402 2657 Tu
3432 2617 3531 2672 pro

1929 2688 2135 2745 Judmis
2165 2705 2291 2746 oras
2339 2691 2714 2763 blasphemis?
2750 2693 2862 2750 Oro
2909 2694 3200 2750 Dominum
3246 2711 3346 2768 pro
3373 2696 3528 2768 ipsis.

1929 2781 2276 2855 Sieuimipse
2298 2795 2716 2855 persecutorum
2741 2800 2964 2842 suorum
2990 2787 3298 2856 miseretur,
3329 2799 3534 2861 quanto

1931 2880 2102 2950 magis
2134 2880 2238 2936 mei
2270 2879 2599 2937 miseretur?

2003 2973 2298 3044 Conﬁtebor
2328 2972 2554 3030 Domino
2582 2975 2736 3031 nimis
2766 2978 2818 3031 in
2850 2993 2938 3032 ore
2963 2992 3100 3032 meo.
3145 2977 3259 3033 lloc
3291 2987 3413 3049 post
3445 2993 3534 3035 rc-

1931 3069 2327 3125 surrectionem
2352 3069 2574 3139 dicitur,
2599 3080 2652 3127 et
2680 3071 2749 3127 de
2779 3071 2952 3127 futura
2983 3071 3226 3128 Ecclesia
3259 3081 3528 3129 cantatur.

1934 3160 2001 3217 Et
2025 3163 2078 3216 in
2102 3163 2268 3216 medio
2281 3163 2561 3218 multorum
2576 3163 2803 3219 laudabo
2815 3181 2952 3221 eum.
2984 3165 3259 3223 Nonenim
3285 3167 3337 3222 in
3363 3166 3536 3223 Judea

200 3264 287 3312 tua
330 3255 606 3312 voluntas
641 3253 777 3309 facta
811 3261 895 3308 est
923 3262 983 3308 ut
1018 3251 1218 3322 patiar,
1268 3258 1324 3306 et
1353 3265 1453 3322 ego
1484 3249 1637 3305 volui
1669 3247 1777 3319 pati
1807 3263 1823 3303 :
1853 3238 1899 3301 C
1933 3254 2129 3323 solum,
2163 3255 2258 3311 sed
2291 3256 2344 3311 in
2377 3256 2636 3313 universo
2668 3257 2835 3324 orbe,
2865 3258 2918 3313 in
2942 3257 3181 3315 Ecclesia
3206 3259 3435 3315 laudabo
3457 3267 3536 3315 ιε-

197 3360 502 3424 propterea
554 3348 681 3403 dico
729 3346 1032 3404 secundum
1071 3346 1217 3417 quod
1257 3345 1418 3400 homo
1470 3359 1630 3402 sum:
1683 3343 1829 3399 Deus

195 3461 380 3512 meus,
418 3453 480 3500 ut
515 3446 756 3500 facerem
803 3443 1134 3500 voluntatem
1171 3451 1317 3496 tuam
1343 3485 1356 3509 ,
1399 3440 1545 3495 volui
1580 3452 1595 3494 :
1639 3448 1696 3494 et
1737 3447 1828 3493 tua

193 3540 461 3594 voluntas
507 3546 636 3592 erat
673 3545 727 3591 et
760 3551 878 3591 mea
927 3543 983 3589 ut
1015 3533 1213 3605 patiar,
1259 3549 1365 3588 non
1408 3532 1646 3588 illorum.
1682 3529 1829 3600 Ergo

192 3647 305 3688 non
337 3631 572 3686 insidia:
593 3637 652 3685 et
672 3628 934 3685 fortitudo
962 3628 1091 3684 fecit
1115 3641 1130 3683 :
1157 3627 1252 3684 sed
1278 3642 1379 3698 ego
1401 3635 1453 3681 et
1479 3635 1535 3681 tu
1557 3624 1829 3681 voluimus

189 3735 250 3781 ut
301 3725 524 3797 patiar.
582 3723 664 3778 'l‘u
695 3723 842 3779 enim
877 3720 1202 3793 percussisti
1236 3730 1509 3790 pastorem
1561 3725 1734 3784 tuum,
1775 3726 1829 3772 et

190 3834 326 3875 oves
375 3819 667 3890 diSpersa:
696 3826 843 3871 sunt.
880 3815 994 3871 Hoc
1024 3816 1290 3884 scriptum
1316 3821 1400 3869 est
1429 3813 1480 3867 in
1514 3811 1778 3867 Zacharia
1816 3827 1831 3865 ε

187 3912 526 3968 Percutiam
549 3918 844 3981 pastorem,
858 3917 913 3965 et
932 3908 1317 3978 dispergentur
1338 3919 1467 3961 oves
1485 3902 1828 3975 (Zacltij.

186 4005 354 4074 Quod
404 4013 476 4060 ut
533 4003 734 4074 patiar,
770 4017 890 4058 mea
922 4001 1177 4056 voluntas
1220 3999 1320 4056 fuit
1351 4009 1406 4054 et
1437 4007 1550 4054 tua.
1581 3997 1734 4067 Quod
1777 4006 1832 4052 tu

183 4099 456 4166 voluisti,
490 4111 558 4154 et
587 4111 692 4168 ego
723 4095 893 4152 volui.
927 4094 1231 4166 Oportebat
1258 4094 1452 4150 venire
1483 4090 1832 4158 scandalum,

183 4190 284 4248 sed
313 4205 404 4245 va:
438 4205 553 4260 per
576 4203 741 4258 quem
768 4187 916 4244 venit
942 4185 1159 4257 (Matth.
1193 4185 1372 4257 ιιίιι).

260 4282 623 4338 Maledicent
653 4279 752 4346 illi,
797 4288 846 4334 ct
889 4288 943 4334 tu
979 4279 1264 4335 benedices.
1307 4277 1492 4348 Usque
1532 4275 1693 4332 hodie
1733 4274 1838 4331 hoc

184 4381 246 4433 lit
279 4396 294 4432 :
336 4377 432 4433 llli
471 4373 822 4432 maledicunt
850 4375 902 4429 in
950 4389 1247 4445 synagoga,
1278 4381 1329 4427 et
1358 4370 1623 4428 Dominus
1673 4370 1838 4426 bene-

175 4472 320 4528 dicit
361 4472 423 4526 in
457 4467 745 4524 Ecclesia.
782 4466 884 4535 Qui
913 4465 1183 4539 insurgunt
1207 4466 1376 4534 inme,
1403 4462 1790 4536 confundantur
1816 4476 1836 4515 :

176 4585 372 4624 seruus
403 4576 609 4620 autent
635 4572 755 4618 tuus
788 4565 1064 4619 lambitur.
1093 4563 1170 4618 Illi
1199 4564 1482 4634 insurgunt
1509 4564 1558 4616 in
1585 4577 1672 4616 me
1699 4579 1709 4614 :
1737 4574 1836 4631 ego

2006 3349 2142 3416 Quia
2164 3351 2370 3409 astitita
2392 3350 2587 3405 dextris
2599 3352 2860 3424 pauperis.
2877 3351 3135 3408 Diabolus
3161 3352 3226 3407 ad
3250 3353 3531 3410 dexteram

1929 3445 2082 3503 Judte
2108 3448 2279 3502 stetit.
2313 3444 2584 3502 Caeterum
2620 3445 2753 3501 mihi
2793 3445 3054 3503 Dominus
3082 3447 3231 3503 stetit
3254 3448 3322 3503 ad
3348 3448 3540 3505 dexte-

1930 3555 2068 3596 ram.
2125 3538 2192 3595 Ut
2239 3541 2434 3594 salvam
2489 3539 2680 3609 faceret
2741 3556 2774 3594 a
2828 3541 3249 3612 persequentibus
3305 3542 3538 3596 animant

1931 3651 2094 3688 meam
2147 3634 2360 3705 (Matth.
2395 3633 2568 3705 xxvi).
2606 3636 2904 3702 ‘Anintam,
2940 3637 3132 3704 inquit,
3164 3637 3425 3694 salvahit.
3470 3636 3539 3692 Et

1931 3725 2057 3782 alibi
2085 3725 2221 3782 dicit
2250 3740 2265 3780 :
2292 3725 2492 3783 Tristis
2517 3739 2599 3784 est
2625 3730 2808 3784 anima
2833 3745 2953 3784 utea
2983 3745 3154 3801 usque
3176 3731 3242 3785 ad
3274 3739 3529 3787 mortem.

1929 3818 2034 3888 Qui
2061 3819 2229 3875 tristis
2251 3828 2359 3886 est,
2389 3835 2612 3876 sensum
2639 3819 2848 3876 habuit.
2881 3821 3220 3878 lnsensibilis
3245 3825 3390 3878 enim
3414 3825 3504 3879 ani

1935 3929 2021 3969 ma
2052 3929 2274 3970 sensum
2306 3930 2417 3969 non
2449 3914 2630 3970 habet.
2665 3913 3006 3970 lnsensibilis
3033 3917 3214 3971 anima
3238 3930 3345 3972 non
3371 3916 3535 3972 habet

1933 4024 2175 4076 sensum,
2204 4023 2376 4081 neque
2402 4008 2675 4064 dolorem.
2700 4006 2804 4065 Ubi
2847 4008 2991 4064 enim
3023 4008 3178 4065 dolor
3209 4020 3292 4066 est
3341 4019 3394 4066 et
3439 4012 3539 4066 tris

1932 4100 2104 4167 stitia,
2139 4101 2210 4155 ibi
2251 4117 2444 4157 sensus
2489 4112 2594 4158 est.
2628 4099 2688 4156 Si
2717 4116 2849 4172 ergo
2896 4101 3086 4158 habuit
3132 4102 3434 4170 tristitiam,
3484 4103 3535 4159 si

1937 4191 2126 4248 habuit
2151 4193 2429 4262 dolorem,
2462 4209 2592 4264 ergo
2633 4193 2820 4250 habuit
2857 4203 2912 4250 et
2954 4209 3172 4250 sensum
3221 4195 3446 4252 doloris.
3475 4196 3533 4254 Si

1938 4302 2067 4357 ergo
2091 4286 2362 4344 voluerint
2393 4288 2550 4344 nobis
2574 4286 2756 4345 dicere
2786 4288 3118 4357 :Propterea
3148 4303 3258 4345 non
3298 4289 3534 4347 dicimus

1939 4395 2062 4436 cum
2093 4379 2348 4435 habuisse
2374 4394 2618 4447 sensum,
2650 4390 2707 4434 ιιι
2735 4396 2843 4435 non
2891 4378 3138 4435 videatur
3169 4380 3371 4437 habere
3413 4397 3538 4453 pec.-

1939 4481 2141 4530 catum.
2176 4471 2285 4528 Nos
2310 4473 2416 4529 illis
2447 4471 2880 4544 reSpondeamus
2909 4492 2918 4524 :
2946 4472 3145 4529 Habuit
3171 4489 3367 4545 corpus
3395 4474 3540 4531 sicut

1941 4574 1996 4618 et
2024 4579 2144 4630 nos,
2168 4573 2263 4619 aut
2290 4580 2396 4619 non
2421 4564 2641 4620 habuit?
2663 4563 2719 4618 Si
2758 4563 3015 4635 dixerint,
3049 4565 3245 4621 Habuit
3273 4586 3283 4620 :
3317 4581 3540 4638 respon-

171 4672 380 4720 autem
403 4675 557 4715 serv
570 4672 632 4712 us
658 4657 1042 4714 tnuslaatahor.
1068 4658 1246 4725 Quare
1273 4670 1452 4713 autem
1475 4670 1663 4712 servus
1681 4653 1840 4712 tuus?
1868 4629 1917 4689 D
1944 4656 2168 4712 deamus
2201 4656 2309 4711 illis
2343 4675 2354 4709 :
2391 4657 2532 4728 Ergo
2568 4655 2756 4712 habuit
2779 4664 2836 4711 et
2859 4658 3148 4728 passiones
3173 4659 3416 4728 corporis
3444 4674 3540 4714 no-

173 4755 487 4825 Quoniam
537 4751 633 4822 qui
665 4765 787 4805 cum
826 4752 881 4806 in
919 4751 1091 4806 forma
1118 4750 1214 4806 Dei
1248 4759 1417 4816 esset,
1453 4764 1560 4804 non
1594 4748 1835 4819 rapinam

167 4850 528 4905 arbitratus
574 4853 658 4898 est
692 4858 815 4899 esse
851 4857 910 4898 se
947 4843 1207 4915 a-qualem
1237 4843 1347 4897 Deo
1378 4860 1389 4894 :
1421 4841 1515 4897 sed
1542 4837 1839 4895 exinanivit

167 4943 618 5010 semetipsum,
661 4937 889 4992 formam
937 4939 1079 4993 servi
1125 4938 1397 5008 accipiens
1443 4934 1706 5008 (Philipp.
1752 4935 1832 5006 ιι).

246 5035 282 5090 1
292 5036 617 5091 nduantur
656 5031 744 5102 qui
771 5029 1048 5086 detrahunt
1079 5030 1207 5084 mihi
1237 5031 1458 5100 pudore.
1496 5029 1658 5084 Valde
1683 5029 1838 5086 nobis

167 5133 440 5206 prodest
473 5126 801 5198 intelligere
845 5127 989 5198 quod
1017 5125 1253 5182 dicimus
1280 5143 1292 5179 :
1325 5125 1627 5181 Clementia
1660 5125 1756 5181 Dei
1786 5125 1840 5180 in

165 5232 284 5285 hoc
318 5232 627 5296 apparet,
661 5221 713 5276 in
751 5220 982 5278 dicendo
1009 5261 1022 5284 ,
1075 5219 1385 5274 induantur.
1419 5217 1536 5274 Non
1567 5219 1715 5284 dicit,
1750 5233 1845 5288 pc-

159 5329 351 5378 reaut
381 5336 399 5373 :
445 5329 584 5371 non
626 5314 779 5380 dicit,
826 5313 1113 5370 deleantur
1141 5313 1197 5368 in
1227 5322 1514 5369 mternum.
1562 5313 1667 5368 Sed
1716 5311 1844 5381 quid

157 5414 366 5472 dicit?
426 5405 882 5465 Confuudantur
910 5448 924 5472 ,
977 5405 1078 5462 hoc
1120 5416 1224 5472 est,
1270 5404 1574 5474 intelligant
1603 5419 1845 5460 errorem

158 5515 380 5575 Suum,
436 5513 509 5560 et
561 5500 990 5566 confundantur,
1037 5511 1090 5557 et
1145 5499 1363 5557 deficiat
1406 5501 1458 5556 in
1505 5500 1844 5570 poenitentia.

153 5605 280 5675 Qui
319 5597 622 5657 induitur
653 5595 881 5665 pudore,
915 5611 1081 5665 prope
1110 5605 1195 5652 cst
1236 5597 1394 5651 saluti
1427 5615 1437 5648 :
1469 5597 1512 5652 si
1543 5595 1664 5667 quis
1703 5597 1847 5652 enim

1945 4751 2065 4805 stri.
2095 4749 2371 4820 intelligat
2403 4750 2774 4820 unusquisque
2803 4749 2945 4821 quod
2978 4750 3119 4807 dico.
3153 4752 3209 4808 Si
3241 4761 3418 4807 autem
3445 4767 3539 4805 ne-

1947 4842 2189 4913 gaverint
2215 4857 2338 4897 eum
2369 4841 2626 4898 habuisse
2645 4843 2927 4914 passiones
2951 4845 3222 4914 corporis,
3254 4861 3384 4913 ergo
3410 4844 3547 4900 dici-

1947 4953 2068 4990 mus
2101 4935 2225 5002 illis,
2266 4935 2412 5006 quod
2456 4951 2556 4991 nec
2586 4951 2787 5008 corpus
2819 4921 3119 4993 habuit.iEt
3163 4953 3262 4993 nos
3301 4937 3546 4993 dicamus

1948 5030 2054 5085 illis
2080 5049 2091 5083 :
2125 5029 2278 5085 Sicut
2303 5045 2500 5100 corpus
2525 5030 2714 5090 habuit
2737 5047 2948 5100 verum,
2973 5033 3112 5088 sicut
3133 5041 3185 5087 et
3209 5047 3329 5098 nos,
3359 5041 3550 5089 etnon

1947 5121 2137 5177 habuit
2190 5132 2472 5192 peccatum
2525 5126 2793 5194 corporis,
2844 5125 2915 5180 ita
2959 5133 3014 5180 ct
3064 5126 3304 5180 animam
3360 5143 3547 5183 veram

1949 5215 2156 5285 habuit,
2181 5223 2238 5271 et
2256 5225 2474 5287 peccata
2503 5217 2699 5272 animat
2721 5232 2828 5272 non
2861 5217 3064 5274 habuit.
3089 5217 3198 5273 Nos
3220 5233 3352 5291 ergo
3379 5220 3548 5274 confi-

1949 5321 2161 5368 teamur
2189 5327 2380 5367 verum
2409 5326 2608 5382 corpus
2637 5327 2762 5367 eum
2799 5310 3071 5376 habuisse,
3101 5322 3155 5368 et
3193 5327 3377 5368 veram
3428 5314 3549 5368 ani-

1954 5422 2116 5462 mam.
2151 5404 2207 5462 Si
2257 5405 2400 5461 enim
2441 5420 2549 5460 non
2598 5401 2840 5472 suscepit
2884 5403 3146 5458 Dominus
3193 5415 3386 5461 cuncta
3426 5423 3550 5478 qua:

1954 5499 2189 5555 hominis
2211 5510 2364 5565 sunt,
2393 5515 2498 5555 non
2529 5498 2759 5554 salvavit
2789 5497 3086 5554 hominem.
3123 5498 3180 5556 Si
3207 5510 3391 5556 autem
3422 5517 3548 5558 sus-

1954 5594 2097 5664 cepit
2141 5609 2361 5664 corpus,
2409 5592 2646 5646 animam
2698 5603 2881 5646 autem
2933 5606 3040 5646 non
3089 5592 3370 5663 suscepit,
3419 5610 3547 5667 ergo

1954 5703 2152 5759 corpus
2175 5687 2424 5751 salvavit,
2443 5684 2682 5740 animam
2711 5692 2891 5740 autem
2917 5701 3026 5741 non
3046 5685 3292 5742 salvavit.
3317 5686 3427 5744 Nos
3456 5704 3552 5745 au~

1956 5793 2061 5841 tem
2091 5783 2340 5839 volumus
2385 5781 2553 5852 magis
2593 5781 2789 5836 salvari
2826 5781 3060 5836 animam
3107 5795 3348 5837 nostram
3390 5799 3554 5852 quam

1958 5891 2178 5948 corpus.
2209 5872 2466 5946 Suscepit
2505 5888 2634 5946 ergo
2654 5872 2839 5941 Jesus,
2873 5883 2928 5930 et
2955 5889 3180 5944 corpus,
3213 5887 3266 5933 et
3294 5876 3552 5952 animam,

3014 5973 3091 6034 37

153 5713 314 5755 vero
355 5686 781 5752 confunditur,
833 5687 1026 5759 incipit
1055 5687 1340 5757 paenitere.
1390 5688 1767 5756 Considerate,
1816 5703 1851 5744 ο

150 5786 507 5852 monachi,
543 5781 598 5838 si
623 5782 914 5854 aliquando
950 5784 1250 5840 habueritis
1290 5783 1494 5856 aliquid
1523 5792 1711 5841 contra
1744 5785 1852 5839 fra-

151 5900 321 5946 trem
361 5889 685 5944 vestrum,
717 5892 929 5948 semper
973 5893 1072 5947 pro
1116 5877 1236 5948 ipso
1273 5894 1465 5951 rogare
1507 5879 1719 5936 debetis
1749 5879 1854 5937 Do-

523 5977 816 6038 Ρηιιοι..
867 5975 1101 6039 XXVI.
