4008 6336
265 303 394 375 “65

1192 311 1620 370 BREVIARIUM
1659 309 1725 368 IN
1764 308 2094 368 PSALlEOS.
2140 307 2381 371 PSALM.
2423 307 2560 372 (ΠΧ.

3405 327 3541 380 1116

259 427 574 510 si_l)ominus
621 435 806 483 noster
856 436 1018 500 atque
1067 429 1337 496 Salvator,
1370 431 1459 501 qui
1496 439 1625 485 vere
1653 426 1829 483 homi-
1857 431 1906 487 A
1935 428 2532 495 ordiiiemMeIc/iisedec,
2554 432 3348 494 tradiditnobissacramentum
3364 456 3541 496 suum.

260 541 371 583 nem
396 524 710 592 assumpsit,
745 523 982 593 loquitur
1009 524 1306 581 secundum
1345 525 1617 580 hominem
1655 541 1667 577 :
1718 539 1839 579 cum

256 619 366 692 ipse
390 617 522 672 Deus
551 616 732 686 Pater,
763 617 857 690 qui
883 634 991 673 non
1033 619 1324 688 assumpsit
1348 619 1642 684 hominem,
1674 618 1845 686 loqui—

257 721 340 770 tur
368 712 515 784 quasi
564 711 727 768 bomo
756 729 770 765 :
809 711 888 767 κω
914 723 1058 768 utero
1089 723 1207 768 ante
1250 714 1550 782 Luciferum
1575 713 1728 784 genui
1777 721 1840 765 te.

253 804 362 864 Non
385 803 556 860 habeo
584 811 840 860 uterum:
883 803 978 860 sed
1022 821 1128 860 non
1181 819 1397 875 possum
1449 821 1534 861 me
1581 806 1738 860 aliter
1769 805 1848 859 in-

255 900 424 956 dicare
455 897 668 954 Patrem
694 941 708 965 ,
755 900 858 953 nisi
909 898 1144 954 hominis
1189 900 1375 955 verbis
1413 898 1623 955 locutus
1671 897 1842 953 fuero.

255 983 336 1049 Et
360 1005 501 1048 utero
526 1001 645 1046 ante
677 991 976 1062 Luciferam
999 996 1150 1066 genui
1189 1005 1256 1048 te.
1303 991 1381 1049 Ea:
1410 1003 1578 1059 utero,
1611 993 1680 1050 de
1730 1007 1847 1048 mea

255 1085 567 1142 substantia.
620 1080 702 1138 Ea:
750 1093 912 1138 utero.
971 1085 1134 1152 Audi,
1190 1086 1424 1140 Eunomi
1460 1106 1468 1135 :
1503 1087 1651 1152 anili,
1700 1086 1848 1142 Arri.

255 1177 310 1234 Si
351 1186 598 1233 creatura
630 1190 710 1233 est
742 1179 1018 1242 Dominus,
1057 1182 1101 1236 si
1150 1180 1357 1235 factura
1392 1198 1403 1234 :
1437 1181 1692 1251 numquid
1719 1181 1853 1235 arti-

255 1271 335 1329 fex
366 1281 586 1343 generat
612 1287 758 1343 opus
776 1274 968 1329 suum?
997 1272 1264 1342 Numquid
1303 1274 1497 1329 artifex
1539 1273 1708 1328 ﬁlium
1754 1289 1852 1327 γυ-

255 1375 336 1425 ca't
365 1381 499 1438 opus
525 1367 723 1422 suum?
752 1367 960 1423 Artifex
984 1368 1360 1437 carpentarius
1382 1367 1502 1422 fecit
1527 1381 1806 1421 scamnum
1835 1385 1850 1422 :

256 1460 506 1532 numquid
551 1460 619 1516 de
665 1465 818 1516 utero
875 1461 1020 1517 illius
1068 1460 1388 1532 generavit?
1446 1460 1701 1530 numquid
1767 1459 1850 1514 di-

254 1557 326 1612 cit
350 1556 398 1612 ei
431 1573 444 1609 :
481 1555 556 1611 De
600 1563 756 1610 utero
801 1571 926 1611 meo
975 1556 1134 1627 genui
1178 1567 1266 1623 te,
1301 1572 1332 1607 o
1378 1555 1693 1610 scamnum?
1738 1553 1852 1608 Non

255 1647 435 1719 utique
465 1648 571 1703 hoc
610 1648 759 1704 dicit.
792 1647 896 1704 Sed
937 1649 1063 1720 quid
1117 1648 1280 1703 dicit?
1333 1647 1442 1718 Ego
1483 1657 1532 1702 te
1564 1647 1661 1703 feci
1696 1662 1854 1700 manu

256 1757 391 1800 mea.
420 1740 655 1811 Quando
685 1752 870 1795 autem
903 1753 1089 1796 uterus
1118 1740 1341 1807 dicitur,
1393 1739 1536 1794 ﬁlius
1581 1739 1853 1810 significa-

2020 520 2271 577 Dominus
2309 540 2340 577 a
2381 523 2578 579 dextris
2598 527 2720 581 tuis.
2779 526 2913 583 Rem
2960 545 3155 585 novam
3191 532 3366 589 video.
3411 535 3547 592 Dici-

1946 621 2033 668 tur
2064 615 2114 669 in
2141 615 2406 688 principio
2438 636 2448 670 :
2481 617 2623 673 Dixit
2649 618 2908 677 Dominus
2933 620 3158 680 Domino
3190 642 3321 692 meo,
3355 627 3489 684 Sede
3516 645 3548 682 a

1947 707 2142 761 dextris
2164 709 2338 762 meis:
2389 719 2441 765 et
2483 727 2624 766 nunc
2674 713 2871 769 dicitur
2923 715 2988 770 ad
3048 732 3192 785 cum,
3246 717 3551 777 Dominusa

1947 799 2140 855 dextris
2163 803 2282 856 tuis.
2317 801 2509 872 Siipse
2533 804 2600 859 ad
2640 805 2920 876 dexteram
2971 809 3146 865 Patris
3202 814 3375 881 sedet,
3425 829 3553 885 quo-

1947 892 2112 949 modo
2143 910 2356 949 rursum
2389 895 2549 952 Pater
2566 897 2716 953 sedet
2738 898 2803 954 ad
2834 901 3113 957 dexteram
3139 902 3256 958 Filii
3279 905 3302 958 ?
3323 905 3549 973 Quando

1951 986 2095 1040 enim
2116 986 2345 1041 dicitur:
2377 987 2517 1043 Dixit
2541 989 2789 1044 Dominus
2809 991 3031 1048 Domino
3052 1011 3183 1060 meo,
3211 996 3347 1053 Sede
3373 1015 3404 1051 a
3427 999 3552 1054 dea:-

1953 1079 2047 1133 tris
2071 1078 2193 1133 meis
2219 1096 2238 1134 :
2264 1081 2704 1138 manifestissime
2726 1084 2944 1150 dicitur,
3002 1087 3144 1158 quod
3196 1088 3264 1144 ad
3303 1090 3551 1146 dextram

1954 1171 2128 1226 Patris
2158 1173 2312 1228 sedet
2341 1173 2531 1231 Filius.
2557 1162 2786 1243 Quando
2809 1189 2987 1234 autem
3015 1180 3212 1236 dicitur
3238 1201 3248 1234 :
3301 1182 3557 1239 Dominus

1954 1279 1985 1317 a
2007 1264 2200 1319 dextris
2233 1267 2352 1332 tuis,
2381 1267 2482 1322 hoc
2513 1269 2732 1334 dicitur,
2763 1275 2906 1342 quod
2927 1271 2992 1326 ad
3016 1273 3291 1330 dexteram
3319 1275 3434 1331 Filii
3466 1293 3557 1332 sc-

1956 1357 2080 1413 deat
2110 1359 2288 1414 Pater.
2317 1361 2426 1417 Hoc
2449 1373 2618 1418 totum
2649 1375 2934 1436 propterea
2977 1367 3193 1437 dicitur,
3255 1382 3307 1424 ut
3339 1372 3562 1442 aequalis

1956 1454 2029 1508 sit
2065 1452 2231 1508 Filius
2259 1454 2424 1510 Patri.
2466 1457 2627 1511 Multa
2653 1471 2773 1534 sunt
2805 1477 2924 1529 qu:e
2953 1461 3223 1518 dicantur.
3283 1464 3564 1521 Peccatmi

1956 1553 2140 1601 autem
2167 1547 2412 1603 diabolus
2445 1558 2551 1604 stat
2579 1568 2604 1603 a
2628 1550 2852 1608 dextris.
2881 1553 3150 1612 Εςηιετιιῐη
3195 1557 3283 1613 illa
3325 1559 3566 1628 disputa-

1960 1640 2034 1694 tio
2074 1641 2303 1696 aliaest.
2329 1640 2667 1713 Quicumque
2693 1652 2942 1714 peccator
2971 1660 3070 1712 est,
3109 1649 3354 1704 diabolus
3381 1650 3430 1706 ei
3463 1659 3568 1705 stat

1961 1731 2027 1787 ad
2059 1735 2356 1791 dexteram.
2395 1736 2502 1791 Sed
2543 1737 2683 1793 dicet
2729 1740 2928 1808 aliquis
2964 1759 2974 1793 :
3007 1741 3291 1808 Quomodo
3339 1755 3393 1800 et
3439 1745 3566 1800 Jesu

256 1845 356 1903 tur,
392 1844 447 1888 et
483 1833 628 1890 [ilius
657 1849 764 1888 non
814 1833 1123 1904 adOptatus.
1156 1833 1430 1888 Vocantur
1460 1834 1606 1888 cnim
1649 1842 1703 1888 et
1757 1833 1852 1886 lilii
1888 1828 1935 1889 B
1965 1827 2072 1883 lilio
2092 1828 2321 1886 Josedec
2346 1831 2397 1885 in
2427 1829 2695 1888 Zacharia
2721 1832 2923 1890 dicitur
2945 1845 3091 1890 stare
3119 1837 3364 1892 diabolus
3385 1855 3412 1892 a
3436 1841 3569 1894 dex-

263 1925 528 1995 adoptati.
583 1925 860 1996 Quotquot
887 1927 1034 1982 enini
1063 1935 1392 1995 receperunt
1417 1939 1566 1985 eum.
1601 1924 1748 1979 dedit
1778 1927 1858 1979 eis

259 2028 582 2094 potestatem
610 2019 748 2074 ﬁlius
780 2020 873 2074 Dei
907 2017 1020 2074 ﬁeri
1057 2017 1247 2091 (Iona.
1281 2021 1342 2090 t).
1371 2018 1446 2073 lbi
1479 2019 1625 2073 dedit
1656 2024 1736 2072 eis
1768 2033 1862 2088 po-

258 2122 532 2172 teSIatem.
564 2115 664 2169 Hie
695 2128 828 2170 vero
873 2114 940 2168 de
993 2123 1148 2169 utero
1192 2114 1466 2183 generavit
1503 2132 1514 2165 :
1549 2113 1616 2166 de
1641 2126 1738 2166 sua
1771 2126 1860 2165 ua-

258 2221 393 2276 tura,
424 2209 494 2264 de
521 2208 633 2264 suis
662 2207 992 2271 visceribus,
1023 2206 1091 2262 de
1112 2221 1206 2261 sua
1235 2205 1555 2260 substantia.
1588 2203 1674 2260 Ea:
1699 2217 1862 2269 utero,

258 2302 360 2358 hoc
380 2312 483 2368 est,
510 2302 577 2356 de
602 2299 854 2355 medullis
878 2299 1174 2354 divinitatis
1207 2315 1342 2353 sum.
1375 2298 1570 2352 Totum
1603 2297 1864 2367 quidquid

258 2395 416 2452 Pater
444 2407 535 2452 est
567 2396 619 2450 in
652 2395 962 2460 divinitate,
993 2393 1143 2450 dedit
1182 2392 1321 2449 Filio
1363 2409 1520 2462 quem
1561 2393 1864 2460 generavit.

259 2489 342 2546 Ea:
367 2499 520 2545 utero
550 2499 670 2543 ante
697 2488 998 2560 Luciferum
1043 2490 1200 2563 genui
1247 2501 1293 2542 te
1363 2490 1497 2542 Ante
1548 2487 1864 2558 Luciferum.

259 2585 371 2642 Hoc
397 2586 648 2651 schema,
682 2585 871 2640 Gra°ce
917 2584 1119 2639 dicitur
1156 2581 1462 2655 κυνεὸδοχὴ,
1511 2583 1654 2651 quod
1683 2582 1873 2637 dicunt

260 2681 602 2754 grammatici
654 2695 681 2735 a
731 2690 884 2750 parte
945 2690 1139 2733 lnltlnt.
1194 2680 1422 2744 Quando
1471 2693 1602 2748 ergo
1655 2677 1870 2740 dicitur,

260 2783 380 2829 ante
406 2773 730 2844 Luciferum,
767 2776 926 2826 una’m
954 2783 1261 2826 creaturam
1295 2771 1558 2834 notninat,
1593 2781 1649 2824 et
1684 2783 1876 2824 omnes

262 2865 468 2921 indicat
521 2874 830 2920 creaturas.
888 2862 1118 2932 Quando
1169 2861 1321 2927 dicit,
1377 2871 1494 2914 ante
1537 2859 1874 2931 Luciferum:

262 2973 364 3014 nos
391 2959 474 3013 sic
510 2956 905 3026 intelligamus,
935 2954 1087 3024 quasi
1115 2953 1335 3018 dixerit,
1361 2961 1487 3006 ante
1515 2952 1716 3016 lunam,
1751 2962 1879 3005 ante

262 3053 465 3121 solem,
499 3060 627 3105 ante
649 3063 869 3104 omnem
892 3057 1224 3102 creaturam.
1249 3046 1329 3100 Ex
1357 3054 1500 3099 utero
1529 3055 1648 3099 ante
1676 3044 1880 3115 Lucife-

262 3161 375 3200 rum
405 3145 570 3218 genui
600 3153 666 3200 te.
700 3143 831 3198 Ante
854 3141 1172 3210 Luciferum.
1207 3140 1349 3196 Ante
1379 3142 1539 3196 istum
1575 3141 1878 3196 Luciferum

1966 1921 2062 1974 tris
2105 1921 2220 1989 ejus
2278 1940 2288 1974 :
2347 1933 2398 1977 et
2447 1923 2698 1980 diabolus
2753 1929 2906 1981 stetit
2947 1941 2976 1981 a
3019 1927 3227 1983 dextris
3273 1929 3568 1986 Salvatot'is

1964 2013 2152 2086 (Zaclt.
2186 2013 2308 2087 tu)?
2339 2015 2542 2070 Videtis
2571 2019 2697 2089 quia
2723 2019 2950 2086 qumsiio
2997 2029 3098 2076 est.
3167 2019 3274 2078 Sed
3328 2039 3393 2078 eo
3435 2035 3569 2078 tem-

1969 2123 2100 2178 pore
2127 2110 2345 2178 quando
2363 2111 2541 2166 stabat
2559 2111 2810 2169 diabolus
2834 2115 2901 2168 ad
2923 2114 3205 2172 dexteram
3236 2119 3564 2174 Salvatoris:

1970 2199 2146 2265 Jesus,
2188 2202 2385 2272 inquit,
2434 2202 2670 2260 habebat
2713 2207 3037 2261 vestimenta
3091 2209 3329 2264 sordida.
3381 2211 3574 2266 Nostra

1972 2301 2194 2364 peccata
2229 2295 2498 2362 portabat,
2533 2298 2734 2352 nostris
2763 2299 2907 2354 vitiis
2941 2302 3244 2356 ittvolttlus:
3285 2315 3571 2373 propterea

1971 2386 2219 2442 diabolus
2241 2388 2413 2442 s'tabat
2444 2390 2704 2444 adextris
2745 2391 2876 2461 cjsts.
2937 2391 3204 2465 Confrrgit
3261 2396 3312 2450 in
3356 2397 3440 2451 die
3486 2399 3578 2451 ira:

1973 2496 2082 2534 sure
2111 2498 2278 2552 reges.
2315 2482 2439 2536 llzec
2458 2484 2639 2536 omnia
2674 2484 2864 2539 tradita
2891 2487 3182 2542 suntniiiii.
3205 2489 3260 2545 In
3278 2503 3577 2557 momento,

1977 2575 2170 2644 inquit,
2203 2576 2348 2630 liora:
2387 2579 2704 2632 monstravit
2763 2579 2810 2633 ei
2869 2582 3116 2634 universa
3178 2597 3341 2652 regna
3394 2593 3575 2639 terrae.

1981 2669 2160 2739 Regna
2214 2669 2422 2736 mundi,
2471 2671 2718 2726 diabolus
2774 2685 3059 2729 monstrat.
3115 2674 3182 2730 Et
3233 2671 3356 2747 quid
3397 2677 3572 2732 dicit?

1979 2759 2106 2816 ΗΜ
2135 2762 2314 2815 omnia
2346 2761 2475 2816 mibi
2511 2763 2707 2818 tradita
2753 2775 2898 2820 sunt.
2943 2765 3002 2821 Si
3035 2768 3236 2821 radens
3264 2769 3578 2825 adoraveris

1979 2869 2164 2909 curam
2199 2870 2305 2923 me,
2332 2868 2492 2909 erunt
2515 2864 2601 2909 tui
2628 2858 2808 2912 omnia
2839 2857 3053 2925 (Matth.
3086 2859 3184 2931 tv).
3235 2860 3294 2915 in
3326 2860 3414 2917 die
3442 2879 3577 2932 ergo

1982 2949 2146 3014 belli,
2192 2952 2240 3001 in
2281 2949 2367 3003 die
2406 2952 2738 3016 Certaminis,
2780 2953 3084 3024 confringet
3125 2971 3280 3025 reges
3321 2957 3413 3012 ira:
3443 2974 3577 3012 suae.

2009 3057 2014 3064 ·
2054 3041 2316 3096 Judicabit
2344 3043 2396 3124 in
2423 3044 2736 3098 nationibus.
2793 3045 2977 3102 Videte
3014 3047 3390 3105 dill'erentias:
3425 3067 3582 3120 reges

1984 3134 2421 3205 confringuutur,
2457 3137 2726 3206 iudicabit
2765 3140 3031 3195 nationes.
3095 3140 3341 3214 Implebit
3385 3145 3586 3200 ruinas.

263 3239 355 3310 qtti
388 3237 613 3294 videtur
635 3238 686 3292 in
725 3236 944 3302 mundo,
976 3251 1101 3291 vera
1137 3235 1225 3290 lux
1258 3237 1441 3306 genita
1466 3244 1568 3290 est.
1613 3233 1767 3292 Unde.
1797 3235 1879 3290 di-
1907 3223 1952 3288 C
1987 3227 2248 3283 Dominus
2271 3236 2457 3284 noster
2487 3229 2734 3285 ascendit
2766 3233 2815 3285 in
2847 3249 3088 3299 crucem,
3114 3245 3168 3290 et
3194 3236 3372 3290 multa:
3414 3239 3586 3292 ruina:

261 3336 336 3390 cit
361 3334 414 3389 in
437 3334 558 3388 alio
614 3333 737 3389 loco
781 3333 1028 3402 psalmus
1059 3351 1068 3385 :
1119 3331 1175 3387 In
1209 3332 1412 3387 lumine
1457 3342 1549 3387 tuo
1581 3333 1886 3388 videbimus

264 3425 451 3482 lumen
490 3423 664 3498 (Psal.
706 3425 896 3494 xxxv).
929 3423 1128 3481 Sermo
1157 3434 1246 3480 est
1276 3425 1341 3479 ad
1374 3425 1588 3481 Patrem
1617 3443 1628 3479 :
1661 3427 1706 3481 0
1732 3426 1891 3482 Pater

265 3518 319 3574 in
355 3518 570 3575 lumine
597 3517 744 3586 Filii,
781 3516 1084 3573 videbimus
1112 3517 1296 3574 lumen
1325 3517 1586 3589 Spiritum
1620 3532 1888 3576 sanctum.

267 3607 358 3664 Ea;
388 3620 546 3665 utero
579 3620 699 3665 ante
746 3609 1043 3681 Luciferum
1088 3612 1243 3682 genui
1271 3620 1337 3664 te.

340 3700 562 3757 Iuravit
586 3701 847 3756 Dominus
876 3712 924 3756 et
949 3718 1052 3756 non
1074 3704 1335 3774 paenitebit
1356 3719 1494 3757 ett-nt.
1543 3703 1750 3758 Iuravit
1780 3703 1889 3759 Do-

268 3796 471 3849 minus.
515 3793 627 3849 Hoc.
656 3794 799 3865 quod
831 3795 989 3860 dicit,
1010 3795 1206 3864 iuravit
1233 3811 1251 3849 :
1303 3811 1408 3849 non
1431 3795 1478 3850 ei
1510 3797 1600 3865 qui
1633 3806 1759 3850 ante
1789 3796 1894 3851 Lu-

267 3888 509 3944 ciferum
540 3887 756 3958 genitus
783 3897 864 3943 cst
899 3905 910 3940 :
946 3887 1038 3942 sed
1070 3887 1117 3942 ei
1144 3887 1365 3957 juravit,
1394 3887 1482 3956 qui
1515 3899 1634 3958 post
1681 3888 1893 3943 Lucil’e-

266 3996 396 4036 rum
431 3989 598 4035 natus
620 3994 689 4035 ex
719 3980 925 4050 virgine
957 3989 1059 4034 est.
1115 3978 1197 4032 Tu
1224 3996 1274 4034 es
1302 3981 1540 4035 sacerdos
1569 3981 1622 4034 in
1650 3991 1896 4036 teter-nunt

267 4072 578 4128 secundum
631 4071 863 4126 ordinem
918 4069 1276 4126 .iIt-‘tcltisedec.
1314 4072 1658 4142 Superﬂuunt
1685 4082 1770 4128 est
1799 4088 1898 4129 nos

269 4167 346 4222 de
406 4167 524 4222 isto
576 4167 851 4222 versiculo
897 4166 1034 4222 velle
1082 4167 1451 4237 interpretari,
1509 4183 1630 4223 cum
1679 4176 1900 4224 sanctus

268 4261 591 4332 Apostolus
630 4259 694 4314 ad
741 4260 998 4316 Hebraeos
1049 4259 1364 4330 plenissime
1410 4261 1722 4331 disputavit.
1783 4262 1901 4332 Ipse

269 4356 429 4411 cnim
459 4356 545 4408 ait
571 4373 582 4408 ε
610 4354 715 4409 Iste
740 4365 825 4408 est
848 4353 1226 4420 Melcliisedec,
1271 4356 1389 4408 sine
1418 4365 1568 4425 patre
1589 4397 1602 4419 ,
1633 4355 1752 4410 sine
1781 4371 1895 4410 ma-

273 4457 387 4515 tre,
438 4449 563 4501 sine
609 4448 962 4516 generatione
1022 4445 1207 4517 (Hebr.
1239 4448 1360 4518 vn).
1413 4448 1478 4502 Et
1515 4449 1904 4520 interpretatur

274 4537 358 4593 ibi
393 4538 850 4608 diligentissime,
877 4553 1045 4608 quare
1071 4543 1188 4593 sine
1219 4549 1393 4609 patre,
1423 4539 1538 4594 sine
1569 4549 1760 4606 matre,
1785 4540 1904 4596 sine

1990 3321 2144 3378 facta
2171 3333 2315 3377 sunt.
2352 3323 2456 3377 Iste
2487 3324 2689 3390 positus
2713 3335 2798 3381 est
2828 3327 2878 3380 in
2925 3328 3156 3396 ruinam,
3208 3338 3262 3385 et
3314 3347 3583 3387 resurrec-

1991 3415 2192 3468 tionem
2226 3416 2541 3480 multorntn,
2575 3427 2629 3473 et
2683 3419 2732 3472 in
2780 3423 2991 3484 signum
3044 3421 3127 3476 cui
3187 3423 3590 3480 contradicetur

1993 3505 2148 3578 (an.
2180 3509 2264 3576 ιι).
2300 3506 2762 3581 lmplebitrninas.
2790 3511 2907 3567 Non
2933 3513 3294 3582 credentium,
3346 3516 3440 3586 qui
3483 3533 3588 3572 non

1993 3603 2809 3674 credideruntjexiiltiratoribus
2853 3609 3113 3677 :tpusloiis
3176 3607 3360 3677 (Num.
3399 3626 3511 3674 χιιι,
3545 3621 3591 3665 et

1995 3698 2152 3765 xxii).
2179 3697 2244 3751 Et
2258 3697 2469 3764 Moyses
2485 3693 2630 3752 enim
2651 3699 2795 3753 misit
2823 3701 3200 3770 exploratores
3223 3703 3274 3758 in
3291 3705 3586 3769 mundum;

1996 3799 2052 3844 et
2068 3789 2192 3858 quia
2210 3806 2314 3843 non
2335 3791 2564 3845 credidit
2581 3794 2812 3862 populus
2828 3810 2886 3848 ex
2899 3796 3282 3864 ploratoribus,
3305 3809 3592 3866 propterea

1995 3881 2313 3938 ceciderunt
2345 3884 2397 3938 in
2430 3884 2663 3940 deserto.
2701 3884 2881 3954 Usque
2912 3887 3070 3942 hodie
3091 3904 3316 3958 corpora
3343 3907 3448 3946 non
3476 3909 3595 3948 ere-

1999 3979 2241 4033 dentium
2275 3979 2474 4034 cadunt
2500 3978 2552 4033 in
2585 3979 2803 4034 deserto
2837 3981 2989 4035 istius
3030 3983 3234 4037 saeculi.
3265 3982 3594 4056 Conquassa-

2000 4070 2070 4125 bit
2099 4072 2272 4140 capita
2316 4071 2370 4125 in
2410 4082 2546 4126 terra
2596 4073 2898 4128 multorum.
2951 4073 3191 4146 Implebit
3236 4077 3438 4144 ruinas,
3488 4094 3592 4132 non

2001 4166 2336 4222 credentium
2375 4184 2384 4219 :
2440 4166 2802 4238 conqitossabit
2853 4169 3043 4239 capita,
3099 4184 3285 4224 eorum
3318 4173 3407 4240 qui
3447 4171 3595 4228 dubii

2003 4268 2132 4314 sunt
2158 4279 2170 4313 :
2196 4276 2382 4315 eorum
2419 4262 2507 4331 qui
2534 4275 2637 4316 llOtl
2670 4261 2865 4316 habent
2899 4265 3190 4333 perlectam
3233 4263 3415 4320 ﬁdem.
3457 4265 3595 4322 Con-

2003 4353 2264 4423 quassabit
2289 4353 2458 4424 capita
2486 4354 2537 4406 in
2565 4364 2703 4408 terra
2733 4355 3051 4409 multorum:
3081 4370 3184 4409 non
3221 4358 3484 4414 omnium.
3539 4359 3594 4416 Si

2004 4447 2147 4501 enim
2179 4445 2425 4515 dixisset,
2452 4449 2718 4515 omnium,
2753 4450 2931 4504 nullus
2963 4450 3029 4504 de
3057 4449 3212 4505 nobis
3243 4468 3391 4521 spem
3429 4453 3595 4510 habe-

2008 4547 2112 4594 ret.
2140 4537 2445 4605 Multorum,
2475 4540 2692 4608 dicitur,
2727 4553 2779 4593 ut
2807 4541 2898 4596 alii
2921 4543 3314 4611 relinquantur.

273 4633 674 4704 generatione.
700 4631 768 4686 Et
788 4632 854 4684 ab
879 4634 1127 4685 omnibus
1155 4633 1543 4688 ecclesiasticis
1561 4635 1764 4690 dictmn
1797 4648 1898 4704 cat,
1930 4629 1980 4690 D
2081 4629 2158 4686 De
2203 4642 2426 4685 torrente
2467 4633 2520 4686 in
2552 4635 2636 4686 riu
2663 4632 2801 4686 bibit.
2837 4633 2971 4701 Quis
3004 4635 3227 4692 bibitde
3257 4646 3517 4706 torrente,
3553 4637 3604 4694 in

273 4726 558 4796 quoniam
581 4725 706 4779 sine
739 4735 890 4794 patre
928 4724 1129 4778 dicitur
1159 4726 1459 4781 secundum
1490 4741 1710 4782 carnem
1743 4747 1756 4783 :
1791 4729 1906 4784 sine

277 4829 484 4875 matre
507 4819 702 4873 dicitur
727 4819 1028 4874 secundum
1059 4821 1248 4875 Deum.
1285 4820 1397 4874 lloc
1436 4821 1610 4877 solum
1653 4839 1785 4893 ergo
1831 4826 1912 4878 in-

279 4923 673 4987 terpretemur
705 4932 716 4966 :
748 4911 832 4968 Tu
862 4929 916 4968 es
959 4914 1199 4988 sacerdos
1247 4914 1301 4966 in
1343 4925 1589 4969 internum
1631 4919 1912 4972 semiudum

277 5009 546 5064 ordinent
594 5006 954 5061 Melchisedee.
1014 5007 1127 5062 Hoc
1168 5009 1346 5064 solum
1395 5008 1680 5075 dicamus,
1747 5027 1914 5081 quare

279 5102 509 5158 dixerit
535 5102 822 5155 secundum
843 5102 1098 5158 ordinem.
1159 5103 1460 5157 Secundum
1499 5103 1732 5157 ordinent
1767 5121 1784 5158 :
1815 5119 1910 5158 ne-

277 5211 586 5270 quaquam
616 5196 874 5252 sacerdos
901 5197 1008 5252 eris
1033 5195 1333 5250 secundum
1357 5196 1604 5249 victimas
1626 5195 1916 5262 tludaicas;

272 5290 396 5350 sed
473 5290 584 5344 eris
638 5289 895 5344 sacerdos
953 5288 1236 5342 secundum
1283 5288 1517 5342 ordinem
1581 5288 1921 5343 Melchisedec

285 5383 471 5458 (Gen.
505 5381 638 5460 xiv).
681 5379 964 5450 Quomodo
994 5380 1137 5435 enim
1169 5379 1557 5443 Melchisedec,
1588 5396 1679 5435 rex
1711 5381 1916 5450 Salem,

273 5476 519 5534 obtulit
546 5489 735 5545 panem
761 5481 818 5527 et
869 5473 1096 5537 vinum:
1147 5475 1228 5528 sic
1272 5484 1322 5527 et
1373 5481 1427 5525 tu
1481 5471 1676 5528 oﬂeres
1723 5489 1922 5544 corpus

283 5579 468 5627 tuum
501 5576 550 5622 et
575 5564 924 5636 sanguinem,
957 5579 1142 5619 verum
1177 5579 1387 5635 panem,
1425 5573 1476 5619 et
1504 5579 1688 5620 verum
1717 5566 1918 5622 viuum.

283 5665 416 5720 Iste
442 5660 814 5716 Melcliisedec
845 5659 946 5713 ista
971 5658 1229 5731 mysteria
1267 5673 1388 5729 quae
1439 5658 1718 5725 libemus,
1775 5660 1926 5714 dedit

287 5754 502 5812 nobis.
535 5752 651 5820 Ipse
672 5763 757 5806 est
779 5752 868 5820 qui
895 5751 1066 5804 dixit:
1117 5751 1217 5816 Qui
1264 5751 1663 5805 ntanducaverit
1705 5765 1925 5806 carnem

291 5857 582 5909 meam,et
598 5844 785 5899 biberit
804 5843 1122 5914 sanguinem
1137 5857 1312 5895 meum
1333 5839 1514 5912 (Joan.
1531 5840 1929 5912 v1).Secundum

2010 4724 2135 4778 via?
2164 4723 2293 4788 Iste,
2325 4722 2414 4776 cui
2451 4722 2652 4778 diClltlll
2709 4736 2837 4779 est:
2881 4724 3028 4782 Dixit
3083 4729 3331 4782 Dominus
3383 4728 3606 4785 Domino

2013 4831 2162 4870 meo:
2191 4816 2328 4872 Sede
2353 4833 2384 4869 a
2409 4815 2604 4870 dextris
2625 4818 2773 4873 meis.
2803 4818 2926 4887 Iste,
2953 4822 3038 4888 qui
3062 4823 3268 4877 audivit
3298 4839 3311 4874 :
3347 4819 3424 4875 Tu
3454 4840 3505 4877 es
3527 4841 3610 4878 sae

2013 4911 2192 4964 cerdos
2228 4911 2282 4964 in
2327 4918 2579 4966 aeternum
2612 4913 2894 4967 secundum
2953 4913 3188 4969 ordinem
3243 4913 3605 4972 Melchisedec.

2018 5004 2144 5069 Iste,
2175 5005 2276 5072 Qui
2305 5005 2554 5076 confregit
2579 5006 2630 5058 in
2663 5004 2744 5058 die
2773 5009 2865 5058 ira:
2886 5021 2993 5059 sure
3014 5023 3155 5077 reges
3182 5023 3200 5059 :
3231 5007 3460 5078 implebit
3505 5011 3614 5064 rui-

2020 5114 2111 5151 nas
2134 5113 2151 5151 :
2177 5096 2538 5168 conquassabit
2571 5099 2740 5169 capita
2771 5100 2820 5151 in
2847 5107 2982 5152 terra
3031 5101 3329 5154 multorum.
3359 5101 3466 5157 Iste
3487 5105 3613 5173 quid

2021 5191 2148 5244 facit
2179 5189 2360 5244 aliud?
2390 5187 2469 5244 De
2497 5201 2722 5244 torrente
2761 5191 2811 5244 in
2840 5191 2923 5244 via
2953 5191 3092 5245 bibit.
3151 5190 3437 5251 Videamus
3489 5205 3616 5251 ante

2021 5282 2183 5350 viam,
2219 5294 2274 5338 ut
2315 5296 2502 5353 postea
2535 5284 2815 5337 videamus
2839 5285 2888 5336 in
2920 5287 3000 5336 via
3027 5295 3341 5341 torrentem.
3370 5288 3487 5353 Via,
3514 5305 3617 5343 sa:-

2021 5376 2200 5431 culum
2225 5376 2364 5430 istud
2393 5375 2616 5440 dicitur,
2651 5393 2743 5445 per
2795 5392 2952 5446 quam
3007 5379 3323 5434 ambulavit.
3379 5381 3620 5452 Denique

2025 5473 2284 5542 scriptum
2314 5482 2392 5526 est
2429 5471 2482 5525 in
2514 5470 2845 5540 Evangelio:
2897 5469 3028 5525 Esto
3056 5474 3399 5529 Consentiens
3433 5475 3624 5530 adver-

2027 5565 2172 5619 sario
2204 5575 2293 5618 tuo
2323 5564 2452 5617 dum
2481 5579 2540 5618 es
2572 5567 2621 5617 in
2649 5565 2732 5616 via
2767 5561 2983 5632 (Matth.
3047 5566 3141 5634 vr),
3187 5565 3290 5622 huc
3341 5581 3443 5630 est,
3495 5571 3620 5625 dum

2031 5660 2274 5732 ambulas
2305 5657 2356 5712 in
2385 5658 2489 5711 isto
2518 5676 2571 5709 5;:
2593 5658 2736 5718 culo.
2771 5670 2819 5712 ct
2850 5674 2942 5726 per
2976 5661 3111 5728 viam
3157 5663 3308 5717 vadis
3361 5664 3425 5718 ad
3477 5683 3622 5730 enni,

2025 5753 2124 5821 ~qui
2167 5768 2291 5807 vera
2347 5763 2428 5806 est
2462 5752 2566 5804 via.
2617 5748 2785 5807 'Undc
2825 5753 3021 5806 dicitur
3050 5763 3104 5808 et
3135 5755 3186 5809 in
3215 5758 3509 5813 centesimo
3536 5760 3628 5814 de-

2035 5843 2177 5900 cimo
2239 5853 2429 5899 octavi»
2491 5843 2708 5899 Psalutu
2756 5862 2767 5898 :
2827 5843 2973 5898 Beati
3035 5847 3363 5904 immaculati
3415 5851 3466 5905 in
3521 5853 3623 5906 via.
