4008 6336
484 294 623 350 illi?

1284 278 1630 341 APPENDIX
1667 277 1759 336 Al)
1801 271 2045 334 TOML’M
2084 271 2436 334 SEPTIMUM
2477 274 2535 336 S.
2579 233 2981 335 lllEllONYMl.

3603 265 3725 337 nos

484 409 637 467 Beati
683 414 827 472 sunt,
870 405 962 478 qui
995 405 1047 460 in
1088 404 1188 459 ista
1231 400 1419 457 smeuli
1446 398 1530 454 via
1572 392 1901 453 immac'ulati
1926 397 2072 458 sunt,
2101 389 2156 452 Α
2182 390 2426 459 brarum,
2463 392 2566 446 hoc
2589 400 2695 455 est,
2726 389 2964 446 Cedron.
2994 387 3196 444 Omnes
3220 385 3364 443 enim
3394 386 3477 457 qui
3506 387 3620 444 odio
3646 391 3725 445 ha-

484 514 541 559 et
590 491 647 557 in
695 502 801 557 isto
860 497 1080 553 mundo.
1131 496 1273 566 Ergo
1316 491 1572 549 sacerdos
1635 485 1935 545 secundum
1990 498 2079 538 or-

490 596 675 651 dinem
718 588 1080 648 Melchisedec
1116 602 1129 641 :
1166 585 1422 657 quoniam
1474 583 1628 638 venit
1660 580 1715 635 in
1744 577 1831 632 via
1870 575 2075 639 smculi,

485 697 543 743 ct
589 685 888 741 ambulavit
924 683 978 739 in
1018 682 1102 736 via
1161 689 1381 744 nostra,
1431 676 1565 733 bibit
1603 684 1659 731 et
1700 671 1817 743 ipse
1845 671 1915 727 de
1968 678 2078 724 tor-

481 793 684 848 rente,
744 779 835 850 qui
891 786 1009 834 erat
1069 754 1395 831 inrszeculo.
1457 771 1698 825 Torrens
1760 782 1868 823 non
1914 763 2080 819 habet

478 891 648 947 aquas
676 872 974 937 naturales,
1034 885 1141 925 non
1184 868 1355 925 habet
1379 879 1547 936 aquas
1574 877 1695 932 qua:
1717 874 1936 931 semper
1954 872 2082 929 per-

481 975 695 1029 ﬂuunt:
729 968 824 1024 sed
849 967 1010 1022 habet
1030 979 1199 1035 aquas
1220 962 1289 1019 de
1316 957 1752 1031 tempeStatibus,
1769 954 1837 1011 de
1861 954 2077 1025 pluviis,

482 1063 810 1131 detnrbine,
852 1060 920 1133 de
953 1057 1233 1132 procellis.
1281 1055 1525 1111 Torrens
1567 1063 1858 1121 numquam
1891 1055 1979 1102 est
2022 1046 2077 1100 in

480 1156 777 1222 montibus,
837 1152 934 1210 sed
977 1165 1198 1221 semper
1249 1149 1301 1203 in
1344 1144 1600 1212 vallibus,
1635 1143 1689 1198 in
1714 1137 2079 1213 praecipitibus

475 1252 637 1308 locis.
670 1248 892 1306 Alienas
918 1260 1089 1316 aquas
1110 1242 1368 1312 concipit,
1401 1247 1458 1296 et
1485 1236 1737 1308 parturit,
1784 1247 1841 1292 et
1863 1245 2080 1290 tumens

477 1345 650 1402 vadit.
726 1341 807 1397 De
845 1348 1069 1397 torrente
1108 1339 1163 1392 iu
1202 1337 1286 1392 via
1315 1334 1458 1391 bibit.
1499 1332 1738 1389 Torrens
1785 1341 2078 1400 numquam

477 1437 647 1496 habet
668 1434 921 1491 mundam
944 1447 1165 1503 aquam,
1196 1428 1293 1484 sed
1340 1440 1561 1496 semper
1614 1421 1910 1479 turbidam.
1964 1420 2080 1475 lloc

479 1531 680 1586 dicitur
713 1544 728 1583 :
753 1525 1006 1599 quoniam
1034 1520 1220 1579 saeculi
1248 1518 1406 1574 istius
1432 1531 1585 1588 aqua:
1613 1529 1829 1585 semper
1850 1510 2081 1568 turbidae

476 1631 631 1691 sunt,
660 1636 877 1692 semper
899 1619 1070 1691 plena:
1122 1622 1468 1681 tempestate.
1525 1609 1709 1667 Vultis
1753 1607 1894 1664 scire
1947 1620 2082 1676 quo-

477 1716 645 1774 modo
673 1714 742 1771 de
788 1719 1030 1768 torrente
1082 1706 1297 1764 turbido
1337 1702 1578 1760 biberit?
1628 1702 1699 1756 Et
1744 1701 1859 1771 ipse
1903 1698 2077 1755 dicit:

2187 483 2313 539 bent
2340 484 2538 550 lucem,
2569 492 2754 538 amant
2782 481 3057 538 tenebras.
3087 479 3165 535 De
3189 488 3410 535 torrente
3433 480 3484 535 in
3510 481 3583 535 via
3601 481 3723 536 bibit.

2180 575 2319 643 Quia
2360 590 2489 647 ergo
2532 575 2667 632 bibit
2700 575 2964 630 Dominus
2993 572 3063 629 de
3094 581 3339 629 torrente
3366 617 3380 641 ,
3432 582 3483 626 et
3522 575 3729 644 gustavit

2183 680 2439 738 mortem,
2472 680 2768 743 propterea
2794 666 3054 726 exaltavit
3080 682 3203 724 eum
3231 665 3389 722 Pater
3409 706 3424 732 ,
3454 675 3507 721 et
3531 666 3661 722 dedit
3685 667 3726 723 ei

2182 779 2382 821 nomen
2421 762 2568 834 quod
2598 769 2682 817 est
2710 776 2876 842 super
2904 774 3069 816 omne
3107 773 3328 815 nomen.
3378 756 3570 814 Deinde
3611 773 3730 816 nunc

2181 857 2384 915 dicitur
2408 875 2421 913 :
2446 856 2526 912 De
2549 865 2779 912 torrente
2807 856 2862 909 in
2890 856 2971 910 eia
2999 855 3142 910 bibit.
3172 854 3239 910 Et
3258 855 3385 926 quia
3410 852 3617 911 bibitde
3637 866 3731 912 tor-

2181 961 2336 1010 rente
2366 952 2419 1009 itt
2444 953 2553 1020 via,
2577 951 2865 1025 Propterea
2893 950 3141 1006 exaltabit
3163 958 3344 1019 caput.
3368 948 3437 1005 Et
3455 948 3572 1020 quid
3591 948 3731 1006 dicit?

2180 1047 2316 1105 Cum
2343 1046 2616 1103 exaltatus
2642 1045 2800 1102 lucro
2824 1087 2841 1114 ,
2885 1044 3066 1100 omnia
3096 1043 3308 1099 traham
3338 1042 3407 1099 ad
3434 1058 3518 1098 me
3560 1041 3729 1115 (Joatt.

2181 1140 2303 1211 xu).
2340 1140 2432 1196 llle
2460 1149 2546 1195 est
2574 1138 2876 1205 exaltatns,
2908 1147 2964 1193 et
2989 1152 3090 1193 nos
3115 1135 3396 1193 cxaltavit.
3425 1135 3574 1194 istius
3598 1146 3736 1208 caput

2182 1235 2481 1290 exaltatum
2522 1242 2607 1288 est
2637 1250 2649 1284 :
2680 1242 2939 1288 caeterum
2981 1231 3237 1290 draconis
3283 1231 3459 1301 capita
3503 1247 3736 1303 conquas-

2182 1328 2349 1395 savit,
2383 1336 2439 1383 et
2462 1326 2742 1383 confracta
2767 1338 2894 1383 sunt
2922 1325 2976 1382 in
3001 1327 3160 1386 mari.
3196 1324 3483 1396 Propterea
3524 1325 3738 1381 exultavit

2184 1430 2362 1494 caput.
2413 1420 2534 1477 Non
2579 1420 2716 1477 dixit
2761 1438 2772 1472 :
2821 1429 3110 1492 propterea
3150 1418 3448 1475 exaltatum
3491 1428 3570 1476 est
3602 1429 3739 1491 caput

2183 1516 2327 1587 ejus,
2358 1516 2462 1572 hoc
2491 1523 2595 1582 est,
2627 1515 2698 1570 ab
2724 1515 2833 1571 alio
2862 1513 3132 1570 exaltatus
3157 1531 3171 1568 :
3204 1512 3301 1570 sed
3323 1512 3499 1585 quise
3519 1511 3741 1569 humilia-

2182 1618 2360 1673 verat,
2395 1606 2513 1678 ipse
2538 1607 2822 1663 exaltavit.
2870 1606 2993 1680 Ipse
3018 1607 3165 1662 enim
3197 1606 3331 1662 dicit
3360 1608 3415 1661 in
3439 1606 3739 1679 Evangelio:

2185 1705 2518 1762 Potestatem
2548 1705 2724 1760 habeo
2751 1701 2989 1757 animam
3016 1696 3194 1758 meam
3229 1701 3497 1771 ponendi,
3523 1708 3576 1756 et
3609 1709 3745 1772 pote-

477 1810 677 1867 Tristis
698 1817 783 1865 est
801 1807 981 1862 anima
1011 1817 1135 1858 mea
1158 1815 1328 1872 usque
1341 1798 1408 1855 ad
1423 1791 2075 1868 mortem(MnttIt.xxvt).
2108 1789 2157 1852 Β
2185 1809 2382 1856 statem
2413 1798 2585 1855 habeo
2612 1795 2929 1853 resumeudi
2967 1810 3090 1851 eam
3130 1793 3314 1868 (Joan.
3362 1794 3442 1868 x).
3489 1792 3743 1866 Propterea

477 1905 550 1962 Et
578 1903 776 1960 dicitur
806 1902 858 1956 in
892 1897 1185 1968 Evangelio
1237 1914 1248 1948 :
1284 1893 1353 1949 Et
1401 1892 1588 1963 ccepit,
1640 1891 1834 1961 inquit,
1877 1889 2084 1945 contri-

478 1997 638 2059 stari,
667 2002 723 2051 et
747 1990 1058 2049 conturbari
1081 1986 1296 2061 (lbid.).
1320 1986 1461 2042 Bibit
1486 1999 1616 2055 ergo
1636 1986 1804 2040 etiam
1824 1984 2082 2039 Dominus

478 2095 672 2145 noster
712 2085 783 2142 de
839 2089 1080 2140 torrente
1134 2080 1292 2136 istius
1349 2076 1534 2133 saeculi
1589 2090 1759 2147 aquas
1814 2073 2077 2142 turbidas,

477 2193 654 2250 aquas
677 2178 879 2243 tristes,
909 2187 1077 2244 aquas
1098 2188 1218 2243 quae
1241 2187 1349 2226 non
1388 2169 1593 2224 habent
1612 2168 1877 2224 laetitiam.
1938 2166 2085 2223 Tulit

478 2271 729 2338 calicem,
754 2279 807 2325 et
853 2265 1100 2339 implevit
1119 2265 1185 2320 de
1214 2272 1452 2320 torrente
1472 2261 1682 2330 mundi,
1730 2270 1786 2317 et
1828 2261 2081 2329 quoniam

479 2364 714 2423 turbida:
743 2370 897 2421 erant
930 2374 1103 2432 aquae,
1133 2356 1299 2414 dicit:
1332 2357 1513 2422 Pater,
1566 2355 1611 2412 si
1662 2353 1921 2426 possibile
1975 2362 2079 2420 est,

477 2466 725 2518 transeat
744 2457 879 2512 calix
913 2457 1014 2513 iste
1042 2470 1071 2509 a
1095 2469 1202 2509 me.
1235 2453 1376 2509 Bibit
1397 2467 1528 2524 ergo
1549 2451 1617 2507 de
1638 2458 1884 2508 torrente
1897 2450 2083 2506 mundi

476 2555 635 2612 istius
667 2571 678 2605 :
712 2551 809 2608 sed
840 2566 947 2606 non
976 2549 1111 2606 bibit
1136 2547 1289 2620 quasi
1320 2546 1373 2602 in
1397 2547 1561 2601 domo
1598 2559 1718 2611 sua,
1773 2543 1870 2601 sed
1917 2544 1970 2598 in
1997 2542 2081 2603 via

478 2647 548 2703 ad
574 2646 677 2701 alia
702 2646 780 2701 ire
809 2643 1096 2699 festinans.
1147 2639 1286 2696 Bibit
1327 2640 1391 2695 de
1419 2647 1644 2694 torrente
1668 2638 1849 2693 invia.
1908 2636 2081 2706 Prop-

479 2753 629 2798 terea
661 2740 796 2796 bibit
819 2739 886 2794 de
915 2744 1180 2802 torrente,
1211 2736 1336 2806 quia
1365 2735 1420 2791 in
1448 2734 1532 2789 via
1565 2744 1710 2790 erat.
1751 2732 1829 2787 De
1855 2740 2082 2788 torrente

479 2836 630 2890 bibit.
685 2833 747 2891 Si
790 2832 1055 2889 Dominus
1094 2830 1232 2885 bibit
1277 2828 1346 2884 de
1403 2837 1644 2883 torrente
1682 2825 1867 2882 mundi
1901 2826 2078 2897 istius,

477 2936 683 3001 quanto
713 2926 881 2998 magis
907 2923 1115 2982 sancti?
1138 2921 1314 2978 Vultis
1345 2920 1489 2976 scire
1525 2919 1778 2992 quoniam
1811 2919 1985 2975 sancti
2010 2918 2081 2976 de

478 3030 722 3079 torrente
753 3020 967 3076 bibunt.
995 3016 1134 3073 Dicit
1159 3026 1214 3071 et
1239 3016 1292 3071 in
1324 3015 1433 3071 alio
1455 3014 1945 3071 loco:Torrentem
1961 3028 2080 3083 per-

475 3116 729 3171 transivit
756 3112 936 3168 anima
969 3120 1155 3167 nostra
1187 3107 1358 3182 (Psal.
1406 3107 1615 3179 cxxtu).
1667 3104 1746 3161 De
1773 3116 1997 3162 torrente
2023 3107 2080 3161 in

470 3208 702 3265 oiabibit.
750 3207 993 3263 Diximus
1033 3205 1102 3261 de
1154 3212 1397 3260 torrente
1432 3244 1448 3270 ,
1496 3202 1743 3258 dicamus
1790 3202 1955 3260 etiam
2022 3191 2151 3258 etC

477 3300 871 3359 testimonium.
901 3301 1221 3355 Torrentem
1254 3297 1602 3368 pertransivit
1647 3297 1824 3352 anima
1870 3306 2075 3354 nostra.

474 3396 656 3452 Vultis
685 3396 829 3449 scire
857 3402 914 3449 et
937 3392 1103 3447 aliunt
1139 3391 1479 3446 torrentem?
1523 3390 1671 3445 Elias
1700 3399 1925 3446 sanctus
1957 3406 2081 3461 pro-

482 3487 649 3559 pheta
678 3483 899 3555 quando
928 3483 1364 3554 persequebatur
1390 3497 1519 3537 eum
1556 3480 1777 3537 Jezabel
1810 3496 1825 3536 :
1857 3482 2078 3552 quando

485 3576 699 3648 accepit
727 3574 933 3641 cibum,
966 3583 1022 3631 et
1043 3572 1407 3645 quadraginta
1436 3573 1630 3629 diebus
1664 3575 1934 3630 transiens
1962 3590 2080 3645 per-

475 3669 627 3726 rexit
649 3668 702 3724 in
731 3681 975 3723 eremum
1003 3683 1016 3720 :
1043 3666 1194 3733 Erat,
1219 3666 1416 3737 inquit,
1444 3666 1495 3721 in
1520 3665 1762 3733 deserto,
1786 3676 1838 3721 et
1859 3666 2079 3724 bibebat

478 3763 548 3817 dc
580 3771 827 3817 torrente
855 3758 1074 3814 Chobar
1102 3757 1192 3828 (Ill
1226 3758 1357 3831 Reg.
1388 3759 1531 3831 ιιι).
1567 3759 1766 3816 Verum
1788 3759 2077 3818 audientes

478 3861 758 3909 torrentes
786 3848 947 3905 istius
967 3846 1178 3915 szeculi,
1208 3847 1378 3904 nolite
1400 3849 1713 3916 desperare.
1739 3850 2077 3923 Frequenter

484 3947 576 4001 hic
604 3954 822 4000 torrens
852 3941 1056 3999 deﬁcit.
1089 3941 1323 3998 Videtur
1351 3942 1572 4015 quidem
1604 3953 1911 4003 tumescere
1945 3966 1957 4002 ε
1992 3948 2074 4005 vi-

477 4039 641 4097 detur
673 4038 874 4094 habere
908 4052 1079 4108 aquas
1107 4035 1307 4092 multas
1341 4056 1351 4090 :
1386 4039 1481 4095 sed
1511 4041 1620 4096 cito
1654 4040 1871 4110 deﬁcit,
1905 4041 1952 4098 si
1979 4059 2073 4099 su-

477 4134 706 4188 stineas.
742 4131 808 4187 Et
838 4131 989 4186 Elias
1020 4130 1159 4186 bibit
1185 4131 1404 4201 quidem
1436 4133 1488 4187 in
1516 4132 1734 4189 deserto
1760 4150 1977 4208 aquam,
2008 4152 2074 4193 eo

479 4236 732 4294 tempore
761 4239 871 4295 quo
900 4232 1020 4279 erat
1050 4222 1103 4278 in
1146 4222 1363 4280 tristitia
1389 4268 1405 4295 ,
1449 4240 1557 4296 quo
1589 4235 1710 4283 erat
1737 4229 1790 4283 itt
1822 4230 2073 4299 angustia

477 4317 694 4391 (lbid.).
725 4317 1017 4376 Dimiserat
1035 4316 1299 4385 Judteam,
1323 4326 1379 4374 et
1403 4329 1722 4390 perrexerat
1749 4321 1805 4376 in
1833 4333 2073 4381 montem

476 4414 609 4470 Sina
633 4430 646 4467 :
672 4413 1102 4485 persequebatur
1123 4413 1268 4469 enim
1294 4428 1420 4467 eum
1433 4412 1680 4481 Iezabel,
1708 4426 1765 4472 et
1783 4425 2072 4488 propterea

475 4506 701 4563 bibebat
727 4506 794 4562 de
816 4514 1059 4563 torrente
1075 4503 1315 4562 Chobar.
1334 4504 1535 4562 Verum
1556 4506 1680 4576 quia
1698 4511 2072 4580 perseveravit

2186 1891 2434 1971 exaltgvit
2480 1898 2657 1963 caput.
2701 1888 2955 1959 Seipsum
2997 1887 3255 1944 exaltavit
3283 1927 3300 1955 ,
3349 1886 3444 1957 qui
3492 1896 3642 1958 caput
3676 1896 3745 1943 est

2185 1985 2453 2040 omnium.
2484 1981 2594 2038 Aut
2621 1991 2771 2038 certe
2801 1982 2945 2052 quod
2976 1980 3109 2036 dicit
3137 1998 3151 2034 :
3183 1981 3438 2037 exaltabit
3461 1991 3627 2054 caput,
3656 1996 3745 2037 non

2185 2079 2430 2150 seipsum
2457 2078 2736 2134 exaltavit.
2765 2075 3049 2148 Propterea
3074 2076 3317 2132 exultavit
3343 2086 3521 2145 caput.
3550 2076 3748 2148 Semper

2185 2173 2329 2229 enim
2354 2172 2445 2227 ille
2465 2156 2608 2226 altus
2628 2170 2750 2226 fuit.
2771 2170 2879 2227 Sed
2901 2168 3120 2241 quando
3142 2168 3309 2225 dicit:
3332 2170 3575 2226 exaltabit
3593 2179 3746 2240 caput,

2186 2272 2435 2320 nostrum
2464 2261 2726 2319 exaltavit
2748 2271 2913 2332 caput
2959 2280 2972 2316 :
3018 2260 3112 2333 qui
3139 2262 3292 2318 curvi
3324 2277 3437 2318 non
3471 2272 3749 2333 poteramus

2184 2357 2435 2428 aspicere
2464 2356 2531 2410 ad
2554 2352 2776 2419 crelum,
2810 2355 2907 2412 sed
2934 2354 3003 2410 ad
3026 2363 3254 2412 terram.
3282 2355 3463 2412 Vultis
3489 2359 3621 2413 scire
3638 2373 3752 2427 quo-

2186 2448 2333 2504 niam
2363 2449 2478 2519 ipse
2502 2449 2762 2506 exaltavit
2787 2448 2992 2519 caput?
3024 2449 3090 2504 Et
3119 2449 3269 2524 illam
3298 2449 3584 2507 mulierem
3608 2466 3748 2523 quam

2186 2539 2453 2612 ligaverat
2483 2540 2766 2610 diabolus,
2799 2541 2917 2613 ipse
2954 2541 3207 2600 liberavit
3238 2543 3389 2617 (Luc.
3427 2547 3568 2616 xui).
3613 2546 3751 2602 Exal-

2187 2635 2328 2691 tavit
2354 2644 2520 2706 caput
2541 2635 2683 2707 ejus,
2715 2652 2835 2707 quae
2860 2650 3080 2707 semper
3099 2638 3378 2694 incurvata
3405 2638 3511 2695 fuit
3536 2659 3549 2693 :
3572 2648 3623 2696 et
3643 2639 3750 2695 ado-

2187 2729 2329 2784 ravit
2378 2744 2523 2785 eum.
2584 2729 2685 2786 Cui
2735 2730 2808 2786 sit
2853 2730 3028 2800 gloria
3069 2730 3126 2787 in
3164 2731 3368 2788 saecula
3421 2733 3750 2791 saeculorum.

2184 2818 2379 2876 Amen.

2739 2915 3064 2976 PSALMUS
3098 2915 3214 2975 CX.

2182 3013 2428 3070 Alleluia.
2473 3013 2719 3070 Psalmus
2763 3016 2884 3083 iste,
2933 3018 3143 3086 primus
3188 3018 3495 3076 secundum
3534 3020 3752 3078 ordinem

2254 3088 2512 3142 scribitur
2555 3088 2854 3163 litterarum
2888 3104 2903 3146 :
2933 3090 3062 3145 licet
3101 3089 3254 3163 multi
3292 3092 3618 3162 vigesimum
3640 3110 3754 3163 quo-

2252 3173 2360 3233 que
2400 3169 2653 3229 quartum
2703 3160 2971 3233 psalmum
3001 3204 3015 3229 ,
3069 3170 3128 3216 et
3170 3160 3509 3233 trigesimum
3562 3160 3750 3220 sextum

2251 3232 2511 3299 scriptum
2562 3239 2757 3300 putent
2802 3234 2853 3284 in
2906 3232 3154 3297 llebrteo,
3182 3232 3488 3290 secundum
3529 3237 3753 3292 ordinem

2250 3301 2552 3376 litterarum
2584 3318 2599 3357 :
2633 3303 2728 3356 sed
2757 3301 2812 3357 in
2845 3303 2972 3372 illis,
2996 3308 3077 3359 vel
3107 3305 3301 3362 desunt
3327 3306 3529 3376 aliqua:
3555 3308 3751 3375 littera,

2248 3374 2336 3428 Vel
2381 3384 2694 3450 supersunt,
2720 3386 2788 3450 _et
2838 3392 3245 3450 nonnumquam
3288 3374 3434 3450 quia
3466 3395 3588 3434 cum
3634 3374 3754 3436 unus

2252 3459 2444 3522 versus
2474 3447 2653 3502 brevis
2690 3445 2794 3514 sit,
2827 3449 2967 3503 alius
2996 3445 3206 3503 inﬁnita
3238 3445 3576 3520 longitudine
3604 3451 3753 3522 major

2251 3527 2355 3592 est.
2403 3519 2482 3573 Ex
2527 3533 2636 3590 quo
2678 3528 2807 3592 puto
2852 3522 3021 3592 magis
3045 3519 3432 3577 observatione
3465 3523 3570 3578 hoc
3596 3519 3754 3592 legen-

2253 3591 2384 3665 tium
2408 3631 2423 3655 ,
2469 3606 2630 3665 quam
2679 3591 2864 3665 studio
2900 3591 3195 3663 scriptoris
3221 3593 3501 3650 enectum.
3538 3596 3752 3665 Denique

2250 3670 2308 3715 ct
2351 3661 2707 3738 Septuaginta
2756 3661 3085 3738 interpretes
3109 3706 3125 3730 ,
3181 3666 3304 3738 quia
3344 3666 3558 3738 aliquis
3594 3666 3648 3723 in
3680 3661 3755 3722 eis

2250 3734 2539 3805 scrupulus
2566 3734 2951 3805 ’nascebatur,
3009 3736 3063 3791 itt
3110 3734 3473 3795 translatione
3520 3738 3755 3797 Hebraeae

2249 3804 2460 3861 litteras
2491 3821 2696 3877 ponere
2722 3807 3031 3864 noluerunt.

2250 3940 2544 4010 Con/itebor
2582 3945 2694 4012 tibi,
2724 3944 2967 4016 Domine,
3010 3950 3066 4005 in
3098 3959 3206 4006 toto
3229 3952 3383 4008 corde
3411 3968 3549 4009 meo.
3578 3951 3633 4010 Si
3662 3966 3753 4007 non

2175 4035 2369 4095 fuisset
2390 4040 2618 4108 simplex
2642 4039 2835 4109 David,
2858 4050 2914 4098 et
2935 4040 3214 4100 habuisset
3231 4043 3444 4115 dolum,
3472 4060 3583 4101 non
3607 4044 3758 4101 dixis-

2172 4139 2261 4188 set
2304 4148 2318 4184 :
2361 4130 2654 4203 Conﬁtebor
2679 4134 2793 4201 tibi,
2825 4134 3065 4206 Domine,
3092 4138 3149 4193 in
3177 4147 3282 4194 toto
3308 4138 3466 4194 corde
3489 4156 3625 4196 meo.
3653 4137 3755 4194 Non

2157 4225 2333 4281 .labiis
2367 4235 2598 4297 tantum,
2622 4228 2719 4285 sed
2750 4236 2864 4286 toto
2890 4229 3079 4287 corde.
3105 4229 3172 4286 In
3199 4233 3418 4288 consilio
3435 4238 3698 4307 justorttat
3715 4239 3757 4286 et

2174 4320 2566 4393 congregatione
2592 4337 2612 4376 ε
2642 4338 2829 4395 magna
2856 4340 3017 4395 opera
3043 4321 3279 4382 Domini.
3314 4324 3613 4383 Rectorem
3639 4324 3758 4382 dicit

2171 4426 2361 4469 eorum
2401 4414 2493 4485 qui
2530 4424 2655 4472 ante
2701 4424 3014 4487 peccatores
3057 4426 3235 4486 erant,
3282 4434 3428 4475 nunc
3456 4434 3592 4476 vero
3615 4416 3755 4490 justi.

2172 4503 2288 4562 Non
2331 4513 2418 4562 est
2459 4508 2604 4564 enim
2632 4494 2853 4566 mirari.
2890 4509 3094 4567 Videtis
3132 4510 3482 4583 elephantem
3509 4523 3568 4570 et
3591 4525 3758 4569 came-

482 4614 655 4670 usque
684 4599 737 4654 in
769 4599 955 4666 tinem,
989 4607 1284 4669 propterea
1313 4598 1513 4655 defecit
1533 4614 1672 4671 aqua
1697 4603 1974 4659 torrentis.
2004 4604 2071 4661 Et
2101 4580 2152 4643 D
2177 4600 2309 4669 lum,
2335 4600 2587 4659 similiter
2610 4612 2668 4660 et
2704 4619 2972 4672 muscam,
3001 4615 3057 4661 et
3093 4580 3342 4676 culicem,
3372 4607 3627 4664 eamdem
3655 4617 3761 4662 mo-

475 4691 677 4747 dicitur
705 4688 774 4746 ad
805 4704 929 4746 eum
959 4704 989 4744 a
1019 4690 1249 4746 Domino
1275 4730 1291 4756 ,
1336 4690 1594 4759 quoniam
1622 4690 1899 4749 defecerat
1928 4709 2067 4766 aqua

472 4786 742 4843 torrentis
773 4801 788 4839 :
818 4782 1003 4848 Vade,
1038 4783 1241 4854 inqult,
1286 4784 1354 4840 ad
1386 4784 1600 4841 viduam
1631 4785 1686 4841 in
1716 4787 1944 4860 Sarepta
1975 4789 2067 4845 Si-

479 4879 794 4945 doniorum,
826 4887 933 4934 etc.
964 4876 1109 4933 Ecce
1137 4876 1275 4932 bibit
1303 4888 1358 4933 et
1386 4878 1530 4933 Elias
1558 4877 1628 4935 de
1660 4889 1926 4937 torrente.
1959 4882 2065 4940 Sed

472 4973 598 5045 ipse
629 4971 899 5027 Dominus
937 4980 1099 5041 atque
1128 4968 1381 5026 Salvator
1411 4971 1585 5040 bibit,
1634 4984 1688 5030 et
1732 4974 1960 5032 calicem
1999 4976 2069 5035 de

475 5075 720 5124 torrente
746 5064 987 5121 Cedron.
1016 5063 1105 5120 Sic
1136 5064 1281 5119 enim
1309 5063 1592 5135 Scriptura
1624 5065 1816 5137 refert,
1849 5071 2066 5142 quando

466 5168 739 5215 venerunt
769 5167 825 5214 et
854 5155 1392 5228 comprehenderunt
1420 5172 1566 5214 eum.
1610 5158 1934 5230 Venerunt,
1983 5164 2066 5221 in-

465 5255 601 5325 quit,
619 5261 676 5309 et
695 5251 1233 5325 comprehenderunt
1247 5265 1371 5307 eum
1392 5251 1447 5307 in
1467 5263 1734 5322 torrente,
1753 5269 1862 5314 etc.
1877 5256 2061 5330 (Joan.

462 5344 644 5418 xvm).
661 5344 869 5402 Videtis
891 5360 1052 5415 quam
1077 5343 1304 5400 humilis
1323 5344 1394 5400 sit
1422 5346 1572 5402 locus
1597 5353 1880 5419 torrentis,
1899 5366 2061 5420 quam

458 5436 840 5509 confragosus.
869 5433 1085 5493 Cedron
1114 5437 1293 5508 lingua
1320 5437 1546 5494 Hebraea
1574 5438 1968 5509 interpretatur
1987 5452 2063 5498 te-

458 5528 649 5584 nebrae.
682 5520 891 5585 Videtis
923 5530 1086 5600 igitur
1114 5530 1369 5599 quoniam
1403 5538 1677 5588 torrentes
1696 5531 1854 5588 istius
1875 5535 2062 5591 saeculi

459 5619 515 5677 in
549 5619 789 5677 tenebris
819 5631 967 5677 sunt.
1001 5622 1262 5680 Dominus
1290 5638 1421 5694 ergo
1450 5614 1572 5681 cum
1614 5625 1849 5681 traditur
1875 5668 1891 5692 ,
1946 5643 2055 5686 non

457 5716 693 5773 traditur
722 5731 939 5772 rursum
973 5716 1026 5773 in
1063 5725 1248 5774 monte
1275 5717 1471 5775 Oliveti
1502 5763 1518 5789 ,
1569 5734 1679 5776 non
1726 5720 1962 5778 traditur
2004 5724 2060 5779 in

450 5808 657 5881 te-uplo
688 5826 701 5864 :
733 5807 830 5866 sed
862 5808 1101 5865 traditur
1132 5809 1185 5865 in
1219 5816 1481 5880 torrente,
1514 5819 1571 5870 et
1608 5820 1852 5871 torrente
1895 5823 2050 5873 tene-

2169 4694 2436 4751 bilitatem
2468 4695 2775 4767 haberetet
2798 4696 3077 4768 spiritum,
3104 4707 3162 4754 et
3187 4699 3451 4755 membra.

2242 4784 2433 4840 Escam
2462 4787 2602 4842 dedit
2633 4789 2929 4845 timentibus
2948 4805 3022 4846 se.
3049 4789 3107 4845 In
3136 4790 3279 4848 fame
3301 4793 3447 4862 pavit
3471 4792 3648 4849 Eliam
3672 4808 3689 4849 :
3711 4791 3757 4847 in

2172 4878 2412 4947 deserto,
2449 4880 2648 4952 populo
2674 4880 2986 4939 Judteorum
3017 4899 3215 4940 manna
3239 4885 3374 4956 pluit
3398 4884 3604 4957 (Exod.
3631 4885 3756 4953 xvr),

2168 4983 2225 5030 et
2248 4974 2576 5045 ctnnpletum
2603 4983 2690 5032 est
2712 4976 2856 5048 quod
2881 4976 3081 5034 dicitur
3109 4994 3125 5033 :
3160 4978 3348 5035 Escam
3373 4979 3517 5035 dedit
3542 4977 3760 5036 timenti-

2169 5067 2260 5122 bus
2289 5083 2363 5123 se.
2397 5069 2509 5124 Hoc
2547 5068 2850 5126 secundum
2891 5071 3151 5129 litteram.
3186 5073 3378 5131 Escam
3402 5083 3591 5131 autem
3618 5073 3759 5130 dedit

2168 5173 2362 5230 panem
2383 5162 2473 5233 qui
2495 5161 2564 5219 de
2583 5163 2724 5221 ctelo
2745 5162 3027 5223 descendit
3051 5164 3233 5239 (Joan.
3257 5170 3332 5240 vt)
3362 5184 3376 5220 :
3402 5183 3515 5239 quo
3543 5174 3591 5225 si
3616 5165 3756 5238 digni

2167 5266 2375 5322 sumus,
2422 5257 2712 5327 poscimur.
2752 5258 2943 5327 Quanti
2989 5260 3136 5316 enim
3163 5269 3433 5334 martyres
3461 5261 3616 5318 fame
3639 5275 3757 5318 cor-

2164 5351 2311 5420 rupti
2335 5360 2483 5419 sunt,
2513 5362 2566 5408 et
2597 5368 2741 5409 nunc
2764 5360 3042 5410 suntcum
3072 5354 3344 5411 Domino?

2237 5442 2490 5500 Sanctum
2510 5456 2558 5501 et
2587 5446 2809 5503 terribile
2833 5463 3015 5502 nomen
3045 5449 3178 5520 ejus.
3212 5447 3485 5516 Sanctum,
3517 5448 3753 5515 sanctis;

2163 5536 2415 5603 terribile,
2461 5540 2852 5610 peccatoribus.
2903 5539 3123 5597 Initium
3145 5544 3415 5617 sapientite
3449 5544 3611 5599 timor
3649 5543 3755 5598 Do-

2164 5630 2312 5687 mini.
2353 5632 2455 5699 Qui
2499 5648 2608 5691 non
2658 5633 2852 5690 timent
2894 5633 3206 5703 Dominum,
3234 5652 3340 5691 non
3370 5646 3454 5694 est
3478 5637 3538 5693 in
3566 5636 3649 5693 eis
3675 5652 3754 5691 sa-

2162 5723 2388 5793 pientia.
2419 5722 2529 5782 Aut
2551 5725 2644 5797 qui
2676 5740 2785 5783 non
2809 5724 3013 5783 habent
3038 5725 3388 5800 sapientiam,
3417 5743 3530 5786 non
3552 5728 3754 5786 habent

2165 5817 2439 5876 timorem.
