4008 6336
245 348 382 406 1189

1209 354 1636 413 ΙίΙὶΕΥΙΛΙὶΙυΜ
1677 358 1743 414 IN
1783 358 2113 416 PSALMOS.
2159 359 2406 417 PSALM.
2449 360 2583 418 CXI.

3405 360 3543 416 11ῖο

308 465 570 521 Laudan'o
593 469 707 540 ejus
732 477 903 522 mune!
933 467 984 520 in
1010 468 1254 523 strottlum
1275 471 1472 525 saeculi.
1496 470 1758 540 Quoniam
1788 472 1840 527 in
1867 476 1920 538 Α
1947 474 2194 530 divitias?
2238 475 2472 546 Divilire,
2515 477 2584 532 de
2623 477 2823 548 quibus
2865 475 2993 532 dicit
3040 476 3156 546 ipse
3193 475 3494 547 Apostolus
3529 495 3542 530 :

240 559 400 615 titulo
442 561 671 616 Alleluia
713 571 1067 632 prmnotatum
1111 573 1216 624 est.
1257 564 1402 634 juste
1443 565 1495 620 in
1523 566 1833 622 laudatione

1935 570 2078 641 quod
2107 569 2302 626 divites
2333 569 2456 626 lacti
2487 571 2607 626 sitis
2634 573 2686 628 in
2715 572 2859 626 omni
2893 571 3120 628 scientia
3143 569 3445 641 etjustitia.
3471 569 3542 624 Et

238 654 357 718 linit
405 655 670 724 psalmus.
697 655 976 728 Siquidem
1019 658 1245 713 Alleluia
1277 659 1687 730 interpretatur,
1719 661 1835 715 lau-
1923 665 2134 736 justitia
2162 669 2276 738 ejus
2309 674 2477 720 manet
2505 665 2558 719 in
2587 666 2836 720 saeculum
2864 663 3066 720 saeculi.

240 748 361 802 date
381 745 686 804 Dominum.

792 843 1014 900 PSALM
1027 843 1108 901 US
1143 842 1282 901 CXI.

235 931 482 1010 Alleluia.
514 933 619 991 Iste
647 935 892 1010 psalmus
924 948 1182 1004 provocat
1211 953 1308 994 nos
1337 954 1434 1010 per
1460 940 1710 996 timorem
1738 941 1832 997 Dei

463 1007 516 1060 in
548 1017 768 1063 internae
793 1008 985 1064 domus
1016 1007 1351 1066 habitatione
1374 1013 1608 1068 fundari.

242 1163 247 1174 .
306 1119 495 1176 Beatus
542 1124 618 1178 rir
665 1125 756 1196 qui
795 1126 940 1181 timet
984 1125 1283 1185 Dominum.
1329 1128 1664 1200 Frequenter
1695 1131 1829 1203 dixi,

230 1215 487 1285 quoniam
509 1218 690 1272 omnia
719 1235 842 1288 quae
866 1221 920 1276 in
949 1236 1178 1291 persona
1201 1222 1333 1292 justi
1377 1224 1828 1295 interpretantur,

229 1309 542 1367 referuntur
582 1311 649 1367 ad
677 1311 976 1369 Christum.
1010 1315 1065 1371 Si
1094 1317 1240 1372 enim
1269 1320 1464 1384 sancti,
1498 1331 1656 1392 typus
1686 1330 1742 1376 et
1771 1321 1833 1376 li-

171 1467 184 1478 ,
227 1418 361 1476 gura
392 1407 691 1463 Salvatoris
719 1418 846 1464 sunt
876 1427 888 1463 :
921 1412 965 1465 si
997 1411 1120 1482 quis
1151 1428 1279 1468 vere
1299 1426 1524 1469 sanctus
1549 1424 1650 1481 est,
1677 1415 1830 1471 verbi

226 1515 390 1555 causa
439 1518 454 1554 :
491 1500 640 1559 Isaac
680 1513 839 1577 typus
878 1504 1091 1560 Domini
1128 1505 1421 1562 Salvatoris
1463 1517 1567 1574 est,
1599 1506 1825 1578 .luseph,

224 1593 510 1662 Salomon,
559 1596 751 1663 David,
782 1609 837 1654 et
863 1600 1052 1654 caeteri
1085 1603 1278 1656 sancti.
1316 1602 1456 1673 Ergo
1486 1613 1542 1674 et
1572 1604 1673 1658 iste
1702 1604 1830 1659 bea-

223 1697 314 1749 tus
342 1690 424 1744 vir
453 1689 542 1760 qui
578 1706 719 1746 nunc
749 1690 1099 1760 describitur,
1139 1693 1374 1750 refertur
1402 1697 1620 1767 quidem
1652 1697 1718 1752 ad
1752 1698 1830 1753 vi-

221 1795 343 1836 rum
383 1782 606 1852 justum.
640 1785 708 1839 Et
744 1800 876 1841 vere
906 1785 973 1842 de
1002 1785 1120 1842 viro
1139 1787 1289 1856 justo
1319 1788 1520 1844 dicitur
1554 1807 1566 1842 :
1599 1789 1692 1845 sed
1725 1791 1827 1844 iste

2006 755 2265 812 Exortum
2306 767 2382 813 est
2431 759 2484 812 in
2531 758 2749 814 tenebris
2796 756 2971 812 lumen
3015 759 3165 811 rectis
3215 757 3386 813 corde.
3429 755 3542 812 Nos

1933 850 2203 920 quondam
2246 851 2570 906 errabamus
2597 849 2650 905 in
2693 849 2938 906 tenebris
2975 869 2985 902 :
3019 849 3344 906 sedebamus
3374 850 3428 905 in
3460 858 3540 905 te-

1934 943 2120 998 nebris
2158 953 2214 998 et
2240 943 2430 998 umbra
2463 943 2656 998 mortis
2692 963 2701 995 :
2729 943 2828 1000 sed
2858 943 2946 998 lux
2977 953 3093 998 orta
3124 952 3209 999 est
3238 943 3417 1008 nobis,
3451 958 3539 997 sc-

1933 1036 2166 1092 cuudum
2197 1036 2386 1092 Isaiam
2415 1038 2565 1108 (Cap.
2598 1039 2749 1097 Lvm)
2791 1057 2801 1090 :
2837 1036 3134 1094 Misericors
3162 1046 3210 1092 et
3264 1038 3537 1092 miserator

1932 1137 1980 1182 et
2015 1133 2213 1202 justus.
2258 1128 2556 1184 Misericors
2601 1138 2648 1184 et
2682 1133 2882 1203 justus.
2927 1130 2983 1186 Si
3024 1139 3279 1200 peccator
3319 1145 3401 1196 es,
3431 1131 3541 1184 noli

1933 1223 2226 1293 desperare
2256 1227 2470 1280 veniam
2507 1242 2520 1278 :
2552 1223 2864 1279 misericors
2890 1233 2994 1279 est.
3023 1223 3080 1278 Si
3105 1237 3238 1279 vero
3268 1223 3538 1294 superbus

1932 1333 2015 1384 es,
2061 1329 2115 1372 et
2163 1318 2394 1374 confidis
2436 1319 2528 1374 tibi
2570 1319 2638 1374 de
2677 1319 2967 1374 clementia
2997 1319 3115 1384 Dei,
3151 1319 3259 1373 noli
3289 1333 3413 1373 esse
3443 1333 3543 1374 uc—

1930 1412 2162 1482 gligeus,
2205 1421 2258 1466 et
2291 1411 2476 1482 justus
2517 1419 2622 1468 est.
2666 1411 2968 1467 Misericors
3009 1423 3058 1468 et
3082 1414 3356 1468 miseratur
3377 1422 3426 1467 et
3443 1416 3542 1487 ju-

1930 1512 2062 1558 stus.
2114 1503 2301 1558 Videte
2344 1503 2474 1575 quid
2521 1504 2711 1560 fecerit
2753 1505 3038 1576 prudentia
3068 1505 3366 1561 Psalmistee
3400 1524 3411 1559 :
3445 1507 3542 1561 Ju-

1931 1594 2075 1650 stitia
2109 1596 2345 1668 simplex
2389 1607 2474 1651 est
2506 1615 2516 1648 :
2556 1597 2928 1652 misericordia
2959 1598 3157 1668 duplex
3190 1607 3291 1654 est.
3329 1598 3541 1654 Miseri-

1930 1705 2044 1743 cors
2105 1698 2153 1742 et
2213 1689 2484 1743 κήδει-αισι·
2545 1699 2592 1743 et
2641 1693 2840 1764 justus.
2897 1689 3033 1758 Quia
3085 1692 3398 1747 misericors
3457 1700 3543 1746 est

1933 1783 2196 1840 Dominus
2244 1793 2301 1839 et
2329 1786 2642 1851 miserator,
2686 1797 2742 1842 et
2772 1785 2852 1841 vir
2875 1788 3054 1858 justus
3088 1787 3328 1844 imitetur
3359 1789 3540 1844 1)οιιή-

219 1874 305 1928 vir
341 1873 546 1944 justus,
592 1885 752 1948 typus
791 1889 874 1933 est
915 1879 1011 1934 viri
1048 1879 1203 1950 justi.
1245 1879 1436 1936 Beatus
1464 1885 1541 1936 vir
1565 1883 1655 1953 qui
1685 1885 1826 1938 timet
1858 1870 1905 1930 Β
1934 1892 2060 1930 Ilum
2091 1891 2272 1945 suum,
2302 1879 2372 1932 Sil
2398 1890 2454 1933 et
2486 1879 2602 1948 ipse
2631 1878 2965 1935 misericors.

219 1964 526 2021 Dominum.
572 1969 791 2026 Interim
832 1971 1140 2028 dimisimus
1190 1975 1479 2044 psitlmum,
1512 1991 1654 2031 nunc
1679 1971 1825 2032 dica-

225 2076 349 2117 mus
391 2061 461 2117 de
500 2063 618 2118 viro
649 2063 796 2133 justo
839 2083 851 2119 :
899 2064 1095 2122 Beatus
1125 2069 1202 2123 vir
1229 2071 1317 2139 qui
1343 2071 1483 2124 timet
1518 2070 1817 2125 Dominum.

225 2153 482 2210 Psalmus
539 2157 878 2214 centesimus
928 2159 1246 2218 undecimus
1301 2162 1676 2233 alphabeticus
1717 2171 1822 2220 est.

226 2247 510 2318 Siquidem
542 2260 597 2304 et
624 2254 954 2308 centesimus
983 2254 1250 2320 decimus,
1281 2265 1335 2311 et
1367 2258 1483 2325 ipse
1513 2259 1614 2314 sub
1639 2259 1827 2328 alpha-

220 2342 350 2398 beto
380 2355 485 2400 cst.
520 2346 729 2402 Primus
755 2349 1060 2404 versiculus
1090 2368 1155 2406 ex
1184 2351 1343 2422 aleph
1366 2352 1626 2408 scribitur
1650 2371 1663 2408 :
1688 2352 1825 2408 Bea-

223 2443 307 2490 tus
350 2439 428 2492 vir
466 2439 556 2507 qui
597 2442 737 2494 timet
776 2439 1076 2497 Dominum.
1112 2445 1414 2514 Secundus,
1451 2461 1516 2502 ex
1546 2447 1673 2501 beth
1709 2465 1722 2502 :
1758 2446 1827 2502 In

222 2531 494 2586 mandatis
532 2533 644 2603 ejus
685 2535 858 2606 cupiet
895 2537 1066 2591 nimis.
1109 2537 1350 2606 Tertius,
1383 2554 1448 2594 ex
1477 2539 1642 2610 gimel
1676 2559 1687 2594 :
1723 2539 1827 2594 Pa-

223 2634 338 2679 tens
383 2627 438 2680 in
469 2637 608 2682 terra
635 2629 732 2684 erit
767 2647 940 2686 semen
970 2636 1103 2704 ejus,
1135 2643 1186 2688 et
1221 2649 1390 2706 usque
1415 2635 1482 2689 ad
1515 2635 1824 2691 vicesimam

223 2718 522 2776 secundum
568 2721 803 2777 litteram
848 2723 996 2778 than.
1030 2725 1285 2796 Singulos
1316 2725 1479 2796 igitur
1503 2727 1823 2797 versiculos,

221 2816 425 2869 vestris
463 2817 803 2874 orationibus
847 2819 1195 2877 disseramus.
1240 2821 1430 2879 Beatus
1459 2825 1536 2878 vir
1563 2825 1651 2897 qui
1685 2826 1828 2882 timet

221 2905 518 2962 Dominum
562 2927 581 2963 :
621 2912 944 2982 principium
989 2915 1184 2983 psalmi
1210 2925 1294 2972 est
1327 2935 1340 2970 :
1376 2917 1615 2972 nondum
1645 2917 1776 2974 dicit
1809 2937 1823 2974 :

221 2998 429 3055 Beatus
477 3003 558 3056 vir
595 3003 686 3073 qui
731 3004 909 3076 diligit
938 3006 1254 3064 Dominum.
1289 3009 1538 3066 Virorum
1568 3012 1712 3066 enim
1742 3013 1821 3067 in.

220 3092 543 3162 cipientium
585 3105 671 3151 est
712 3096 904 3153 timere
943 3099 1312 3168 perfeCIorum
1355 3118 1483 3159 vero
1523 3104 1751 3176 diligere
1782 3108 1825 3178 (1

222 3183 385 3240 Ιοαη.
436 3188 536 3258 tv).
580 3187 859 3261 Siquidem
913 3194 1148 3262 perfecta
1193 3195 1440 3265 dilectio,
1488 3198 1631 3255 foras
1661 3202 1826 3258 mittit

221 3278 503 3336 timorem.
531 3280 673 3352 Ergo
702 3281 772 3338 de
801 3285 1070 3355 principio
1093 3287 1246 3350 dicit.
1274 3289 1376 3345 hoc
1399 3302 1506 3360 est,
1533 3293 1826 3364 incipiente
1852 3269 1896 3330 Ο
1930 3285 2033 3342 beo
2075 3303 2088 3340 ε

219 3370 346 3426 viro
378 3384 592 3430 sancto.
630 3375 922 3434 Videamus
951 3395 1082 3450 ergo
1122 3381 1373 3438 ordinem
1412 3382 1616 3440 Psalmi
1648 3403 1666 3442 :
1699 3386 1829 3442 Bea-

221 3471 307 3518 tus
337 3465 416 3519 rir
437 3467 528 3536 qui
557 3467 699 3521 timet
730 3468 1030 3525 Dominum.
1055 3471 1155 3541 Qui
1185 3474 1338 3531 timet
1364 3476 1674 3543 Dominum,
1700 3479 1826 3546 quid

220 3556 388 3612 facit?
429 3557 593 3614 Audit
619 3562 783 3616 verba
818 3562 937 3630 Dei,
971 3563 1166 3622 doctus
1192 3566 1246 3621 in
1286 3568 1404 3640 lege
1431 3570 1552 3624 est?
1577 3570 1692 3626 Non
1725 3569 1828 3628 hoc

219 3648 377 3704 dicit.
409 3650 549 3718 Quid
577 3652 746 3708 dicit?
777 3654 844 3708 In
878 3657 1140 3712 mandatis
1170 3665 1285 3733 ejus
1316 3663 1486 3734 cupiet
1513 3664 1689 3719 nimis.
1723 3665 1826 3732 Qui

222 3743 387 3798 timet
427 3743 716 3803 Dominum
760 3766 774 3802 :
819 3750 910 3820 qui
951 3750 1143 3808 beatus
1183 3765 1268 3809 est
1317 3772 1328 3809 :
1373 3757 1626 3812 mandata
1659 3759 1827 3826 ipsius

221 3835 466 3893 libenter
507 3839 655 3896 facit.
704 3839 770 3896 In
801 3845 1058 3900 mundatis
1086 3849 1198 3918 ejus
1229 3849 1400 3919 cupiet
1426 3851 1598 3904 nimis.
1635 3850 1828 3906 Videte

219 3931 356 4002 quid
400 3931 546 3988 dicat
597 3951 611 3989 :
659 3935 772 3991 Non
823 3938 980 4005 dixit,
1023 3941 1275 3996 mandata
1316 3942 1436 4011 ejus
1480 3945 1625 3999 facit.
1676 3944 1825 4000 Multi

220 4023 373 4080 enim
419 4035 474 4080 et
526 4025 722 4083 timore
769 4027 993 4097 faciunt,
1037 4042 1093 4088 et
1119 4035 1428 4090 mercedem
1459 4052 1566 4090 non
1601 4037 1822 4092 habent.

219 4117 330 4185 Qui
371 4117 515 4173 enim
564 4120 872 4190 gehennam
905 4125 1079 4189 timet,
1109 4134 1166 4182 et
1197 4137 1484 4197 propterea
1523 4145 1628 4184 non
1661 4129 1830 4186 forni-

218 4221 410 4275 catur,
459 4228 563 4269 nou
615 4213 778 4272 habet
825 4226 1030 4274 tantam
1076 4223 1408 4291 mercedem,
1440 4235 1697 4295 quantam
1731 4225 1823 4281 ille

219 4305 320 4376 qui
355 4317 578 4376 propter
619 4309 974 4367 dilectionem
1020 4313 1109 4386 Dei
1144 4315 1288 4370 facit.
1317 4314 1374 4370 lu
1403 4316 1674 4372 mandatis
1706 4317 1824 4386 ejus

221 4400 394 4466 volet,
416 4400 517 4457 hoc
538 4411 642 4467 est,
663 4403 774 4458 vult
799 4406 978 4473 nimis,
1000 4406 1100 4462 hoc
1117 4417 1219 4473 est,
1244 4408 1493 4462 mandata
1511 4409 1628 4478 ejus
1651 4409 1829 4466 facere

219 4493 526 4551 desiderat.
551 4497 833 4566 Quomodo
857 4500 1071 4570 aliquis.
1097 4501 1214 4556 siin
1238 4502 1462 4557 aestibus
1483 4505 1572 4568 sit,
1593 4505 1705 4559 sitit
1727 4523 1737 4558 :
1758 4505 1827 4559 ita

218 4587 319 4644 ille
345 4589 621 4646 desiderat
648 4593 899 4648 mandata
933 4594 1165 4650 Domini.
1203 4594 1258 4650 lu
1301 4597 1570 4652 mandatis
1614 4597 1830 4655 Domini

2000 1971 2282 2025 Jurundus
2325 1972 2480 2027 homo
2525 1975 2614 2044 qui
2653 1975 2924 2028 miseretur
2951 1985 2999 2030 et
3029 1975 3342 2031 commodat.
3381 1977 3542 2031 Putat

1927 2063 2122 2136 aliquis
2151 2064 2294 2136 quod
2326 2065 2393 2120 de
2415 2082 2548 2120 auro
2567 2065 2711 2121 dicat
2739 2077 2790 2121 et
2815 2077 3064 2136 argento,
3093 2076 3149 2123 et
3177 2067 3244 2124 de
3271 2069 3537 2139 pecunia?

1928 2158 2066 2214 Justi
2114 2161 2376 2214 intantum
2419 2175 2526 2215 non
2558 2160 2865 2216 habuerunt
2894 2162 3039 2231 quod
3070 2161 3190 2217 aliis
3218 2162 3537 2218 commoda-

1929 2261 2070 2319 rent,
2107 2261 2165 2307 ut
2206 2252 2311 2322 ipsi
2351 2253 2530 2308 cibum
2572 2253 2639 2308 ab
2667 2254 2786 2308 aliis
2815 2255 3149 2324 acciperent.
3184 2255 3328 2325 Ergo
3355 2256 3535 2311 sinon

1930 2343 2174 2401 habuero
2212 2345 2358 2416 quod
2390 2346 2530 2410 dem,
2562 2347 2673 2414 jam
2708 2362 2812 2400 non
2841 2362 2958 2401 sum
2985 2346 3204 2415 justus?
3231 2346 3289 2404 Si
3322 2362 3428 2402 non
3461 2348 3540 2404 fe-

1928 2454 2057 2493 cero
2090 2440 2525 2512 eleemosyuam,
2558 2441 2610 2494 in
2657 2440 2925 2510 justorum
2971 2455 3200 2496 numero
3230 2456 3336 2497 non
3368 2441 3539 2497 habe-

1930 2531 2067 2586 bor?
2098 2531 2294 2598 Quanti
2325 2543 2637 2588 sanctorum
2677 2532 2928 2589 fecerunt
2956 2532 3387 2604 eleemosynam,
3435 2535 3531 2587 sed

1930 2625 1982 2680 in
2028 2626 2318 2681 sanctitate
2369 2634 2614 2682 ruerunt.
2665 2624 2902 2682 Perlecti
2945 2641 3050 2682 non
3094 2625 3338 2684 fecerunt
3379 2626 3528 2682 elec-

1930 2735 2204 2792 mosyuas,
2231 2722 2355 2791 quia
2387 2737 2494 2776 non
2527 2721 2798 2778 habebant
2827 2722 2968 2777 unde
2994 2721 3257 2778 facerent.
3291 2722 3536 2779 Eleemo-

1928 2829 2092 2887 synas
2121 2829 2224 2870 nou
2254 2815 2457 2881 facere,
2488 2815 2696 2872 crimen
2731 2815 2982 2871 habentis
3007 2827 3111 2873 est.
3141 2816 3408 2873 Cmterum
3437 2817 3532 2887 qui

1929 2924 2037 2964 non
2068 2909 2229 2965 habet
2258 2911 2398 2966 unde
2426 2910 2590 2966 faciat
2614 2911 3036 2984 eleemosynam.
3063 2910 3202 2968 liber
3221 2921 3321 2966 est.
3346 2910 3533 2979 Quan-

1930 3009 2278 3074 tumcumque
2317 3003 2450 3060 dare
2492 3005 2752 3070 voluerit,
2778 3012 2988 3060 tantum
3018 3004 3169 3060 dedit
3203 3021 3216 3058 :
3249 3005 3372 3074 quia
3408 3012 3535 3058 voto

1929 3094 2100 3150 dedit.
2132 3095 2336 3152 Tamen
2371 3097 2570 3153 habent
2601 3106 2655 3154 et
2684 3099 2856 3153 sancti
2890 3097 3034 3154 unde
3060 3098 3260 3154 faciant
3287 3097 3529 3154 elecmo-

1928 3205 2111 3262 synas.
2150 3193 2287 3248 Dicit
2311 3202 2366 3248 et
2397 3193 2585 3248 Petrus
2615 3212 2626 3248 :
2660 3194 2958 3264 Argentqu
2989 3201 3044 3249 et
3078 3207 3267 3248 aurum
3300 3207 3405 3248 non
3442 3193 3538 3246 ha-

2136 3285 2279 3356 quod
2320 3293 2501 3341 autem
2548 3285 2746 3350 habeo,
2790 3285 2893 3340 hoc
2932 3284 3004 3340 do
3044 3285 3138 3340 tibi
3168 3285 3302 3356 (Act.
3335 3285 3439 3355 ut).
3474 3285 3532 3339 In

1929 3381 2146 3436 nomine
2170 3381 2380 3438 Domini
2396 3382 2548 3448 .lesu,
2572 3397 2733 3452 surge
2747 3391 2803 3438 et
2822 3381 3056 3436 ambula.
3071 3381 3209 3449 Quid
3230 3391 3312 3436 est
3335 3381 3532 3451 majus,

1931 3475 2212 3544 pecuniam
2231 3474 2382 3540 dare,
2421 3489 2488 3531 an
2518 3474 2752 3530 debilem
2777 3491 2965 3530 sanum
3007 3475 3224 3530 facere?
3257 3475 3534 3530 Iucundus

1927 3569 2080 3624 homo
2107 3569 2197 3641 qui
2227 3571 2496 3624 miseretur
2521 3580 2568 3624 et
2598 3569 2908 3634 commodat.
2935 3570 3065 3638 Quae
3096 3577 3224 3624 sunt
3251 3571 3366 3624 ista:
3387 3569 3535 3624 elce-

1929 3676 2192 3734 mosynac,
2218 3661 2346 3732 quid
2375 3664 2447 3716 sit
2472 3663 2573 3717 hoc
2600 3661 2745 3733 quod
2763 3662 3072 3718 commodat
3098 3662 3180 3717 vir
3205 3661 3423 3732 justus?
3449 3675 3535 3714 sc-

1929 3756 2138 3811 cundus
2186 3758 2490 3814 versiculus
2529 3757 2789 3813 ostendit.
2831 3756 3076 3828 Disponit
3112 3773 3373 3812 sermones
3415 3773 3540 3810 suos

1928 3851 1985 3904 in
2004 3851 2232 3922 judicio.
2269 3850 2386 3906 Non
2415 3851 2549 3905 dixit
2581 3870 2591 3903 :
2623 3866 2814 3906 aurum
2846 3867 3027 3916 suum,
3061 3859 3114 3904 et
3140 3860 3450 3920 argentum,
3483 3864 3518 3902 e

1931 3942 2212 4012 pecuniam
2244 3943 2487 4014 disponit
2514 3942 2783 4012 injudicio
2813 3959 2827 3996 :
2853 3941 2972 4007 sed,
3001 3958 3258 3996 sermones
3282 3957 3403 3995 suos
3430 3941 3539 3994 dis-

1931 4037 2075 4108 ponit
2106 4037 2159 4090 in
2179 4035 2408 4108 judicio.
2453 4034 2555 4090 lsta
2586 4045 2669 4090 est
2695 4033 3093 4100 misericordia,
3137 4032 3183 4088 si
3206 4033 3290 4087 vir
3315 4039 3536 4088 sanctus

1931 4131 2127 4187 doceat
2159 4130 2299 4185 alios
2337 4129 2427 4199 qui
2460 4144 2568 4182 non
2615 4136 2743 4182 sunt
2773 4125 2966 4182 sancti.
3001 4124 3244 4195 Disponit
3273 4140 3536 4179 sermones

1931 4239 2054 4278 suos
2093 4223 2146 4276 in
2179 4221 2406 4293 judicio.
2438 4219 2805 4275 Intelleximus
2832 4231 2965 4289 ergo
2991 4232 3112 4286 qua:
3137 4226 3265 4272 sunt
3289 4217 3536 4288 pecunia:

1931 4330 2051 4386 quae
2088 4313 2525 4368 commodentur.
2570 4311 2768 4366 Verum
2811 4312 2913 4366 hoc
2943 4308 3084 4381 quod
3125 4309 3278 4380 dicit,
3308 4310 3540 4381 disponit

1931 4425 2188 4464 sermones
2235 4424 2358 4462 suos
2397 4408 2451 4461 in
2487 4407 2694 4478 judicio
2721 4449 2736 4472 ,
2783 4406 2888 4461 hoc
2932 4414 3020 4461 est
3058 4405 3199 4477 quod
3240 4405 3436 4461 dicitur
3483 4405 3537 4461 in

1934 4502 2247 4574 Evangelio,
2275 4518 2343 4557 ne
2375 4503 2652 4556 mittamus
2680 4500 3003 4571 margaritas
3032 4509 3247 4556 nostras
3273 4509 3399 4557 ante
3418 4515 3539 4572 por-

1933 4611 2026 4650 eos
2053 4593 2271 4663 (Matth.
2315 4593 2430 4662 vn).
2481 4593 2592 4649 lloc
2639 4603 2746 4657 eet,
2791 4601 2848 4648 ut
2888 4592 3022 4647 sciat
3051 4593 3420 4665 unusquisque
3451 4595 3542 4649 cui

220 4681 375 4736 volet
395 4683 572 4738 nimis.
591 4686 763 4742 Auxie
786 4687 1036 4742 mandata
1059 4689 1175 4758 ejus
1197 4704 1302 4745 non
1321 4689 1469 4756 facit,
1494 4692 1588 4747 sed
1610 4692 1748 4748 vult:
1775 4702 1828 4749 et

1939 4661 2147 4754 tribuit,
2194 4687 2320 4759 quid
2351 4661 2521 4756 possit
2563 4685 2834 4756 accipere,
2865 4685 2992 4757 quid
3023 4701 3130 4742 non
3165 4661 3354 4757 possit.
3386 4685 3541 4742 Unde

221 4775 348 4831 vult
363 4791 468 4830 non
493 4779 822 4845 transitorie,
845 4779 964 4848 sed,
983 4782 1159 4835 nimis.
1179 4781 1394 4837 Tertius
1408 4784 1707 4838 versiculus
1722 4794 1826 4840 est:

223 4902 233 4906 -
305 4868 503 4924 Potens
543 4872 595 4924 in
641 4881 778 4926 terra
820 4876 916 4927 erit
958 4892 1124 4930 semen
1153 4878 1286 4948 ejus.
1321 4877 1419 4944 Qui
1449 4877 1702 4934 mandata
1737 4878 1832 4934 Dei

224 4962 340 5018 feci
372 4963 668 5034 voluntate,
699 4965 895 5038 dignus
921 4983 1041 5024 sum
1075 4979 1130 5022 ut
1161 4969 1284 5023 liam
1315 4980 1469 5039 pater
1495 4980 1829 5026 sanctorum.

225 5056 483 5112 Breviter
518 5058 775 5125 dicimus,
818 5075 886 5115 ne
926 5061 1135 5132 longius
1166 5061 1412 5117 trahatur
1438 5063 1634 5118 oratio.
1666 5062 1836 5118 Gene-

225 5149 373 5203 ratio
413 5159 665 5204 rectorum
709 5133 1051 5209 benedicatur.
1098 5153 1324 5211 Praestet
1371 5155 1650 5224 Dominus,
1695 5166 1751 5213 ut
1780 5167 1836 5212 et

228 5259 340 5298 vos
367 5245 458 5314 qui
492 5261 578 5301 me
606 5248 832 5316 auditis,
863 5249 1140 5318 generatio
1167 5259 1444 5304 rectorum
1473 5251 1614 5305 sitis.

309 5335 494 5393 Gloria
535 5350 585 5396 et
626 5342 817 5396 diuitiw
863 5343 918 5396 in
963 5343 1119 5398 domo
1156 5346 1290 5416 ejus.
1323 5340 1507 5398 Gloria
1535 5354 1582 5398 et
1621 5345 1831 5400 divitia.

227 5432 500 5489 Putamus
541 5435 769 5504 gloriam
813 5445 870 5490 et
911 5434 1126 5490 divitias
1164 5435 1347 5491 sazculi
1389 5437 1532 5492 dici?
1557 5435 1683 5492 Ideo
1714 5438 1836 5508 quis

225 5524 366 5581 facit
411 5527 742 5583 voluntatem
792 5527 890 5584 Dei
935 5539 989 5584 et
1038 5530 1288 5585 mandata
1335 5530 1473 5600 ejus,
1517 5540 1578 5586 ut
1621 5531 1836 5588 divitias

228 5616 424 5675 mundi
471 5618 626 5674 istius
666 5623 1065 5692 consequatur?
1109 5621 1176 5677 Et
1217 5633 1361 5678 certe
1391 5637 1497 5677 non
1526 5621 1653 5678 facit
1685 5638 1836 5678 mau-

229 5712 366 5769 data
389 5712 480 5769 Dei
505 5714 606 5769 nisi
631 5713 849 5770 divitias
870 5715 1053 5771 mundi
1079 5715 1469 5788 contempserit
1497 5714 1669 5787 (Psal.
1700 5717 1831 5790 cxi).

235 5807 427 5864 Gloria
451 5820 499 5864 et
529 5811 723 5866 divitiae
742 5811 795 5864 in
821 5811 974 5866 domo
1000 5815 1132 5884 ejus.
1159 5810 1340 5868 Gloria
1361 5815 1702 5870 credentium
1729 5822 1834 5883 est,

233 5902 385 5960 sicut
409 5903 535 5962 dicit
564 5904 860 5976 Aposttolus
893 5921 906 5964 :
935 5902 1126 5963 Nonne
1152 5917 1247 5962 vos
1275 5906 1446 5977 gloria
1478 5922 1595 5965 mea
1625 5905 1755 5964 estis
1783 5914 1837 5964 et

1938 4782 2022 4837 vir
2058 4789 2281 4836 sanctus
2329 4780 2461 4835 dicit
2508 4796 2521 4833 :
2566 4778 2623 4834 lu
2665 4779 2832 4834 corde
2872 4794 2995 4834 meo
3033 4780 3292 4836 abscondi
3323 4779 3538 4848 eloquia

1936 4883 2050 4944 tua,
2100 4884 2158 4929 ut
2200 4887 2307 4928 non
2355 4887 2571 4942 peccem
2616 4871 2710 4928 tibi
2754 4869 2875 4944 (Ps.
2916 4873 3131 4943 cum).
3179 4871 3294 4926 Non
3322 4885 3383 4924 ea
3414 4870 3547 4926 dedi

1937 4966 2134 5036 quibus
2173 4964 2348 5020 libuit.
2391 4963 2507 5020 Non
2550 4976 2797 5020 sanetum
2845 4975 2993 5020 tuum
3038 4965 3158 5020 misi
3199 4963 3448 5030 canibus,
3482 4975 3539 5020 et

1939 5058 2256 5128 margaritas
2297 5055 2421 5112 dedi
2464 5058 2675 5127 porcis.
2695 5056 2913 5114 Grande
2942 5059 3101 5128 igitur
3127 5056 3427 5127 periculum
3459 5070 3544 5114 est

1938 5152 2196 5216 doctoris,
2244 5151 2403 5208 v'erba
2435 5151 2647 5207 Domini
2679 5153 2860 5222 porcis
2890 5150 3194 5207 effundere.
3223 5149 3390 5206 Multa
3415 5162 3545 5208 sunt

1939 5261 2061 5317 quae
2101 5244 2352 5300 dicantur
2393 5245 2462 5301 de
2500 5246 2728 5316 psalmo.
2772 5244 2878 5301 Sed
2919 5245 3175 5314 quoniam
3205 5244 3544 5302 excludimur

1941 5343 2096 5408 hora,
2130 5340 2517 5398 benedicamus
2555 5340 2983 5410 omnipotentem
3017 5337 3327 5406 Dominum,
3361 5348 3416 5395 et
3445 5339 3542 5408 qui

1942 5434 2098 5491 habet
2123 5434 2262 5490 tales
2285 5435 2567 5505 pecunias,
2587 5433 2788 5487 tribuat
2806 5447 2914 5485 non
2932 5430 3272 5488 habentibus.
3295 5431 3394 5500 Qui
3412 5447 3541 5488 vero

1944 5543 2050 5585 non
2084 5529 2283 5593 habet,
2314 5528 2546 5584 libenter
2587 5527 2836 5596 accipiat.
2881 5525 3112 5581 Praestet
3150 5536 3330 5581 autem
3360 5527 3543 5582 Domi-

1944 5637 2046 5678 nus
2086 5631 2140 5677 et
2183 5621 2332 5687 mihi,
2359 5629 2417 5676 ut
2455 5629 2511 5676 et
2552 5635 2654 5690 ego
2699 5619 2828 5674 istas
2859 5617 3083 5676 habeam
3110 5617 3326 5675 divitias
3357 5635 3371 5685 ;
3403 5627 3464 5674 ut
3489 5627 3547 5675 et

1943 5732 2052 5773 non
2077 5715 2398 5772 habentibus
2418 5714 2565 5780 dein,
2590 5723 2645 5770 et
2669 5713 2988 5771 habentibus
3010 5713 3224 5770 divitias
3246 5713 3543 5782 cumulem,

1944 5820 2005 5868 ut
2032 5808 2420 5870 beatitudinem
2451 5807 2628 5874 istam,
2662 5815 2716 5863 et
2743 5806 2930 5862 dicens
2960 5806 3186 5863 habeam
3213 5815 3266 5864 et
3296 5805 3544 5862 audiens.

1945 5904 2140 5961 Beatus
2167 5911 2248 5959 est
2275 5899 2422 5960 enim
2449 5901 2539 5973 qui
2567 5903 2619 5960 in
2647 5914 2806 5958 aures
2829 5899 3064 5973 loquitur
3089 5899 3382 5960 audientis.
3407 5896 3548 5969 Quid
