4008 6336
426 351 557 407 1171

1215 346 1561 403 APPENNX
1600 347 1694 402 AD
1730 345 1980 402 ῬθΜυἊ
2019 343 2375 403 SEPTIMUM
2410 349 2473 406 ὃ.
2518 350 2921 405 liIERONYiI'.

3578 350 3725 409 11Ἱί

420 468 568 526 enim
596 469 728 524 mihi
762 470 983 540 prodest
1003 468 1171 541 loqui,
1203 468 1247 521 si
1276 467 1411 520 ιιιιιιε
1438 464 1600 520 verba
1626 478 1744 519 mea
1768 477 1879 516 non
1903 466 2106 525 sus-A
2201 467 2441 541 malitia,
2489 479 2764 540 tamquam
2814 469 2978 524 modo
3023 471 3189 540 geniti
3236 468 3469 525 infantes
3519 468 3574 523 in
3626 466 3732 524 Dei

420 563 620 634 cipiat?
656 563 792 632 Quid
827 563 1048 633 prodest
1086 564 1300 617 mittere
1329 560 1545 623 vinum,
1582 556 1629 613 si
1660 557 1849 613 statim
1879 554 2022 627 quod

426 657 673 721 mittitur,
722 655 1064 711 effundatur?
1112 653 1275 709 Vides
1304 653 1451 723 quod
1480 651 1530 706 in
1561 650 1854 722 Evangelio
1884 664 2022 720 aqua

422 748 515 803 illa
549 749 598 801 in
635 748 876 820 hydriaut
909 748 1158 811 mittitur,
1184 759 1235 800 et
1264 747 1314 801 in
1348 747 1526 799 vinum
1559 745 1809 809 vertitur,
1832 754 1882 799 et
1908 757 2025 798 ser-

421 851 581 898 vatur
611 858 676 897 ue
706 851 891 912 pereat
914 841 1093 916 (Joan.
1121 843 1205 898 ul.
1233 841 1527 904 Μήδειαν,
1555 839 1606 895 id
1627 850 1731 907 ρει,
1759 840 1810 892 iu
1833 838 2020 904 corde,

421 947 475 1004 ct
514 936 687 991 credit
726 937 776 991 in
810 951 1001 1006 opere.
1040 935 1248 990 Bonum
1282 944 1367 990 cst
1400 924 1637 989 tribuere
1667 930 2023 986 substantiam

422 1039 695 1087 terrenam
738 1049 751 1085 :
789 1031 886 1087 sed
920 1032 1121 1087 melius
1154 1040 1233 1084 est
1264 1028 1318 1084 in
1349 1043 1379 1081 ιι
1406 1026 1771 1081 nuntiandum
1806 1023 2023 1080 miscri-

420 1123 689 1187 couliatn,
738 1123 787 1177 id
828 1133 938 1191 est,
984 1133 1043 1177 ut
1081 1123 1263 1178 tradas
1310 1121 1363 1175 in
1409 1119 1764 1185 oblivionem,
1807 1115 1902 1187 qui
1926 1116 2025 1171 tibi

428 1216 566 1270 male
614 1217 760 1284 fecit,
794 1216 895 1271 hoc
924 1226 1035 1281 est,
1068 1225 1128 1270 ut
1164 1215 1445 1285 indulgeas
1471 1214 1562 1284 qui
1592 1214 1649 1269 in
1678 1222 1729 1268 te
1759 1212 2023 1281 peccavit.

428 1309 701 1380 Disposuit
740 1326 1004 1365 srrrnones
1048 1325 1168 1364 suos
1211 1310 1263 1362 in
1296 1308 1522 1380 judicio,
1570 1306 1671 1361 hoc
1710 1315 1819 1370 est,
1860 1304 2028 1375 jndex

425 1403 799 1477 snimetipsins
837 1412 940 1457 est.
995 1402 1127 1458 Dicit
1173 1402 1312 1472 apud
1359 1400 1735 1471 semetipsum.
1766 1399 2029 1454 Dominus

426 1498 565 1553 dixit
609 1514 623 1552 :
672 1497 727 1551 Si
775 1496 1023 1563 dimittis,
1071 1495 1371 1551 dimittetur
1412 1494 1506 1549 tibi
1541 1513 1552 1547 :
1587 1493 1629 1548 si
1661 1492 1779 1558 das,
1811 1492 2031 1547 dabitur

428 1589 523 1643 tibi
567 1587 747 1659 (Matt.
787 1589 885 1657 Vi).
934 1588 1071 1656 Quia
1114 1586 1205 1642 ille
1250 1587 1343 1656 qui
1389 1586 1467 1641 sic
1504 1600 1568 1640 se
1599 1584 1807 1653 judicat
1838 1583 1933 1638 hic
1974 1583 2027 1637 in

426 1681 705 1751 pratscnti,
734 1682 874 1736 Deus
902 1679 1051 1734 illum
1082 1688 1314 1735 coronat
1336 1677 1391 1733 in
1416 1676 1619 1732 futuro.
1647 1675 1786 1743 Quia
1805 1676 1860 1729 in
1886 1684 2032 1729 teter-

429 1792 552 1830 nutu
582 1792 687 1829 non
708 1772 1123 1829 commovebitur.
1150 1771 1256 1828 iste
1282 1771 1403 1826 talis
1422 1787 1532 1824 non
1554 1766 1989 1826 commovebitur
2016 1785 2027 1821 :

429 1870 552 1940 quia
587 1884 745 1936 supra
778 1875 983 1935 petram
1016 1864 1269 1919 fundatus
1295 1874 1402 1919 est.

502 1958 570 2013 In
616 1959 861 2013 memoria
891 1967 1086 2012 a’terna
1122 1957 1218 2010 erit
1248 1960 1446 2029 justus.
1479 1954 1576 2011 ille
1598 1954 1782 2025 justus
1814 1968 2035 2024 semper

432 2054 486 2107 in
514 2052 778 2109 memoria
817 2050 905 2106 Dei
936 2060 1037 2105 est.
1070 2049 1148 2102 Ab
1177 2047 1361 2102 auditu
1394 2048 1531 2101 malo
1562 2063 1665 2101 non
1702 2045 1919 2102 timebit.
1952 2045 2038 2102 Ab

433 2148 550 2212 illo,
582 2148 867 2207 discedite,
900 2166 931 2199 o
965 2147 1233 2201 maledicti
1259 2144 1478 2218 (Matth.
1510 2145 1672 2215 xxv)!

508 2238 767 2293 Paratum
798 2255 887 2292 cor
910 2242 1026 2312 ejus
1054 2253 1268 2309 sperare
1294 2238 1344 2291 in
1380 2236 1624 2291 Domino.
1662 2237 1775 2292 Hoc
1804 2248 1908 2305 est,
1941 2253 2039 2295 sua

352 2344 356 2348 ·
434 2346 563 2400 spes
590 2345 810 2400 sentper
839 2331 892 2384 in
922 2331 1034 2383 Deo
1058 2339 1254 2398 .parata
1295 2341 1397 2383 ρει.
1434 2328 1809 2396 (Ion/irritatum
1848 2342 1923 2385 est
1951 2346 2040 2385 cor

434 2426 566 2493 ejus.
614 2423 810 2479 Anima
859 2424 1003 2480 illius
1048 2424 1098 2479 in
1150 2423 1275 2479 ﬁde.
1336 2424 1454 2478 Non
1502 2424 1921 2478 commovebitur.
1968 2424 2044 2481 De

437 2516 553 2585 ipsa
591 2517 693 2571 tida
726 2517 791 2570 ad
828 2516 1198 2572 inﬁdelitatem
1226 2534 1241 2574 :
1269 2517 1389 2587 quia
1418 2531 1585 2587 super
1612 2502 2044 2587 petrsmifunda-

435 2622 524 2667 tus
550 2618 656 2674 est,
684 2609 740 2664 id
783 2620 885 2676 eSt,
930 2625 1099 2680 super
1128 2609 1421 2665 Christum.
1450 2608 1637 2665 Donec
1661 2609 1910 2682 despiciat
1938 2609 2042 2663 ini-

439 2704 599 2777 micas
628 2719 769 2759 suos.
804 2702 857 2759 ιιι
892 2715 998 2767 est,
1026 2703 1155 2756 vitia
1192 2714 1247 2757 et
1288 2712 1529 2773 precata,
1558 2716 1748 2758 omnes
1778 2700 2042 2768 hatreses,

439 2800 524 2854 vel
551 2806 879 2868 potestatem
913 2795 1257 2850 inimicorum
1290 2793 1539 2864 despicit.

514 2888 802 2957 Dispersit,
841 2888 986 2945 dedit
1020 2888 1336 2960 pauperibus
1355 2930 1369 2954 ,
1398 2887 1607 2955 iustitia
1652 2891 1765 2961 ejus
1794 2897 1963 2941 manet
1994 2888 2047 2943 in

439 2983 690 3039 stcculum
721 2982 919 3036 seaculi.
956 2981 1234 3051 Dispersit,
1271 2982 1370 3035 hoc
1400 2988 1505 3041 est,
1534 2981 1767 3050 partitus
1794 2990 1903 3036 est.
1931 2981 2045 3039 Non

439 3076 837 3133 dixilzTolum
870 3077 934 3131 da
984 3076 1076 3133 uni
1127 3074 1360 3139 homini,
1409 3075 1502 3130 sed
1552 3075 1742 3132 dicit:
1795 3076 1944 3133 Vade
1990 3089 2050 3135 et

443 3171 618 3226 vende
644 3172 827 3225 omnia
861 3186 982 3241 qua:
1006 3169 1193 3234 habes,
1228 3179 1283 3227 et
1298 3170 1371 3223 (ιθ
1404 3172 1732 3240 pauperibus
1766 3171 1961 3245 (Marc.
1993 3187 2047 3236 ι.

2204 539 2454 594 laudibus
2479 539 2801 611 glorientur.
2838 542 2920 596 Ait
2950 539 3096 597 enim
3131 561 3143 594 :

2198 652 2459 719 Laudate,
2488 656 2659 728 pueri,
2696 654 2998 721 Dominum,
3028 654 3246 709 laudate
3275 669 3463 708 nomen
3491 650 3733 708 Domini.

2129 746 2225 803 llic
2267 751 2419 819 pueri
2468 757 2835 818 provocantnr
2880 747 2946 803 ad
2998 747 3212 803 laudem
3247 765 3261 801 :
3302 746 3376 802 de
3426 746 3627 816 quibus
3671 746 3732 802 in

2127 840 2263 895 ls;tia
2298 840 2548 896 Salvator
2580 840 2656 896 ait
2682 860 2694 894 :
2724 840 2867 896 Ecce
2895 855 2995 912 ego
3019 850 3070 896 et
3092 839 3271 911 pueri,
3297 854 3434 909 quos
3467 836 3597 893 mihi
3626 839 3732 894 de-

2129 932 2204 987 dit
2235 933 2497 988 Dominus
2524 934 2677 1006 (lsai.
2712 933 2849 1007 vm).
2883 933 2962 989 Ex
2989 948 3092 989 ore
3112 933 3317 1005 quippe
3346 932 3640 987 infantium
3669 922 3741 988 et

2131 1027 2473 1092 laetentium,
2510 1028 2626 1082 laus
2655 1028 2708 1082 in
2743 1026 2909 1083 Deum
2941 1027 3104 1098 plena
3138 1025 3440 1096 perﬁcitur.

2205 1120 2287 1174 Sit
2309 1137 2492 1175 nomen
2529 1119 2731 1175 Domini
2760 1120 3103 1175 benedictum.
3133 1121 3239 1177 Cui
3264 1120 3445 1175 omnis
3472 1128 3740 1176 creatura

2133 1212 2429 1270 benedicit.
2459 1213 2709 1268 Forsitan
2742 1231 2847 1268 ttmt
2876 1213 2978 1269 fuit
3006 1227 3163 1270 antea
3192 1212 3580 1269 benedictum?
3605 1212 3747 1268 Fui!

2131 1323 2370 1379 semper,
2419 1308 2514 1364 sed
2564 1317 2741 1364 tamen
2784 1318 2942 1365 antes
2974 1309 3026 1363 in
3071 1323 3179 1363 una
3207 1315 3371 1380 gente
3412 1307 3743 1364 Iudaeorum

2136 1402 2516 1457 tantummodo
2556 1401 2637 1456 illi
2686 1401 3087 1458 benedicebsut
3127 1413 3183 1457 et
3226 1400 3526 1458 credebant
3564 1421 3582 1457 ς
3630 1401 3743 1457 sed
3796 1445 3823 1464 .

2137 1495 2299 1551 modo
2338 1498 2390 1551 in
2430 1496 2682 1551 omnium
2716 1496 2972 1567 gentibus
2998 1503 3056 1552 et
3072 1496 3340 1563 credin",
3368 1504 3429 1550 et
3454 1493 3749 1551 benedici-

2138 1601 2243 1644 tur.
2282 1587 2362 1644 Ea:
2410 1588 2506 1642 hoc
2545 1605 2684 1642 nunc
2724 1598 2770 1642 et
2810 1605 2977 1658 usque
3000 1589 3056 1642 in
3092 1588 3363 1644 saeuiunt.
3403 1585 3489 1643 Ea:
3514 1588 3633 1657 nec,
3678 1585 3749 1643 id

2135 1695 2238 1751 ρει,
2268 1696 2379 1752 quo
2402 1681 2723 1753 inceperunt
2754 1681 3030 1747 homines,
3062 1690 3119 1738 et
3146 1682 3376 1737 credere
3402 1690 3459 1736 et
3484 1680 3750 1738 laudare.

2141 1776 2205 1831 Et.
2236 1792 2397 1841 nunc,
2434 1774 2537 1830 hoc
2573 1783 2679 1842 est,
2718 1775 2769 1829 in
2791 1775 3052 1844 prrsenti
3079 1794 3090 1828 :
3116 1787 3169 1830 et
3195 1788 3357 1847 usque
3379 1775 3437 1829 in
3461 1775 3751 1842 malum,

2063 1865 2106 1924 Β
2136 1870 2241 1927 hoc
2266 1879 2370 1939 est,
2405 1870 2525 1926 sine
2562 1869 2692 1925 line.
2729 1867 2864 1925 Nam
2904 1881 2959 1925 et
2990 1880 3152 1926 antea
3192 1883 3411 1938 semper
3430 1871 3531 1925 fuit
3561 1868 3752 1925 bene-

2138 1964 2364 2021 dictum.

2210 2059 2255 2113 Α
2289 2059 2417 2113 solis
2456 2068 2572 2113 ortu
2612 2075 2774 2129 usque
2816 2058 2885 2113 ad
2922 2073 3180 2112 occasum.
3220 2055 3283 2110 ιιι
3326 2066 3432 2122 εει,
3470 2056 3536 2111 ab
3580 2055 3760 2110 initio

2141 2150 2440 2206 nativitatis
2476 2162 2682 2207 nostrae
2721 2166 2892 2222 usque
2922 2151 2991 2205 ad
3034 2159 3288 2206 mortem.
3323 2148 3602 2204 Laudabile
3638 2163 3763 2202 no-

2142 2260 2254 2299 tuen
2281 2241 2518 2297 Domini.
2550 2241 2624 2300 Ut
2646 2257 2814 2314 supra
2835 2241 2973 2298 dixi.

2214 2337 2471 2393 Excelsae
2514 2335 2776 2394 Dominus
2822 2353 2979 2407 super
3019 2353 3193 2391 ams
3233 2345 3428 2407 gentes.
3472 2332 3767 2404 Nunquid

2144 2440 2301 2486 antea
2336 2446 2442 2485 non
2472 2440 2593 2486 erat
2621 2430 2908 2486 excelsus?
2931 2429 3060 2485 Erat
3082 2429 3133 2483 iu
3157 2428 3366 2497 εἰπάτω,
3393 2426 3549 2482 tando
3573 2438 3768 2496 super

2144 2522 2337 2583 euntes
2374 2532 2587 2594 gentes.
2627 2524 2770 2579 Dicit
2806 2538 2906 2594 per
2952 2523 3270 2594 prophetam
3305 2541 3316 2575 :
3347 2522 3606 2591 Quoniam
3646 2535 3771 2575 vo—

2148 2619 2247 2674 luit
2282 2618 2583 2688 reprobare
2608 2618 2855 2681 Judmos,
2886 2625 2944 2673 et
2980 2616 3191 2688 eligere
3229 2624 3442 2687 gentes.
3485 2613 3548 2667 Et
3587 2627 3770 2683 super

2148 2713 2299 2767 caelos
2355 2712 2529 2783 gloria
2583 2714 2716 2785 ejus.
2789 2710 2904 2766 Hoc
2963 2722 3078 2777 est,
3137 2724 3300 2780 super
3351 2707 3579 2763 Sanctos
3639 2720 3771 2762 sua

2146 2803 2345 2875 gloria.

2224 2896 2354 2962 Quis
2381 2896 2514 2951 sicut
2544 2893 2798 2949 Dominus
2824 2891 2967 2948 Deus
2997 2891 3218 2948 noster?
3240 2891 3320 2948 Ac
3338 2892 3384 2947 si
3404 2892 3551 2946 dicat
3572 2907 3590 2949 :
3611 2889 3775 2947 Νυιδ

2152 2990 2237 3045 lus
2276 2988 2422 3044 talis.
2456 2988 2524 3044 Ut
2558 2987 2688 3043 ιιιυιι
2716 3006 2727 3040 :
2754 2986 2890 3055 Quis
2926 2985 3122 3041 similis
3167 2986 3310 3039 inter
3336 2984 3476 3040 ﬁlios
3513 2983 3639 3038 Dei?
3680 2983 3776 3040 Εἰ

2153 3083 2280 3141 alibi
2326 3082 2507 3138 dicit:
2562 3081 2679 3136 Non
2726 3092 2812 3136 est
2864 3081 3058 3137 similis
3088 3081 3181 3135 tibi
3232 3081 3285 3133 in
3337 3080 3461 3144 diis,
3512 3079 3775 3135 Domino

2155 3176 2328 3248 (Psal.
2352 3173 2578 3245 cxsxv).
2619 3174 2718 3242 Qui
2746 3176 2797 3229 in
2831 3174 2951 3229 altis
2974 3172 3200 3239 habitat,
3224 3184 3270 3227 at
3296 3171 3511 3226 humilia
3534 3171 3777 3241 respici

441 3275 490 3320 et
523 3264 651 3321 Luc.
684 3263 863 3331 xvm).
899 3264 1034 3334 Quia
1083 3280 1176 3333 per
1218 3265 1414 3321 multos
1452 3265 1541 3319 illa
1573 3265 1797 3336 partitus
1826 3276 1929 3329 cst,
1964 3265 2047 3322 rel
2074 3259 2120 3320 C
2151 3272 2203 3326 in
2232 3269 2359 3326 οωιο
2387 3281 2435 3324 et
2457 3270 2687 3324 interra.
2718 3267 2787 3321 In
2813 3269 2952 3330 altis,
2987 3266 3095 3322 hoc
3116 3279 3224 3331 est,
3246 3267 3306 3321 in
3326 3266 3545 3321 sanctis.
3580 3264 3777 3322 Num-

441 3358 700 3427 dispersit
727 3374 741 3412 ε
769 3361 891 3427 quia
922 3358 1041 3425 plus
1060 3368 1143 3412 est
1168 3359 1345 3413 oratio
1369 3358 1666 3413 inuitarqu
1694 3374 1855 3428 quam
1888 3358 2050 3413 unius

443 3449 706 3504 hominis.
736 3447 953 3503 Iustitia
983 3452 1099 3522 ejus
1136 3458 1308 3505 manet
1343 3449 1399 3507 in
1428 3449 1677 3505 swculnm
1714 3448 1914 3513 sazculi,
1942 3449 2051 3507 hoc

441 3551 548 3608 est,
579 3558 743 3612 opera
772 3543 921 3597 illius
950 3544 1066 3613 ipsa
1098 3554 1440 3613 permanent.
1481 3540 1654 3598 Coma
1690 3546 1805 3615 ejus
1842 3541 2047 3597 exalto.-

442 3639 586 3692 bitur
613 3638 667 3692 in
691 3637 881 3709 gloria.
917 3638 1028 3694 Hoc
1057 3647 1164 3701 est,
1198 3651 1427 3705 regnum
1458 3635 1624 3706 ipsius
1651 3634 1969 3692 excitabitur
1996 3637 2051 3691 iu

442 3730 636 3804 gloria,
663 3728 766 3787 hoc
796 3738 905 3794 est,
934 3745 1055 3785 cum
1086 3730 1200 3785 Deo
1224 3729 1352 3786 erit.

520 3823 775 3878 Peccator
802 3823 1009 3879 ridebit.
1047 3824 1333 3892 Quomodo
1363 3822 1589 3887 videbit,
1624 3823 1748 3891 quia
1778 3822 2052 3891 Propheta

441 3917 574 3972 dicit
601 3936 614 3972 :
645 3917 889 3975 Tollatnr
916 3918 1116 3987 impius
1145 3933 1212 3972 ne
1238 3918 1417 3972 videat
1438 3918 1668 3988 gloriam
1696 3918 1810 3973 Dei.
1846 3918 2050 3977 Tamen

444 4011 800 4077 subsequitur
839 4028 853 4066 :
906 4011 1136 4069 Vidi-ant
1177 4020 1233 4065 et
1276 4010 1677 4067 ιὀιιΐιιιιιιιιηιιιι·
1706 4011 1893 4084 (laris.
1928 4015 2052 4086 xu).

446 4103 517 4159 Et
548 4104 696 4161 alibi.
746 4103 1018 4162 Videbunt
1054 4104 1109 4159 in
1150 4119 1310 4176 quem
1352 4117 1810 4175 contpunxerunt,
1845 4105 1898 4161 id
1944 4115 2050 4179 est,

443 4197 615 4253 visuri
645 4208 812 4255 cruat
856 4195 1004 4253 illam
1044 4198 1277 4255 formam
1312 4199 1458 4253 servi
1505 4206 1561 4255 et
1601 4198 1859 4268 hominis,
1884 4215 2051 4270 quam

337 4357 350 4370 _
447 4291 700 4360 dignatus
740 4303 823 4348 est
871 4292 1153 4362 suscipere
1201 4291 1271 4346 de
1314 4303 1501 4345 mistra
1551 4291 2052 4351 humanitatewed

444 4382 597 4443 illam
622 4382 850 4454 gloriam
882 4398 1042 4455 quam
1073 4384 1246 4440 sancti
1285 4382 1588 4453 habebunt,
1620 4400 1723 4441 nec
1752 4384 2051 4454 habebunt,

447 4490 549 4529 nec
581 4476 860 4543 videbunt,
892 4486 948 4533 et
973 4487 1232 4548 quantum
1270 4476 1549 4543 videbunt,
1578 4476 1644 4532 ad
1685 4477 1910 4535 illorum
1942 4494 2056 4549 (toea

448 4582 574 4624 nam
602 4566 883 4627 videbunt.
916 4567 984 4624 Et
1010 4570 1278 4625 irascetur.
1310 4568 1427 4625 Hoc
1456 4577 1559 4633 e-t,
1590 4578 1781 4627 contra
1806 4572 2050 4640 seipsos;

2152 3364 2277 3436 quid
2307 3364 2444 3420 etin
2482 3363 2784 3418 humilibus
2826 3379 2934 3418 non
2979 3361 3222 3416 habitat?
3252 3359 3507 3415 Habitat:
3532 3361 3668 3431 quia
3708 3363 3774 3417 il

2156 3457 2451 3513 humilibus
2474 3456 2700 3527 respicit
2727 3475 2739 3508 ;
2764 3466 2828 3512 ιιι
2846 3455 2981 3511 illud
3008 3474 3019 3508 :
3048 3455 3227 3527 Super
3252 3468 3411 3524 questi
3441 3453 3770 3523 auspicium,

2154 3550 2258 3606 nisi
2296 3565 2466 3619 super
2504 3548 2765 3604 immitem
2799 3563 2847 3603 et
2894 3556 3221 3603 uenientem
3267 3558 3548 3602 sermones
3593 3556 3776 3600 meo:

2159 3642 2316 3712 (lsai.
2344 3641 2539 3712 vat)?
2568 3641 2799 3708 Quando
2835 3650 2961 3696 sunt
2990 3640 3087 3695 alti
3119 3641 3294 3694 sancti
3314 3639 3338 3683 ν
3364 3637 3590 3707 Quando
3617 3653 3776 3693 con-

2157 3736 2486 3805 templantur
2529 3736 2596 3790 de
2635 3734 2972 3790 cmleStibus.
3012 3734 3081 3788 Et
3112 3744 3240 3788 tunc
3270 3745 3401 3789 sunt
3434 3731 3669 3786 humiles
3704 3733 3773 3788 in

2158 3839 2297 3883 terra
2326 3846 2339 3880 :
2372 3826 2592 3896 quando
2614 3842 2677 3881 se
2707 3826 2997 3880 butniiiant
3037 3825 3092 3880 in
3134 3825 3341 3890 activa,
3370 3825 3659 3880 elevantur
3706 3823 3775 3881 in

2156 3921 2598 3991 contemplativa.
2636 3920 2701 3975 Et
2724 3920 2799 3976 illi
2837 3920 2931 3990 qui
2950 3918 3047 3975 hic
3076 3919 3131 3975 in
3158 3927 3305 3975 terra
3338 3926 3466 3973 sunt
3491 3917 3773 3986 humiles,

2156 4017 2297 4086 apud
2338 4016 2503 4070 Deum
2541 4025 2665 4070 sunt
2687 4016 2804 4069 alti.
2832 4014 3011 4083 Quare
3039 4028 3148 4069 non
3180 4012 3341 4080 dixit,
3368 4013 3424 4066 in
3455 4010 3778 4068 humilibus

2159 4106 2404 4162 habitat:
2435 4107 2532 4163 sed
2558 4107 2716 4173 dixit,
2755 4107 2982 4176 respicit.
3026 4106 3154 4161 Ideo
3194 4108 3323 4176 quia
3366 4105 3454 4160 ubi
3503 4104 3773 4174 respicit,

2159 4199 2230 4254 ibi
2261 4198 2491 4268 habitat,
2520 4209 2576 4254 et
2608 4198 2700 4253 ubi
2728 4198 2958 4265 habitat,
2985 4199 3057 4253 ibi
3090 4197 3335 4268 τρειιιοιι.

2229 4292 2500 4348 Suscitans
2519 4310 2552 4346 α
2583 4302 2719 4347 terra
2745 4292 2971 4364 inapern.
3003 4292 3068 4347 Et
3092 4291 3161 4348 de
3181 4291 3380 4362 capite,
3405 4301 3458 4346 ct
3481 4291 3548 4345 de
3578 4306 3776 4344 meatu

2157 4385 2270 4440 bris
2296 4386 2634 4455 intelligitur.
2672 4370 2969 4453 Suscitans,
3004 4384 3108 4441 hoc
3143 4394 3249 4452 est,
3279 4384 3567 4442 suscitavit
3607 4383 3776 4442 Deut

2158 4478 2321 4534 Pater
2336 4466 2639 4542 Clu-istum,
2658 4479 2752 4548 qui
2778 4480 2937 4549 inops
2962 4491 3016 4534 et
3044 4492 3247 4549 pauper
3275 4494 3372 4550 pro
3396 4478 3555 4534 nobis
3582 4477 3777 4536 tactus

2157 4578 2258 4627 est.
2290 4570 2357 4626 Et
2403 4585 2505 4625 nos
2550 4571 2760 4642 inopes,
2794 4572 2844 4626 id
2882 4580 2996 4640 est,
3026 4574 3145 4629 sine
3175 4581 3327 4642 patre
3356 4571 3595 4637 diabolo,
3633 4571 3777 4631 sine

447 4675 515 4715 eo
557 4657 700 4728 quod
744 4675 852 4719 non
902 4659 1151 4717 fecerunt
1198 4661 1360 4716 bona.
1408 4661 1539 4716 Sera
1589 4663 1908 4731 pmttitentia
1949 4664 2055 4723 erit
2084 4654 2131 4716 υ
2157 4672 2332 4718 matre
2362 4662 2690 4732 gentilitate,
2724 4664 3054 4720 suscitatnur
3081 4680 3111 4719 a
3138 4661 3379 4720 Christo.
3415 4660 3484 4717 Et
3521 4663 3589 4717 de
3619 4673 3772 4718 sier.

445 4752 580 4808 illis.
607 4752 815 4813 Dictttri
860 4762 1017 4811 cruut
1046 4772 1056 4806 :
1085 4751 1171 4811 Isti
1205 4762 1352 4823 sunt,
1386 4770 1520 4826 quos
1556 4754 1612 4811 in
1645 4756 2050 4827 deSpcctionem

360 4842 361 4845 “
448 4844 783 4903 habuimus:
817 4860 945 4903 ecce
990 4846 1139 4905 inter
1174 4847 1325 4919 ipsos
1356 4845 1452 4902 Dei
1491 4862 1683 4905 servos
1723 4859 1856 4906 sunt
1883 4866 2051 4924 repu-

449 4939 568 4996 tati.
600 4938 743 4999 Nihil
777 4935 1105 5012 profuerunt
1135 4938 1293 4995 nobis
1316 4938 1664 4996 abundantia:
1694 4940 2008 4999 divitiarum
2037 4962 2050 4999 :

445 5032 540 5091 Sol
584 5047 690 5089 non
733 5041 890 5093 ortus
932 5042 1019 5089 est
1046 5030 1226 5087 nobis.
1258 5028 1510 5088 Dentibus
1537 5036 1647 5089 suis
1672 5035 1854 5109 fremet
1896 5046 1944 5092 et
1976 5044 2054 5091 ta-

449 5122 633 5179 bescet.
662 5125 766 5180 Per
791 5123 1085 5181 stridorem
1110 5122 1382 5197 dentium,
1417 5123 1587 5198 frigus
1612 5127 1956 5200 intelligitur,
1990 5139 2049 5186 ut

449 5213 583 5269 illud
612 5234 624 5267 :
652 5214 726 5273 Ibi
767 5216 870 5272 erit
901 5213 1062 5275 ﬂetus
1091 5223 1148 5271 et
1183 5215 1384 5277 stridor
1423 5218 1666 5279 dentium
1699 5218 1881 5294 (Matt.
1913 5237 1963 5289 ν,
1996 5228 2046 5277 et

449 5306 579 5363 Luc.
611 5311 753 5380 xm).
784 5308 923 5378 Quia
957 5321 1015 5367 et
1042 5309 1217 5383 frigus
1259 5321 1313 5371 ct
1349 5314 1500 5373 calor
1539 5315 1648 5373 erit
1673 5315 1768 5380 ibi,
1799 5326 1856 5373 et
1901 5316 2048 5375 nulla

445 5401 690 5475 requies.
721 5398 1050 5465 Desidet-ium
1073 5416 1407 5474 peccatorum
1427 5405 1648 5477 peribit:
1675 5406 1777 5463 hoc
1800 5418 1905 5471 est,
1933 5424 2050 5465 om-

449 5496 535 5551 nia
570 5495 712 5551 bona
745 5511 869 5571 quae
900 5495 989 5555 hic
1019 5497 1073 5552 in
1108 5499 1366 5569 praesenti
1396 5498 1722 5561 habuerunt.
1749 5500 2048 5575 Diligenter

445 5590 611 5669 igitur
655 5587 943 5644 audiamus
968 5588 1132 5647 verba
1164 5588 1301 5645 Dei:
1330 5592 1415 5651 cui
1445 5592 1515 5647 sit
1551 5592 1718 5663 gloria
1753 5593 1809 5650 in
1844 5596 2046 5653 saecula

442 5681 789 5739 saeculorum.
817 5684 1012 5747 Amen.

980 5762 1302 5833 PSALMUS
1340 5765 1497 5834 CXII.

442 5862 690 5923 Alleluia.
732 5858 840 5921 Iste
873 5864 1109 5937 psalmus
1139 5869 1300 5929 docet
1332 5885 1449 5940 nos,
1482 5880 1561 5943 ut,
1590 5873 1839 5947 deposita
1868 5876 2036 5932 veteri

2155 4771 2270 4811 core
2297 4754 2500 4827 erigens
2529 4773 2827 4829 pauperem.
2860 4755 3013 4826 QuOd
3044 4756 3202 4822 dixit,
3232 4768 3396 4824 terra,
3436 4759 3537 4813 hoc
3568 4767 3675 4825 est,
3708 4768 3775 4815 et

2155 4858 2388 4912 stercus,
2420 4852 2646 4918 etquod
2689 4849 2845 4916 dixit,
2886 4851 3115 4921 inopem,
3162 4850 3269 4906 hoc
3310 4861 3417 4917 est,
3459 4862 3512 4906 et
3552 4864 3776 4922 [unpe-

2156 4957 2293 4997 rcm.
2325 4940 2463 5011 Quia
2488 4941 2561 4999 de
2590 4950 2739 4999 terra
2761 4955 2813 4998 et
2843 4945 3130 5014 putredine
3158 4956 3507 5016 peccatorum
3538 4952 3774 5001 nostron-

2156 5052 2274 5095 t'um
2312 5038 2495 5092 erexit
2534 5051 2671 5091 nos:
2702 5047 2761 5091 ut
2794 5036 2924 5095 illud
2951 5054 2965 5092 :
2989 5037 3130 5107 Quid
3174 5037 3450 5110 superbis,
3482 5038 3654 5109 [miris
3704 5042 3768 5096 et

2156 5140 2301 5187 terra
2335 5129 2526 5205 (Eccli.
2561 5128 2652 5200 tt)?

2231 5222 2299 5279 Ut
2342 5224 2559 5280 collocat
2591 5240 2711 5280 eum
2749 5240 2863 5279 cum
2904 5224 3249 5295 principibus,
3288 5240 3406 5279 cum

2155 5318 2336 5391 populi
2377 5320 2479 5376 sui.
2528 5318 2839 5375 Collocavit
2871 5319 3018 5376 Deus
3048 5319 3210 5375 Pater
3254 5320 3451 5375 Filium
3493 5335 3647 5375 suum
3701 5320 3768 5378 in

2152 5412 2468 5470 caelestibus
2514 5412 2566 5468 in
2615 5411 2840 5468 dextera
2890 5427 3009 5469 sua.
3060 5412 3127 5468 Et
3170 5412 3547 5468 dominabitur
3587 5420 3772 5483 super

2154 5506 2448 5578 principes,
2481 5505 2531 5560 id
2562 5514 2667 5574 est,
2699 5521 2863 5576 super
2912 5520 3106 5561 novem
3149 5504 3373 5562 ordines
3404 5504 3766 5575 angelorum,

2152 5598 2447 5656 secundum
2479 5596 2610 5654 illttd
2636 5614 2651 5655 :
2684 5596 2948 5669 Princeps
2977 5597 3214 5665 militiae,
3245 5598 3330 5655 vel
3359 5597 3616 5669 princeps
3639 5598 3767 5654 vir-s

2151 5700 2328 5753 tutum
2354 5708 2458 5764 ego
2487 5707 2632 5748 sum.
2658 5692 2742 5747 ‘Et
2773 5691 2999 5762 insuper
3026 5687 3269 5758 sanctos,
3294 5699 3353 5748 et
3381 5703 3481 5746 sua
3509 5690 3770 5749 membr.

2148 5784 2439 5842 collocavit
2458 5800 2582 5842 cum
2611 5785 2741 5856 ipsis
2763 5800 2956 5842 novent
2984 5784 3270 5841 ordinibus
3298 5784 3645 5856 angelorum.

2146 5870 2245 5945 Qui
2264 5874 2501 5932 habitare
2531 5877 2634 5948 fuci
2657 5887 2675 5932 t
2717 5894 2743 5931 s
2760 5876 3054 5949 teriletujn
3076 5877 3253 5946 domo,
3272 5885 3492 5935 matrem
3513 5877 3764 5949 ﬂictu".
