4008 6336
264 256 395 314 “75

1195 252 1626 311 BRBVIARIUM
1662 251 1731 312 IN
1768 251 2102 312 PSAIsMOS.
2143 254 2389 315 PSALM.
2430 257 2614 316 CXIII.

3419 262 3558 319 1176

262 377 528 431 iterantem.
557 374 795 445 Stcrilis,
830 374 932 429 hoc
960 386 1064 442 est,
1096 383 1285 434 sancta
1318 375 1578 431 Ecclesia.
1615 372 1769 430 Unde
1798 372 1854 427 in
1881 375 1930 433 Α
1959 391 2075 429 sum
2098 374 2423 432 .Jordanem
2460 390 2784 433 conversum
2815 392 2940 433 esse
2963 387 3260 433 retrorsum
3290 391 3398 434 non
3423 377 3563 449 legi-

264 470 518 543 propbeta
548 468 680 525 dicit
708 487 721 523 :
750 468 957 525 La'larc
989 471 1209 538 sterilis,
1240 480 1347 527 etc.
1378 468 1539 541 (Isai.
1573 466 1705 540 uv).
1739 468 1852 523 Pri-

259 567 415 621 mitus
455 564 656 621 sterilis
683 562 783 618 fuit
806 574 994 620 sancta
1023 562 1264 620 Ecclesia
1292 580 1307 618 :
1339 564 1461 634 quia
1494 576 1600 616 non
1625 574 1855 632 genera-

260 659 345 713 bat
367 657 526 723 ﬁlios,
552 656 652 712 nisi
685 673 914 728 paucos:
939 658 1224 731 Syuagoga
1252 656 1439 711 habuit
1459 656 1636 710 virum
1658 655 1849 719 Deum,

252 751 342 807 sed
372 758 547 805 tamen
592 762 793 819 paucos
822 748 1105 822 generavit
1129 749 1269 820 (Act.
1299 763 1338 805 ll
1367 758 1414 803 et
1432 746 1625 819 seqq.).
1656 746 1849 802 Postea

251 842 510 911 Ecclesia,
539 858 662 911 qua:
688 851 813 899 ante
841 843 1041 899 sterilis
1063 842 1265 911 fuerat,
1289 842 1342 898 in
1370 856 1479 903 uno
1496 841 1587 896 die
1603 840 1685 896 vel
1707 839 1849 895 duo.

250 932 363 1002 bus,
410 934 641 1003 grandes
687 944 872 1005 partus
917 934 1088 1003 ludit,
1137 934 1354 1004 quando
1391 934 1676 1004 generavit
1722 939 1848 987 octo

247 1026 427 1083 millia.
455 1025 530 1082 Et
561 1029 613 1081 in
658 1027 918 1096 proithetn
959 1029 1129 1083 dicit:
1160 1028 1264 1094 Qui
1290 1032 1419 1082 sunt
1460 1027 1566 1093 isti,
1595 1034 1692 1080 aut
1725 1025 1847 1096 quis

243 1120 424 1193 genuit
454 1120 578 1175 illos
607 1121 743 1176 mihi
775 1120 931 1194 (Isai.
982 1120 1169 1191 sus)?
1200 1120 1310 1177 Fac
1347 1119 1481 1174 mihi
1528 1119 1760 1189 spatium
1790 1126 1847 1173 et

1957 476 2048 522 tur
2086 472 2137 524 in
2168 470 2395 525 historia
2429 468 2623 543 (Iosue
2650 468 2765 542 nt),
2796 469 2900 525 nisi
2944 469 3161 541 quando
3188 483 3312 526 cum
3344 484 3470 527 arca
3499 470 3556 526 in

1956 561 2131 631 ipsum
2164 564 2503 618 intraverunt
2532 580 2543 614 :
2573 565 2728 632 quasi
2767 569 3068 618 retrorsum
3104 560 3442 618 ambulasset
3463 560 3558 618 illa

1952 671 2119 725 aqua,
2142 656 2221 711 sic
2245 656 2397 712 stetit
2417 658 2571 726 quasi
2604 671 2812 722 murus,
2842 667 2894 712 et
2916 656 3011 713 illa
3039 656 3144 712 alia
3180 669 3315 727 aqua
3340 669 3557 726 peram-

1952 747 2161 803 bulavit
2186 750 2238 803 in
2272 764 2442 805 mare.
2477 748 2615 818 Quid
2639 762 2770 820 ergo
2799 749 3119 820 intelligitur
3144 762 3241 819 per
3269 746 3407 804 hoc?
3429 746 3554 804 Ior-

1948 839 2109 895 danis
2134 842 2547 912 interpretatur,
2575 842 2838 897 descensio
2877 856 3075 897 eorum.
3113 838 3199 895 Illi
3239 838 3556 910 intelligun-

1950 942 2060 1001 tur,
2104 936 2195 1005 qui
2241 937 2469 992 veniunt
2508 936 2577 991 ad
2622 935 2974 1006 baptismum.
3022 935 3251 1003 Quando
3298 933 3557 990 viderunt

1950 1027 2216 1100 Martyres
2268 1030 2380 1099 pati
2427 1029 2842 1101 persecutiones
2870 1028 3095 1095 multas,
3139 1027 3387 1084 conversi
3425 1034 3556 1083 sunt

1948 1120 2003 1174 in
2046 1137 2216 1188 mare,
2250 1122 2353 1179 hoc
2380 1131 2490 1187 est,
2523 1124 2576 1178 iu
2611 1123 2918 1194 gentilitate
2946 1130 3303 1193 negaverunt.
3350 1121 3553 1177 Postea

244 1213 399 1267 urbes
444 1211 533 1266 ubi
581 1211 838 1267 habitem.
884 1213 952 1269 Et
985 1213 1247 1268 Dominus
1288 1212 1463 1267 dixit:
1494 1211 1609 1282 Ego
1647 1209 1843 1265 faciam
1948 1215 2210 1271 Dominus
2239 1232 2335 1287 per
2372 1230 2503 1273 suos
2538 1217 2927 1286 pradicatores
2959 1216 3174 1272 vocavit
3210 1215 3336 1270 illos
3363 1232 3375 1267 :
3406 1214 3555 1270 Con-

243 1302 408 1377 (Psal.
442 1302 622 1378 svnt).
652 1305 709 1360 Itt
739 1320 956 1363 omnem
993 1318 1194 1362 terram
1224 1306 1401 1361 exivit
1431 1320 1598 1361 sonus
1626 1318 1840 1371 eorum,
1944 1308 2224 1364 vertimini
2267 1309 2335 1365 ad
2378 1325 2485 1376 me,
2519 1318 2574 1365 et
2602 1325 2704 1380 ego
2735 1320 2981 1365 revertar
3017 1307 3086 1363 ad
3133 1323 3227 1365 vos
3267 1304 3455 1380 (Zaclt.
3479 1306 3547 1371 ι).

240 1400 340 1453 boc
366 1406 469 1466 est,
501 1399 555 1453 in
590 1408 704 1457 toto
731 1403 954 1457 mundo.
990 1400 1093 1467 Qui
1121 1400 1356 1455 habitare
1377 1399 1507 1469 facit
1535 1398 1762 1453 sterilem
1784 1398 1839 1451 iu

1954 1401 2013 1457 Et
2042 1404 2295 1457 conversi
2327 1402 2549 1458 fuerunt
2578 1412 2763 1473 postea
2794 1402 2953 1458 multi
2974 1401 3042 1458 ad
3070 1400 3262 1457 Deum.
3288 1399 3386 1481 Illa
3410 1414 3551 1466 aqua

241 1492 408 1559 domo,
448 1490 553 1547 hoc
598 1505 702 1559 est,
755 1495 806 1548 in
856 1490 1226 1550 EcclesiaIEt
1266 1496 1383 1564 ipsa
1412 1503 1495 1549 est
1533 1493 1757 1555 sterilis,
1785 1498 1841 1547 et
1947 1497 2351 1567 perambulavit
2380 1497 2434 1551 in
2474 1511 2646 1566 mare,
2677 1495 2730 1552 id
2761 1504 2867 1561 est,
2901 1504 3028 1551 sunt
3054 1493 3301 1550 inﬁdeles
3330 1491 3425 1564 qui
3457 1506 3551 1561 pe-

242 1586 348 1659 ipsa
377 1594 462 1639 est
492 1596 688 1652 mater,
719 1598 772 1641 et
804 1587 905 1657 ipsi
943 1598 1069 1642 sunt
1097 1586 1214 1655 ﬁlii,
1246 1596 1304 1642 et
1337 1588 1389 1641 in
1420 1584 1714 1655 semetipsa
1747 1583 1841 1639 Ita-
1946 1590 2399 1646 rantbulavernnt
2424 1589 2478 1645 in
2511 1603 2685 1657 utare,
2712 1588 2766 1644 id
2797 1598 2902 1655 est,
2932 1590 2985 1642 in
3017 1599 3170 1644 mare
3200 1584 3548 1656 perditionis.

239 1676 385 1733 bitat.
418 1676 535 1732 Hoc
552 1688 658 1745 est,
683 1680 863 1734 unitas
891 1679 1177 1747 Ecclesim,
1205 1695 1312 1735 ttna
1338 1694 1425 1735 res
1451 1688 1557 1744 est,
1589 1687 1644 1733 et
1668 1677 1837 1733 multa
1996 1682 2224 1739 ‘Montes
2259 1681 2656 1740 exultauerunt
2688 1690 2746 1736 ut
2771 1681 2979 1747 arietes,
3006 1689 3055 1735 et
3085 1678 3244 1734 colles
3267 1677 3402 1733 sicut
3427 1676 3553 1747 agni

240 1768 473 1823 membra
501 1786 515 1822 :
543 1770 640 1825 sed
683 1786 850 1826 unum
893 1786 1094 1841 corpus
1138 1772 1291 1827 multi
1337 1781 1493 1835 sunt,
1538 1779 1599 1826 ut
1641 1769 1839 1824 Paulus
1871 1770 1919 1833 B
1946 1778 2137 1832 ouium,
2194 1776 2619 1833 Exsullaverunt
2660 1774 2836 1831 sancti
2878 1772 3294 1844 prmdicatores,
3330 1768 3552 1840 quando

239 1859 384 1928 dicit,
436 1867 494 1917 et
540 1861 616 1917 ibi
669 1862 941 1918 lmtabitnr
991 1864 1045 1919 in
1099 1864 1418 1934 semetipsa,
1470 1863 1571 1930 hoc
1624 1873 1732 1927 est,
1776 1864 1832 1917 in
1936 1870 2198 1927 viderunt
2238 1871 2362 1927 illo.
2391 1883 2712 1930 conversos.
2762 1867 2854 1939 qui
2899 1875 3061 1922 antea
3102 1861 3405 1933 blasphemi
3433 1861 3551 1915 fue-

242 1954 437 2010 unitate
465 1953 645 2027 (Rom.
677 1955 794 2025 an).

759 2068 1078 2127 PSALMUS
1115 2069 1300 2127 CXIII.

242 2163 493 2237 Alleluia._
544 2162 648 2220 Iste
704 2167 945 2236 psalnius
993 2180 1183 2221 vocem
1238 2165 1479 2221 continet
1533 2165 1833 2237 prophetzc,

304 2235 645 2291 ostendentis
692 2235 750 2290 ut
802 2248 923 2307 quae
972 2238 1026 2291 in
1082 2253 1148 2293 eo
1204 2238 1461 2294 historice
1523 2235 1834 2306 narrantur,

307 2309 665 2378 spiritualiter
691 2309 838 2365 dicta
869 2309 1263 2380 intelligantur.
1454 2376 1469 2393 η

307 2420 369 2475 In
396 2423 542 2477 exitu
570 2421 738 2478 Israel
766 2423 830 2477 de
859 2422 1116 2498 ngypto,
1144 2424 1330 2480 domus
1357 2424 1524 2479 Iacob
1555 2425 1620 2480 de
1645 2425 1840 2496 populo

240 2513 471 2568 barbaro.
506 2513 613 2570 Iste
658 2514 899 2584 psalmus
942 2516 1246 2571 secundum
1288 2517 1569 2573 historiam
1598 2532 1840 2574 comme-

244 2614 429 2668 morat.
461 2606 682 2677 quando
710 2607 802 2663 lilii
829 2608 990 2663 lsrnel
1019 2608 1265 2664 exierunt
1293 2608 1358 2663 de
1386 2608 1835 2680 EgyptMEtod.

243 2697 375 2769 snt).
406 2697 515 2754 Sed
548 2699 670 2770 plus
699 2700 943 2769 pertinet
966 2702 1033 2755 ad
1061 2717 1303 2770 sensum,
1333 2705 1551 2773 quando
1584 2716 1683 2757 nos
1705 2703 1840 2759 libe-

242 2791 337 2844 rati
370 2789 575 2847 fuimus
614 2792 684 2848 de
724 2792 985 2864 Egypto,
1018 2793 1121 2850 boc
1154 2804 1261 2859 est,
1307 2794 1378 2851 de
1413 2795 1651 2850 tenebris
1680 2796 1839 2865 igno-

241 2884 419 2937 rantize
440 2892 793 2954 peccatorum
819 2895 1133 2942 nostrorum
1152 2903 1251 2958 per
1271 2888 1616 2958 baptismum.
1641 2886 1841 2943 Domus

242 2972 398 3030 Iacob
417 2977 485 3033 de
508 2977 704 3048 populo
729 2979 970 3035 barbaro.
1006 2979 1242 3037 Liberoti
1275 2980 1491 3038 fuet'tntt
1516 2980 1597 3038 illi
1628 2981 1844 3038 Israeli-

240 3072 325 3126 tici
375 3072 443 3128 de
498 3073 696 3143 populo
734 3075 1004 3142 barbaro,
1042 3076 1148 3131 hoc
1176 3085 1295 3141 est,
1328 3076 1396 3131 de
1433 3074 1541 3130 illis
1588 3075 1841 3146 gentibus

1940 1974 2085 2020 runt.
2123 1963 2525 2020 Exultaverunt
2568 1971 2625 2017 ut
2670 1960 2879 2025 arietes,
2906 1958 2958 2015 id
2983 1966 3088 2025 est,
3123 1955 3401 2026 principes
3423 1967 3546 2023 gre-

1935 2074 2087 2131 gum,
2131 2059 2222 2129 qui
2270 2064 2539 2129 generant
2589 2053 2754 2117 ﬁlios,
2805 2052 2856 2108 id
2901 2060 3008 2119 est,
3056 2049 3235 2107 sancti
3284 2044 3548 2116 apostoli.

1940 2151 2097 2209 Unde
2123 2166 2262 2206 unus
2289 2149 2362 2207 do
2392 2150 2499 2204 illis
2541 2147 2682 2203 dixit
2718 2162 2734 2201 :
2777 2144 2885 2203 Per
2924 2141 3275 2213 Euangelium
3306 2153 3407 2210 ego
3449 2153 3546 2193 vos

1934 2244 2100 2315 genui
2142 2241 2190 2313 (ι
2216 2239 2339 2298 Ger.
2384 2240 2481 2309 tv).
2528 2237 2628 2295 Vel
2675 2235 3068 2307 praedicatores
3114 2232 3329 2288 altioris
3368 2226 3551 2287 meriti

1942 2334 2341 2406 intelliguntur,
2369 2332 2460 2401 qtti
2493 2330 2655 2387 modo
2681 2336 2950 2400 generant
2981 2326 3125 2380 filios
3157 2339 3254 2394 per
3277 2321 3550 2393 praedica-

1942 2432 2147 2482 tionem
2181 2440 2393 2483 eorum.
2429 2423 2585 2481 Unde
2609 2422 2806 2479 Paulus
2832 2419 2970 2476 dixit
2998 2437 3011 2473 :
3046 2416 3227 2475 Filioli
3256 2417 3386 2482 mei,
3409 2431 3546 2487 quos

1941 2521 2135 2576 iterum
2189 2518 2457 2589 parturio,
2498 2516 2673 2574 donec
2702 2514 2961 2570 Christus
2994 2512 3259 2567 formetur
3298 2510 3353 2567 in
3390 2508 3550 2567 vobis

1941 2611 2141 2681 (Galat.
2170 2612 2271 2683 tv).
2568 2680 2577 2689 .

2016 2704 2253 2771 Quidest
2282 2704 2405 2771 tibi,
2432 2718 2597 2767 mare,
2628 2701 2768 2773 quod
2795 2699 3013 2771 fugisti;
3044 2705 3089 2752 et
3134 2706 3215 2763 tu,
3264 2692 3542 2758 Iordanis,

1940 2812 2103 2869 quare
2146 2811 2425 2852 conversus
2462 2794 2521 2848 ἐδ
2550 2791 2876 2849 retrorsum?
2905 2788 3179 2860 Propheta
3210 2802 3306 2861 per
3336 2795 3547 2843 semet-

1944 2892 2133 2963 ipsum
2156 2889 2496 2959 interrogat,
2531 2895 2590 2944 et
2616 2885 2736 2959 ipse
2788 2882 3114 2956 respondit,
3164 2895 3229 2937 ac
3248 2878 3300 2936 si
3337 2878 3491 2934 dicat
3526 2896 3538 2930 :

1942 2984 2080 3054 Quid
2113 2982 2213 3040 tibi
2245 2977 2367 3048 fuii,
2394 2981 2710 3053 gentilitas,
2740 2978 2883 3049 quod
2914 2972 3131 3049 fugiSti?
3180 2971 3249 3028 Et
3293 2984 3371 3040 tu,
3409 2970 3540 3028 Ior-

1941 3078 2119 3142 danis,
2150 3078 2253 3133 hoc
2283 3085 2399 3141 est,
2431 3085 2487 3130 et
2523 3087 2642 3140 vos,
2697 3069 3027 3137 Christiani,
3068 3067 3195 3139 quid
3239 3066 3341 3125 fuit
3392 3064 3541 3136 quod

239 3178 354 3232 quae
397 3165 450 3219 in
500 3163 738 3237 Egypto
781 3165 1125 3223 habitabant.
1160 3168 1233 3224 Et
1261 3168 1330 3223 ad
1360 3183 1602 3225 sensum.
1639 3167 1838 3225 Domus
1864 3155 1912 3223 C
1943 3169 2196 3230 conversi
2222 3167 2402 3223 fuistis
2439 3163 2785 3222 retrorsum?
2813 3161 3033 3232 Quare?
3074 3160 3297 3215 Vidistis
3321 3166 3546 3213 sanctos

240 3256 415 3326 Iacob,
443 3260 902 3330 supplantntores
945 3261 1200 3317 vitiorum
1232 3262 1559 3332 intelligunt.
1598 3262 1839 3319 Liberati

239 3359 359 3405 sunt
382 3351 502 3420 isti,
532 3362 588 3407 et
614 3367 715 3407 nos
741 3353 1046 3424 spiritualis
1072 3355 1269 3411 domus
1295 3354 1463 3412 Iacob
1500 3355 1712 3412 liberati
1743 3372 1839 3411 su-

241 3459 357 3499 mus
396 3446 468 3500 ab
502 3445 612 3501 illis
644 3446 980 3515 inﬁdelibus,
1007 3450 1103 3520 qui
1136 3450 1189 3504 in
1222 3449 1546 3506 inﬁdelitate
1585 3460 1839 3521 perman-

239 3548 424 3593 serunt
451 3538 613 3612 (Gen.
648 3543 844 3612 xxxn).
876 3542 1077 3597 Domus
1101 3541 1286 3598 Iacob.
1323 3544 1577 3599 l’rimitus
1607 3545 1709 3599 fuit
1745 3558 1840 3598 ro-

238 3638 386 3686 cstus
409 3631 610 3699 Iacob,
650 3642 839 3704 postea
871 3635 1058 3692 Israel.
1098 3635 1254 3693 Unde
1288 3636 1462 3692 dixit:
1497 3637 1617 3691 Vidi
1659 3639 1839 3693 llotni-

241 3739 361 3777 ntnu
390 3724 536 3781 facie
564 3725 631 3781 ad
660 3724 872 3793 faciem,
906 3736 963 3782 et
994 3727 1145 3783 salva
1173 3726 1320 3784 facta
1361 3738 1446 3784 est
1481 3730 1658 3783 anima
1692 3740 1833 3784 mea.

241 3816 304 3871 Et
351 3817 621 3875 Dominus
669 3820 809 3877 dixit
856 3820 921 3876 ad
975 3821 1123 3877 illum
1167 3838 1181 3875 :
1227 3821 1345 3877 Iam
1395 3838 1504 3877 non
1554 3823 1839 3878 vocaberis

238 3908 427 3976 Iacob,
460 3912 562 3967 sed
592 3912 761 3969 Israel
790 3914 896 3971 erit
922 3930 1122 3971 nomen
1154 3926 1327 3970 tuum.
1371 3915 1440 3970 Et
1466 3930 1565 3970 nos
1586 3915 1839 3987 primitus

238 4003 506 4062 debemus
542 4021 665 4063 esse
702 4008 892 4077 Iacob,
924 4011 1029 4065 ltoc
1066 4020 1171 4076 est,
1201 4010 1650 4080 supplantatores
1676 4010 1837 4067 vitio-

241 4115 359 4154 rum
389 4119 403 4156 :
435 4110 498 4155 nt
525 4110 715 4172 postea
747 4104 1017 4173 possimus
1053 4119 1174 4160 esse
1210 4102 1398 4173 Israel,
1428 4104 1482 4159 id
1510 4114 1613 4170 est,
1642 4106 1837 4162 animae

240 4195 492 4251 videntes
517 4194 714 4263 Deum,
742 4204 800 4251 et
826 4198 1001 4253 oculis
1026 4198 1210 4255 cordis
1228 4199 1589 4269 contem-piari
1621 4201 1790 4256 Deum
1822 4220 1833 4255 :

236 4288 540 4344 secundum
572 4290 703 4345 illud
734 4309 746 4343 :
777 4290 933 4345 Beati
975 4292 1177 4347 mundo
1218 4292 1401 4362 corde,
1443 4295 1697 4364 quoniam
1732 4295 1836 4365 ipsi

239 4382 408 4439 Deum
430 4383 699 4440 videbunt
718 4384 935 4458 (Matth.
962 4387 1040 4459 ν).

311 4475 483 4531 Facta
508 4486 584 4532 est
608 4476 799 4534 Iudtea
824 4482 1167 4551 sanctiﬁcatio
1186 4484 1320 4552 ejus.
1351 4483 1407 4538 In
1434 4483 1620 4540 Iudaea
1649 4485 1839 4556 primi-

1946 3264 2357 3337 przodicatores,
2389 3258 2441 3315 id
2471 3268 2580 3326 est,
2613 3268 2829 3312 montes
2864 3274 2875 3310 :
2924 3252 3135 3311 vidistis
3162 3252 3389 3320 arietes,
3434 3250 3541 3307 hoc

1942 3369 2028 3416 est
2049 3403 2064 3429 ,
2090 3357 2538 3427 supplantatorcs
2568 3351 2846 3418 vitiorum,
2889 3359 2944 3404 ct
2997 3349 3211 3404 animas
3237 3344 3540 3401 videntium

1946 3454 2111 3509 Deum
2138 3451 2391 3518 Patrem,
2422 3446 2548 3504 ideo
2580 3443 2835 3515 fugistis?

2016 3546 2255 3611 Montes,
2290 3540 2589 3597 exsultauit
2618 3546 2674 3595 at
2701 3541 2918 3607 arietes,
2942 3549 2999 3595 et
3037 3538 3198 3594 colles
3244 3538 3376 3593 sicut
3417 3535 3540 3608 agni

1940 3640 2133 3696 ouium.
2165 3635 2438 3706 Repetitio
2466 3644 2571 3691 est.

2015 3736 2053 3788 Α
2093 3734 2225 3805 facie
2255 3731 2467 3787 Domini
2492 3740 2630 3786 mota
2669 3739 2742 3784 est
2780 3738 2949 3794 terra,
2977 3746 3011 3783 a
3052 3727 3189 3798 facie
3214 3726 3313 3781 Dei
3348 3724 3539 3779 Iacob.

1943 3818 2210 3895 Exposuit
2233 3826 2336 3881 hoc
2356 3823 2625 3895 propheta
2653 3822 2762 3877 alio
2788 3822 2908 3876 loco
2932 3836 3055 3875 cum
3081 3819 3217 3876 dixit
3241 3836 3255 3875 :
3287 3818 3456 3883 Vidit,
3482 3828 3542 3873 et

1940 3930 2212 3977 commota
2232 3928 2319 3975 est
2340 3929 2485 3975 terra
2505 3914 2677 3987 (Psal.
2703 3914 2874 3983 uix).
2893 3914 2959 3970 Et
2982 3923 3101 3983 post
3124 3910 3405 3982 paululum
3425 3911 3533 3965 ait:

1941 4017 1987 4072 Α
2016 4016 2152 4086 facie
2179 4012 2415 4078 Domini,
2434 4023 2493 4068 et
2524 4011 2752 4080 reliqua.
2779 4006 2930 4063 Mota
2950 4014 3027 4062 est
3056 4015 3214 4074 terra,
3247 4008 3352 4059 hoc
3370 4012 3478 4070 est,
3500 4018 3535 4059 ιι

1939 4109 2234 4182 praesentia
2291 4105 2407 4173 Dei,
2462 4102 2591 4175 quia
2630 4101 2776 4158 Deus
2813 4104 2867 4155 in
2916 4098 3034 4153 suis
3085 4094 3538 4169 praedicatoribus

1939 4213 2078 4262 erat.
2102 4203 2241 4259 Mota
2268 4196 2367 4257 fuit
2390 4197 2664 4272 gentilitas
2688 4213 2705 4258 ;
2734 4213 2768 4251 a
2794 4196 2931 4268 facie
2978 4193 3070 4251 Dei
3096 4191 3258 4247 Iacob
3283 4233 3299 4260 ,
3332 4189 3384 4245 id
3407 4200 3493 4244 cst
3517 4230 3534 4254 ,

1940 4315 1970 4353 a
2002 4298 2289 4369 presentia
2322 4295 2468 4351 illius
2497 4308 2660 4364 quem
2690 4291 2935 4347 adoravit
2963 4287 3154 4348 Iacob.

2017 4390 2119 4456 Qui
2165 4389 2414 4444 cottsertit
2461 4395 2660 4458 petram
2708 4384 2763 4437 in
2804 4390 2989 4453 stagna
3018 4394 3297 4451 aquarum.
3351 4376 3534 4443 Petra,

1936 4484 2215 4551 Christus,
2246 4491 2304 4537 et
2329 4478 2632 4537 secundum
2666 4474 2972 4540 historiam,
3003 4473 3071 4528 de
3102 4485 3252 4541 petra
3281 4468 3540 4527 exierunt

240 4577 323 4624 tus
346 4570 451 4625 fuit
474 4572 834 4628 sanctiﬁcatio
866 4574 978 4629 Dei.
1008 4574 1116 4631 Sed
1142 4576 1350 4642 ludtea,
1382 4578 1639 4649 confessio
1671 4580 1837 4634 inter-

1954 4576 2164 4632 ﬁumina
2192 4572 2400 4645 (Exod.
2424 4570 2591 4635 avni.
2622 4569 2929 4641 Antequam
2954 4565 3211 4623 Christus
3241 4564 3449 4623 veniret
3480 4561 3537 4621 in

241 4672 508 4732 pretatnr,
538 4664 592 4719 id
628 4674 736 4733 est,
780 4669 833 4721 in
863 4666 975 4723 illis
1000 4666 1094 4738 qui
1119 4668 1446 4725 conﬁtentur
1469 4669 1632 4727 ﬁdem
1660 4671 1835 4727 Trini-

241 4754 387 4824 tatis,
419 4756 719 4813 etventh
745 4759 812 4814 ad
834 4758 1187 4830 baptismum,
1220 4762 1310 4817 ubi
1344 4772 1435 4818 est
1477 4763 1838 4821 sanctiﬁcatio

245 4849 362 4904 Dei.
421 4848 593 4905 Israel
640 4862 867 4923 potestas
909 4856 1043 4926 ejus.
1087 4853 1155 4908 Et
1192 4863 1435 4923 potestas
1484 4855 1579 4910 Dei
1626 4864 1729 4921 est,
1778 4865 1840 4913 ut

237 4938 413 4997 Israel
442 4957 567 4998 esse
595 4956 924 5010 mereantur,
957 4946 1008 5000 id
1041 4956 1147 5013 est,
1175 4948 1368 5003 animas
1393 4946 1644 5003 videntes
1670 4949 1836 5005 Deum

243 5048 527 5091 vocemur.
558 5034 723 5093 Israel
750 5040 999 5108 regnavit
1022 5041 1075 5093 iu
1109 5054 1192 5094 ea.

315 5127 473 5185 Mare
512 5131 639 5187 vidit
690 5140 738 5186 et
776 5133 928 5204 fugit.
975 5132 1124 5187 Mare
1160 5133 1289 5187 vidit
1326 5144 1372 5187 et
1419 5134 1575 5205 fugit,
1620 5134 1845 5205 quando

244 5220 467 5294 Moyses
488 5226 612 5277 eum
645 5225 843 5294 populo
868 5240 970 5281 suo
1011 5224 1156 5280 venit
1210 5224 1410 5297 (Exod.
1432 5231 1572 5296 srvi.
1607 5227 1673 5281 Et
1709 5242 1845 5298 que-

247 5313 414 5368 rnitdu
446 5313 612 5369 vidit?
646 5315 701 5370 Id
741 5324 846 5383 est,
876 5316 1143 5374 intellexit
1172 5318 1512 5374 voluntatem
1545 5319 1843 5390 Creatoris,

246 5418 303 5463 et
326 5408 556 5465 donavit
590 5410 767 5466 locum
800 5411 881 5467 illi
922 5413 1140 5482 populo.
1167 5413 1362 5482 Aliter,
1390 5414 1691 5471 secundum
1718 5429 1846 5471 sen-

249 5516 368 5555 sum
399 5520 412 5554 :
442 5502 611 5570 Mare,
642 5503 938 5575 gentilitas,
986 5506 1120 5562 vidit
1156 5516 1386 5563 sanctos
1435 5507 1847 5578 praedicatores,

251 5594 705 5665 supplantatores
749 5597 1033 5667 vitiorum,
1066 5610 1122 5654 et
1166 5600 1361 5669 anima;
1394 5598 1639 5655 videntes
1684 5599 1854 5656 Deum

254 5685 536 5757 ingemat,
571 5688 623 5743 id
658 5694 764 5759 est,
790 5704 905 5744 non
938 5698 1235 5760 potuerunt
1266 5692 1533 5747 resistere
1571 5691 1852 5762 apostolis,

255 5783 386 5852 quia
419 5779 563 5838 Deus
584 5781 643 5838 in
672 5781 778 5839 illis
802 5795 941 5840 erat.
975 5781 1225 5839 Iordanis
1244 5800 1523 5841 conversus
1560 5795 1631 5841 est
1662 5795 1857 5842 retror-

1940 4682 2189 4732 carnetn,
2206 4682 2321 4719 non
2353 4670 2653 4732 eruperant
2677 4660 2859 4715 adhuc
2884 4664 3051 4713 tanta:
3074 4671 3265 4727 aqua,
3292 4653 3404 4711 hoc
3430 4661 3538 4713 est.

1945 4771 2095 4817 tanta
2123 4758 2381 4815 doctrina
2412 4773 2424 4808 :
2457 4754 2655 4809 Postea
2684 4753 2936 4808 exierunt
2962 4750 3034 4806 de
3062 4747 3279 4805 Christo
3305 4755 3539 4815 quatuor

1944 4853 2171 4910 flumina
2191 4892 2205 4918 ,
2247 4858 2482 4921 quatuor
2506 4844 2843 4916 Evangelia,
2874 4854 2932 4899 et
2958 4844 3322 4914 irrigaverunt
3366 4846 3540 4894 totum

1946 4946 2231 5003 mundum.
2257 4941 2325 4996 Et
2348 4956 2529 5013 rupem
2552 4940 2606 4993 in
2634 4942 2802 5011 fontes
2824 4951 3098 5007 aquarum.
3132 4931 3405 5004 Repetitio
3434 4938 3538 4985 est.

1951 5041 2133 5110 Rupes
2164 5045 2321 5102 sunt,
2369 5034 2549 5106 quiet
2586 5042 2766 5103 petra.
2808 5029 3004 5095 Petra,
3047 5025 3248 5080 dicitur
3280 5024 3447 5093 rupis.
3483 5020 3550 5078 Et

1952 5147 2134 5202 rupem
2165 5132 2217 5182 in
2241 5132 2412 5200 fontes
2439 5139 2710 5195 aquarum.
2738 5119 2997 5176 Doctrina
3023 5115 3191 5172 multa
3217 5112 3286 5171 de
3304 5113 3547 5169 Christo.

1954 5224 2105 5281 Mare
2144 5221 2413 5287 Rubrum,
2447 5218 2589 5288 quod
2637 5216 2762 5271 ideo
2804 5213 3004 5268 dicitur
3042 5230 3053 5263 :
3088 5210 3210 5280 quia
3241 5209 3384 5264 sit-ut
3419 5224 3550 5264 san-

1955 5317 2074 5390 guis
2094 5324 2214 5372 erat
2237 5313 2325 5369 illa
2359 5325 2498 5381 aqua
2523 5307 2717 5373 maris,
2760 5319 2880 5376 quae
2903 5301 3167 5373 ﬁgurabat
3194 5302 3547 5371 baptismum.

2030 5409 2153 5465 Non
2186 5408 2329 5463 nobis
2354 5448 2368 5472 ,
2402 5403 2652 5470 Domine,
2682 5417 2784 5454 non
2806 5398 2959 5453 nobis
2971 5414 2990 5464 ;
3020 5397 3112 5454 sed
3140 5397 3341 5453 nomini
3367 5405 3454 5452 tuo
3481 5397 3550 5450 da

1959 5504 2199 5579 gloriam.
2226 5502 2420 5556 Dicunt
2434 5498 2514 5554 iiii
2543 5496 2670 5551 boni
2703 5493 2877 5551 iudici
2910 5509 2921 5547 :
2963 5492 3079 5548 Non
3114 5501 3357 5548 nostrum
3384 5493 3552 5547 meri-

1954 5605 2073 5651 tum
2098 5609 2202 5650 nos
2224 5591 2499 5658 liberavit,
2532 5588 2626 5644 sed
2644 5596 2735 5643 tua
2760 5594 3010 5657 potestas
3042 5596 3370 5641 :utnomen
3402 5594 3551 5639 tuum

1961 5692 2305 5764 gloriﬁcetur
2336 5691 2391 5743 in
2434 5685 2689 5741 omnibus
2724 5684 3007 5757 gentibus.
3042 5683 3141 5741 Vel
3170 5678 3560 5756 prmdicateres

1964 5786 2092 5842 novi
2142 5778 2482 5840 Testamenti
2524 5775 2780 5835 similiter
2820 5776 3029 5833 ﬁcum.
3081 5776 3310 5846 Quando
3356 5774 3565 5833 faciunt
