4008 6336
499 263 654 322 “75

1297 262 1643 322 APPENDIX
1682 264 1776 320 AD
1811 262 2054 322 TOMli-ll
2096 263 2451 323 SEPTIMUM
2491 267 2550 326 S.
2593 265 3002 324 HIERONYMI.

3646 271 3759 330 1176

497 381 754 448 virtutes,
786 378 930 436 Deus
960 392 1058 450 per
1083 376 1208 434 illos
1231 375 1362 434 facit
1390 395 1404 433 :
1438 386 1496 432 ut
1525 391 1722 435 nomen
1753 376 1900 433 illius
1927 376 2175 450 glori-A
2202 391 2313 446 ras,
2347 378 2434 434 vel
2475 393 2575 451 per
2601 380 2840 453 syllabas
2867 376 3372 451 comprehendere,
3405 380 3658 450 quomodo
3678 398 3756 438 vo.

501 475 736 542 licetur,
768 484 826 531 et
851 473 1106 530 laudetur
1127 487 1226 543 per
1256 473 1458 544 ipsum.

576 570 748 643 Super
779 568 1141 624 misericordia
1176 577 1266 622 tua
1294 567 1578 637 alacritate
1610 577 1721 624 tua.
1752 567 1866 623 Tua
1896 567 2106 623 miseri-

500 664 713 733 cordia,
761 672 816 719 ει
853 671 945 717 tua
974 662 1177 718 veritas
1218 662 1322 717 hoc
1359 661 1505 717 facil.
1559 660 1641 715 Ne
1679 662 1891 734 quando
1929 663 2107 718 dicant

507 768 715 830 gentes,
754 754 854 812 Ubi
879 765 952 811 est
985 754 1126 812 Deus
1151 756 1374 809 eorum?
1414 755 1646 825 Propter
1674 755 1777 810 hoc
1807 754 1935 810 facit
1964 754 2107 810 Deus

499 852 611 905 ista
645 849 916 905 mirabilia
936 891 952 916 ,
985 860 1044 904 ut
1075 864 1186 904 non
1228 848 1414 904 dicant
1439 857 1629 920 gentes
1649 893 1662 916 ,
1692 847 1843 919 quod
1880 862 1986 902 non
2015 862 2112 916 po-

497 943 696 998 tuisset
729 942 872 998 Deus
901 942 1022 997 illos
1062 942 1296 998 salvare.
1330 941 1429 998 Vel
1473 939 1634 996 modo
1665 941 1718 996 in
1752 955 1892 996 novo
1918 939 2111 996 Testa-

503 1044 698 1092 mento
721 1034 971 1090 similiter
995 1034 1120 1090 facit
1153 1035 1204 1090 in
1233 1035 1436 1090 sanctis
1459 1033 1590 1089 suis.

578 1125 720 1182 Deus
763 1136 935 1181 autem
977 1136 1146 1182 noster
1171 1126 1226 1182 in
1256 1126 1381 1181 caelo
1407 1143 1426 1182 :
1455 1128 1629 1182 omnia
1657 1142 1991 1197 quaecumque
2019 1141 2110 1181 vo-

507 1219 628 1283 luit,
654 1220 796 1290 fecit.
819 1219 966 1274 Deus
986 1220 1039 1274 in
1057 1219 1198 1276 emlo
1219 1233 1456 1276 sursum.
1479 1219 1672 1276 Dicunt
1699 1219 1872 1275 sancti
1893 1219 1960 1274 ad
1989 1218 2114 1276 illos

499 1311 773 1379 inﬁdeles,
806 1313 896 1384 qui
931 1312 1074 1368 idola
1106 1312 1375 1368 adorant:
1414 1312 1521 1368 \‘os
1554 1323 1764 1369 vestros
1794 1311 1926 1368 deos
1951 1327 2114 1368 manu

504 1405 726 1478 tangitis
751 1448 766 1473 ,
804 1415 859 1462 et
903 1407 1073 1464 oculis
1114 1407 1446 1464 animalibus
1484 1408 1746 1475 cernitis,
1787 1408 1881 1464 sed
1930 1417 2115 1464 noster

505 1502 652 1558 Deus
675 1503 726 1557 ia
757 1501 899 1558 ccelo
925 1513 1007 1558 est
1032 1516 1272 1558 sursum.
1303 1502 1362 1558 In
1394 1503 1535 1560 coelo
1564 1512 1618 1558 et
1649 1503 1700 1557 in
1730 1512 1897 1568 terra,
1939 1503 2114 1557 omnia

501 1609 840 1666 quaecumque
869 1596 1061 1665 voluit,
1098 1595 1240 1667 fecit.
1273 1593 1329 1650 In
1376 1595 1460 1650 his
1501 1596 1594 1666 qui
1633 1595 1914 1651 caelestem
1948 1596 2114 1650 vitam

2203 485 2324 528 cem
2366 472 2602 529 hominis
2631 473 3080 546 comprehendis.

2279 569 2490 626 Similes
2510 569 2621 626 illis
2641 571 2772 640 fiant
2801 573 2894 643 qui
2921 571 3123 642 faciunt
3143 587 3222 636 ea,
3251 578 3298 624 et
3329 585 3498 626 omnes
3523 572 3604 636 qui
3630 574 3762 644 conﬁ-

2206 660 2335 715 dunt
2364 661 2416 715 in
2443 663 2539 716 eis.
2565 661 2798 728 Similes,
2830 663 2934 717 hoc
2955 671 3060 726 est,
3095 661 3139 716 si
3164 661 3354 716 oculos
3385 677 3486 716 non
3516 665 3758 732 emendat,

2206 755 2331 826 quia
2362 755 2496 810 vidit
2525 755 2656 811 illud
2699 769 2890 810 aurum
2912 798 2926 822 ,
2971 755 3118 810 illam
3159 756 3471 827 imaginem.
3504 755 3602 812 Sed
3641 767 3689 814 et
3718 759 3761 815 in

2208 849 2392 904 anima
2419 850 2614 904 similis
2642 849 2900 915 efﬁcitur,
2929 850 3056 903 dum
3097 865 3206 904 non
3234 848 3514 914 emendat,
3551 851 3657 919 quia
3684 867 3763 909 nec

2209 943 2379 1010 videt,
2409 959 2512 1000 nec
2543 944 2836 1015 intelligit,
2868 960 2969 1000 nec
2999 944 3261 1000 discernit
3281 991 3294 1013 ,
3325 944 3452 998 dum
3483 945 3592 1013 plus
3618 947 3763 1003 errori

2209 1036 2407 1092 credit.
2439 1034 2566 1092 Ideo
2593 1037 2792 1092 similis
2817 1037 3037 1092 dicitur.
3059 1036 3124 1090 Et
3144 1053 3318 1091 omnes
3347 1036 3437 1106 qui
3461 1037 3702 1106 conﬁdunt
3721 1040 3764 1093 in

2212 1129 2305 1184 eis.
2337 1128 2454 1185 Non
2479 1130 2653 1184 solum
2684 1131 2774 1201 qui
2808 1129 3048 1196 faciunt,
3078 1130 3172 1185 sed
3201 1129 3365 1185 etiam
3389 1129 3481 1200 qui
3505 1127 3762 1187 conﬁdunt.

2283 1222 2486 1278 Domus
2527 1223 2700 1279 Israel
2731 1226 2954 1296 sperauit
2997 1227 3052 1280 in
3096 1224 3342 1280 Domino.
3375 1220 3569 1278 Domus
3597 1221 3764 1292 Israel,

2213 1316 2500 1372 duodecim
2533 1317 2706 1373 tribus
2728 1318 2920 1374 Israel.
2956 1318 3162 1387 Aaron,
3196 1318 3366 1374 tribus
3394 1317 3520 1373 Levi
3547 1335 3766 1390 nonspe-

2211 1410 2387 1464 ravit?
2428 1408 2545 1464 Non
2588 1411 2831 1480 speravit
2870 1411 2923 1466 in
2963 1412 3102 1468 tales
3141 1412 3273 1466 deos
3319 1421 3586 1479 mortuos,
3613 1414 3694 1472 sed
3726 1414 3768 1470 in

2213 1503 2464 1560 Domino.
2492 1503 2691 1561 Domus
2721 1505 2921 1570 Israel,
2945 1507 3252 1562 animarum
3290 1507 3488 1562 domus
3511 1507 3770 1564 videntium

2213 1594 2384 1651 Deum
2413 1597 2464 1652 in
2504 1597 2737 1653 Domino
2781 1610 3026 1669 sperant.
3063 1598 3128 1654 Et
3157 1602 3340 1653 Aaron
3367 1641 3382 1664 ,
3423 1614 3576 1653 mons
3597 1599 3774 1655 fortitu-

2215 1687 2384 1755 dinis,
2412 1689 2463 1744 id
2512 1699 2627 1755 est,
2667 1691 2759 1760 qui
2798 1690 2965 1747 fortes
3001 1701 3056 1746 et
3091 1691 3185 1747 alti
3220 1702 3349 1748 sunt
3392 1692 3451 1746 in
3482 1691 3694 1760 merito,
3731 1694 3774 1748 in

2144 1759 2193 1821 Β
2219 1779 2451 1835 1)οωίηο
2482 1759 2728 1851 sperant.
2763 1785 2989 1856 Adjutor
3019 1796 3066 1840 et
3090 1794 3351 1856 protector
3378 1802 3553 1839 eorum
3590 1759 3689 1840 est.
3713 1785 3776 1840 Illi

2217 1871 2294 1927 dii
2328 1889 2434 1928 non
2468 1883 2720 1945 prosunt,
2748 1876 3049 1931 secundum
3081 1875 3335 1932 Ieremia:
3366 1876 3569 1931 dictum
3597 1894 3608 1930 :
3635 1877 3778 1932 bomi‘

507 1701 705 1760 agunt,
746 1700 801 1746 et
830 1690 1008 1746 adhuc
1053 1701 1267 1748 terrena
1297 1706 1460 1749 carne
1488 1691 1834 1758 clauduntur,
1869 1691 2118 1762 implevit

511 1783 820 1840 voluntates
852 1799 1000 1840 suas.

582 1877 881 1933 Simulacra
909 1879 1136 1951 gentium
1176 1888 1450 1952 argentum
1477 1889 1525 1934 et
1563 1897 1786 1950 aurum,
1819 1898 1976 1954 opera
2003 1898 2118 1936 nta-

505 1987 672 2024 nuum
693 1971 980 2026 hominum.
1003 1972 1131 2028 Ideo
1159 1971 1362 2028 dicitur
1382 1973 1758 2043 simulacrum,
1789 1976 1915 2045 quia
1947 1973 2014 2030 ad
2042 1974 2115 2030 si-

508 2063 872 2120 militudinetn
901 2064 1134 2135 alicujus
1165 2065 1399 2121 hominis
1423 2067 1642 2131 mortui,
1671 2067 1873 2122 factum
1901 2069 1992 2123 sit.
2017 2067 2116 2122 Ar-

508 2169 720 2228 genlunt
743 2167 790 2212 et
820 2174 1027 2212 aurum.
1052 2158 1233 2228 Quare
1254 2174 1365 2215 non
1387 2159 1542 2226 dixit,
1565 2160 1798 2231 lapidea,
1829 2169 1923 2216 aut
1943 2175 2111 2229 terea,

509 2251 608 2308 sed
637 2250 849 2320 ﬁctilia,
882 2263 978 2307 ant
1008 2253 1215 2324 lignea;
1250 2254 1346 2311 sed
1375 2263 1629 2326 argentea
1659 2265 1713 2309 et
1741 2255 1942 2310 aurea?
1979 2253 2115 2322 Quia

506 2345 850 2415 prazvidebat
887 2346 1122 2417 Spiritus
1162 2357 1388 2404 sanctus
1423 2365 1436 2403 :
1466 2348 1723 2420 quoniam
1764 2363 1886 2404 cum
1918 2347 2116 2403 exinde

503 2439 772 2510 increpati
799 2448 1024 2508 essent,
1054 2441 1216 2512 quale
1241 2455 1566 2512 responsum
1608 2440 1825 2496 darent.
1865 2439 1990 2496 Ideo
2019 2454 2118 2511 po-

507 2532 622 2588 suit
670 2547 862 2588 anrum
905 2544 958 2590 et
1005 2543 1325 2605 argentum,
1379 2535 1506 2605 quia
1547 2534 1794 2590 dicerent
1844 2534 1919 2589 illi
1954 2553 1965 2587 :
1998 2533 2115 2590 Non

509 2626 718 2694 adoro,
750 2643 852 2685 nec
887 2629 1130 2700 ligneum
1181 2630 1385 2697 Deum,
1437 2642 1538 2684 nec
1567 2627 1876 2698 lapideum,
1912 2641 2014 2683 nec
2045 2642 2118 2680 ar.-

509 2735 702 2787 reum;
735 2722 831 2777 sed
873 2722 1042 2778 Deum
1085 2737 1311 2778 aureum
1351 2733 1408 2779 et
1435 2730 1776 2794 argenteum.
1808 2721 1952 2777 Dicis
1988 2720 2064 2776 illi
2098 2737 2114 2775 :

506 2814 566 2872 Si
601 2831 791 2871 aurum
813 2825 869 2872 et
895 2826 1180 2888 argentum
1210 2817 1499 2873 adorasses
1521 2863 1534 2886 ,
1564 2832 1670 2873 non
1695 2826 1843 2873 esset
1880 2817 2004 2872 talis
2026 2830 2118 2870 er-

507 2921 628 2964 ror.
663 2907 732 2964 Et
760 2907 952 2965 dicunt
991 2909 1066 2965 illi
1099 2926 1112 2962 :
1142 2909 1261 2965 Non
1303 2909 1596 2966 adoramus
1620 2925 1844 2994 aurum,
1881 2923 1984 2963 nec
2029 2922 2116 2962 ar-

514 3010 763 3071 gentum.
804 3002 902 3060 Ille
944 3003 1270 3076 respondit:
1303 3002 1423 3060 Non
1473 3019 1665 3060 aurum
1699 3013 1754 3060 et
1793 3010 2112 3074 argentum,

513 3095 612 3151 sed
643 3095 810 3152 Deum
853 3111 1030 3153 meum
1066 3097 1259 3153 adoro.
1293 3097 1425 3165 Qua:
1456 3105 1539 3152 est
1563 3101 1664 3152 ista
1699 3097 1909 3167 imago,
1940 3104 1995 3150 et
2022 3095 2112 3148 illa

2221 1980 2344 2020 nem
2369 1980 2475 2020 non
2501 1965 2734 2022 liberant
2760 1966 3001 2023 debello
3026 2010 3040 2036 ,
3074 1983 3256 2040 regem
3296 1985 3406 2024 non
3451 1971 3776 2038 constituunt,

2218 2057 2312 2112 sed
2343 2058 2444 2113 iste
2471 2059 2592 2113 illos
2615 2058 2877 2123 defendit,
2899 2070 2958 2115 et
2983 2061 3239 2132 protegit,
3257 2061 3554 2116 secundum
3579 2060 3781 2117 Dallilils

2218 2150 2420 2206 dictum
2450 2148 2614 2224 (Dan.
2646 2167 2679 2207 ιι
2707 2162 2754 2206 et
2787 2155 2894 2222 tu),
2925 2169 3060 2209 vere
3089 2155 3206 2225 ipse
3228 2165 3313 2210 est
3347 2155 3492 2210 Deus
3511 2169 3716 2220 eorum,
3740 2166 3782 2210 et

2221 2243 2340 2314 ipse
2367 2254 2540 2299 mutat
2568 2256 2846 2316 tempora,
2871 2255 2928 2302 et
2959 2255 3179 2303 amovet
3210 2263 3394 2318 reges,
3427 2258 3480 2302 et
3515 2248 3781 2303 censtituit.

2291 2337 2492 2392 Domus
2521 2339 2698 2394 Aaron
2733 2341 2962 2409 speravit
2989 2343 3043 2396 in
3078 2339 3305 2396 Domino
3336 2358 3356 2396 :
3385 2342 3599 2414 adjutor
3638 2358 3782 2396 eorum

2218 2440 2264 2485 et
2283 2441 2545 2502 protector
2572 2448 2747 2487 eorum
2775 2441 2872 2488 est.
2908 2434 3012 2501 Qui
3036 2435 3213 2488 timent
3245 2435 3553 2499 Dominum,
3577 2451 3783 2504 sperare-

2217 2533 2340 2578 runt
2385 2525 2441 2579 in
2493 2523 2737 2580 Domino.
2784 2524 3040 2596 Exceptis
3093 2527 3244 2595 istis,
3302 2527 3503 2583 domus
3533 2528 3712 2592 Israel,
3742 2537 3786 2583 et

2219 2613 2434 2681 Aaron,
2468 2630 2658 2672 omnes
2693 2617 2782 2687 qui
2818 2616 2975 2672 illum
3014 2617 3211 2674 timent
3240 2627 3296 2674 et
3333 2627 3553 2687 amant,
3589 2620 3786 2689 protegit

2220 2704 2347 2760 illos
2373 2717 2428 2763 et
2464 2707 2732 2763 defendit.

2291 2799 2550 2857 Dominus
2569 2819 2766 2858 memor
2791 2804 2892 2873 fuit
2917 2805 3115 2870 nostri,
3151 2815 3200 2858 et
3227 2805 3496 2860 benedixit
3518 2805 3672 2860 nobis.
3701 2804 3787 2860 Ile-

2219 2908 2340 2949 mor
2367 2895 2758 2964 fuit,quoniam
2789 2896 3037 2952 liberavit
3065 2896 3207 2953 ﬁlios
3231 2897 3420 2954 Israel.
3448 2899 3514 2952 Et
3543 2914 3658 2962 nos,
3681 2915 3788 2968 quo-

2221 2986 2367 3042 niam
2417 2989 2559 3059 quod
2591 2991 2875 3059 promisit,
2917 2992 3162 3060 implevit
3201 3006 3388 3062 opere.
3448 2993 3588 3048 Misit
3624 2992 3784 3046 Filium

2221 3095 2413 3149 suum,
2455 3082 2544 3152 qui
2588 3097 2810 3139 carnem
2851 3084 3126 3155 suscepit,
3166 3093 3222 3139 et
3259 3099 3357 3140 nos
3395 3085 3667 3142 liberavit.
3699 3085 3788 3140 Hoc

516 3195 758 3256 potestas
787 3203 907 3259 qua:
937 3189 990 3243 in
1019 3187 1135 3259 ipsa
1160 3191 1279 3246 est?
1303 3157 1447 3244 Dicis
1469 3189 1546 3244 illi
1575 3207 1586 3240 :
1624 3157 1973 3243 Diabotiisibi
2005 3195 2110 3242 est.
2139 3157 2184 3220 (ἶ
2217 3176 2340 3233 dico
2361 3219 2378 3245 .
2409 3179 2575 3234 Deum
2607 3195 2936 3236 memorare.
2973 3180 3037 3235 Et
3067 3180 3327 3236 benedixit
3358 3181 3548 3248 nobis.
3582 3181 3677 3237 hoc
3703 3189 3784 3246 est.

509 3280 608 3337 Ille
637 3281 770 3337 dicit
803 3301 815 3336 :
847 3283 1028 3338 Absit.
1054 3283 1172 3338 Non
1201 3283 1328 3338 volo
1363 3283 1643 3338 diabolum
1677 3283 1926 3338 adorare.
1967 3282 2114 3351 Quo-

515 3372 684 3428 modo
714 3387 820 3428 non
847 3373 1042 3429 adoras
1078 3373 1388 3443 diabolum,
1414 3375 1542 3444 quia
1582 3375 1636 3429 in
1671 3373 1775 3430 alio
1800 3375 2007 3444 psalmo
2038 3374 2114 3429 Ie-

515 3466 694 3536 gimus
727 3484 738 3518 :
769 3465 973 3522 Omnes
1014 3467 1090 3524 dii
1125 3469 1369 3539 gentium
1417 3467 1685 3523 dmmonia
1715 3467 1734 3539 (
1763 3467 1909 3522 Psal.
1941 3466 2113 3539 xcv)?

517 3557 661 3614 Dicit
691 3557 783 3614 ille
832 3578 843 3612 :
887 3559 999 3616 Nec
1027 3559 1131 3616 hoc
1155 3561 1346 3617 adoro.
1377 3561 1515 3631 Quid
1557 3577 1689 3633 ergo
1735 3560 1967 3616 adoras?
1999 3560 2114 3630 Ego

517 3649 725 3720 solem,
760 3650 981 3720 lunam,
1017 3652 1204 3708 stellas
1237 3653 1426 3711 adoro.
1460 3655 1554 3710 Isti
1591 3663 1719 3710 sunt
1756 3655 1864 3710 mei
1896 3655 2000 3719 dii,
2035 3654 2111 3709 illi

515 3756 608 3796 me
636 3741 872 3798 salvant.
910 3742 1052 3798 Dicis
1085 3743 1163 3797 illi
1196 3759 1210 3810 ;
1241 3744 1295 3800 Si
1341 3746 1420 3800 sol
1453 3757 1538 3801 est
1579 3753 1703 3800 tuus
1737 3745 1911 3811 Deus,
1944 3760 2113 3815 quare

515 3850 626 3890 non
655 3849 877 3906 semper
904 3835 998 3893 tibi
1025 3837 1211 3893 lucet?
1242 3835 1384 3893 Dicis
1410 3838 1476 3894 ad
1507 3839 1770 3904 alterum,
1805 3840 1894 3910 qui
1927 3839 2108 3894 lunam

512 3926 736 3994 adorat,
759 3929 842 3985 vel
867 3928 954 3984 isti
979 3929 1069 4002 qui
1097 3930 1266 3986 solem
1289 3932 1482 3986 adorat
1509 3949 1522 3987 :
1548 3932 1640 3987 Sol
1663 3933 1874 4002 integer
1899 3942 2002 3988 est.
2029 3933 2108 3987 'I‘u

513 4022 700 4078 lunam
734 4024 949 4093 adoras,
981 4040 1151 4096 quare
1179 4025 1381 4083 crescit
1409 4035 1464 4082 et
1497 4025 1767 4082 decrescit
1799 4036 1919 4081 tuus
1941 4026 2106 4096 Deus,

511 4116 662 4172 etde
689 4126 851 4174 nocte
885 4117 1067 4174 lucet?
1103 4121 1284 4186 Quare
1323 4134 1430 4174 non
1463 4133 1686 4191 semper
1713 4120 1805 4174 tibi
1836 4120 2016 4176 lucet?
2046 4122 2111 4176 Et

510 4209 566 4265 in
611 4225 759 4266 mare
789 4210 1008 4282 quando
1035 4213 1303 4282 mergeris
1327 4253 1341 4277 ,
1373 4220 1462 4267 tua
1495 4213 1617 4267 luna
1644 4253 1658 4277 ,
1691 4221 1747 4268 et
1784 4222 1891 4268 tua:
1932 4213 2108 4269 stella:

513 4317 612 4358 cur
643 4313 694 4360 te
724 4320 829 4360 non
857 4305 1114 4372 liberant,
1141 4316 1195 4363 et
1218 4321 1386 4376 super
1413 4307 1507 4362 tibi
1537 4308 1711 4362 lucem
1739 4307 1904 4363 dant?
1929 4309 2107 4377 Quare

509 4395 671 4451 addit
701 4414 714 4450 :
749 4413 906 4469 Opera
927 4415 1174 4453 manuum
1194 4400 1485 4467 hominum,
1507 4409 1781 4471 argentum
1802 4410 1850 4454 et
1879 4402 2108 4455 aurum?

514 4487 594 4543 De
627 4496 771 4542 terra
803 4489 1008 4545 fodiunt
1053 4491 1182 4546 illud
1214 4490 1494 4560 homines,
1532 4502 1587 4548 et
1617 4493 1804 4548 colunt
1840 4493 2003 4559 illud,
2051 4504 2106 4549 ct

511 4577 795 4644 colorant,
820 4589 874 4634 et
904 4581 985 4636 sic
1015 4583 1200 4638 evenit
1232 4582 1542 4654 pulchrum.
1586 4583 1730 4654 Ergo
1757 4583 1828 4641 de
1855 4586 1961 4640 tuis
1988 4599 2102 4640 ma-

507 4673 671 4730 nibus
700 4674 833 4730 facis
863 4675 1032 4731 Deum
1065 4686 1214 4732 tuum
1245 4693 1406 4748 quem
1438 4677 1652 4733 adoras.
1683 4677 1788 4734 Ista
1814 4679 1882 4734 ad
1923 4679 2102 4736 revin-

501 4764 736 4819 cendum
772 4765 944 4822 malos
980 4767 1121 4822 dicta
1154 4777 1301 4824 sunt.

501 4883 505 4890 '
580 4865 775 4922 Oculos
806 4867 1028 4934 habent,
1063 4879 1112 4924 et
1143 4886 1244 4924 non
1279 4871 1520 4926 ridebunt
1549 4888 1569 4928 :
1595 4888 1749 4927 aures
1783 4873 2001 4941 habent,
2049 4885 2098 4929 et

498 4987 603 5026 non
633 4971 846 5026 audient
876 4989 894 5026 .'
925 4989 1076 5027 nares
1104 4973 1314 5040 habent,
1346 4984 1394 5028 et
1428 4991 1530 5029 non
1553 4976 1873 5050 odorabunt.
1901 4975 2116 5031 Manus

498 5071 722 5141 habent,
755 5083 800 5127 et
827 5089 928 5128 non
968 5076 1256 5146 palpabunt
1290 5091 1308 5130 :
1337 5075 1491 5146 pedes
1515 5075 1740 5142 habent,
1774 5089 1820 5132 et
1857 5095 1962 5132 non
1990 5096 2102 5134 ant-

2219 3272 2366 3327 omni
2401 3271 2782 3330 benedictione
2811 3273 3100 3345 spirituali.

2290 3365 2561 3421 Benedia'it
2601 3368 2780 3421 damni
2825 3367 3028 3434 Israel,
3083 3367 3342 3422 benedixit
3394 3366 3578 3421 domui
3621 3367 3781 3421 Aaron.

2216 3457 2487 3514 Benedixit
2515 3476 2689 3515 omnes
2721 3461 2952 3516 timentes
2985 3459 3291 3528 Dominum,
3325 3462 3536 3531 pusillis
3566 3478 3676 3515 cum
3699 3476 3787 3514 ma-

2208 3552 2434 3622 joribus.
2463 3551 2516 3606 Id
2545 3562 2658 3618 cst,
2692 3553 2913 3608 altiores
2943 3553 3174 3619 merito,
3197 3561 3253 3609 et
3281 3553 3595 3609 interiores.

2287 3645 2519 3715 Adjiciat
2558 3644 2815 3700 Dominus
2857 3662 3014 3716 super
3051 3662 3158 3698 ros.
3210 3645 3361 3700 Alios
3406 3644 3782 3714 praedicatores.

2216 3736 2472 3792 Primitus
2510 3738 2666 3806 pauci
2697 3737 2914 3792 fuerunt
2937 3778 2953 3805 ,
2991 3747 3174 3808 postea
3203 3737 3360 3794 multi
3399 3737 3718 3794 elIectisunl
3743 3737 3783 3791 in

2215 3829 2419 3884 mundo
2450 3831 2857 3899 praedicatores.
3225 3899 3228 3902 ἢ

2284 3922 2544 3978 Benedicti
2574 3939 2660 3979 uos
2697 3942 2729 3978 a
2769 3922 3024 3991 Domino,
3055 3925 3147 3990 qui
3177 3925 3293 3997 fecit
3314 3925 3503 3980 caelum
3529 3934 3576 3979 et
3601 3937 3780 3979 terram.

2213 4013 2477 4072 Benedicti
2530 4035 2548 4073 :
2597 4017 2699 4074 hoc
2747 4030 2868 4087 est,
2909 4034 3008 4076 vos
3054 4020 3225 4076 sancti
3276 4020 3559 4077 benedicti
3605 4021 3724 4076 esus
3759 4035 3781 4071 a

2213 4107 2467 4166 Domino.

2282 4201 2477 4258 (Icelum
2499 4205 2612 4260 «eli
2637 4203 2883 4275 Domino,
2913 4214 3103 4260 terram
3123 4216 3292 4260 autent
3313 4205 3457 4262 dedit
3481 4207 3609 4278 filiis
3644 4204 3785 4259 Immi—

2209 4314 2352 4352 num.
2390 4296 2584 4352 Caelum
2624 4300 2766 4364 caeli,
2813 4300 2954 4356 sicut
2996 4300 3130 4356 dicit
3166 4302 3439 4357 canticum
3479 4301 3696 4373 psalmi,
3741 4309 3782 4352 ct

2209 4393 2449 4460 psalmus
2473 4391 2695 4448 cantici.
2728 4393 2876 4448 Istud
2899 4396 3091 4450 coelum
3119 4394 3425 4466 subjectum
3457 4406 3546 4454 est
3575 4397 3649 4452 illi
3668 4395 3784 4451 εωὶο

2209 4485 2510 4555 superiori,
2554 4485 2645 4540 ubi
2683 4497 2769 4541 est
2803 4486 3241 4555 ﬁrmamentum,
3273 4500 3328 4545 et
3363 4490 3492 4546 inde
3526 4490 3686 4544 habet
3722 4489 3785 4541 Iu-

2211 4595 2355 4634 men.
2390 4579 2458 4634 Et
2489 4589 2631 4635 terra
2656 4581 2849 4636 iterum
2867 4582 3109 4654 subjecta
3131 4594 3214 4639 est
3239 4583 3307 4638 ad
3331 4583 3466 4639 illud
3495 4585 3688 4640 caelum
3712 4597 3783 4636 ae-

2207 4686 2360 4726 reum
2385 4671 2609 4729 :exiude
2629 4673 2791 4728 habet
2811 4673 3046 4745 pluviam
3069 4686 3123 4730 et
3143 4691 3358 4732 omnem
3388 4677 3781 4732 necessitatem.

2207 4763 2518 4822 Secundum
2565 4781 2783 4822 sensum
2805 4808 2821 4834 ,
2863 4767 3058 4823 caelum
3101 4767 3266 4823 altius
3287 4813 3302 4837 ,
3333 4770 3508 4824 sancti
3539 4767 3782 4840 apostoli,

2205 4858 2296 4928 qui
2321 4857 2389 4912 ab
2410 4859 2530 4928 ipso
2550 4856 2768 4914 Christo
2788 4859 3075 4915 audierunt
3107 4860 3575 4930 praedicationem,
3605 4873 3657 4916 et
3681 4859 3784 4915 illu-

2206 4951 2558 5008 minutionem
2605 4952 2842 5023 Spiritus
2881 4955 3054 5008 sancti
3096 4963 3458 5024 acceperunt,
3504 4964 3564 5010 et
3607 4953 3785 5011 exinde

2208 5043 2429 5101 fuerunt
2450 5045 2648 5102 edocti.
2677 5047 2885 5102 Caelum
2920 5047 3118 5102 iterum
3148 5063 3496 5105 successores
3523 5049 3784 5120 apostolo-

2203 5154 2324 5194 rum
2345 5180 2361 5207 ,
2393 5141 2590 5211 quibus
2619 5141 2694 5195 illi
2726 5140 3182 5209 praedicaverunt,
3211 5154 3264 5197 et
3295 5141 3558 5198 Dominus
3592 5142 3710 5199 illos
3735 5141 3781 5195 in

496 5177 748 5232 bulabnnt
776 5195 792 5232 .'
823 5195 926 5234 non
958 5177 1256 5241 clamabunt
1281 5179 1333 5232 in
1373 5189 1578 5250 gutture
1601 5197 1717 5236 suo.
1751 5181 1932 5252 Neque
1961 5185 2096 5237 enim

493 5285 568 5332 est
588 5278 805 5348 spiritus
834 5279 888 5333 in
918 5294 1005 5333 ore
1032 5279 1285 5349 ipsorum.
1322 5278 1468 5334 Dicis
1497 5280 1573 5335 illi
1613 5299 1623 5333 :
1657 5281 1754 5337 Vel
1790 5282 1833 5336 si
1865 5282 2091 5337 bestiam

491 5379 810 5448 adorasses,
857 5380 987 5436 licet
1017 5383 1219 5437 malum
1257 5383 1522 5448 erat,sed
1570 5392 1749 5440 tamen
1778 5384 1863 5441 vel
1905 5385 2091 5441 oeulos

483 5482 674 5548 habet,
706 5483 787 5538 vel
823 5482 991 5553 pedes
1025 5501 1036 5536 :
1067 5484 1164 5539 sed
1198 5484 1340 5540 istud
1371 5486 1516 5556 quod
1545 5484 1767 5552 adoras,
1798 5501 1899 5542 nec
1921 5486 2087 5553 videt,

482 5597 593 5639 nec
631 5581 806 5638 audit.
848 5582 1028 5654 Quare
1065 5583 1218 5640 addit
1251 5601 1268 5640 :
1300 5584 1422 5640 Non
1461 5586 1759 5642 clamabunt
1797 5589 1850 5641 in
1879 5597 2087 5657 gutture

479 5686 617 5739 suo?
659 5683 796 5752 Quia
838 5685 1028 5741 bestiae
1068 5686 1305 5742 clamant
1346 5702 1513 5756 voce,
1562 5688 1658 5745 sed
1699 5688 1958 5747 confusus
1997 5707 2084 5753 est

471 5785 680 5842 clamor
703 5801 915 5843 eorum.
951 5785 1065 5841 Non
1095 5786 1392 5859 intelligis,
1421 5805 1599 5861 neque
1627 5803 1777 5862 pclcs
1805 5807 1903 5862 per
1926 5794 2074 5850 litte-

2199 5233 2378 5290 anima
2418 5233 2630 5288 illorum
2660 5233 3010 5290 illuminavit.
3037 5234 3252 5290 Terram
3283 5246 3453 5290 autem
3490 5236 3638 5290 dedit
3672 5235 3782 5305 ﬁliis

2199 5330 2486 5386 hominunt.
2518 5329 2582 5384 Ili
2605 5339 2730 5384 sunt
2754 5329 2832 5384 illi
2860 5331 3222 5401 simpliciores
3252 5331 3346 5403 qui
3379 5341 3592 5385 tantum
3619 5331 3782 5386 incar-

2197 5425 2475 5481 nationem
2507 5423 2767 5486 creduut,
2801 5425 2892 5494 qui
2937 5425 3020 5479 lac
3051 5425 3236 5490 edunt,
3269 5435 3325 5481 et
3355 5425 3671 5480 nutriuntur
3696 5439 3782 5494 per

2198 5516 2641 5586 prmdicationem
2667 5558 2681 5581 ,
2708 5526 2765 5573 et
2790 5516 2894 5586 ipsi
2929 5517 3023 5588 qui
3051 5517 3250 5574 terreni
3283 5527 3435 5573 erant
3461 5561 3474 5586 ,
3513 5518 3642 5574 celi
3671 5515 3774 5572 efﬁ-

2191 5611 2428 5667 ciuutur.

2261 5703 2385 5758 Non
2412 5705 2603 5758 mortui
2635 5695 2920 5758 laudabunt
2946 5715 3012 5770 te,
3045 5703 3289 5760 Domine.
3323 5704 3434 5759 Hoc
3461 5714 3569 5772 est,
3600 5716 3778 5776 pecca-

2184 5807 2356 5852 tores.
2389 5797 2651 5852 Pcccator
2672 5798 2815 5854 enim
2844 5813 2966 5855 cum
2990 5800 3200 5855 venerit
3229 5800 3280 5855 in
3313 5796 3641 5868 profundum
3672 5812 3775 5852 ma-
