4008 6336
201 306 339 366 1177

1129 303 1564 365 ΒΒΕἯᾹΒΙΗΜ
1604 307 1669 365 ΙΝ
1711 307 2046 366 ιδςιιιιιιος.
2090 310 2339 368 ΡΞᾹΙΛΙ.
2379 311 2564 370 CXIV.

3353 316 3494 376 H78

205 421 381 478 lorum
405 463 419 487 ,
451 421 758 477 contemnit
783 419 977 493 (Prov.
1006 421 1162 492 xm).
1198 421 1378 491 Neque
1398 439 1570 478 omnes
1592 425 1682 494 qui
1709 423 1799 478 de-
1824 426 1878 486 Α
1903 439 2029 495 spes
2057 435 2240 483 autem
2273 443 2378 483 non
2407 429 2692 486 confundit
2719 429 2895 500 (Rom.
2930 431 3006 504 v).
3039 433 3174 490 Tale
3199 434 3328 505 quid
3361 444 3416 492 et
3443 437 3494 491 in

205 515 456 570 scendunt
497 516 550 569 in
587 517 868 586 infernum.
911 514 1024 570 Hoc
1051 523 1167 582 est,
1204 513 1543 570 habitatores
1575 515 1796 572 inferni.

279 608 387 664 Sed
421 626 514 664 nos
546 611 636 681 qui
667 609 883 663 vivimus
906 651 920 677 ,
963 608 1312 664 benedicimus
1361 608 1657 664 Dominum.
1691 609 1800 666 Nos

209 703 400 760 ﬁdeles
435 703 525 776 qui
559 703 811 770 vivimus,
843 703 896 757 id
937 713 1054 768 est,
1089 705 1178 775 qui
1209 702 1370 759 ﬁdem
1401 713 1458 760 et
1493 719 1658 776 opera
1700 703 1800 758 ba-

207 797 376 866 bent,
414 798 516 868 ipsi
548 797 770 852 laudant
818 798 1009 853 Deum.
1043 797 1126 852 Ea:
1157 797 1255 851 hoc
1296 815 1430 852 nunc
1459 806 1504 851 et
1547 814 1708 863 usque
1747 799 1802 854 in

206 893 478 947 stcrulum.
514 891 597 948 Ex
625 891 755 959 hoc,
790 892 842 947 id
871 901 978 959 est,
1011 907 1116 963 quo
1149 893 1437 962 incipimus
1468 892 1799 965 intelligere.

211 984 394 1055 Nunc,
430 986 612 1042 modo.
643 985 818 1058 Usque
847 986 901 1041 in
930 987 1205 1052 sarculum,
1239 989 1358 1042 sine
1387 986 1514 1041 line.

733 1099 1056 1158 PSALMUS
1092 1101 1277 1158 CXIV.

209 1195 458 1252 Alleluia.
492 1197 600 1252 iste
628 1197 868 1266 psalmus
887 1211 1076 1252 vocem
1109 1197 1358 1252 continet
1403 1197 1578 1253 lidelis
1608 1198 1802 1254 animae

278 1285 308 1324 a
355 1269 464 1324 Deo
499 1270 900 1352 peregrinantis
921 1313 935 1338 ,
965 1285 1084 1340 qua:
1113 1279 1236 1341 post
1265 1271 1454 1342 longos
1490 1269 1706 1327 labores
1734 1273 1803 1328 ab

277 1355 344 1397 eo
374 1350 691 1412 suscipitur.

280 1456 458 1514 Dilexi
477 1501 492 1526 ,
522 1460 770 1528 quoniam
796 1459 1039 1514 exaudiet
1067 1458 1324 1516 Dominus
1353 1477 1523 1516 vocem
1555 1463 1803 1517 orationis

207 1570 356 1608 metu.
387 1553 504 1609 Non
536 1555 675 1609 dixit
702 1573 713 1608 :
745 1554 1002 1626 diligam;
1037 1555 1156 1625 sed,
1190 1555 1369 1610 dilexi.
1403 1555 1521 1610 Non
1550 1557 1806 1626 promisit

206 1661 267 1703 se
306 1647 507 1715 facere,
542 1648 634 1703 sed
669 1656 898 1703 testatur
927 1664 988 1704 se
1025 1649 1240 1704 fecisse.
1273 1647 1472 1704 Dilesi.
1507 1650 1687 1718 Quare
1721 1651 1803 1706 di-

205 1741 355 1796 lexi?
377 1741 637 1809 Quoniam
662 1743 904 1798 exaudiet
924 1741 1177 1799 Dominus
1195 1759 1368 1798 vocem
1385 1745 1636 1799 orationis
1653 1762 1798 1800 metr.

1903 517 2143 576 Jeremia
2174 520 2370 578 dicitur
2417 522 2631 594 (Jerem.
2685 539 2738 580 vt
2780 535 2828 579 et
2859 526 2992 597 xlv).
3024 525 3454 584 Tribulatiouem
3478 569 3493 595 ,

1902 611 2110 684 inquit,
2157 622 2214 670 et
2251 615 2532 672 miseriam
2581 617 2849 675 invocavi.
2903 619 3174 688 Quoniam
3203 667 3218 690 ,
3276 622 3491 693 inquit,

1903 724 2089 766 amaro
2135 720 2229 767 tuo
2275 713 2440 768 verbo
2473 713 2682 779 ridebo,
2728 713 2831 770 boc
2858 725 2975 782 est,
3020 717 3071 772 in
3118 716 3220 772 hoc
3262 719 3490 786 saeculo,

1903 805 2030 876 quid
2061 805 2206 860 aliud
2237 807 2358 862 volo
2380 807 2482 862 nisi
2509 808 2942 878 tribulationem,
2967 819 3024 865 ut
3051 811 3104 865 in
3138 810 3378 867 futurum
3406 829 3493 868 re-

1905 897 2090 968 quiem
2131 898 2360 955 habeam
2391 908 2446 956 et
2474 901 2828 958 felicitatem?
2859 903 2922 958 Et
2954 914 3264 974 prapterea,
3298 906 3491 974 inquit,

1905 1006 2048 1046 nunc
2070 993 2484 1050 amaritudinem
2511 995 2779 1063 sustineo,
2803 1005 2859 1050 ut
2882 1005 3070 1066 postea
3095 997 3339 1053 dulciora
3366 1014 3492 1068 pro-

1905 1099 2140 1140 merear.
2191 1086 2257 1141 Et
2300 1088 2532 1158 populus
2567 1088 2782 1145 Domini
2817 1089 2884 1146 de
2923 1089 3164 1162 Egypto
3204 1092 3492 1163 egrediens

1905 1177 2057 1232 venit
2085 1177 2136 1232 in
2172 1176 2338 1248 Mara,
2371 1180 2518 1251 quod
2558 1181 2952 1253 interpretatur
2988 1186 3310 1251 amaritudo,
3340 1194 3395 1240 et
3426 1184 3496 1241 de

1903 1269 2051 1325 Mara
2083 1271 2135 1324 in
2158 1271 2308 1338 Sina,
2329 1273 2472 1343 quod
2503 1275 2892 1344 interpretatur
2914 1277 3124 1331 tcntatio
3149 1275 3348 1349 (Exod.
3373 1281 3488 1346 xv).

1906 1363 1976 1419 Et
2005 1365 2203 1420 iterum
2231 1365 2493 1421 Jeremias
2519 1385 2530 1420 :
2557 1367 2722 1424 Solus
2746 1367 3026 1438 sedebam,
3058 1369 3314 1440 quoniam
3344 1385 3495 1426 ama-

1905 1458 2141 1514 ritudine
2169 1459 2407 1529 repletus
2434 1475 2583 1514 cram
2615 1459 2834 1527 (Jerem.
2868 1462 2981 1535 xv).

1979 1552 2024 1607 0
2047 1551 2291 1617 Domine,
2317 1554 2475 1608 libera
2497 1555 2723 1608 animam
2747 1570 2934 1609 meam.
2961 1556 3352 1627 Proprietatcm
3385 1556 3492 1611 lle-

1905 1645 2107 1702 braiea:
2129 1645 2322 1718 linguae
2345 1646 2567 1702 Gracus
2589 1658 2642 1703 et
2665 1647 2888 1703 Latinus
2910 1651 3217 1719 exprimere
3240 1665 3344 1707 non
3369 1667 3496 1722 pos-

1904 1751 2053 1794 sunt.
2084 1739 2192 1808 Pro
2217 1755 2246 1793 ο
2276 1740 2328 1796 in
2358 1739 2588 1795 llebrzro
2619 1739 2786 1797 habet
2819 1757 2958 1797 sum
2994 1742 3171 1814 (nm).
3204 1744 3360 1798 Anna
3398 1759 3499 1799 au-

208 1831 421 1900 Dilexi,
452 1835 708 1890 transacti
743 1837 1004 1906 temporis
1035 1845 1119 1891 est
1149 1853 1162 1890 :
1195 1837 1437 1892 exaudiet
1469 1846 1687 1901 autem,
1719 1836 1802 1893 fu-
1831 1833 1877 1894 Β
1908 1841 2015 1888 tem
2051 1832 2442 1903 interpretatur
2472 1849 2616 1905 rogo,
2649 1842 2707 1888 et
2735 1834 3005 1905 deprecor.
3051 1834 3118 1890 Et
3147 1835 3289 1906 quod
3325 1835 3489 1905 dicit,

209 1926 338 1980 turi.
370 1925 485 1982 Non
503 1926 650 1982 enim
679 1927 824 1982 dixit
851 1929 1143 2000 :quoniam
1164 1929 1326 1985 dilexi
1356 1929 1498 2002 quod
1526 1931 1804 1988 exaudivit

208 2033 296 2075 me
314 2019 603 2086 Dominus;
627 2021 744 2084 sed,
768 2022 945 2084 dilexi,
965 2021 1108 2093 quod
1131 2023 1389 2078 exaudiet
1413 2039 1498 2080 me
1517 2024 1800 2081 Dominus.

283 2112 424 2177 Quia
467 2112 738 2168 inclinavit
773 2131 953 2168 aurem
1001 2132 1151 2169 suam
1200 2115 1347 2170 mihi.
1395 2117 1659 2185 Quoniam
1703 2133 1804 2174 nos

205 2205 360 2277 parvi
385 2221 573 2261 sumus
595 2215 654 2262 et
676 2207 932 2276 humiles,
963 2217 1020 2264 et
1042 2224 1147 2264 non
1171 2223 1466 2280 possumus
1493 2226 1592 2266 nos
1615 2223 1807 2268 exten-

206 2302 344 2360 dere
370 2313 424 2358 et
455 2303 704 2359 exaltare
733 2321 746 2358 :
780 2314 1072 2376 propterea
1110 2305 1370 2361 Dominus
1401 2305 1676 2362 inclinavit
1703 2323 1802 2363 au-

203 2411 327 2452 rem
355 2411 510 2452 suam
530 2437 545 2463 ,
590 2408 643 2453 et
685 2397 938 2468 dignatur
969 2399 1227 2455 exaudire
1258 2414 1377 2455 nos.
1410 2399 1654 2470 Denique
1681 2403 1803 2473 quia

205 2506 312 2547 nos
355 2490 604 2548 homines
659 2508 882 2560 sumus,
929 2502 985 2550 et
1020 2495 1094 2550 dii
1136 2510 1242 2549 non
1285 2510 1574 2566 possumus
1624 2497 1737 2552 ﬁeri
1789 2516 1799 2549 :

207 2584 356 2642 Deus
395 2584 559 2641 homo
603 2586 774 2642 lactus
803 2596 916 2656 est,
961 2597 1016 2645 et
1059 2589 1343 2646 inclinavit
1383 2604 1475 2659 se,
1508 2591 1803 2648 secundum

202 2674 344 2732 illud
377 2679 528 2748 quod
559 2681 820 2750 scriptum
843 2689 927 2736 est
960 2699 974 2737 :
1006 2681 1072 2736 Et
1095 2683 1376 2737 inclinavit
1409 2683 1601 2752 caelos,
1625 2693 1680 2740 et
1706 2683 1803 2740 de-

205 2768 431 2824 scendit
457 2768 536 2842 (ll
572 2770 705 2845 Reg.
733 2772 903 2845 χιιι).
936 2771 1004 2828 Ει
1033 2775 1084 2828 in
1117 2775 1294 2829 diebus
1323 2777 1446 2830 meis
1466 2775 1708 2830 invocabo
1737 2787 1802 2831 te.

204 2862 309 2920 Hic
329 2866 596 2936 qureritur
628 2867 903 2938 quomodo
928 2868 979 2922 in
1012 2867 1204 2923 diebus
1227 2871 1470 2936 invocet,
1499 2879 1687 2925 etnon
1720 2871 1804 2925 in-

204 2967 370 3038 vocet
417 2956 471 3012 in
505 2959 780 3014 noctibus.
818 2959 884 3014 Et
924 2961 1194 3031 quomodo
1235 2961 1370 3016 dicit
1403 2962 1454 3016 in
1484 2962 1590 3016 alio
1636 2963 1755 3016 loco
1791 2980 1802 3016 :

207 3051 391 3107 Media
436 3059 598 3107 nocte
641 3053 928 3122 surgebam
977 3053 1042 3108 ad
1098 3055 1467 3110 conlitendum
1510 3055 1642 3123 tibi,
1681 3072 1803 3111 cum

203 3145 384 3201 sancti
421 3145 474 3200 in
512 3155 669 3202 nocte
693 3147 813 3216 plus
842 3148 1054 3203 soleant
1086 3164 1244 3203 orare
1275 3150 1294 3221 (
1321 3147 1464 3202 Psal.
1499 3165 1631 3205 cxtu
1654 3148 1694 3220 ).
1739 3150 1806 3206 Et

1907 1925 2010 1981 hoc
2041 1934 2124 1980 cst
2158 1943 2171 1980 :
2199 1927 2493 1997 Deprecor,
2525 1926 2790 1994 Domine,
2820 1926 2990 1984 libera
3020 1928 3257 1982 animam
3295 1945 3494 1985 meam.

1906 2019 2022 2076 Non
2054 2029 2138 2075 est
2167 2021 2312 2074 enim
2344 2020 2623 2088 vocantis,
2657 2019 2750 2074 sed
2793 2020 3138 2090 deprecantis
3162 2019 3407 2076 allectus.
3439 2021 3496 2077 ln

1908 2115 2112 2186 ingenti
2141 2116 2289 2171 enim
2322 2114 2565 2184 periculo
2594 2115 2923 2170 constitutus
2952 2126 3054 2170 est.
3076 2115 3371 2170 Misericors
3390 2114 3493 2169 Do-

1909 2209 2085 2263 minus
2119 2217 2166 2261 et
2198 2211 2405 2280 justus,
2455 2217 2502 2262 et
2545 2207 2684 2262 Deus
2737 2217 2908 2263 noster
2951 2208 3293 2262 miserebitur.
3336 2207 3499 2278 Erige

1907 2318 2098 2371 aures,
2133 2311 2408 2372 peccator.
2441 2302 2747 2358 Misericors
2775 2309 2862 2359 est
2906 2303 3200 2367 Dominus,
3243 2301 3338 2358 sed
3388 2301 3497 2357 noli

1908 2413 2028 2454 esse
2063 2399 2340 2469 negligens
2371 2415 2384 2452 :
2416 2398 2662 2468 sequitur
2689 2397 2858 2463 enim,
2889 2407 2936 2451 et
2952 2401 3154 2470 justus.
3176 2394 3232 2453 Si
3265 2396 3497 2452 multum

1909 2501 2160 2561 peccator
2189 2505 2252 2547 es
2283 2507 2297 2545 :
2329 2490 2483 2555 audi,
2525 2490 2840 2546 misericors
2877 2498 2961 2544 est
2998 2488 3296 2544 Dominus:
3324 2491 3368 2543 si
3404 2501 3499 2544 ne-

1905 2585 2115 2656 gligens
2145 2599 2205 2640 es
2236 2603 2249 2640 :
2278 2583 2437 2647 audi,
2485 2593 2539 2639 et
2573 2584 2754 2651 justus
2797 2592 2901 2638 est.
2943 2581 3052 2642 Sed
3092 2582 3308 2637 videtur
3348 2583 3500 2652 quasi

1908 2678 2115 2750 :equale
2165 2691 2322 2741 esse,
2375 2677 2664 2731 misericors
2707 2675 2965 2729 Dominus
3015 2683 3065 2730 et
3104 2677 3302 2748 justus.
3339 2672 3499 2728 Verbi
3596 2718 3601 2723 .

1905 2775 2098 2845 gratia,
2133 2773 2320 2830 decem
2349 2773 2597 2845 partibus
2617 2781 2702 2828 est
2723 2772 3055 2838 misericors,
3085 2781 3139 2826 et
3159 2769 3346 2825 decem
3376 2783 3498 2839 par-

1908 2869 2054 2924 tibus
2083 2875 2168 2922 est
2190 2867 2400 2936 justus,
2431 2875 2486 2921 et
2518 2866 2620 2922 hoc
2652 2874 2871 2936 propter
2911 2863 3274 2935 simpliciores
3310 2863 3384 2916 ita
3420 2862 3498 2915 lo-

1907 2975 2067 3032 quor.
2089 2960 2245 3016 Dicat
2265 2959 2492 3032 aliquis:
2516 2959 2572 3014 Si
2599 2966 2891 3028 pensentur
2903 2966 3124 3030 peccata
3148 2971 3290 3022 mea,
3315 2969 3498 3011 nonne

1908 3067 2128 3122 possum
2155 3062 2304 3108 tanta
2333 3052 2536 3108 habere
2555 3052 2718 3119 bona,
2733 3060 2930 3123 quanta
2948 3049 3123 3105 habeo
3146 3046 3323 3103 mala?
3346 3046 3499 3102 Nunc

1906 3157 2088 3204 autem
2115 3147 2336 3213 dicitur,
2360 3146 2507 3218 quod
2535 3146 2846 3203 misericors
2868 3154 2950 3199 est
2971 3155 3027 3200 et
3050 3144 3250 3214 jusuts.
3282 3141 3380 3196 Est
3403 3140 3501 3195 mi-

205 3239 262 3294 in
290 3241 404 3295 alio
428 3239 550 3294 loco
579 3239 816 3296 dicitur:
848 3241 904 3296 in
933 3241 1186 3296 noctibus
1217 3242 1465 3297 estollite
1497 3258 1687 3298 manus
1712 3260 1804 3298 ve-
1833 3225 1879 3290 C
1910 3243 2149 3297 sericors
2183 3242 2236 3295 in
2273 3239 2672 3311 peccatoribus,
2710 3239 2892 3310 justus
2922 3239 2974 3293 in
3013 3236 3193 3293 bouis.
3237 3235 3505 3306 Incipiunt

203 3343 353 3390 strss
369 3334 423 3388 in
442 3345 653 3401 sancta,
668 3345 723 3392 et
740 3337 1044 3393 benedicite
1061 3337 1347 3392 Dominum
1364 3337 1534 3410 (Psal.
1552 3339 1800 3411 cxxxtn).

200 3427 496 3494 Quomodo
518 3429 673 3498 dicit,
689 3443 736 3485 et
767 3432 819 3484 in
837 3431 1021 3487 diebus
1048 3433 1174 3486 meis
1200 3433 1482 3488 invocabo?
1506 3432 1624 3490 Non
1649 3435 1802 3503 dixit,

198 3521 492 3589 invocavi;
523 3523 643 3592 sed,
673 3527 941 3590 invocabo,
977 3527 1028 3580 in
1054 3526 1258 3582 l‘uturo.
1287 3527 1419 3582 Dum
1443 3530 1588 3583 enim
1618 3529 1673 3584 in
1704 3529 1806 3584 hoc

200 3616 416 3670 mundo
447 3630 657 3685 sumus,
694 3617 745 3673 in
777 3627 934 3674 nocte
957 3618 1296 3675 invocamus.
1325 3621 1381 3675 In
1407 3621 1587 3677 futuro
1623 3623 1676 3678 in
1719 3623 1808 3680 die

199 3707 527 3764 invocamus
551 3709 836 3766 Dominum
859 3730 870 3765 :
896 3721 1177 3782 prapterea
1200 3713 1357 3783 dixit,
1381 3717 1434 3770 in
1461 3717 1640 3772 diebus
1659 3718 1805 3772 meis.

197 3800 593 3858 Peccatoribus
621 3804 764 3858 enim
798 3818 900 3860 nox
933 3815 1056 3863 est:
1083 3806 1212 3860 mihi
1243 3816 1421 3862 autem
1453 3809 1591 3862 dies.

275 3895 742 3951 Circumdederunt
783 3915 862 3952 me
905 3898 1112 3955 dolores
1151 3901 1350 3955 mortis.
1385 3900 1650 3956 Videntur
1677 3901 1809 3958 mihi

195 3988 430 4045 dolores
487 3990 676 4044 mortis
741 3989 1099 4059 cogitationes
1146 4007 1266 4046 esse
1322 3991 1478 4047 lieda:
1520 4038 1532 4060 ,
1594 3994 1810 4063 quando

195 4082 386 4138 anima
414 4081 705 4152 cogitat,et
728 4098 954 4152 peccare
975 4083 1270 4147 desiderat,
1300 4085 1551 4154 quoniam
1580 4085 1811 4155 parturit

196 4184 452 4248 peccata,
485 4176 662 4232 vicina
691 4186 772 4231 est
802 4177 987 4232 morti.
1028 4175 1096 4231 Et
1130 4179 1358 4247 pericula
1385 4179 1581 4250 inferni
1607 4181 1811 4234 invene-

191 4279 328 4324 runt
359 4285 461 4324 me.
498 4268 542 4323 0
581 4284 684 4324 nos
724 4269 996 4334 infelices,
1035 4280 1088 4325 et
1115 4273 1376 4336 miseros,
1408 4280 1463 4326 et
1502 4271 1760 4342 lugendus
1791 4288 1806 4327 :

191 4365 330 4435 quia
363 4377 580 4433 semper
608 4377 707 4418 nos
733 4373 1013 4434 peccatum
1044 4365 1266 4435 quaerit!
1294 4365 1353 4420 Si
1383 4375 1565 4420 autem
1593 4380 1810 4435 semper

193 4471 308 4512 nos
337 4465 590 4525 quarunt
617 4465 832 4526 peccata
857 4501 870 4526 ,
906 4473 1005 4511 nos
1035 4457 1350 4512 festinemus
1376 4469 1430 4511 ut
1463 4473 1569 4512 non
1596 4472 1696 4512 nos
1723 4460 1807 4512 in-

190 4552 450 4605 veniant.
473 4549 598 4605 llaec
615 4559 794 4605 autem
821 4550 1075 4604 distantia
1094 4561 1175 4606 est
1192 4551 1337 4606 inter
1352 4551 1572 4606 dolores
1594 4550 1807 4618 mortis,

1911 3350 1997 3391 me
2024 3349 2252 3406 gravare
2282 3344 2498 3406 peccata
2531 3349 2672 3398 mea,
2703 3343 2757 3388 et
2784 3333 2954 3388 vincit
2983 3333 3035 3386 in
3067 3346 3162 3388 sua
3185 3330 3501 3386 misericor-

1909 3433 2020 3487 dia.
2048 3431 2344 3500 Propterea
2378 3428 2546 3485 semel
2566 3428 2749 3499 justus
2779 3427 2987 3497 posuit,
3020 3434 3075 3480 et
3103 3423 3366 3483 secundo.
3402 3424 3508 3478 mi-

1911 3525 2164 3580 sericors.
2199 3523 2424 3578 Poterat
2462 3531 2516 3577 et
2559 3521 2628 3576 de
2672 3521 2951 3592 przeterito
2991 3518 3196 3574 dicere.
3249 3514 3318 3569 Et
3366 3512 3504 3569 Deus

1910 3627 2109 3683 noster,
2141 3617 2352 3688 inquit,
2387 3617 2682 3680 miseretur,
2709 3623 2768 3668 ut
2794 3628 3013 3684 semper
3040 3626 3164 3668 eum
3192 3609 3506 3665 misericor-

1909 3715 2032 3770 dem
2060 3713 2334 3768 ostendat.

1984 3806 2294 3861 Custodieus
2326 3803 2566 3872 parvulos
2598 3801 2873 3856 Dominus.
2909 3801 2965 3856 Si
2989 3801 3112 3871 quis
3141 3812 3370 3868 magnus
3399 3805 3503 3862 est,

1912 3907 1965 3953 et
1988 3912 2047 3953 se
2073 3898 2300 3962 exaltat,
2333 3905 2390 3950 et
2417 3895 2686 3966 superbus
2709 3903 2815 3962 est,
2843 3893 2986 3948 hunc
3010 3907 3118 3947 non
3141 3891 3380 3946 custodit
3405 3892 3509 3944 Do-

1913 3991 2115 4045 minus.
2142 3989 2195 4044 Si
2227 3989 2349 4058 quis
2379 4002 2437 4042 se
2467 4001 2721 4056 magnum
2750 3995 2923 4055 putat,
2957 3984 3114 4053 hujus
3147 3999 3254 4038 non
3282 3984 3509 4036 misereo

1913 4092 2002 4137 tur
2032 4082 2324 4145 Dominus;
2355 4079 2450 4135 sed
2475 4081 2520 4134 si
2549 4079 2671 4150 quis
2700 4092 2760 4134 se
2791 4077 3060 4141 Itumiliat,
3091 4074 3256 4144 hujus
3283 4075 3508 4128 misere-

1913 4185 2021 4243 tur,
2053 4186 2107 4231 et
2132 4176 2369 4230 custodit
2391 4190 2513 4228 eum
2543 4173 2824 4227 Dominus.
2851 4169 3126 4241 Siquidem
3155 4169 3284 4223 dicit
3319 4185 3331 4219 :
3366 4166 3506 4224 Ecce

1912 4287 2014 4340 ego
2042 4281 2097 4325 et.
2130 4271 2282 4339 pueri
2319 4283 2458 4340 quos
2484 4267 2616 4322 mihi
2648 4265 2798 4321 dedit
2846 4265 3128 4319 Dominus.
3159 4262 3224 4317 Et
3253 4260 3453 4316 iterum
3489 4276 3504 4316 :

1913 4365 2241 4419 Humiliatus
2275 4379 2426 4429 sum;
2455 4374 2503 4417 et
2529 4360 2747 4414 salvavit
2776 4376 2873 4416 me.
2915 4358 3211 4428 Dupliciter
3246 4354 3505 4426 intelligi-

1913 4475 2033 4513 mus
2060 4477 2074 4512 :
2106 4455 2429 4513 Humiliatus
2457 4471 2597 4523 sum,
2627 4464 2673 4508 et
2709 4453 2925 4508 salvavit
2964 4468 3065 4506 me.
3093 4450 3221 4506 Sive
3253 4448 3503 4518 peccavi,

1911 4565 1966 4609 et
1996 4554 2225 4608 salvavit
2250 4568 2356 4616 me,
2391 4552 2527 4616 sive,
2559 4565 2682 4605 cum
2716 4563 2895 4604 essem
2922 4546 3221 4618 superbus,
3254 4554 3308 4600 et
3333 4543 3511 4598 humi-

190 4652 259 4699 et
289 4641 540 4714 pericula
565 4640 782 4697 inferni.
809 4641 1026 4696 Dolores
1054 4641 1253 4713 mortis,
1272 4644 1426 4698 make
1450 4644 1807 4714 cogitationes
1837 4633 1888 4694 D
1914 4647 2066 4703 liavit
2096 4663 2203 4715 me,
2227 4655 2282 4702 et
2303 4645 2535 4700 salvavit
2564 4657 2670 4698 me.

187 4743 371 4806 sunt:
404 4735 635 4806 pericula
659 4735 874 4805 inferni,
901 4749 1065 4803 opera
1092 4735 1232 4789 mala
1257 4735 1487 4792 sunt.Ut
1516 4744 1603 4791 est
1627 4745 1806 4792 autem

188 4828 383 4884 dicam
421 4845 433 4882 :
459 4827 604 4883 aliud
635 4827 689 4882 in
713 4826 919 4882 theoria
939 4871 953 4895 ,
982 4826 1125 4882 aliud
1167 4829 1218 4881 in
1247 4843 1440 4898 opere,
1475 4829 1576 4883 hoc
1602 4839 1683 4884 est
1707 4871 1721 4895 ,
1754 4829 1808 4884 in

189 4921 476 4993 practica.
499 4919 578 4976 lbi
602 4919 746 4974 enim
776 4919 932 4974 dolor
953 4930 1008 4975 et
1036 4921 1320 4991 parturitio
1350 4939 1362 4975 :
1392 4920 1480 4975 hic
1505 4929 1684 4977 autem
1714 4937 1808 4993 pe-

185 5015 442 5072 riculum
472 5024 555 5069 est
573 5014 805 5069 vicinum
835 5013 1018 5068 morti.

278 5105 692 5161 Tribulationem
721 5114 768 5159 et
798 5105 1027 5160 dolorem
1059 5107 1247 5161 inveni.
1278 5106 1484 5162 Novam
1509 5123 1624 5163 rem
1649 5109 1802 5166 dicit.

186 5199 329 5257 Non
368 5197 523 5262 dicit,
559 5197 822 5267 Requiem
857 5196 1039 5252 inveni
1073 5215 1086 5252 :
1121 5212 1230 5252 non
1257 5197 1423 5266 dicit,
1455 5200 1804 5256 Saturitatem

185 5291 428 5348 iuveni.
464 5290 521 5345 Si
553 5298 732 5345 autem
758 5288 1012 5356 dixisset,
1043 5288 1256 5346 Invenit
1287 5306 1372 5346 me
1403 5291 1702 5358 tribulatio,
1733 5295 1808 5348 in-

181 5384 367 5440 venit
393 5396 478 5436 me
507 5379 686 5446 dolor,
715 5394 820 5435 non
853 5391 976 5436 erat
1003 5382 1254 5451 quaastio.
1286 5381 1443 5438 Nunc
1471 5394 1650 5439 autem
1680 5387 1808 5456 quid

185 5472 380 5532 dicit?
401 5469 810 5526 Tribulationem
834 5483 878 5526 et
903 5472 1134 5528 dolorem
1154 5474 1327 5528 inveni
1346 5490 1362 5528 :
1381 5477 1533 5545 quasi
1557 5492 1807 5545 qumrens

217 5575 288 5626 te
315 5567 545 5624 invenit.
572 5567 691 5622 Non
722 5567 869 5623 enim
907 5567 1183 5623 invenitur
1215 5569 1318 5624 lliai
1349 5569 1492 5640 quod
1524 5572 1806 5641 quaeritur.

218 5656 444 5718 Snctus
474 5677 580 5717 non
611 5661 805 5733 quaerit
830 5662 1100 5732 requiem,
1123 5663 1218 5719 sed
1250 5663 1676 5720 tribulationem.
1703 5663 1811 5720 No-

226 5747 480 5812 vileuim
525 5754 782 5825 quoniam
835 5754 1112 5811 tribulatio
1146 5756 1461 5827 patientiam
1508 5768 1806 5829 operatur:

230 5850 476 5916 patintia
507 5859 690 5907 autem
722 5849 1119 5922 probationem,
1153 5851 1406 5922 probatio
1430 5868 1564 5911 vero
1596 5869 1749 5927 spent
1791 5874 1804 5910 :

1983 4739 2310 4807 Convertere,
2347 4739 2524 4791 anima
2560 4753 2695 4802 mea,
2728 4737 2780 4790 in
2819 4736 3046 4806 requiem
3082 4743 3245 4789 tuam.
3277 4730 3505 4800 Quando

1911 4833 2136 4900 dicitur,
2161 4830 2469 4886 Convertere
2496 4832 2548 4884 in
2571 4831 2799 4900 requiem
2820 4837 2961 4882 tuam
2991 4845 3010 4884 :
3031 4843 3160 4898 ergo
3174 4825 3360 4881 habuit
3380 4834 3504 4878 ante

1911 4927 2157 4998 requiem
2181 4941 2338 4995 quam
2371 4923 2627 4994 perdidit.
2652 4922 2824 4978 Nemo
2845 4924 2991 4978 enim
3015 4919 3375 4984 convertitur,
3402 4917 3506 4971 nisi

1915 5022 2008 5091 qui
2038 5021 2214 5091 pergit
2242 5018 2368 5074 illuc
2397 5019 2490 5073 ubi
2524 5018 2674 5088 prius
2696 5026 2835 5073 erat.
2866 5017 3009 5072 Deus
3035 5015 3180 5071 enim
3206 5027 3304 5068 nos
3332 5011 3504 5067 bonos

1914 5113 2147 5177 creavit,
2199 5118 2480 5167 et'nostro
2510 5109 2741 5165 arbitrio
2794 5123 2893 5163 nos
2928 5107 3178 5177 reliquit,
3231 5116 3285 5158 et
3315 5118 3506 5159 omnes

1913 5222 2036 5262 cum
2065 5204 2236 5260 Adam
2271 5205 2321 5258 in
2353 5203 2610 5274 paradiso
2644 5203 2842 5273 posuit.
2881 5201 2986 5256 Sed
3027 5202 3149 5271 quia
3191 5208 3376 5254 nostro
3410 5213 3502 5253 ar-
3527 5245 3552 5273 δ

1914 5299 2082 5355 bitrio
2122 5314 2150 5352 a
2192 5297 2530 5354 beatitudine
2575 5298 2665 5353 illa
2704 5295 3033 5360 cecidimus,
3083 5304 3138 5350 et
3169 5294 3417 5349 venimus
3447 5291 3500 5347 in

1919 5390 2115 5445 vallem
2147 5392 2534 5462 lacrymarum,
2566 5397 2856 5460 prcipterea
2877 5387 3054 5454 justus
3085 5387 3322 5440 animam
3350 5400 3501 5440 suam

1917 5484 2190 5548 hortatur,
2228 5493 2285 5536 ut
2319 5491 2670 5536 convertatur
2700 5479 2830 5533 illuc
2857 5478 2998 5533 unde
3033 5477 3334 5534 descendit.
3361 5476 3502 5534 Can-

1911 5576 2314 5640 rertere,anima
2339 5590 2473 5639 mea,
2493 5573 2545 5625 in
2579 5570 2804 5642 requiem
2829 5578 2991 5624 luant.
3013 5569 3190 5624 Locus
3207 5571 3350 5626 enim
3377 5571 3503 5635 iste,

1910 5668 2289 5724 tribulationis
2327 5668 2477 5722 locus
2501 5673 2615 5730 est,
2650 5671 2794 5718 terra
2845 5671 3208 5734 pugnatorum
3250 5672 3353 5720 est.
3402 5663 3509 5721 Iste

1907 5762 2063 5818 locus
2098 5762 2461 5832 lactymarum
2492 5767 2597 5823 est,
2630 5755 2720 5812 ubi
2755 5771 2862 5811 non
2892 5756 3020 5813 licet
3040 5772 3295 5813 securum
3317 5756 3509 5812 ambus

1910 5857 2045 5916 lare.
2078 5853 2420 5924 Ubicumque
2439 5851 2586 5909 enim
2612 5850 2811 5923 aliquis
2840 5849 3030 5922 luerit,
3063 5852 3365 5924 periculum
3397 5861 3502 5910 est.
