4008 6336
461 288 600 357 itm

1260 296 1608 359 APPENDIX
1649 304 1739 359 AD
1778 299 2020 361 NUUM
2060 298 2413 362 SEPTIMUM
2454 302 2514 359 S.
2559 298 2967 358 IIII'JRONYMI.

3630 299 3772 357 "80

460 416 521 473 Si
546 416 600 472 in
621 415 861 484 deserto,
882 416 1208 488 scorpiones
1231 426 1361 470 sunt
1388 433 1401 467 :
1427 416 1475 471 si
1498 416 1551 471 in
1570 416 1907 484 civitatibus,
1934 433 2063 471 ocu-
2089 418 2138 481 Α
2168 417 2306 472 meis
2336 416 2532 471 munda
2574 429 2684 470 me.
2726 413 2921 471 Aliena
2948 412 3171 484 quidem
3216 423 3349 469 sunt
3380 423 3637 485 peccata,
3664 413 3769 470 sed

462 510 549 566 lus
574 512 886 567 meretricis
916 508 1193 580 pernicies
1221 519 1301 564 est
1334 510 1541 565 homini
1576 528 1589 563 :
1620 510 1666 565 si
1694 511 1747 567 iu
1776 510 1942 575 mari,
1976 510 2055 564 la-

466 609 656 659 trones
695 611 751 659 et
783 604 996 673 pirata'.
1033 602 1160 658 lltrc
1185 603 1367 658 omnia
1413 603 1644 676 mysﬁce
1684 603 1901 672 loquor.
1952 602 2060 658 Nec

463 698 609 754 enim
641 711 784 751 nunc
816 695 1119 765 periculum
1161 703 1248 751 cst
1285 705 1475 751 sancto
1516 695 1637 751 viro
1678 711 1710 751 a
1752 695 2059 752 latronibus

457 786 690 857 interﬁci
712 826 728 852 ,
756 787 1028 858 siquidem
1055 796 1326 861 martyres
1362 790 1625 859 sanguine
1656 805 1754 843 suo
1786 789 2055 844 vicerunt.

460 879 790 945 Convertere,
819 882 1151 947 animamea,
1187 881 1240 934 in
1264 881 1487 952 requiem
1512 890 1674 936 tuam.
1711 880 1845 949 Quia
1871 881 2056 936 Domi-

461 989 559 1028 nus
585 973 834 1044 benefeeit
863 973 977 1029 tibi.
1001 972 1141 1041 Quo,
1181 958 1373 1044 inquit,
1398 975 1759 1043 converteris,
1783 992 1816 1029 ο
1843 976 2060 1031 anima?

460 1064 517 1125 in
550 1057 888 1139 paradisum.
925 1068 1040 1124 Non
1076 1068 1197 1139 quia
1237 1070 1397 1141 digna
1429 1085 1510 1137 es,
1548 1072 1644 1126 sed
1683 1072 2056 1127 misericordia

467 1161 682 1219 Domini
724 1171 825 1218 est.
855 1162 923 1219 Ut
959 1165 1142 1219 cxires
1176 1164 1244 1218 de
1278 1165 1557 1235 paradiso,
1582 1178 1673 1219 tuo
1696 1166 1834 1220 vitio
1855 1165 2054 1221 factum

461 1263 580 1322 est,
606 1267 663 1310 ut
687 1266 866 1312 autem
897 1256 1125 1324 rcdoas,
1164 1258 1555 1314 misericordia:
1585 1258 1803 1313 Domini
1838 1258 1956 1313 l'uit.
1990 1257 2057 1314 Et

461 1362 560 1406 nos
595 1344 847 1407 dicamus
892 1354 1091 1408 animae
1138 1362 1338 1408 nostra:
1378 1371 1390 1405 :
1425 1352 1727 1407 Convertere
1750 1353 1803 1407 in
1832 1352 2056 1423 requiem

460 1453 622 1499 tuam.
657 1445 894 1516 Requies
932 1455 1117 1500 nostra
1139 1487 1153 1512 ,
1182 1445 1432 1502 Clu-Istus
1462 1456 1543 1501 est
1578 1447 1718 1501 Deus
1756 1454 1963 1501 noster.
1997 1446 2056 1504 Si

460 1537 682 1608 quando
704 1536 967 1593 fuerimus
990 1539 1042 1593 iu
1074 1542 1351 1609 angustia,
1385 1548 1440 1594 et
1468 1540 1701 1609 coeperit
1728 1553 1831 1595 nos
1852 1540 2047 1610 cogita-

457 1632 534 1685 tio
556 1632 835 1703 captivare
859 1633 913 1688 itt
938 1641 1242 1704 peccatum,
1277 1635 1526 1691 dicamus
1558 1653 1569 1689 :
1602 1633 1921 1700 Convertere,
1945 1635 2056 1689 ani-

459 1726 544 1779 πόα
573 1738 704 1791 mea,
729 1726 781 1779 in
809 1726 1032 1794 requiem
1059 1735 1220 1780 luant.

2160 510 2285 581 quia
2315 508 2554 580 suscipio
2577 524 2638 564 ea
2664 525 2679 562 :
2701 507 2828 563 dico
2852 510 2905 563 in
2926 508 3120 563 alienis
3140 509 3409 577 peccatis,
3432 506 3606 563 Parce
3627 507 3770 563 mihi

2160 614 2323 658 servo
2362 614 2455 656 tuo
2489 620 2501 655 :
2534 601 2651 656 Hoc
2690 609 2871 656 autem
2919 616 3092 671 quare
3128 600 3277 656 dixi?
3306 600 3580 669 Quoniam
3627 602 3773 657 dixit

2161 696 2425 766 prepheta
2462 713 2474 747 :
2508 693 2739 750 Plaeebo
2769 692 3020 751 Domino.
3072 694 3192 750 Non
3221 695 3379 762 dixit,
3415 696 3631 764 Placco,
3662 696 3769 753 sed

2160 786 2395 859 placebo.
2425 787 2562 844 llinc
2582 787 2727 842 enim
2754 786 2902 857 quod
2929 786 3091 852 facio,
3106 802 3218 843 non
3242 800 3466 856 possum
3488 802 3614 843 esse
3636 804 3772 858 per—

2161 881 2338 938 lectus
2353 882 2557 953 justus.
2580 882 2874 953 Propterea
2904 881 3041 938 dicit
3061 890 3120 937 et
3143 881 3445 951 Apostolus
3467 901 3481 937 ε
3502 882 3583 938 Ex
3608 892 3772 954 parte

2161 976 2565 1046 cognoscimus,
2597 982 2654 1031 et
2680 990 2745 1029 ex
2777 986 2931 1046 parte
2957 973 3378 1045 prophetamos,
3410 985 3461 1031 et
3493 991 3639 1030 nunc
3660 990 3774 1046 per

2160 1069 2447 1139 speculum
2478 1067 2727 1124 videmus
2756 1069 2810 1123 in
2837 1069 3128 1140 tenigmatc
3150 1067 3195 1139 (ι
3216 1068 3338 1124 Cor.
3362 1069 3508 1139 xm).
3535 1068 3773 1140 Propte-

2161 1176 2250 1215 rea
2275 1176 2418 1214 nunc
2440 1160 2603 1231 longo
2627 1176 2880 1216 sermone
2906 1160 2992 1216 usi
3014 1175 3200 1216 sumus
3224 1179 3235 1214 :
3256 1162 3513 1232 quoniam
3538 1162 3589 1216 in
3618 1177 3773 1233 pra:-

2160 1252 2306 1309 retlli
2336 1254 2538 1309 seculo
2566 1257 2840 1324 pertectus
2863 1255 3044 1324 justus
3068 1271 3232 1311 nemo
3261 1271 3387 1311 esse
3416 1265 3630 1326 potest,
3661 1271 3773 1313 ne-

2157 1363 2264 1416 que
2295 1347 2485 1414 David,
2513 1362 2692 1417 neque
2715 1348 2968 1417 apostoli,
2995 1362 3173 1418 neque
3194 1347 3393 1419 aliquis
3414 1357 3770 1403 sanctorum.

2159 1439 2327 1495 Nemo
2349 1440 2493 1495 enim
2518 1438 2753 1495 mundus
2776 1454 2807 1494 a
2842 1448 3090 1509 peccato,
3116 1454 3218 1496 nec
3236 1440 3280 1495 si
3310 1440 3473 1495 unius
3501 1424 3611 1497 diei
3634 1440 3771 1497 hle—

2158 1534 2233 1590 rit
2260 1532 2369 1589 vita
2400 1534 2520 1605 ejus
2557 1531 2700 1605 (Job.
2738 1531 2859 1605 xv).
2893 1534 3177 1605 Siquidem
3219 1536 3451 1607 apostoli
3493 1545 3549 1592 et
3578 1537 3775 1593 sancti

2158 1645 2264 1686 non
2306 1629 2423 1684 ausi
2448 1638 2583 1685 sunt
2608 1629 2819 1695 dicere,
2848 1628 3033 1685 Sancti
3064 1644 3258 1685 sumus
3289 1648 3302 1683 :
3336 1645 3441 1686 nec
3476 1630 3593 1686 ausi
3628 1638 3776 1686 sunt

2159 1721 2364 1788 dicere,
2389 1721 2586 1778 Placeo
2609 1720 2738 1777 :sed
2764 1721 3117 1795 placebo.Qui
3142 1723 3194 1777 in
3217 1721 3463 1779 futurum
3485 1724 3777 1780 sollicitus

532 1815 668 1884 Quia
697 1817 886 1889 eripuit
915 1818 1145 1873 animam
1174 1835 1341 1873 ineant
1370 1819 1434 1875 de
1469 1827 1652 1875 morte.
1689 1817 1928 1875 Necdum
1959 1833 2051 1876 re-
2084 1823 2131 1884 Β
2155 1822 2258 1878 est,
2290 1813 2359 1869 de
2387 1814 2665 1885 praeterito
2685 1813 2830 1885 quod
2861 1830 2968 1870 non
2998 1815 3147 1882 fecit,
3179 1815 3496 1872 conﬁtetur.
3528 1815 3776 1871 Placete

454 1911 554 1969 ditt
581 1912 632 1967 in
669 1912 1001 1981 paradisum,
1042 1922 1100 1970 et
1124 1914 1237 1986 jam
1275 1928 1333 1970 se
1372 1914 1427 1970 in
1462 1916 1806 1971 securitatem
1843 1913 2053 1971 redisse

456 2005 613 2062 dicit.
644 2003 1156 2075 Dixit,Convertere,
1185 2010 1361 2062 animo
1387 2024 1522 2076 mea,
1555 2010 1609 2062 in
1632 2010 1858 2080 requiem
1881 2017 2046 2076 tuam,

458 2111 517 2157 et
541 2102 698 2173 quasi
728 2116 955 2158 securus
985 2103 1147 2171 dicit,
1176 2104 1300 2175 quia
1325 2103 1515 2177 eripuit
1541 2104 1769 2158 animam
1793 2119 1960 2158 meum
1987 2103 2054 2158 de

457 2203 643 2249 morte.
684 2194 970 2262 Quomodo
1005 2196 1213 2265 eripuit
1253 2196 1487 2251 animam
1536 2210 1712 2251 meam
1754 2194 1821 2251 de
1850 2203 2049 2253 morte.

457 2287 569 2345 Pro
598 2302 686 2344 me
716 2302 911 2360 passus
939 2298 1023 2344 est
1047 2289 1189 2345 Deus
1217 2302 1391 2355 meus,
1418 2298 1515 2359 pm
1538 2304 1625 2345 me
1653 2287 1948 2344 cruciﬁxus
1968 2295 2053 2349 est

456 2382 598 2439 Deus
626 2392 803 2450 meus,
825 2392 882 2440 et
900 2382 1026 2439 dico
1056 2404 1069 2436 ς
1097 2383 1195 2440 Ubi
1211 2394 1318 2449 est,
1349 2398 1521 2449 mors,
1551 2382 1779 2438 victoria
1802 2391 1891 2436 tua
1917 2398 1933 2449 ;
1960 2380 2051 2437 ubi

454 2487 570 2546 est,
604 2477 840 2544 inferne,
887 2478 1145 2533 stimulus
1188 2488 1314 2533 tuus
1361 2476 1519 2551 (Osee
1550 2492 1675 2543 xm;
1712 2476 1735 2531 l
1764 2474 1886 2531 Cor.
1919 2474 2052 2547 xv)?

456 2571 648 2627 Oculos
679 2589 821 2628 meo:
846 2589 877 2626 a
908 2573 1173 2644 tacrymia.
1198 2571 1441 2639 Ploravi,
1471 2580 1531 2626 ιιι
1551 2570 1754 2626 rideam
1776 2588 1794 2623 :
1820 2569 1930 2624 lusi
1949 2611 1964 2638 ,
1993 2578 2053 2624 ut

458 2666 513 2722 in
542 2667 940 2738 sempiternum
977 2666 1262 2738 gaudeam.
1296 2665 1398 2734 Qui
1429 2666 1482 2721 in
1514 2664 1766 2736 praesenti
1801 2678 1905 2719 non
1936 2662 2053 2733 plo-

453 2770 570 2829 rat,
601 2761 654 2815 in
692 2761 874 2816 futuro
904 2759 1317 2832 lacrymabitur.
1350 2759 1503 2814 Beati
1540 2759 1684 2815 enim
1718 2757 1812 2828 qui
1838 2757 2049 2827 lugent,

454 2855 580 2926 quia
615 2855 716 2926 ipsi
746 2853 1181 2909 consolabuntur
1201 2852 1382 2926 (Matt.
1417 2851 1491 2924 ν).
1521 2851 1847 2907 Ecuntrario
1867 2858 2050 2906 autem

453 2947 657 3003 dicitur
688 2963 703 3000 :
733 2946 860 3001 Vrel
896 2946 1051 3001 vobis
1093 2947 1199 3016 qui,
1221 2945 1447 3012 ridetis,
1486 2944 1746 3014 quoniam
1776 2942 2048 3013 lugebitis.

455 3040 628 3097 Pedes
665 3058 801 3095 meos
828 3057 861 3095 α
895 3040 1072 3112 lapsu.
1105 3042 1237 3111 Quia
1270 3056 1377 3097 non
1418 3047 1691 3097 steterunt
1726 3039 1892 3110 pedes
1938 3037 2050 3094 mei

454 3146 624 3203 super
650 3140 888 3204 petram,
912 3144 1202 3205 propterea
1230 3146 1370 3203 pene
1398 3134 1529 3189 moti
1552 3142 1681 3189 sunt
1709 3131 1877 3202 pedes
1905 3120 2046 3199 mei,

2160 1911 2381 1967 Domino
2404 1928 2421 1966 :
2450 1910 2549 1968 Ubi
2582 1911 2845 1982 placebo?
2866 1910 2935 1966 In
2956 1913 3165 1986 regione
3186 1912 3436 1967 vivorum.
3460 1913 3587 1968 llaec
3605 1913 3776 1968 enim

2156 2004 2309 2075 regio
2336 2014 2677 2062 mortuorum
2705 2015 2788 2060 est
2818 2022 2831 2057 ε
2854 2005 2959 2061 alia
2988 2014 3077 2060 est
3110 2013 3252 2061 terra
3280 2006 3547 2060 virorum.
3570 2004 3779 2075 Siqui-

2155 2097 2279 2155 dem
2308 2109 2367 2154 et
2393 2098 2563 2153 David
2588 2098 2639 2152 in
2671 2096 2777 2153 hac
2809 2106 2955 2153 terra
2986 2107 3129 2167 erat,
3161 2107 3215 2154 et
3244 2113 3374 2154 vere
3403 2100 3455 2154 iu
3486 2108 3625 2154 terra
3655 2114 3776 2153 re-

2157 2191 2557 2262 promissionis,
2586 2190 2781 2247 dicens
2810 2209 2824 2247 :
2857 2189 3087 2246 Ptncebo
3114 2189 3337 2247 Domino
3364 2191 3419 2246 in
3442 2193 3649 2263 regione
3686 2192 3781 2245 ai-

2152 2302 2335 2342 verum
2368 2302 2388 2342 :
2416 2284 2714 2342 conﬁtetur
2742 2284 2881 2340 hanc
2903 2286 3184 2357 regionem
3209 2300 3316 2342 non
3334 2300 3459 2342 esse
3479 2286 3775 2355 vivorum,

2154 2376 2249 2433 sed
2277 2385 2644 2432 mortuorum.
2683 2376 2861 2432 Vultis
2889 2376 3029 2432 scire
3063 2392 3185 2447 qua:
3215 2387 3300 2433 est
3345 2377 3434 2433 illa
3483 2378 3631 2448 regio
3676 2380 3776 2431 vi-

2154 2470 2384 2525 vorum?
2408 2470 2673 2527 Dominus
2697 2469 2828 2525 dicit
2857 2471 2908 2523 in
2934 2468 3271 2540 Evangelia:
3300 2456 3773 2539 DensAbraham,

2154 2562 2296 2618 Deus
2321 2560 2496 2624 Isaac,
2524 2562 2665 2616 Deus
2691 2560 2881 2627 Jacob,
2910 2569 2967 2616 et
2992 2570 3148 2616 erant
3168 2562 3364 2616 mortui
3388 2560 3536 2632 (Lac.
3562 2560 3768 2633 κιαι).

2156 2655 2219 2710 Et
2245 2654 2368 2725 quid
2397 2654 2679 2726 sequitur?
2710 2653 2875 2720 Deus,
2904 2654 3098 2724 inquit,
3130 2668 3237 2708 non
3265 2663 3353 2709 est
3380 2665 3772 2724 mortuorum,

2152 2748 2247 2803 sed
2276 2748 2545 2803 vivorum.
2566 2746 2734 2819 Igitur
2759 2746 3007 2817 etjustus
3028 2745 3156 2817 quid
3184 2745 3313 2801 dicit
3342 2765 3354 2799 :
3387 2745 3606 2802 Placebo
3636 2746 3769 2800 Do-

2151 2839 2290 2897 mino
2316 2842 2370 2895 in
2398 2841 2609 2913 regione
2627 2841 2881 2894 vivorum.
2906 2837 2965 2893 in
2991 2838 3211 2910 regione
3234 2838 3519 2906 Abraham,
3547 2837 3719 2895 Isaac
3747 2881 3769 2907 ,

2149 2942 2207 2990 et
2234 2933 2405 2990 Jacoh
2433 2932 2588 3007 (Luc.
2635 2934 2769 3005 ιιι-ι).
2813 2933 2927 2989 Hoc
2953 2942 3037 2989 est
3056 2977 3070 3001 ,
3100 2932 3317 3004 quando
3348 2948 3470 2989 vere
3500 2931 3662 2989 luero
3702 2933 3773 2990 in

2150 3030 2272 3083 sinu
2303 3028 2600 3096 Abraham,
2634 3037 2763 3082 tunc
2792 3026 3018 3093 placebo
3045 3026 3295 3081 Domino.

2682 3140 3008 3199 PSALMUS
3045 3141 3207 3199 CXV.

453 3240 593 3296 pene
622 3226 782 3283 eﬂ'usi
825 3236 955 3282 sunt
994 3242 1216 3299 gressus
1255 3229 1382 3282 mei.
1428 3227 1673 3283 Libet-oti
1716 3225 2048 3319 sunt‘pedes
2076 3214 2123 3280 C
2153 3238 2403 3319 Αιιειιιίοιἶ
2429 3237 2585 3319 Hunc
2614 3236 2881 3319 psalmum
2912 3235 3101 3319 quinta
3132 3242 3188 3289 et
3228 3243 3386 3319 sexta
3424 3232 3595 3319 editio
3616 3247 3771 3319 eum

456 3321 561 3374 mei
590 3335 618 3374 a
648 3320 824 3391 lapsu.
850 3320 1067 3388 Quare?
1087 3320 1221 3388 Quia
1245 3336 1511 3377 conversa
1536 3332 1624 3377 est
1648 3321 1832 3376 anima
1850 3306 1970 3376 mea
1993 3321 2047 3376 in

2223 3304 3334 3391 superioribus‘copulantiSxmmachus
3376 3319 3506 3360 vero
3544 3312 3602 3359 et
3646 3306 3775 3361 Sc-

454 3380 904 3483 roqniom'wa";
1098 3380 1127 3388 “
2225 3380 2504 3451 ptuaginta
2535 3382 2863 3450 interpretes
2892 3380 3165 3433 dividunt.

528 3502 756 3559 Plaeebo
779 3521 956 3561 coram
988 3506 1212 3562 Domino
1237 3509 1289 3561 in
1312 3509 1518 3579 regione
1543 3508 1792 3564 virorum.
1822 3506 2048 3575 Videor,
2222 3518 2454 3581 Credidi,
2480 3526 2688 3590 propter
2707 3517 2845 3589 quod
2870 3517 3071 3571 loeutus
3092 3532 3226 3571 sunt.
3244 3515 3298 3569 ln
3321 3513 3589 3569 Hebraico
3612 3528 3775 3570 cen-

457 3598 648 3668 inquit,
683 3598 998 3654 hominibus
1021 3615 1144 3656 esse
1170 3600 1369 3670 justus,
1396 3612 1566 3671 quare
1589 3616 1751 3671 opera
1779 3600 1915 3655 lanna
1940 3616 2048 3656 non
2154 3611 2377 3667 tesimus
2398 3610 2650 3664 decimus
2680 3617 2906 3679 quartus
2928 3608 3191 3678 psalmus,
3213 3616 3269 3662 et
3296 3605 3621 3662 centesimus
3638 3605 3772 3661 de.

459 3690 670 3748 habeo?
694 3692 899 3748 Videor
924 3694 1232 3749 hominibus
1262 3711 1384 3750 esse
1414 3704 1659 3759 sanctus,
1688 3710 1861 3767 quare
1884 3695 2052 3751 verba
2156 3703 2327 3759 cimus
2353 3702 2599 3771 quintus,
2633 3714 2772 3755 unus
2800 3712 2885 3755 est
2916 3700 3177 3769 psalmus.
3213 3698 3378 3769 Igitur
3405 3698 3547 3752 dixit
3579 3715 3591 3749 :
3619 3698 3776 3755 Cre-

460 3785 600 3841 bona
630 3801 741 3841 non
775 3788 985 3843 habeo?
1024 3788 1153 3843 Ha'c
1182 3788 1352 3844 David
1392 3789 1523 3845 dicit
1552 3806 1568 3844 :
1600 3788 1704 3845 hoc
1744 3792 1921 3845 sancti
1963 3789 2053 3844 di-
2155 3795 2286 3860 didi,
2316 3803 2526 3865 propter
2554 3793 2692 3863 quod
2717 3792 2918 3849 locutus
2943 3808 3078 3847 sunt.
3101 3790 3241 3859 Quid
3267 3789 3579 3846 credidisti?
3598 3792 3774 3860 quod

457 3888 618 3947 cunt,
653 3880 758 3936 hoc
790 3882 1024 3951 apostoli
1067 3882 1367 3953 loquuntur
1400 3901 1412 3935 :
1446 3891 1703 3953 peccator
1750 3882 1897 3938 enim
1935 3882 2054 3939 hac
2116 3934 2119 3937 .
2155 3889 2365 3945 locutus
2395 3887 2491 3943 es?
2520 3886 2771 3942 Psalmus
2798 3885 2949 3957 prior
2974 3886 3044 3941 ita
3072 3883 3249 3940 ﬁnivit
3274 3903 3289 3939 :
3312 3884 3771 3942 Placeboconm

460 3990 568 4030 non
613 3976 874 4047 loquitur.
908 3975 1049 4043 Quid
1093 3977 1335 4048 loquitur
1372 3978 1587 4049 justus?
1616 3979 1750 4048 Quia
1788 3980 1957 4034 verba
2000 3987 2057 4035 et

459 4081 624 4137 opera
653 4068 795 4122 bona
822 4082 933 4122 non
967 4069 1165 4135 habeo,
1199 4081 1253 4124 et
1283 4082 1503 4124 sanctus
1533 4070 1740 4135 videor,
1773 4081 1829 4125 et
1861 4069 2056 4127 laudor

459 4161 529 4216 ab
555 4160 892 4217 hominibus.
923 4163 1035 4235 Ego
1062 4175 1242 4219 autem
1274 4165 1396 4220 novi
1418 4165 1816 4221 conscientiam
1850 4181 2051 4222 meam.

460 4253 586 4308 Scio
605 4254 864 4324 qualibus
884 4256 1310 4326 cogitationibus
1333 4271 1429 4311 cor
1449 4272 1625 4314 meum
1654 4257 1880 4313 ﬂuctuat
1907 4276 1918 4311 :
1942 4258 2057 4314 scio

459 4358 678 4418 quanta:
703 4349 835 4404 mihi
862 4350 1116 4407 libidines
1138 4351 1384 4419 veniunt,
1416 4359 1474 4407 et
1499 4350 1658 4408 video
1685 4352 1848 4408 aliam
1880 4352 2055 4424 legem

460 4453 851 4513 repugnantem
882 4444 1052 4501 menti
1083 4461 1241 4514 mete,
1270 4454 1327 4502 et
1349 4447 1715 4515 captivantem
1749 4462 1836 4503 me
1856 4447 1910 4502 in
1940 4449 2057 4520 lege

462 4537 672 4607 peccati
695 4537 873 4603 (Rom.
891 4538 990 4607 vn)
1016 4557 1029 4594 :
1059 4550 1347 4610 propterea
1370 4538 1528 4595 dico:
1552 4539 1714 4596 Miser
1736 4555 1838 4611 ego
1856 4541 2050 4608 homo,

2156 3970 2387 4037 Domino
2417 3980 2470 4034 in
2509 3981 2734 4051 regione
2777 3980 3047 4034 vivorum.
3084 3979 3227 4035 Dicit
3269 3995 3400 4049 ergo
3439 3977 3715 4048 propheta
3752 3996 3772 4034 :

2156 4074 2405 4141 Credidi,
2446 4083 2658 4146 propter
2705 4073 2847 4145 quod
2885 4074 3087 4128 locutus
3122 4090 3259 4127 eum.
3299 4071 3439 4142 Quid
3496 4071 3773 4129 credidi?

2155 4165 2422 4236 Quoniam
2440 4166 2671 4236 placebo
2692 4180 2877 4220 coram
2891 4165 3129 4221 Domino
3150 4166 3205 4220 iu
3228 4165 3452 4236 regione
3475 4164 3771 4222 vivorum.

2156 4262 2273 4318 Hoc
2301 4262 2545 4326 credidi,
2577 4271 2631 4317 et
2659 4262 2761 4317 hoc
2794 4263 3009 4318 locutus
3040 4276 3185 4316 sum.
3214 4260 3356 4328 Quid
3390 4271 3566 4316 autem
3597 4259 3774 4317 lucu-

2156 4364 2243 4412 tus
2273 4354 2439 4410 sunt?
2469 4352 2585 4426 Ego
2629 4364 2807 4409 autem
2833 4352 3141 4408 [sentiuntur
3184 4371 3299 4408 sunt
3336 4353 3509 4408 nimis.
3538 4352 3589 4406 0
3628 4368 3773 4406 ω-

2155 4466 2261 4523 gna
2292 4450 2653 4520 intelligentia
2682 4449 2855 4505 divini
2912 4449 3214 4505 sermonis!
3238 4447 3491 4512 Credidi,
3540 4446 3729 4516 inquit
3752 4487 3770 4510 ,

2160 4545 2416 4615 quoniam
2457 4544 2694 4616 placebo
2736 4543 3001 4611 Domino,
3049 4544 3307 4613 quoniam
3350 4557 3446 4598 ero
3485 4540 3770 4611 angelus;

462 4628 586 4700 quis
608 4644 693 4685 me
722 4630 888 4685 libera
900 4631 978 4685 bit
996 4632 1062 4687 de
1091 4647 1322 4702 corpore
1348 4634 1549 4688 mortis
1575 4633 1740 4704 huius
1766 4631 2055 4705 (Ibidem)!
2080 4612 2137 4674 θ
2160 4612 2423 4707 quoniam
2445 4612 2542 4690 ero
2568 4636 2625 4689 in
2646 4636 2828 4701 uelis,
2854 4645 2910 4690 et
2938 4651 3045 4690 non
3072 4612 3148 4689 lui
3174 4634 3443 4704 superbus
3468 4651 3480 4686 :
3503 4650 3610 4687 non
3631 4648 3772 4689 ειιιιι

463 4722 838 4793 Etpropterea
859 4724 1013 4779 dico:
1037 4726 1119 4779 Ab
1140 4726 1368 4781 occultis
1389 4727 1528 4781 meis
1550 4727 1751 4782 munda
1779 4743 1887 4796 me,
1912 4729 2059 4785 etab
2160 4731 2372 4797 elatas,
2404 4729 2497 4785 sed
2526 4728 2854 4786 humiliatus
2895 4744 3016 4784 sam
3047 4730 3233 4784 nimis.
3258 4727 3528 4796 Quoniam
3561 4742 3666 4799 ero
3712 4729 3771 4784 in

460 4813 655 4870 alienis
682 4828 848 4885 parce
873 4830 1032 4871 servo
1059 4825 1152 4872 tuo
1170 4815 1345 4884 (Poet.
1373 4818 1550 4905 xvm).
1583 4820 1664 4875 Ab
1694 4820 1912 4876 alienis.
1941 4819 2057 4876 Non
2162 4826 2389 4896 regione
2418 4825 2686 4891 vivorum,
2713 4824 3110 4880 misericordiae
3134 4822 3350 4878 Domiad
3379 4832 3485 4878 est.
3515 4820 3630 4893 Ego
3664 4837 3776 4877 au-

458 4918 545 4963 est
575 4923 755 4963 meum
779 4908 923 4979 quod
958 4910 1220 4978 portorio.
1252 4909 1391 4965 Nolo
1417 4913 1663 4983 cogitare
1693 4914 1854 4979 mala,
1886 4923 1944 4970 et
1960 4928 2057 4969 co-

457 5003 595 5075 gito.
620 5004 758 5059 Nolo
778 5005 1023 5075 cogitare
1058 5005 1287 5073 malum,
1314 5017 1367 5061 ct
1394 5008 1551 5077 quasi
1576 5008 1776 5064 inritus
1798 5017 1855 5063 ct
1882 5009 2057 5080 capti-

460 5110 563 5150 vus
594 5096 646 5150 in
676 5096 877 5152 malam
906 5096 1298 5168 cogitationem
1331 5098 1541 5154 trahor.
1574 5099 1691 5156 Sed
1712 5103 1968 5171 quoniam
2000 5102 2055 5156 in

465 5202 580 5243 mea
606 5198 878 5258 potestate
901 5206 1007 5246 non
1032 5202 1140 5255 est,
1167 5199 1256 5245 aut
1281 5190 1550 5261 cogitare,
1572 5202 1793 5249 aut'non
1817 5196 2060 5266 cogitate

463 5296 586 5352 qnze
613 5292 740 5337 sunt
766 5284 907 5340 mala
946 5303 957 5337 :
991 5294 1277 5354 propterea
1306 5284 1456 5352 dico,
1477 5285 1657 5342 aliena
1677 5287 1903 5359 quidem
1926 5296 2059 5347 sunt

2164 4926 2272 4973 tem
2300 4918 2429 4972 novi
2452 4918 2858 4987 memetipsum,
2880 4918 3006 4987 quia
3038 4925 3184 4971 terra
3215 4924 3415 4970 sumet
3433 4913 3591 4969 ciuis.
3620 4913 3776 4970 Pro-

2166 5023 2351 5081 pterea
2382 5013 2505 5068 dico
2540 5031 2552 5065 :
2586 5011 2701 5086 Ego
2733 5022 2903 5066 autem
2933 5010 3240 5065 humiliatus
3269 5024 3385 5064 sunt
3412 5011 3585 5064 nimia.
3612 5010 3775 5076 Quid

2162 5119 2346 5166 autem
2373 5118 2459 5165 est
2486 5119 2627 5165 terra
2648 5119 2709 5163 et
2731 5104 2912 5165 cinis?

2236 5202 2352 5275 Ego
2376 5213 2549 5257 autem
2569 5202 2679 5257 dixi
2710 5204 2762 5256 in
2797 5212 3007 5257 excessu
3032 5214 3148 5257 meo
3172 5215 3191 5256 :
3216 5199 3407 5256 Omnis
3438 5200 3591 5255 homo
3611 5214 3776 5257 nien-

2160 5296 2285 5352 dum.
2322 5289 2380 5351 In
2432 5296 2854 5375 llebraolaliter
2897 5292 3082 5351 habet.
3132 5295 3243 5367 Ego
3286 5294 3400 5350 disi
3441 5297 3497 5349 tn
3544 5310 3778 5352 eam

460 5390 585 5446 quae
620 5378 842 5433 veniunt
868 5378 924 5433 in
955 5393 1057 5434 cor
1094 5393 1298 5434 meum.
1330 5378 1439 5435 Sed
1470 5382 1725 5449 quoniam
1770 5386 1925 5454 quasi
1957 5400 2056 5440 nes
2160 5406 2279 5447 meo
2308 5391 2535 5446 :Omnis
2558 5392 2711 5445 horno
2730 5391 3099 5445 mendacium:
3124 5389 3265 5459 quod
3294 5388 3530 5444 dicitur.
3560 5404 3771 5447 escas.

457 5469 687 5524 cessitas
713 5470 844 5526 mihi
874 5471 1211 5542 imponitur:
1240 5482 1525 5543 propterea
1553 5473 1698 5538 dico,
1725 5475 1808 5530 Ab
1827 5477 2059 5533 oowltis
2160 5484 2401 5542 Hacebo
2427 5484 2657 5540 Domino
2678 5484 2737 5540 in
2778 5484 3008 5556 regione
3047 5481 3295 5539 vivorum
3323 5500 3339 5536 ι
3366 5474 3469 5537 sed
3506 5490 3610 5552 ego
3644 5484 3754 5538 scit

532 5647 559 5676 ι
596 5636 855 5693 Notatum
882 5637 1220 5717 Martianmo,
1258 5638 1397 5695 hunc
1434 5639 1837 5717 mss._codicum
1866 5641 2055 5717 lectio-
2162 5660 2286 5701 cum
2314 5646 2494 5717 prima
2523 5646 2680 5703 vocis
2704 5647 2988 5717 sequentis
3017 5657 3111 5707 Μ
3135 5662 3243 5709 nea,
3272 5644 3324 5701 id
3355 5654 3460 5717 est,
3485 5646 3612 5715 quid
3645 5636 3745 5717 :59-

459 5724 583 5789 Ilcm
614 5724 737 5764 esse
779 5724 887 5789 p_r0_
919 5708 1146 5789 chosab‘.
1191 5710 1461 5789 nuntwd
1499 5709 1627 5789 editi
1667 5713 2047 5789 praeterebant,
2162 5708 2343 5789 deque
2364 5708 2921 5789 eﬂeceritilictio'nem
2948 5708 3242 5777 zecam.vel
3273 5708 3507 5785 aeoliam,
3531 5709 3744 5789 legﬂdo

452 5776 681 5863 “li-squo
718 5776 1093 5863 et'itn'peritioc
1114 5776 1475 5863 tractatorcm
1519 5783 1588 5863 bu
1614 5776 1678 5863 te:
1706 5786 2051 5863 arguit,_qui
2156 5798 2188 5849 :3
2215 5776 2382 5863 C'oph,
2405 5802 2559 5862 pro:
2582 5786 2736 5848 Beth.
2767 5788 2902 5847 Vide
2928 5791 3147 5847 admon.
3183 5798 3449 5846 nostram.

467 5850 711 5907 ultimam
760 5853 1023 5923 syllabam
1066 5854 1303 5911 numinis
1338 5861 1438 5916 ’λιιι
1476 5855 1707 5928 dum,
1747 5850 2055 5916 conitth
