4008 6336
239 301 363 361 1181

1148 292 1585 354 ΒἎΕΥΙΔΒΙΗΜ
1618 293 1688 354 ιθ
1728 292 2067 356 PSALMOS.
2110 286 2362 354 βδΑιη.
2398 286 2563 355 CXV.
2654 345 2659 350 Α

3382 298 3521 356 H83

232 415 633 486 memetipsum,
646 412 958 469 atmodum
985 412 1352 470 conditionem
1376 412 1651 484 corporis,
1680 412 1814 470 nihil
1839 417 1895 479 Α
1916 416 2145 487 gratiam
2166 414 2274 472 'Dei
2298 432 2314 471 :
2350 424 2460 472 I'Oll
2478 428 2605 471 sum
2637 417 2813 473 elatus
2847 418 2899 473 in
2924 417 3263 489 superbiam,
3296 429 3403 472 non
3432 430 3522 473 me

226 526 368 570 esse.
408 510 526 566 Non
566 518 651 567 est
680 510 834 568 αὐ.
887 509 1090 567 veritas
1142 512 1194 564 in
1249 508 1555 565 sub-tentia
1593 518 1810 578 nostra,

225 603 327 663 sed
364 604 554 659 umbra
590 611 713 670 est,
768 614 825 659 et
862 603 1019 674 quasi
1062 601 1426 659 mendacium.
1464 600 1526 657 In
1563 604 1815 659 substan-

228 699 303 755 tia
338 698 608 769 corporali
648 698 806 766 dico,
846 713 953 754 non
994 698 1057 754 in
1097 697 1300 753 anima.
1344 697 1413 753 Et
1448 697 1593 769 quod
1640 697 1813 767 dicit,

230 794 331 851 hoc
383 803 469 849 est
522 812 537 847 :
588 792 829 849 Placebit
880 792 1113 849 Domino
1169 793 1221 849 in
1270 793 1493 865 regione
1538 794 1811 851 vivorum.

228 889 337 949 Sed
368 890 622 961 Cogitant;
662 888 951 944 humanam
988 888 1160 942 vitam
1187 929 1203 957 ,
1243 897 1300 945 et
1334 876 1690 943 considerans
1727 887 1813 942 dio

232 997 413 1038 versos
462 995 687 1037 errores
717 1022 732 1046 ,
798 995 910 1035 non
976 981 1195 1036 invenio
1252 980 1535 1035 veritatem
1598 981 1650 1033 in
1713 980 1817 1035 hoc

227 1072 446 1128 mundo.
477 1071 756 1144 Siquidem
785 1087 853 1129 ex
889 1084 1040 1144 parte
1062 1072 1462 1144 cognoscimus,
1485 1080 1537 1128 et
1564 1087 1628 1127 ex
1664 1080 1815 1142 parte

230 1165 614 1237 prophetamtts
663 1165 746 1237 (Il
785 1164 908 1221 Cor.
960 1165 1069 1238 at).
1122 1166 1421 1237 Propterea
1473 1165 1593 1221 dico
1634 1184 1647 1219 :
1686 1163 1817 1221 Om-

230 1273 296 1314 ne
318 1258 463 1329 quod
500 1258 774 1329 videmus,
802 1258 1543 1330 omnequodintelligimus,
1589 1258 1813 1314 mendas

222 1352 362 1407 cium
390 1362 495 1408 est.
535 1350 819 1421 Quomodo
846 1352 1016 1424 igitur
1047 1353 1386 1409 mendacium
1419 1356 1541 1410 est?
1592 1352 1813 1409 Menda-

224 1445 361 1499 cium
416 1443 506 1500 hic
552 1445 689 1500 dixit
712 1487 727 1512 ,
774 1447 931 1517 quasi
962 1446 1233 1513 umbram,
1264 1448 1421 1519 quasi
1475 1446 1765 1519 imaginem
1797 1466 1809 1502 :

221 1537 675 1610 quemadmodum
706 1540 905 1597 dicitur
937 1541 992 1597 in
1014 1542 1122 1598 alio
1151 1542 1302 1598 loco:
1340 1522 1724 1598 Verumtamen
1758 1542 1811 1598 in

224 1630 448 1702 imagine
472 1634 806 1702 pertransiet
839 1634 1002 1689 homo
1025 1629 1203 1705 (Psal.
1231 1634 1482 1707 um").
1506 1635 1703 1690 Eadem
1732 1634 1814 1690 ἰπ-

224 1724 511 1796 telligentia
561 1735 617 1780 et
668 1742 809 1782 nunc
838 1725 1068 1783 dicitur:
1121 1728 1299 1782 omnis
1342 1727 1505 1783 homo
1553 1728 1808 1797 mendax,

1918 509 2125 565 inﬂavit
2158 509 2382 565 notitia.
2407 508 2513 566 Sed
2532 510 2664 582 quid
2696 510 2841 566 feci?
2869 509 3195 567 Humile
3210 524 3326 565 sum
3347 509 3524 566 ηἰῑκίο.

1917 603 2120 659 Tamen
2159 602 2305 674 quod
2329 603 2488 659 docui
2516 619 2796 670 sermone,
2824 604 2975 674 pomi
3000 614 3057 660 et
3082 602 3388 659 humilitate
3419 601 3521 659 do-

1916 711 2060 753 cere.
2088 697 2201 769 Ego
2228 698 2338 752 dixi
2367 698 2421 752 in
2440 678 2670 754 [excessu
2699 715 2850 754 meo:
2883 699 3065 754 Omnis
3091 699 3246 755 homo
3275 698 3519 754 utendam

1919 788 2212 858 Docebam,
2245 789 2436 861 inquit,
2469 791 2797 861 discipulum
2828 806 3028 858 meum,
3064 801 3119 847 et
3159 791 3520 847 considerans

1917 883 2430 953 contemplationem
2490 886 2798 951 ctelestem,
2826 895 2887 942 et
2930 887 3174 958 cogitans
3211 885 3515 942 diviniora:

1916 977 2163 1034 intellexi
2188 993 2354 1035 otnne
2382 978 2526 1050 quod
2572 980 2737 1035 immo
2765 967 2950 1047 novit,
2981 995 3105 1037 esse
3143 977 3511 1037 mendacium

1917 1071 2055 1141 Quid
2099 1073 2241 1128 enim
2276 1075 2520 1131 veritatis
2546 1084 2723 1147 potest
2744 1090 2868 1132 esse
2908 1077 2960 1131 in
2993 1074 3096 1131 hoc
3122 1075 3326 1132 mundo
3347 1117 3362 1143 ,
3390 1091 3515 1133 cum

1916 1164 2106 1221 umbra
2136 1166 2204 1220 sit
2233 1166 2341 1221 vita
2366 1177 2553 1224 nostra
2581 1183 2752 1240 super
2783 1169 3028 1225 terram?
3053 1167 3110 1225 Si
3136 1183 3265 1240 ergo
3289 1168 3382 1240 qui
3410 1169 3516 1224 duo

1917 1260 2005 1313 cct
2031 1258 2379 1330 discipulum,
2404 1262 2698 1317 eonlitetur
2718 1261 2860 1333 quod
2892 1261 3070 1317 omnis
3094 1261 3257 1317 homo
3283 1259 3519 1318 mendax

1916 1360 1999 1407 cst
2024 1369 2037 1406 :
2068 1363 2271 1424 quanto
2302 1352 2472 1424 magis
2494 1354 2793 1425 discipulus
2824 1370 2929 1409 non
2955 1353 3119 1410 debet
3143 1368 3203 1409 se
3225 1353 3513 1422 extollere,

1916 1456 1969 1499 et
1999 1446 2272 1502 astimare
2289 1461 2349 1501 se
2378 1446 2584 1516 aliquid
2613 1446 2774 1501 esse?

1991 1536 2130 1605 Quid
2155 1537 2432 1593 retribuam
2464 1537 2710 1608 Domina,
2759 1554 2856 1611 pro
2878 1540 3110 1595 omnibus
3138 1552 3257 1611 qua:
3277 1532 3514 1594 retribuit

1914 1631 2075 1686 mihi?
2095 1632 2365 1700 Quoniam
2395 1632 2556 1697 dixit,
2587 1631 2814 1704 placebo
2849 1630 3076 1688 Domino
3106 1633 3157 1687 in
3180 1633 3399 1705 regione
3426 1630 3515 1688 il-

1914 1743 2127 1792 vorum,
2158 1736 2218 1783 et
2247 1728 2348 1782 hoc
2380 1728 2555 1797 ipsum
2582 1726 2789 1783 credidi
2818 1771 2832 1796 ,
2882 1737 3099 1797 propter
3128 1726 3268 1797 quod
3300 1728 3514 1782 locutus

222 1818 317 1874 hoc
338 1829 440 1888 est,
465 1819 646 1877 omnis
675 1822 837 1876 homo
857 1821 1073 1878 umbra.
1106 1822 1223 1877 Hoc
1253 1832 1433 1879 autem
1464 1821 1695 1876 dicimus
1723 1837 1810 1877 sc-
1839 1824 1886 1885 Β
1913 1836 2054 1889 sum,
2101 1830 2153 1876 et
2187 1820 2501 1876 humiliatus
2532 1836 2650 1875 sum
2679 1819 2864 1885 "imis,
2894 1829 2949 1876 ct
2974 1818 3109 1885 dixi,
3137 1818 3313 1875 omnis
3346 1818 3511 1875 homo

218 1911 440 1969 eundum
466 1910 795 1972 Hebraicam
828 1916 1133 1972 veritatem.
1183 1915 1493 1989 Loquamur
1525 1923 1703 1971 autem
1748 1916 1804 1971 let

216 2006 503 2063 secundum
530 2006 892 2081 Septuaginta
918 2009 1279 2081 interpretes.
1339 2009 1491 2066 Dicat
1534 2009 1676 2064 enim
1705 2008 1807 2064 ali-

218 2100 353 2171 quis,
380 2100 520 2173 quid
549 2102 617 2158 ad
654 2119 745 2159 me
790 2102 920 2175 quid
952 2103 1219 2159 habeatur
1264 2105 1314 2159 in
1342 2104 1608 2159 Hebraico
1634 2102 1656 2156 ?
1703 2117 1808 2174 ego

219 2193 512 2250 Ecclesium
538 2209 760 2266 sequor.
802 2192 917 2268 Ego
965 2194 1078 2251 dixi
1124 2197 1175 2250 in
1200 2212 1409 2252 excessu
1437 2211 1552 2249 meo
1577 2211 1594 2249 :
1624 2192 1808 2252 Omnis

216 2287 359 2341 homo
389 2287 637 2342 mendax.
682 2287 885 2343 Verum
919 2288 1051 2344 dicit
1080 2289 1276 2353 David,
1310 2302 1376 2345 an
1423 2291 1706 2346 mentitur.
1747 2290 1805 2347 Si

215 2392 389 2438 verum
413 2392 524 2450 est,
564 2382 743 2439 omnis
772 2387 938 2439 homo
968 2383 1226 2452 mendax,
1257 2392 1311 2440 et
1337 2384 1438 2439 hoc
1467 2384 1609 2457 quod
1649 2386 1800 2455 dicit,

218 2476 371 2530 omnis
393 2476 550 2531 homo
576 2477 822 2543 mendax,
875 2488 1066 2533 votum
1098 2487 1203 2543 est,
1228 2492 1359 2549 ergo
1382 2487 1436 2533 et
1467 2475 1582 2549 ipse
1610 2480 1806 2534 menti-

214 2576 316 2641 tur,
344 2569 471 2641 quia
515 2576 572 2626 et
599 2570 715 2641 ipse
746 2571 911 2625 homo
930 2581 1037 2626 est.
1064 2570 1122 2627 Si
1172 2553 1353 2627 autem
1376 2580 1432 2626 et
1461 2571 1576 2641 ipse
1608 2572 1804 2626 menti-

214 2672 311 2730 tur,
336 2672 467 2733 δι’ςο
500 2662 604 2717 ltoc
634 2662 777 2731 quod
806 2661 970 2731 dixit,
1007 2662 1190 2719 Omnis
1224 2663 1375 2718 homo
1413 2665 1657 2731 mendax,
1690 2680 1799 2720 non

215 2766 292 2812 est
336 2770 553 2813 verum.
597 2756 957 2829 Quocumque
975 2758 1229 2826 verteris,
1262 2760 1316 2814 in
1347 2760 1680 2815 Contrarium
1715 2772 1803 2815 re-

211 2852 301 2909 nit.
337 2852 397 2906 Et
422 2852 678 2923 quoniam
708 2852 827 2923 ipse
853 2850 1014 2907 homo
1042 2862 1159 2917 est,
1193 2866 1326 2924 ergo
1356 2854 1471 2922 ipse
1505 2853 1796 2919 mentitur;

207 2944 337 3014 quod
350 2945 536 3001 omnis
554 2945 967 3001 humomendax
983 2954 1083 3000 est.
1107 2946 1247 3017 Ergo
1259 2946 1366 3000 alio
1382 2961 1582 3016 genere
1602 2947 1798 3002 menti-

210 3045 306 3091 tur.
321 3035 532 3092 Videtis
543 3044 703 3108 ergo,
719 3038 842 3109 quia
856 3038 1147 3110 syllogismi
1171 3046 1296 3093 sunt
1319 3038 1792 3109 philosoplmrum.

210 3130 439 3204 Denique
463 3131 777 3187 secandum
792 3131 935 3187 hanc
955 3133 1278 3188 sententiam
1312 3134 1513 3190 texitur
1543 3134 1792 3205 syllogis-

1922 1912 2300 1968 mcndacium.
2354 1913 2538 1969 omnis
2592 1913 2755 1969 homo
2819 1912 3047 1978 umbra,
3095 1912 3275 1968 omnis
3345 1912 3510 1969 homo

1916 2005 2138 2075 imago?
2164 2022 2264 2077 pro
2297 2005 2465 2061 tantis
2486 2006 2793 2071 beneﬁciis,
2815 2008 3015 2077 quibus
3038 2006 3268 2078 placebo
3284 2007 3512 2063 Domino

1915 2097 1965 2152 in
1997 2099 2216 2169 regione
2236 2100 2506 2164 vivorum,
2537 2097 2664 2169 quid
2691 2097 2866 2154 habeo
2894 2099 3115 2171 dignum
3149 2099 3288 2168 quod
3312 2098 3390 2154 illi
3423 2113 3511 2155 re-

1913 2193 2186 2248 tribuam?
2240 2194 2350 2264 Ego
2382 2203 2523 2249 terra
2548 2209 2694 2261 sum,
2729 2208 2829 2265 ego
2860 2193 3000 2248 cinis
3050 2208 3167 2248 sum
3196 2211 3210 2246 :
3258 2190 3511 2264 promisit

1911 2285 2065 2351 mihi,
2094 2285 2218 2356 quia
2240 2285 2472 2357 placebo
2498 2286 2576 2342 illi
2606 2287 2660 2341 iu
2691 2287 2912 2358 regione
2943 2287 3193 2343 vivorum
3219 2304 3230 2339 :
3263 2286 3391 2342 fecit
3418 2302 3508 2344 nte

1910 2380 2250 2449 magistrum.
2287 2376 2519 2445 Credidi,
2555 2389 2768 2452 propter
2807 2380 2948 2452 quod
2971 2368 3173 2435 locutus
3199 2392 3332 2434 sum.
3367 2370 3507 2447 Quid

1911 2474 2088 2529 ltabeo
2134 2473 2379 2544 dignum,
2422 2474 2564 2546 quod
2619 2475 2695 2529 illi
2730 2490 2827 2546 pro
2856 2475 3018 2529 tantis
3047 2472 3327 2530 beneﬁciis
3350 2473 3509 2528 retrio

1909 2567 2104 2623 buam?
2131 2569 2521 2641 Quodcumque
2542 2569 2619 2624 illi
2639 2568 2865 2636 dedero,
2899 2568 3071 2639 ipsius
3095 2578 3201 2629 est.
3247 2578 3299 2623 et
3330 2571 3504 2640 magis

1910 2659 1987 2714 illi
2022 2652 2399 2733 reddo'quam
2430 2661 2596 2717 dono.
2632 2662 2776 2717 Nihil
2804 2661 2953 2716 aliud
2982 2661 3156 2718 habeo
3183 2707 3197 2733 ,
3227 2661 3372 2734 quod
3402 2662 3505 2733 ipsi

1906 2759 2222 2828 retribuam,
2251 2761 2353 2816 nisi
2378 2775 2482 2832 pro
2512 2761 2629 2832 ipso
2658 2750 2973 2831 sanguinem
2998 2758 3244 2828 fundam,
3277 2760 3377 2814 nisi
3406 2774 3507 2832 pro

1904 2853 2024 2922 ipso
2053 2864 2260 2925 martyr
2290 2855 2537 2909 cxistam.
2573 2854 2699 2910 Hatc
2740 2862 2826 2910 est
2850 2854 2965 2908 sola
2997 2854 3285 2909 retributio
3313 2853 3503 2926 digna,

1904 2964 2000 3019 pro
2057 2948 2323 3020 sanguine
2374 2950 2695 3021 sanguinem
2754 2948 3104 3015 retribuere,
3183 2958 3242 3003 ut
3289 2947 3504 3007 liberati

1902 3059 1930 3098 a
1955 3043 2258 3109 Salvatore,
2290 3058 2388 3113 pro
2420 3042 2705 3098 SaIVotore
2756 3042 2993 3098 libenter
3032 3037 3348 3113 sanguinem
3379 3053 3506 3112 prm

1908 3134 2216 3190 fundamus.

208 3230 316 3279 ntus
331 3224 1441 3297 Aristmelis.Deniquetut‘liCiszLoquerc
1455 3227 1795 3284 adulterum:
1827 3219 1871 3280 C
1979 3226 2203 3282 Calicem
2228 3228 2477 3283 salutaris
2505 3228 2783 3301 accipiam,
2812 3237 2859 3283 et
2896 3244 3081 3283 nomen
3109 3227 3318 3283 Domini
3354 3228 3504 3282 inro-

206 3317 246 3370 si
261 3318 529 3386 mentiris,
549 3331 598 3374 et
627 3328 820 3375 verum
836 3319 972 3374 dicis
995 3320 1137 3391 quod
1163 3320 1412 3376 mentiris
1434 3340 1444 3373 :
1462 3334 1592 3393 ergo
1608 3322 1799 3376 menti-

206 3409 293 3464 ris.
314 3409 507 3467 Videte
534 3411 807 3483 quomodo
819 3411 877 3469 in
898 3412 1230 3469 contrarium
1260 3415 1485 3470 vertitur
1504 3417 1796 3470 sententia.

210 3501 338 3572 Quid
367 3504 514 3560 enim
544 3503 676 3560 dicit
700 3504 783 3560 :0
808 3510 869 3561 tu
901 3509 990 3576 qui
1026 3523 1237 3562 mecum
1264 3507 1507 3579 loqueris
1534 3526 1544 3561 :
1574 3511 1617 3563 si
1650 3522 1802 3563 triens

211 3597 338 3665 tiris,
374 3607 429 3653 et
451 3606 642 3653 verum
664 3598 804 3654 dicis
834 3598 939 3655 hoc
962 3598 1141 3668 ipsum
1173 3601 1314 3673 quod
1344 3604 1624 3658 mentiris:
1669 3612 1799 3672 ergo

208 3690 468 3758 mentiris,
491 3700 548 3748 et
570 3692 830 3748 ineodem
862 3700 1118 3749 sermone
1148 3697 1225 3763 lit,
1259 3705 1517 3752 utverum
1550 3698 1716 3763 dicat,
1744 3706 1799 3755 et

207 3784 515 3838 mentiatur.
545 3780 841 3853 Propterea
871 3784 1067 3840 lectum
1087 3787 1247 3843 estin
1267 3788 1529 3859 Apostoio
1549 3806 1559 3841 :
1581 3788 1794 3856 Videte,

204 3885 268 3925 ne
295 3873 411 3944 quis
440 3888 543 3930 vos
566 3874 803 3946 decipiat
824 3884 921 3949 per
951 3876 1351 3948 philosophiam
1391 3889 1445 3935 et
1475 3892 1668 3936 vanam
1700 3880 1799 3935 dc‘

203 3964 504 4034 captionem
552 3965 837 4024 hominum
867 4013 882 4037 ,
935 3971 1231 4026 secundum
1288 3973 1554 4028 elementa
1609 3973 1796 4030 mundi

202 4054 415 4127 (Colon.
454 4058 534 4131 tt).
577 4059 912 4118 Invenerunt
964 4065 1108 4119 enim
1167 4064 1469 4137 philosophi
1528 4079 1656 4122 suas
1703 4066 1794 4121 des

200 4151 476 4221 ceptiones
514 4164 585 4208 ex
624 4153 844 4227 propria
878 4165 1026 4212 arte:
1068 4159 1342 4228 quomodo
1372 4158 1425 4212 in
1455 4156 1651 4215 eodem
1680 4171 1795 4215 sert-

198 4257 375 4315 mone,
406 4253 467 4304 et
495 4256 625 4304 Vera
653 4248 778 4321 quis
825 4250 992 4315 dicat,
1024 4260 1077 4306 et
1096 4253 1420 4309 mentiatur.
1450 4254 1559 4310 Nos
1606 4266 1789 4312 autem

200 4338 441 4399 dicamus
466 4342 636 4400 David
656 4354 784 4401 vera
815 4344 1043 4414 dixisse,
1075 4348 1216 4419 quod
1246 4350 1423 4405 omnis
1453 4351 1617 4407 homo
1640 4367 1793 4408 men-

200 4430 320 4487 dux.
344 4430 619 4505 Quamdiu
670 4436 919 4494 homines
946 4446 1164 4508 sumus,
1193 4442 1520 4498 mentimur:
1573 4446 1790 4516 quando

169 4532 373 4583 .autem
430 4528 697 4587 nterimus
720 4531 835 4600 dii,
893 4532 1194 4591 desit'titnus
1227 4537 1465 4593 mentiri.
1499 4538 1598 4595 Ubi
1640 4540 1785 4595 enim

1904 3322 2050 3376 cubo.
2095 3321 2151 3376 in
2182 3321 2449 3377 llebraico
2477 3322 2548 3377 ita
2581 3321 2778 3376 habet:
2805 3319 3030 3376 Calicem
3062 3319 3193 3375 λίνεα
3223 3320 3501 3394 accipiam.

1908 3415 2019 3471 lloc
2052 3416 2226 3486 ipsum
2259 3428 2305 3471 et
2339 3416 2581 3488 Angelus
2610 3417 3017 3485 interpretatur.
3047 3417 3111 3472 Et
3137 3415 3355 3472 vocabis
3406 3431 3506 3471 no-

1902 3523 2024 3564 men
2056 3510 2172 3577 ejus
2200 3507 2386 3564 Jesum
2423 3507 2576 3579 (Luc.
2604 3506 2687 3576 t)t
2722 3512 2835 3578 ipse
2866 3508 3016 3562 enim
3063 3507 3295 3564 salvahit
3336 3522 3505 3579 popu-

1906 3603 2018 3659 lum
2066 3619 2246 3659 suum.
2279 3605 2517 3661 Cztlictlm
2569 3619 2702 3676 ergo
2739 3606 2869 3661 .lcsu
2924 3605 3214 3676 accipiam.
3247 3604 3378 3671 Quis
3421 3610 3513 3661 est

1901 3698 2002 3755 iste
2033 3700 2171 3754 calix
2205 3698 2378 3755 Jesu?
2407 3699 2586 3764 Pater,
2630 3700 2674 3754 si
2704 3700 2965 3769 possibile
2996 3709 3101 3764 est,
3128 3708 3370 3753 transvat
3404 3698 3505 3755 iste

1900 3791 2042 3846 calix
2072 3807 2098 3844 a
2130 3806 2216 3845 me
2250 3790 2405 3864 (an.
2434 3791 2589 3862 χχιι).
2625 3791 2692 3845 Et
2725 3791 2981 3861 potestis,
3019 3791 3225 3862 inquit,
3274 3789 3503 3847 calicem

1900 3900 2081 3940 meum
2130 3884 2359 3941 bibere?
2386 3886 2451 3940 Et
2490 3885 2757 3940 continuo
2784 3883 3064 3955 sequitur:
3123 3882 3357 3939 Calicem
3380 3882 3501 3952 qui-

1899 3979 2019 4036 dem
2069 3994 2249 4034 meum
2296 3978 2493 4034 bibetis
2535 3976 2753 4052 (Matth.
2781 3977 2894 4049 xx).
2930 3976 3044 4033 Hoc
3100 3988 3279 4032 autem
3333 3991 3502 4047 quare

1898 4072 2042 4129 dixi?
2074 4073 2143 4129 Ut
2184 4072 2546 4143 intelligamus
2577 4071 2801 4126 calicem
2858 4070 3127 4141 passionis
3173 4068 3497 4140 martyrium

1898 4180 2037 4223 esse.
2070 4165 2301 4223 Grandis
2330 4180 2417 4219 res
2448 4172 2531 4219 est
2578 4164 2922 4235 martyrium.
2957 4163 3247 4229 Quomodo
3276 4149 3497 4231 grandis

1895 4264 2023 4320 res?
2053 4264 2318 4332 Quoniam
2368 4261 2626 4318 retribuit
2654 4261 2885 4316 Domino
2909 4259 3053 4331 quod
3085 4258 3293 4329 accepit
3326 4274 3354 4312 a
3389 4258 3496 4313 Do-

1897 4358 2066 4413 mino.
2101 4356 2355 4414 Christus
2388 4372 2486 4428 pro
2517 4354 2640 4426 ipso
2670 4368 2861 4426 passus
2885 4365 2992 4418 est,
3022 4361 3078 4409 et
3130 4352 3220 4409 ille
3249 4368 3348 4424 pro
3400 4368 3501 4409 no-

1895 4452 2042 4507 mine
2086 4450 2254 4523 ipsius
2304 4450 2527 4520 patitur.
2558 4447 2824 4519 Quoniam
2853 4446 3091 4502 diximus
3118 4446 3260 4518 quod
3292 4455 3500 4522 martyr

1896 4544 2028 4601 nihil
2060 4545 2205 4601 aliud
2262 4544 2428 4600 habet
2465 4544 2611 4615 quod
2644 4540 2911 4597 retribuat
2942 4541 3193 4611 Domino,
3228 4550 3287 4598 et
3318 4541 3503 4598 Domi-

199 4630 320 4713 ξιιηῑ
358 4623 743 4681 aemulationes
771 4633 828 4682 et
851 4628 1233 4684 cot'ttentiones
1266 4631 1319 4685 in
1348 4632 1506 4688 vobis
1531 4672 1546 4699 ,
1604 4644 1787 4689 nonne
1817 4621 1868 4682 θ
1895 4657 1999 4699 nus
2037 4648 2318 4713 computat,
2347 4641 2425 4697 illi
2458 4656 2556 4711 pro
2582 4640 2869 4711 qualitate,
2922 4638 3178 4710 quopiam
3199 4638 3349 4696 videt
3377 4654 3500 4695 ser-

200 4708 443 4770 homines
487 4715 664 4784 estis,
717 4725 770 4773 et
814 4718 1110 4775 secundum
1167 4720 1441 4779 hominem
1497 4725 1790 4783 ambulatis

197 4800 241 4876 (Ι
256 4803 375 4861 Cor.
411 4809 534 4879 tn)?
560 4811 672 4882 Ego
696 4810 831 4881 dixi,
879 4812 952 4869 dii
974 4815 1128 4883 estis,
1154 4822 1207 4871 et
1233 4817 1327 4873 lilii
1351 4818 1548 4875 ercelsl
1575 4826 1786 4878 omnes;

201 4898 304 4957 Vos
328 4911 507 4959 autem
536 4902 677 4961 sicut
705 4905 954 4964 hutnincs
997 4911 1331 4981 moriemini,
1377 4923 1432 4970 et
1471 4916 1613 4972 sicut
1646 4912 1789 4974 unus

194 4993 264 5051 de
310 4998 646 5068 principibus
668 4994 908 5059 ‘cadetis
938 5000 1118 5071 (Paul.
1151 5009 1357 5073 Lxx'ttt).
1390 5008 1448 5067 Si
1479 5012 1600 5082 quis
1623 5013 1790 5085 igitur

216 5102 417 5146 auctus
444 5102 552 5164 est,
604 5094 749 5151 Deus
779 5094 1034 5166 efﬁcitur,
1087 5104 1140 5155 et
1170 5102 1387 5172 quando
1432 5105 1600 5159 factus
1625 5104 1789 5164 fuerit

220 5172 360 5266 lens,
382 5183 579 5241 desiuit
612 5203 734 5244 esse
758 5186 1010 5257 ltotno,et
1026 5191 1136 5263 jam
1158 5194 1439 5254 mebtitur.
1466 5198 1608 5266 Quid
1639 5203 1786 5258 enim

217 5264 319 5364 dilt
348 5284 406 5334 et
426 5281 759 5350 Apostolus?
796 5282 895 5340 Est
923 5286 1102 5343 autem
1132 5289 1310 5344 omnis
1343 5264 1505 5347 homo
1531 5294 1785 5364 mendax,

222 5358 335 5456 98‘s
360 5381 545 5430 autem
576 5378 740 5432 verax
772 5374 959 5450 (Rom.
990 5374 1100 5454 nt).
1134 5382 1561 5456 lnterprctcmur
1587 5358 1785 5446 aliter;

223 5451 406 5552 (Ere-'di
420 5505 437 5535 ,
486 5475 696 5540 prapter
716 5471 856 5540 quod
880 5451 1081 5528 locutus
1102 5490 1237 5530 sum.
1281 5451 1545 5548 Magister
1568 5481 1786 5552 quando

221 5544 365 5643 dom
399 5557 755 5630 discipulum,
788 5563 893 5618 nisi
939 5565 1090 5636 prior
1136 5567 1252 5638 ipse
1288 5544 1603 5628 crediderit
1639 5574 1784 5643 quod

223 5637 505 5706 docelnou
533 5661 712 5723 potest
739 5655 973 5713 alterum
1019 5637 1234 5718 docere.
1264 5661 1406 5719 Dicit
1432 5674 1564 5736 euge
1589 5637 1786 5737 sopri-

227 5741 697 5836 ptum-fedidisse,
770 5754 829 5803 ct
878 5748 962 5805 sic
986 5751 1151 5808 alium
1191 5753 1413 5813 docere.
1444 5756 1559 5831 Ego
1611 5772 1784 5818 autem

227 5819 492 5892 Ῐιιινηὶιίαιε
544 5852 658 5893 sum
707 5838 882 5894 nimis.
925 5842 1150 5912 Quando
1180 5857 1361 5905 autem
1393 5819 1622 5925 adeptus
1660 5868 1782 5913 sum

1893 4754 2019 4795 vum
2069 4753 2223 4794 suum
2273 4735 2405 4793 nihil
2460 4736 2604 4793 aliud
2652 4735 2856 4792 habere
2900 4735 3046 4807 quod
3098 4734 3366 4790 retribuat
3420 4733 3495 4790 ei.

1892 4833 2032 4902 Quid
2083 4833 2229 4889 enim
2276 4830 2456 4887 simile
2487 4829 2606 4887 est?
2639 4829 2782 4886 Deus
2806 4846 2907 4902 pro
2949 4828 3264 4885 hominibus
3305 4841 3499 4898 passus

1893 4934 1998 4992 est,
2034 4923 2296 4980 Dominus
2327 4939 2426 4995 pro
2447 4938 2632 4991 servo,
2660 4923 2844 4994 justus
2897 4938 3000 4995 pro
3031 4927 3338 4992 peccatore.
3363 4918 3497 4988 Quae

1894 5018 2221 5091 aequalitas?
2268 5017 2375 5075 Sed
2435 5018 2699 5090 quoniam
2732 5006 2863 5073 nihil
2913 5016 3058 5072 aliud
3093 5015 3258 5071 habet
3303 5028 3498 5071 servus

1893 5110 2037 5184 quod
2086 5109 2358 5167 retribuat
2411 5111 2675 5167 Domino:
2727 5111 2873 5166 Deus
2927 5108 3083 5179 quasi
3127 5108 3370 5162 clemens
3399 5121 3498 5177 pro

1894 5204 2088 5278 aequali
2129 5205 2329 5276 accipit
2358 5207 2703 5279 martyrium.
2728 5204 2892 5273 Quasi
2922 5202 2972 5258 si
2994 5202 3115 5273 quis
3146 5201 3297 5257 dives
3328 5216 3497 5271 pave-

1893 5300 1965 5355 rit
1993 5298 2227 5370 aliquem
2254 5312 2581 5372 pauperem:
2614 5297 2863 5354 evenerit
2882 5306 3062 5351 autem
3085 5292 3499 5350 eumdemdivi—

1895 5401 1999 5450 lem
2035 5395 2220 5449 venire
2248 5408 2370 5450 cum
2392 5408 2490 5450 sua
2516 5391 2743 5458 latnilia,
2766 5400 2823 5445 et
2835 5390 3016 5463 veniat
3041 5402 3171 5445 eatsu
3194 5390 3244 5443 in
3266 5388 3490 5445 domum

1892 5486 2147 5557 pauperis
2172 5494 2228 5542 et
2259 5501 2365 5542 non
2392 5485 2590 5540 habeat
2622 5480 2998 5552 pauper-quod
3029 5480 3104 5536 illi
3147 5491 3409 5551 apponat,
3438 5488 3496 5538 et

1894 5580 2110 5638 familia:
2133 5581 2342 5651 ipsius,
2368 5591 2425 5637 et
2451 5579 2630 5635 solum
2683 5577 2763 5633 illi
2803 5577 2967 5645 dicat,
3003 5577 3142 5633 intra
3170 5577 3223 5631 in
3269 5577 3492 5631 domum

1894 5674 2110 5731 clientis
2142 5675 2220 5731 tui
2243 5716 2259 5744 ,
2306 5682 2361 5731 et
2407 5670 2661 5730 ostendat
2686 5670 3042 5737 voluntatem,
3066 5668 3324 5740 quoniam
3350 5666 3492 5723 nihil

1893 5766 2042 5822 aliud
2074 5767 2243 5824 habet
2273 5767 2416 5839 quod
2459 5766 2590 5830 det,
2645 5773 2700 5821 et
2746 5764 2868 5836 plus
2900 5764 3066 5820 faciat
3090 5778 3318 5835 pauper,
3355 5761 3498 5816 sicut

1894 5859 1985 5916 illa
2020 5859 2175 5917 vidua
2204 5875 2325 5932 qua
2351 5860 2462 5917 duo
2491 5859 2702 5919 minuta
2721 5856 2956 5918 contulit
2988 5856 3142 5929 (Luc.
3168 5855 3306 5927 ut).
3354 5852 3497 5917 Gali-
