  <div class='ocr_page' id='page_1' title='image "/cluster/home/n/w/nwhite01/storage/ocr_20150623/26/hvd.32044015471402/597.png"; bbox 0 0 4008 6336; ppageno 0'>
   <div class='ocr_carea' id='block_1_1' title="bbox 433 3599 2124 3689">
    <p class='ocr_par' dir='ltr' id='par_1_1' title="bbox 433 3599 2124 3689">
     <span class='ocr_line' id='line_1_1' title="bbox 433 3599 2124 3689; baseline 0.011 -35"><span class='ocrx_word' id='word_1_1' title='bbox 433 3634 441 3643; x_wconf 58' lang='grc' dir='ltr'>ς</span> <span class='ocrx_word' id='word_1_2' title='bbox 529 3599 631 3658; x_wconf 84' lang='lat' dir='ltr'><strong>dis.</strong></span> <span class='ocrx_word' id='word_1_3' title='bbox 673 3603 815 3660; x_wconf 77' lang='lat' dir='ltr'><strong>Vere</strong></span> <span class='ocrx_word' id='word_1_4' title='bbox 842 3620 1057 3689; x_wconf 57' lang='lat' dir='ltr'><strong>magna;</strong></span> <span class='ocrx_word' id='word_1_5' title='bbox 1077 3606 1354 3668; x_wconf 75' lang='lat' dir='ltr'><strong>felicitatis</strong></span> <span class='ocrx_word' id='word_1_6' title='bbox 1381 3622 1484 3676; x_wconf 88' lang='lat' dir='ltr'><strong>est,</strong></span> <span class='ocrx_word' id='word_1_7' title='bbox 1508 3613 1587 3670; x_wconf 88' lang='lat' dir='ltr'><strong>ire</strong></span> <span class='ocrx_word' id='word_1_8' title='bbox 1614 3614 1682 3670; x_wconf 93' lang='lat' dir='ltr'><strong>ad</strong></span> <span class='ocrx_word' id='word_1_9' title='bbox 1711 3615 2029 3672; x_wconf 89' lang='lat' dir='ltr'><strong>Dominum:</strong></span> <span class='ocrx_word' id='word_1_10' title='bbox 2066 3626 2124 3673; x_wconf 93' lang='lat' dir='ltr'><strong>ut</strong></span> 
     </span>
    </p>
   </div>
   <div class='ocr_carea' id='block_1_2' title="bbox 432 3697 2123 3782">
    <p class='ocr_par' dir='ltr' id='par_1_2' title="bbox 432 3697 2123 3782">
     <span class='ocr_line' id='line_1_2' title="bbox 432 3697 2123 3782; baseline 0.011 -33"><span class='ocrx_word' id='word_1_11' title='bbox 432 3730 442 3738; x_wconf 63' lang='grc' dir='ltr'><em>α</em></span> <span class='ocrx_word' id='word_1_12' title='bbox 529 3709 637 3751; x_wconf 93' lang='lat' dir='ltr'><strong>non</strong></span> <span class='ocrx_word' id='word_1_13' title='bbox 691 3697 888 3757; x_wconf 97' lang='lat' dir='ltr'><strong>habeat</strong></span> <span class='ocrx_word' id='word_1_14' title='bbox 932 3703 1324 3761; x_wconf 76' lang='lat' dir='ltr'><strong>conscientiam</strong></span> <span class='ocrx_word' id='word_1_15' title='bbox 1376 3708 1737 3778; x_wconf 77' lang='lat' dir='ltr'><strong>inquinatam.</strong></span> <span class='ocrx_word' id='word_1_16' title='bbox 1781 3710 2123 3782; x_wconf 84' lang='lat' dir='ltr'><strong>Quicumque</strong></span> 
     </span>
    </p>
   </div>
   <div class='ocr_carea' id='block_1_3' title="bbox 544 282 2123 379">
    <p class='ocr_par' dir='ltr' id='par_1_3' title="bbox 544 282 2105 349">
     <span class='ocr_line' id='line_1_3' title="bbox 544 282 2105 349; baseline 0.006 -9"><span class='ocrx_word' id='word_1_17' title='bbox 544 282 683 341; x_wconf 77' lang='lat'><strong>“83</strong></span> <span class='ocrx_word' id='word_1_18' title='bbox 1338 283 1684 345; x_wconf 76' lang='lat' dir='ltr'><strong>APPENDIX</strong></span> <span class='ocrx_word' id='word_1_19' title='bbox 1727 289 1821 346; x_wconf 84' lang='grc' dir='ltr'><strong>ΑΙ)</strong></span> <span class='ocrx_word' id='word_1_20' title='bbox 1856 288 2105 349; x_wconf 76' lang='lat' dir='ltr'><strong>TOMUM</strong></span> 
     </span>
    </p>
   </div>
   <div class='ocr_carea' id='block_1_4' title="bbox 2223 282 3767 379">
    <p class='ocr_par' dir='ltr' id='par_1_4' title="bbox 2223 293 3767 379">
     <span class='ocr_line' id='line_1_4' title="bbox 2223 293 3767 379; baseline 0.017 -30"><span class='ocrx_word' id='word_1_21' title='bbox 2223 293 2497 354; x_wconf 71' lang='lat' dir='ltr'><strong>IPTIMUM</strong></span> <span class='ocrx_word' id='word_1_22' title='bbox 2535 297 2594 355; x_wconf 91' lang='lat' dir='ltr'><strong>S.</strong></span> <span class='ocrx_word' id='word_1_23' title='bbox 2638 294 3051 359; x_wconf 73' lang='lat' dir='ltr'><strong>HIERONYMI.</strong></span> <span class='ocrx_word' id='word_1_24' title='bbox 3661 317 3767 379; x_wconf 71' lang='lat' dir='ltr'><strong>“Si</strong></span> 
     </span>
    </p>
   </div>
   <div class='ocr_carea' id='block_1_5' title="bbox 539 400 3772 502">
    <p class='ocr_par' dir='ltr' id='par_1_5' title="bbox 539 400 3772 502">
     <span class='ocr_line' id='line_1_5' title="bbox 539 400 3772 502; baseline 0.013 -47"><span class='ocrx_word' id='word_1_25' title='bbox 539 414 648 455; x_wconf 81' lang='lat' dir='ltr'><strong>cem</strong></span> <span class='ocrx_word' id='word_1_26' title='bbox 677 400 948 470; x_wconf 83' lang='lat' dir='ltr'><strong>salutaris,</strong></span> <span class='ocrx_word' id='word_1_27' title='bbox 973 400 1227 469; x_wconf 82' lang='lat' dir='ltr'><strong>autJesu,</strong></span> <span class='ocrx_word' id='word_1_28' title='bbox 1258 404 1531 475; x_wconf 83' lang='lat' dir='ltr'><strong>accipiam.</strong></span> <span class='ocrx_word' id='word_1_29' title='bbox 1566 404 1633 462; x_wconf 83' lang='lat' dir='ltr'><strong>Et</strong></span> <span class='ocrx_word' id='word_1_30' title='bbox 1662 405 1766 464; x_wconf 90' lang='lat' dir='ltr'><strong>hoc</strong></span> <span class='ocrx_word' id='word_1_31' title='bbox 1795 407 1970 480; x_wconf 91' lang='lat' dir='ltr'><strong>ipsum</strong></span> <span class='ocrx_word' id='word_1_32' title='bbox 1999 425 2143 466; x_wconf 88' lang='lat' dir='ltr'><strong>mar-</strong></span> <span class='ocrx_word' id='word_1_33' title='bbox 2166 412 2221 476; x_wconf 73' lang='grc' dir='ltr'>Α</span> <span class='ocrx_word' id='word_1_34' title='bbox 2247 412 2360 484; x_wconf 81' lang='lat' dir='ltr'><strong>puli</strong></span> <span class='ocrx_word' id='word_1_35' title='bbox 2383 418 2518 489; x_wconf 75' lang='lat' dir='ltr'><strong>ejus.</strong></span> <span class='ocrx_word' id='word_1_36' title='bbox 2549 415 2682 486; x_wconf 65' lang='lat' dir='ltr'><strong>Quae</strong></span> <span class='ocrx_word' id='word_1_37' title='bbox 2708 427 2836 474; x_wconf 87' lang='lat' dir='ltr'><strong>sunt</strong></span> <span class='ocrx_word' id='word_1_38' title='bbox 2874 423 3155 501; x_wconf 77' lang='lat' dir='ltr'><strong>orationes</strong></span> <span class='ocrx_word' id='word_1_39' title='bbox 3178 430 3509 499; x_wconf 78' lang='lat' dir='ltr'><strong>martyrum?</strong></span> <span class='ocrx_word' id='word_1_40' title='bbox 3533 432 3650 502; x_wconf 77' lang='lat' dir='ltr'><strong>Qute</strong></span> <span class='ocrx_word' id='word_1_41' title='bbox 3670 451 3772 499; x_wconf 90' lang='lat' dir='ltr'><strong>sunt</strong></span> 
     </span>
    </p>
   </div>
   <div class='ocr_carea' id='block_1_6' title="bbox 546 493 3774 591">
    <p class='ocr_par' dir='ltr' id='par_1_6' title="bbox 546 493 3774 591">
     <span class='ocr_line' id='line_1_6' title="bbox 546 493 3774 591; baseline 0.012 -43"><span class='ocrx_word' id='word_1_42' title='bbox 546 493 772 567; x_wconf 89' lang='lat' dir='ltr'><strong>tyrium,</strong></span> <span class='ocrx_word' id='word_1_43' title='bbox 804 494 999 566; x_wconf 89' lang='lat' dir='ltr'><strong>inquit,</strong></span> <span class='ocrx_word' id='word_1_44' title='bbox 1032 510 1139 550; x_wconf 91' lang='lat' dir='ltr'><strong>non</strong></span> <span class='ocrx_word' id='word_1_45' title='bbox 1187 504 1274 552; x_wconf 88' lang='lat' dir='ltr'><strong>est</strong></span> <span class='ocrx_word' id='word_1_46' title='bbox 1326 512 1463 553; x_wconf 74' lang='lat' dir='ltr'><strong>mete</strong></span> <span class='ocrx_word' id='word_1_47' title='bbox 1510 498 1748 570; x_wconf 85' lang='lat' dir='ltr'><strong>virtutis,</strong></span> <span class='ocrx_word' id='word_1_48' title='bbox 1806 501 1902 557; x_wconf 88' lang='lat' dir='ltr'><strong>sed</strong></span> <span class='ocrx_word' id='word_1_49' title='bbox 1954 504 2142 573; x_wconf 62' lang='lat' dir='ltr'><strong>gratia:</strong></span> <span class='ocrx_word' id='word_1_50' title='bbox 2218 507 2522 564; x_wconf 88' lang='lat' dir='ltr'><strong>.orationes</strong></span> <span class='ocrx_word' id='word_1_51' title='bbox 2550 514 2909 569; x_wconf 86' lang='lat' dir='ltr'><strong>sanctorum?</strong></span> <span class='ocrx_word' id='word_1_52' title='bbox 2935 493 3176 584; x_wconf 80' lang='lat' dir='ltr'><strong>&#39;I‘encbo,</strong></span> <span class='ocrx_word' id='word_1_53' title='bbox 3211 493 3403 591; x_wconf 80' lang='lat' dir='ltr'><strong>inquit,</strong></span> <span class='ocrx_word' id='word_1_54' title='bbox 3426 532 3476 578; x_wconf 88' lang='lat' dir='ltr'><strong>et</strong></span> <span class='ocrx_word' id='word_1_55' title='bbox 3501 493 3598 582; x_wconf 66' lang='lat' dir='ltr'><strong>an</strong></span> <span class='ocrx_word' id='word_1_56' title='bbox 3624 493 3774 588; x_wconf 54' lang='lat' dir='ltr'><strong>omni</strong></span> 
     </span>
    </p>
   </div>
   <div class='ocr_carea' id='block_1_7' title="bbox 543 586 3773 685">
    <p class='ocr_par' dir='ltr' id='par_1_7' title="bbox 543 586 3773 685">
     <span class='ocr_line' id='line_1_7' title="bbox 543 586 3773 685; baseline 0.011 -44"><span class='ocrx_word' id='word_1_57' title='bbox 543 586 660 643; x_wconf 86' lang='lat' dir='ltr'><strong>Dei.</strong></span> <span class='ocrx_word' id='word_1_58' title='bbox 694 587 994 658; x_wconf 79' lang='lat' dir='ltr'><strong>Propterea</strong></span> <span class='ocrx_word' id='word_1_59' title='bbox 1027 602 1133 643; x_wconf 90' lang='lat' dir='ltr'><strong>non</strong></span> <span class='ocrx_word' id='word_1_60' title='bbox 1165 603 1385 659; x_wconf 87' lang='lat' dir='ltr'><strong>possum</strong></span> <span class='ocrx_word' id='word_1_61' title='bbox 1414 604 1539 647; x_wconf 89' lang='lat' dir='ltr'><strong>eum</strong></span> <span class='ocrx_word' id='word_1_62' title='bbox 1572 591 1782 661; x_wconf 88' lang='lat' dir='ltr'><strong>bibere,</strong></span> <span class='ocrx_word' id='word_1_63' title='bbox 1807 592 1914 677; x_wconf 84' lang='lat' dir='ltr'><strong>nisi</strong></span> <span class='ocrx_word' id='word_1_64' title='bbox 1943 610 2139 652; x_wconf 86' lang='lat' dir='ltr'><strong>nomen</strong></span> <span class='ocrx_word' id='word_1_65' title='bbox 2247 606 2353 654; x_wconf 89' lang='lat' dir='ltr'><strong>tam</strong></span> <span class='ocrx_word' id='word_1_66' title='bbox 2388 610 2458 656; x_wconf 89' lang='lat' dir='ltr'><strong>te.</strong></span> <span class='ocrx_word' id='word_1_67' title='bbox 2492 601 2771 674; x_wconf 84' lang='lat' dir='ltr'><strong>Adoraho,</strong></span> <span class='ocrx_word' id='word_1_68' title='bbox 2807 606 3001 685; x_wconf 84' lang='lat' dir='ltr'><strong>inquit,</strong></span> <span class='ocrx_word' id='word_1_69' title='bbox 3041 586 3353 679; x_wconf 80' lang='lat' dir='ltr'><strong>Dominum,</strong></span> <span class='ocrx_word' id='word_1_70' title='bbox 3383 629 3533 683; x_wconf 87' lang='lat' dir='ltr'><strong>quem</strong></span> <span class='ocrx_word' id='word_1_71' title='bbox 3563 618 3609 673; x_wconf 92' lang='lat' dir='ltr'><strong>in</strong></span> <span class='ocrx_word' id='word_1_72' title='bbox 3630 586 3773 679; x_wconf 58' lang='lat' dir='ltr'><strong>Evoti.</strong></span> 
     </span>
    </p>
   </div>
   <div class='ocr_carea' id='block_1_8' title="bbox 538 674 3773 773">
    <p class='ocr_par' dir='ltr' id='par_1_8' title="bbox 538 674 3773 773">
     <span class='ocr_line' id='line_1_8' title="bbox 538 674 3773 773; baseline 0.012 -38"><span class='ocrx_word' id='word_1_73' title='bbox 538 678 756 736; x_wconf 82' lang='lat' dir='ltr'><strong>Domini</strong></span> <span class='ocrx_word' id='word_1_74' title='bbox 796 680 1147 739; x_wconf 88' lang='lat' dir='ltr'><strong>invocavero.</strong></span> <span class='ocrx_word' id='word_1_75' title='bbox 1188 682 1348 742; x_wconf 85' lang='lat' dir='ltr'><strong>Jesus</strong></span> <span class='ocrx_word' id='word_1_76' title='bbox 1393 685 1565 742; x_wconf 88' lang='lat' dir='ltr'><strong>vincit</strong></span> <span class='ocrx_word' id='word_1_77' title='bbox 1591 729 1606 756; x_wconf 92' lang='lat'><strong>,</strong></span> <span class='ocrx_word' id='word_1_78' title='bbox 1657 688 1711 743; x_wconf 91' lang='lat' dir='ltr'><strong>in</strong></span> <span class='ocrx_word' id='word_1_79' title='bbox 1743 674 1847 745; x_wconf 87' lang='lat' dir='ltr'><strong>suo</strong></span> <span class='ocrx_word' id='word_1_80' title='bbox 1899 701 2140 764; x_wconf 84' lang='lat' dir='ltr'><strong>martyre</strong></span> <span class='ocrx_word' id='word_1_81' title='bbox 2242 691 2385 762; x_wconf 84' lang='lat' dir='ltr'><strong>gelio</strong></span> <span class='ocrx_word' id='word_1_82' title='bbox 2408 693 2614 765; x_wconf 84' lang='lat' dir='ltr'><strong>legens,</strong></span> <span class='ocrx_word' id='word_1_83' title='bbox 2641 704 2696 751; x_wconf 88' lang='lat' dir='ltr'><strong>et</strong></span> <span class='ocrx_word' id='word_1_84' title='bbox 2725 682 3009 755; x_wconf 85' lang='lat' dir='ltr'><strong>inveniens</strong></span> <span class='ocrx_word' id='word_1_85' title='bbox 3037 701 3466 761; x_wconf 79' lang='lat' dir='ltr'><strong>cruciﬁxumzin</strong></span> <span class='ocrx_word' id='word_1_86' title='bbox 3487 709 3624 766; x_wconf 74' lang='lat' dir='ltr'><strong>ctelis</strong></span> <span class='ocrx_word' id='word_1_87' title='bbox 3648 714 3773 773; x_wconf 86' lang='lat' dir='ltr'><strong>video</strong></span> 
     </span>
    </p>
   </div>
   <div class='ocr_carea' id='block_1_9' title="bbox 540 786 3775 876">
    <p class='ocr_par' dir='ltr' id='par_1_9' title="bbox 540 786 3775 876">
     <span class='ocr_line' id='line_1_9' title="bbox 540 786 3775 876; baseline 0.011 -51"><span class='ocrx_word' id='word_1_88' title='bbox 540 786 856 834; x_wconf 84' lang='lat' dir='ltr'><strong>coronatur.</strong></span> <span class='ocrx_word' id='word_1_89' title='bbox 2240 795 2559 855; x_wconf 80' lang='lat' dir='ltr'><strong>regnantem</strong></span> <span class='ocrx_word' id='word_1_90' title='bbox 2604 803 2727 844; x_wconf 92' lang='lat' dir='ltr'><strong>cum</strong></span> <span class='ocrx_word' id='word_1_91' title='bbox 2781 791 3015 862; x_wconf 84' lang='lat' dir='ltr'><strong>angelis.</strong></span> <span class='ocrx_word' id='word_1_92' title='bbox 3046 791 3115 847; x_wconf 86' lang='lat' dir='ltr'><strong>In</strong></span> <span class='ocrx_word' id='word_1_93' title='bbox 3155 806 3430 869; x_wconf 85' lang='lat' dir='ltr'><strong>conspectu</strong></span> <span class='ocrx_word' id='word_1_94' title='bbox 3451 804 3602 857; x_wconf 80' lang='lat' dir='ltr'><strong>omnis</strong></span> <span class='ocrx_word' id='word_1_95' title='bbox 3630 808 3775 876; x_wconf 74' lang='lat' dir='ltr'><strong>populi</strong></span> 
     </span>
    </p>
   </div>
   <div class='ocr_carea' id='block_1_10' title="bbox 544 869 3773 969">
    <p class='ocr_par' dir='ltr' id='par_1_10' title="bbox 544 869 3773 969">
     <span class='ocr_line' id='line_1_10' title="bbox 544 869 3773 969; baseline 0.009 -45"><span class='ocrx_word' id='word_1_96' title='bbox 544 881 553 885; x_wconf 85' lang='lat'><strong>&#39;</strong></span> <span class='ocrx_word' id='word_1_97' title='bbox 613 869 855 928; x_wconf 83' lang='lat' dir='ltr'><strong>Pretiosa</strong></span> <span class='ocrx_word' id='word_1_98' title='bbox 877 874 931 928; x_wconf 89' lang='lat' dir='ltr'><strong>in</strong></span> <span class='ocrx_word' id='word_1_99' title='bbox 961 884 1232 945; x_wconf 81' lang='lat' dir='ltr'><strong>conspectu</strong></span> <span class='ocrx_word' id='word_1_100' title='bbox 1266 873 1480 930; x_wconf 80' lang='lat' dir='ltr'><strong>Domini</strong></span> <span class='ocrx_word' id='word_1_101' title='bbox 1509 893 1648 934; x_wconf 90' lang='lat' dir='ltr'><strong>mors</strong></span> <span class='ocrx_word' id='word_1_102' title='bbox 1677 887 1973 934; x_wconf 82' lang='lat' dir='ltr'><strong>sanctorum</strong></span> <span class='ocrx_word' id='word_1_103' title='bbox 2000 880 2134 952; x_wconf 90' lang='lat' dir='ltr'><strong>ejus.</strong></span> <span class='ocrx_word' id='word_1_104' title='bbox 2238 870 2379 949; x_wconf 75' lang='lat' dir='ltr'><strong>ejus.</strong></span> <span class='ocrx_word' id='word_1_105' title='bbox 2415 876 2608 935; x_wconf 89' lang='lat' dir='ltr'><strong>Coram</strong></span> <span class='ocrx_word' id='word_1_106' title='bbox 2647 882 2797 937; x_wconf 90' lang='lat' dir='ltr'><strong>omni</strong></span> <span class='ocrx_word' id='word_1_107' title='bbox 2846 893 2991 940; x_wconf 69' lang='lat' dir='ltr'><strong>coetu</strong></span> <span class='ocrx_word' id='word_1_108' title='bbox 3027 896 3365 944; x_wconf 87' lang='lat' dir='ltr'><strong>sanctorum.</strong></span> <span class='ocrx_word' id='word_1_109' title='bbox 3410 889 3475 946; x_wconf 88' lang='lat' dir='ltr'><strong>In</strong></span> <span class='ocrx_word' id='word_1_110' title='bbox 3512 895 3655 951; x_wconf 84' lang='lat' dir='ltr'><strong>medio</strong></span> <span class='ocrx_word' id='word_1_111' title='bbox 3697 902 3773 969; x_wconf 77' lang='lat' dir='ltr'><strong>tui,</strong></span> 
     </span>
    </p>
   </div>
   <div class='ocr_carea' id='block_1_11' title="bbox 541 960 3777 1055">
    <p class='ocr_par' dir='ltr' id='par_1_11' title="bbox 541 960 3777 1055">
     <span class='ocr_line' id='line_1_11' title="bbox 541 960 3777 1055; baseline 0.007 -34"><span class='ocrx_word' id='word_1_112' title='bbox 541 963 931 1038; x_wconf 82' lang='lat' dir='ltr'><strong>Respondeant</strong></span> <span class='ocrx_word' id='word_1_113' title='bbox 954 984 1096 1025; x_wconf 92' lang='lat' dir='ltr'><strong>nunc</strong></span> <span class='ocrx_word' id='word_1_114' title='bbox 1116 969 1287 1027; x_wconf 82' lang='lat' dir='ltr'><strong>Judaei</strong></span> <span class='ocrx_word' id='word_1_115' title='bbox 1309 960 1603 1042; x_wconf 80' lang='lat' dir='ltr'><strong>:quoniam</strong></span> <span class='ocrx_word' id='word_1_116' title='bbox 1631 987 1793 1029; x_wconf 91' lang='lat' dir='ltr'><strong>omne</strong></span> <span class='ocrx_word' id='word_1_117' title='bbox 1812 988 2011 1046; x_wconf 88' lang='lat' dir='ltr'><strong>corpus</strong></span> <span class='ocrx_word' id='word_1_118' title='bbox 2041 973 2140 1029; x_wconf 88' lang='lat' dir='ltr'><strong>hu-</strong></span> <span class='ocrx_word' id='word_1_119' title='bbox 2239 967 2557 1027; x_wconf 62' lang='lat' dir='ltr'><strong>larualem.</strong></span> <span class='ocrx_word' id='word_1_120' title='bbox 2587 972 2761 1043; x_wconf 88' lang='lat' dir='ltr'><strong>Ipsius</strong></span> <span class='ocrx_word' id='word_1_121' title='bbox 2790 976 3032 1035; x_wconf 78' lang='lat' dir='ltr'><strong>ctelestis</strong></span> <span class='ocrx_word' id='word_1_122' title='bbox 3079 980 3332 1050; x_wconf 79' lang='lat' dir='ltr'><strong>civitatis,</strong></span> <span class='ocrx_word' id='word_1_123' title='bbox 3364 999 3480 1055; x_wconf 70' lang='lat' dir='ltr'><strong>qua:</strong></span> <span class='ocrx_word' id='word_1_124' title='bbox 3524 998 3597 1042; x_wconf 90' lang='lat' dir='ltr'><strong>est</strong></span> <span class='ocrx_word' id='word_1_125' title='bbox 3640 1001 3777 1049; x_wconf 81' lang='lat' dir='ltr'><strong>mater</strong></span> 
     </span>
    </p>
   </div>
   <div class='ocr_carea' id='block_1_12' title="bbox 536 1061 3773 1144">
    <p class='ocr_par' dir='ltr' id='par_1_12' title="bbox 536 1061 3773 1144">
     <span class='ocr_line' id='line_1_12' title="bbox 536 1061 3773 1144; baseline 0.007 -29"><span class='ocrx_word' id='word_1_126' title='bbox 536 1074 756 1116; x_wconf 90' lang='lat' dir='ltr'><strong>manum</strong></span> <span class='ocrx_word' id='word_1_127' title='bbox 787 1061 974 1118; x_wconf 92' lang='lat' dir='ltr'><strong>dicunt</strong></span> <span class='ocrx_word' id='word_1_128' title='bbox 1001 1077 1126 1120; x_wconf 90' lang='lat' dir='ltr'><strong>esse</strong></span> <span class='ocrx_word' id='word_1_129' title='bbox 1152 1063 1493 1120; x_wconf 88' lang='lat' dir='ltr'><strong>immundum</strong></span> <span class='ocrx_word' id='word_1_130' title='bbox 1534 1065 1591 1121; x_wconf 92' lang='lat' dir='ltr'><strong>in</strong></span> <span class='ocrx_word' id='word_1_131' title='bbox 1640 1066 1777 1138; x_wconf 81' lang='lat' dir='ltr'><strong>lege.</strong></span> <span class='ocrx_word' id='word_1_132' title='bbox 1814 1065 2060 1139; x_wconf 85' lang='lat' dir='ltr'><strong>Denique</strong></span> <span class='ocrx_word' id='word_1_133' title='bbox 2088 1069 2137 1124; x_wconf 89' lang='lat' dir='ltr'><strong>si</strong></span> <span class='ocrx_word' id='word_1_134' title='bbox 2241 1074 2466 1121; x_wconf 89' lang='lat' dir='ltr'><strong>nostra:</strong></span> <span class='ocrx_word' id='word_1_135' title='bbox 2523 1068 2681 1139; x_wconf 84' lang='lat' dir='ltr'><strong>cujus</strong></span> <span class='ocrx_word' id='word_1_136' title='bbox 2716 1068 2828 1141; x_wconf 88' lang='lat' dir='ltr'><strong>jam</strong></span> <span class='ocrx_word' id='word_1_137' title='bbox 2883 1073 3031 1129; x_wconf 89' lang='lat' dir='ltr'><strong>cives</strong></span> <span class='ocrx_word' id='word_1_138' title='bbox 3075 1085 3131 1130; x_wconf 89' lang='lat' dir='ltr'><strong>et</strong></span> <span class='ocrx_word' id='word_1_139' title='bbox 3162 1075 3441 1135; x_wconf 90' lang='lat' dir='ltr'><strong>domestici</strong></span> <span class='ocrx_word' id='word_1_140' title='bbox 3469 1079 3773 1144; x_wconf 83' lang='lat' dir='ltr'><strong>factisutnus.</strong></span> 
     </span>
    </p>
   </div>
   <div class='ocr_carea' id='block_1_13' title="bbox 538 1154 3776 1252">
    <p class='ocr_par' dir='ltr' id='par_1_13' title="bbox 538 1154 3776 1252">
     <span class='ocr_line' id='line_1_13' title="bbox 538 1154 3776 1252; baseline 0.008 -43"><span class='ocrx_word' id='word_1_141' title='bbox 538 1154 661 1225; x_wconf 87' lang='lat' dir='ltr'><strong>quis</strong></span> <span class='ocrx_word' id='word_1_142' title='bbox 680 1155 941 1211; x_wconf 85' lang='lat' dir='ltr'><strong>moriatur</strong></span> <span class='ocrx_word' id='word_1_143' title='bbox 970 1157 1110 1227; x_wconf 88' lang='lat' dir='ltr'><strong>apud</strong></span> <span class='ocrx_word' id='word_1_144' title='bbox 1133 1156 1377 1226; x_wconf 68' lang='lat' dir='ltr'><strong>Iudaeos,</strong></span> <span class='ocrx_word' id='word_1_145' title='bbox 1407 1158 1524 1215; x_wconf 86' lang='lat' dir='ltr'><strong>sive</strong></span> <span class='ocrx_word' id='word_1_146' title='bbox 1548 1159 1838 1231; x_wconf 83' lang='lat' dir='ltr'><strong>propheta,</strong></span> <span class='ocrx_word' id='word_1_147' title='bbox 1864 1162 1979 1219; x_wconf 84' lang='lat' dir='ltr'><strong>sive</strong></span> <span class='ocrx_word' id='word_1_148' title='bbox 2008 1177 2139 1234; x_wconf 83' lang='lat' dir='ltr'><strong>qua-</strong></span> <span class='ocrx_word' id='word_1_149' title='bbox 2237 1157 2342 1215; x_wconf 89' lang='lat' dir='ltr'><strong>Per</strong></span> <span class='ocrx_word' id='word_1_150' title='bbox 2377 1159 2550 1233; x_wconf 89' lang='lat' dir='ltr'><strong>ipsum</strong></span> <span class='ocrx_word' id='word_1_151' title='bbox 2584 1163 2866 1220; x_wconf 89' lang='lat' dir='ltr'><strong>Dominum</strong></span> <span class='ocrx_word' id='word_1_152' title='bbox 2921 1177 3168 1225; x_wconf 91' lang='lat' dir='ltr'><strong>nostrum</strong></span> <span class='ocrx_word' id='word_1_153' title='bbox 3196 1170 3381 1227; x_wconf 81' lang='lat' dir='ltr'><strong>Iesum</strong></span> <span class='ocrx_word' id='word_1_154' title='bbox 3406 1172 3677 1245; x_wconf 69' lang='lat' dir='ltr'><strong>Christum,</strong></span> <span class='ocrx_word' id='word_1_155' title='bbox 3701 1183 3776 1252; x_wconf 87' lang='lat' dir='ltr'><strong>qui</strong></span> 
     </span>
    </p>
   </div>
   <div class='ocr_carea' id='block_1_14' title="bbox 538 1248 3779 1337">
    <p class='ocr_par' dir='ltr' id='par_1_14' title="bbox 538 1248 3779 1337">
     <span class='ocr_line' id='line_1_14' title="bbox 538 1248 3779 1337; baseline 0.008 -33"><span class='ocrx_word' id='word_1_156' title='bbox 538 1248 841 1322; x_wconf 89' lang='lat' dir='ltr'><strong>liscumque</strong></span> <span class='ocrx_word' id='word_1_157' title='bbox 869 1261 1105 1320; x_wconf 89' lang='lat' dir='ltr'><strong>sanctus,</strong></span> <span class='ocrx_word' id='word_1_158' title='bbox 1132 1254 1178 1308; x_wconf 86' lang='lat' dir='ltr'><strong>si</strong></span> <span class='ocrx_word' id='word_1_159' title='bbox 1202 1254 1329 1325; x_wconf 90' lang='lat' dir='ltr'><strong>quis</strong></span> <span class='ocrx_word' id='word_1_160' title='bbox 1353 1271 1476 1310; x_wconf 90' lang='lat' dir='ltr'><strong>eum</strong></span> <span class='ocrx_word' id='word_1_161' title='bbox 1508 1258 1749 1329; x_wconf 79' lang='lat' dir='ltr'><strong>tetigerit</strong></span> <span class='ocrx_word' id='word_1_162' title='bbox 1769 1257 1930 1313; x_wconf 91' lang='lat' dir='ltr'><strong>etiam</strong></span> <span class='ocrx_word' id='word_1_163' title='bbox 1955 1254 2138 1314; x_wconf 85' lang='lat' dir='ltr'><strong>saccr-</strong></span> <span class='ocrx_word' id='word_1_164' title='bbox 2236 1264 2321 1311; x_wconf 90' lang='lat' dir='ltr'><strong>est</strong></span> <span class='ocrx_word' id='word_1_165' title='bbox 2351 1273 2451 1326; x_wconf 80' lang='lat' dir='ltr'><strong>pax</strong></span> <span class='ocrx_word' id='word_1_166' title='bbox 2484 1265 2689 1314; x_wconf 89' lang='lat' dir='ltr'><strong>nostra.</strong></span> <span class='ocrx_word' id='word_1_167' title='bbox 2714 1260 2819 1330; x_wconf 88' lang='lat' dir='ltr'><strong>Qui</strong></span> <span class='ocrx_word' id='word_1_168' title='bbox 2849 1263 3006 1319; x_wconf 90' lang='lat' dir='ltr'><strong>nobis</strong></span> <span class='ocrx_word' id='word_1_169' title='bbox 3033 1270 3299 1334; x_wconf 63' lang='lat' dir='ltr'><strong>praestare</strong></span> <span class='ocrx_word' id='word_1_170' title='bbox 3313 1266 3571 1337; x_wconf 79' lang='lat' dir='ltr'><strong>dignetur,</strong></span> <span class='ocrx_word' id='word_1_171' title='bbox 3592 1279 3647 1325; x_wconf 87' lang='lat' dir='ltr'><strong>ut</strong></span> <span class='ocrx_word' id='word_1_172' title='bbox 3666 1248 3779 1329; x_wconf 81' lang='lat' dir='ltr'><strong>com-</strong></span> 
     </span>
    </p>
   </div>
   <div class='ocr_carea' id='block_1_15' title="bbox 538 1343 3781 1434">
    <p class='ocr_par' dir='ltr' id='par_1_15' title="bbox 538 1343 3781 1434">
     <span class='ocr_line' id='line_1_15' title="bbox 538 1343 3781 1434; baseline 0.007 -35"><span class='ocrx_word' id='word_1_173' title='bbox 538 1343 661 1413; x_wconf 91' lang='lat' dir='ltr'><strong>dos,</strong></span> <span class='ocrx_word' id='word_1_174' title='bbox 684 1360 855 1417; x_wconf 82' lang='lat' dir='ltr'><strong>usque</strong></span> <span class='ocrx_word' id='word_1_175' title='bbox 883 1346 949 1401; x_wconf 92' lang='lat' dir='ltr'><strong>ad</strong></span> <span class='ocrx_word' id='word_1_176' title='bbox 979 1362 1260 1418; x_wconf 85' lang='lat' dir='ltr'><strong>vesperam</strong></span> <span class='ocrx_word' id='word_1_177' title='bbox 1295 1349 1606 1407; x_wconf 86' lang='lat' dir='ltr'><strong>immundus</strong></span> <span class='ocrx_word' id='word_1_178' title='bbox 1637 1359 1723 1407; x_wconf 90' lang='lat' dir='ltr'><strong>est</strong></span> <span class='ocrx_word' id='word_1_179' title='bbox 1747 1351 1934 1424; x_wconf 80' lang='lat' dir='ltr'><strong>(Leuit.</strong></span> <span class='ocrx_word' id='word_1_180' title='bbox 1963 1369 2058 1409; x_wconf 76' lang='lat' dir='ltr'><strong>xix</strong></span> <span class='ocrx_word' id='word_1_181' title='bbox 2087 1362 2135 1408; x_wconf 82' lang='lat' dir='ltr'><strong>et</strong></span> <span class='ocrx_word' id='word_1_182' title='bbox 2236 1366 2427 1423; x_wconf 88' lang='lat' dir='ltr'><strong>presso</strong></span> <span class='ocrx_word' id='word_1_183' title='bbox 2448 1353 2595 1409; x_wconf 88' lang='lat' dir='ltr'><strong>bello</strong></span> <span class='ocrx_word' id='word_1_184' title='bbox 2615 1357 2923 1423; x_wconf 90' lang='lat' dir='ltr'><strong>carnali,ac</strong></span> <span class='ocrx_word' id='word_1_185' title='bbox 2936 1358 3219 1415; x_wconf 84' lang='lat' dir='ltr'><strong>charitatis</strong></span> <span class='ocrx_word' id='word_1_186' title='bbox 3244 1375 3356 1415; x_wconf 84' lang='lat' dir='ltr'><strong>suae</strong></span> <span class='ocrx_word' id='word_1_187' title='bbox 3387 1361 3539 1417; x_wconf 89' lang='lat' dir='ltr'><strong>nobis</strong></span> <span class='ocrx_word' id='word_1_188' title='bbox 3566 1377 3679 1434; x_wconf 85' lang='lat' dir='ltr'><strong>pace</strong></span> <span class='ocrx_word' id='word_1_189' title='bbox 3696 1365 3781 1421; x_wconf 85' lang='lat' dir='ltr'><strong>lar-</strong></span> 
     </span>
    </p>
   </div>
   <div class='ocr_carea' id='block_1_16' title="bbox 539 1438 3780 1521">
    <p class='ocr_par' dir='ltr' id='par_1_16' title="bbox 539 1438 3780 1521">
     <span class='ocr_line' id='line_1_16' title="bbox 539 1438 3780 1521; baseline 0.007 -29"><span class='ocrx_word' id='word_1_190' title='bbox 539 1438 677 1510; x_wconf 69' lang='lat' dir='ltr'><strong>xxx).</strong></span> <span class='ocrx_word' id='word_1_191' title='bbox 713 1439 825 1495; x_wconf 86' lang='lat' dir='ltr'><strong>Hoc</strong></span> <span class='ocrx_word' id='word_1_192' title='bbox 854 1441 1153 1496; x_wconf 88' lang='lat' dir='ltr'><strong>secundum</strong></span> <span class='ocrx_word' id='word_1_193' title='bbox 1185 1440 1425 1499; x_wconf 82' lang='lat' dir='ltr'><strong>litteram</strong></span> <span class='ocrx_word' id='word_1_194' title='bbox 1459 1445 1510 1498; x_wconf 93' lang='lat' dir='ltr'><strong>in</strong></span> <span class='ocrx_word' id='word_1_195' title='bbox 1556 1444 1672 1517; x_wconf 89' lang='lat' dir='ltr'><strong>lege</strong></span> <span class='ocrx_word' id='word_1_196' title='bbox 1720 1444 1982 1515; x_wconf 86' lang='lat' dir='ltr'><strong>scriptum</strong></span> <span class='ocrx_word' id='word_1_197' title='bbox 2026 1457 2132 1503; x_wconf 90' lang='lat' dir='ltr'><strong>est.</strong></span> <span class='ocrx_word' id='word_1_198' title='bbox 2234 1445 2381 1516; x_wconf 88' lang='lat' dir='ltr'><strong>gita:</strong></span> <span class='ocrx_word' id='word_1_199' title='bbox 2440 1446 2642 1519; x_wconf 91' lang='lat' dir='ltr'><strong>ﬁliique</strong></span> <span class='ocrx_word' id='word_1_200' title='bbox 2685 1447 2863 1505; x_wconf 81' lang='lat' dir='ltr'><strong>eﬁ‘ecti</strong></span> <span class='ocrx_word' id='word_1_201' title='bbox 2902 1451 2954 1505; x_wconf 93' lang='lat' dir='ltr'><strong>in</strong></span> <span class='ocrx_word' id='word_1_202' title='bbox 2990 1449 3293 1508; x_wconf 85' lang='lat' dir='ltr'><strong>Jerusalem</strong></span> <span class='ocrx_word' id='word_1_203' title='bbox 3341 1454 3578 1521; x_wconf 70' lang='lat' dir='ltr'><strong>cmlesti,</strong></span> <span class='ocrx_word' id='word_1_204' title='bbox 3616 1460 3780 1514; x_wconf 86' lang='lat' dir='ltr'><strong>sanctis</strong></span> 
     </span>
    </p>
   </div>
   <div class='ocr_carea' id='block_1_17' title="bbox 537 1530 3781 1638">
    <p class='ocr_par' dir='ltr' id='par_1_17' title="bbox 537 1530 3781 1638">
     <span class='ocr_line' id='line_1_17' title="bbox 537 1530 3781 1638; baseline 0.005 -51"><span class='ocrx_word' id='word_1_205' title='bbox 537 1530 794 1590; x_wconf 83' lang='lat' dir='ltr'><strong>Dicamus</strong></span> <span class='ocrx_word' id='word_1_206' title='bbox 847 1534 987 1590; x_wconf 89' lang='lat' dir='ltr'><strong>illis:</strong></span> <span class='ocrx_word' id='word_1_207' title='bbox 1041 1535 1097 1593; x_wconf 88' lang='lat' dir='ltr'><strong>Si</strong></span> <span class='ocrx_word' id='word_1_208' title='bbox 1130 1538 1331 1594; x_wconf 88' lang='lat' dir='ltr'><strong>mortui</strong></span> <span class='ocrx_word' id='word_1_209' title='bbox 1382 1553 1582 1609; x_wconf 90' lang='lat' dir='ltr'><strong>corpus</strong></span> <span class='ocrx_word' id='word_1_210' title='bbox 1632 1540 1970 1599; x_wconf 89' lang='lat' dir='ltr'><strong>immundum</strong></span> <span class='ocrx_word' id='word_1_211' title='bbox 2023 1553 2131 1611; x_wconf 78' lang='lat' dir='ltr'><strong>est,</strong></span> <span class='ocrx_word' id='word_1_212' title='bbox 2236 1537 2350 1594; x_wconf 88' lang='lat' dir='ltr'><strong>suis</strong></span> <span class='ocrx_word' id='word_1_213' title='bbox 2381 1554 2695 1595; x_wconf 89' lang='lat' dir='ltr'><strong>mereamur</strong></span> <span class='ocrx_word' id='word_1_214' title='bbox 2722 1540 2940 1614; x_wconf 88' lang='lat' dir='ltr'><strong>adjuugi</strong></span> <span class='ocrx_word' id='word_1_215' title='bbox 2976 1558 3074 1614; x_wconf 91' lang='lat' dir='ltr'><strong>pro</strong></span> <span class='ocrx_word' id='word_1_216' title='bbox 3100 1545 3331 1600; x_wconf 88' lang='lat' dir='ltr'><strong>meritis.</strong></span> <span class='ocrx_word' id='word_1_217' title='bbox 3379 1545 3481 1616; x_wconf 86' lang='lat' dir='ltr'><strong>Ipsi</strong></span> <span class='ocrx_word' id='word_1_218' title='bbox 3506 1548 3663 1617; x_wconf 91' lang='lat' dir='ltr'><strong>gloria</strong></span> <span class='ocrx_word' id='word_1_219' title='bbox 3680 1564 3781 1638; x_wconf 78' lang='lat' dir='ltr'><strong>cum</strong></span> 
     </span>
    </p>
   </div>
   <div class='ocr_carea' id='block_1_18' title="bbox 538 1629 2123 1711">
    <p class='ocr_par' dir='ltr' id='par_1_18' title="bbox 538 1629 2123 1710">
     <span class='ocr_line' id='line_1_18' title="bbox 538 1629 2123 1710; baseline 0.008 -28"><span class='ocrx_word' id='word_1_220' title='bbox 538 1629 810 1699; x_wconf 86' lang='lat' dir='ltr'><strong>quomodo</strong></span> <span class='ocrx_word' id='word_1_221' title='bbox 855 1645 999 1686; x_wconf 93' lang='lat' dir='ltr'><strong>nunc</strong></span> <span class='ocrx_word' id='word_1_222' title='bbox 1049 1631 1285 1688; x_wconf 89' lang='lat' dir='ltr'><strong>dicitur:</strong></span> <span class='ocrx_word' id='word_1_223' title='bbox 1343 1631 1579 1691; x_wconf 78' lang='lat' dir='ltr'><strong>Pretiosa</strong></span> <span class='ocrx_word' id='word_1_224' title='bbox 1611 1636 1666 1692; x_wconf 88' lang='lat' dir='ltr'><strong>in</strong></span> <span class='ocrx_word' id='word_1_225' title='bbox 1718 1648 1994 1710; x_wconf 76' lang='lat' dir='ltr'><strong>conspectu</strong></span> <span class='ocrx_word' id='word_1_226' title='bbox 2025 1636 2123 1694; x_wconf 91' lang='lat' dir='ltr'><strong>Do-</strong></span> 
     </span>
    </p>
   </div>
   <div class='ocr_carea' id='block_1_19' title="bbox 2223 1629 3778 1711">
    <p class='ocr_par' dir='ltr' id='par_1_19' title="bbox 2234 1629 3778 1711">
     <span class='ocr_line' id='line_1_19' title="bbox 2234 1629 3778 1711; baseline 0.006 -26"><span class='ocrx_word' id='word_1_227' title='bbox 2234 1639 2444 1711; x_wconf 78' lang='lat' dir='ltr'><strong>teterno</strong></span> <span class='ocrx_word' id='word_1_228' title='bbox 2471 1632 2632 1689; x_wconf 83' lang='lat' dir='ltr'><strong>Patre</strong></span> <span class='ocrx_word' id='word_1_229' title='bbox 2650 1632 2924 1706; x_wconf 89' lang='lat' dir='ltr'><strong>etSpiritu</strong></span> <span class='ocrx_word' id='word_1_230' title='bbox 2954 1643 3147 1691; x_wconf 89' lang='lat' dir='ltr'><strong>sancto</strong></span> <span class='ocrx_word' id='word_1_231' title='bbox 3174 1634 3228 1690; x_wconf 90' lang='lat' dir='ltr'><strong>in</strong></span> <span class='ocrx_word' id='word_1_232' title='bbox 3259 1636 3459 1693; x_wconf 69' lang='lat' dir='ltr'><strong>saecula</strong></span> <span class='ocrx_word' id='word_1_233' title='bbox 3486 1629 3778 1696; x_wconf 60' lang='lat' dir='ltr'><strong>saeculorum.</strong></span> 
     </span>
    </p>
   </div>
   <div class='ocr_carea' id='block_1_20' title="bbox 536 1722 2429 1805">
    <p class='ocr_par' dir='ltr' id='par_1_20' title="bbox 536 1722 2429 1805">
     <span class='ocr_line' id='line_1_20' title="bbox 536 1722 2429 1805; baseline 0.011 -31"><span class='ocrx_word' id='word_1_234' title='bbox 536 1722 664 1776; x_wconf 84' lang='lat' dir='ltr'><strong>mini</strong></span> <span class='ocrx_word' id='word_1_235' title='bbox 703 1739 840 1778; x_wconf 85' lang='lat' dir='ltr'><strong>mors</strong></span> <span class='ocrx_word' id='word_1_236' title='bbox 883 1735 1193 1805; x_wconf 72' lang='lat' dir='ltr'><strong>sanctorum</strong></span> <span class='ocrx_word' id='word_1_237' title='bbox 1219 1728 1371 1799; x_wconf 83' lang='lat' dir='ltr'><strong>ejus?</strong></span> <span class='ocrx_word' id='word_1_238' title='bbox 1400 1727 1460 1785; x_wconf 88' lang='lat' dir='ltr'><strong>Si</strong></span> <span class='ocrx_word' id='word_1_239' title='bbox 1491 1732 1782 1800; x_wconf 87' lang='lat' dir='ltr'><strong>pretiosum</strong></span> <span class='ocrx_word' id='word_1_240' title='bbox 1814 1742 1897 1788; x_wconf 88' lang='lat' dir='ltr'><strong>est</strong></span> <span class='ocrx_word' id='word_1_241' title='bbox 1927 1748 2131 1805; x_wconf 81' lang='lat' dir='ltr'><strong>corpus</strong></span> <span class='ocrx_word' id='word_1_242' title='bbox 2234 1725 2429 1782; x_wconf 74' lang='grc' dir='ltr'><strong>Αωεη·</strong></span> 
     </span>
    </p>
   </div>
   <div class='ocr_carea' id='block_1_21' title="bbox 536 1812 2208 1900">
    <p class='ocr_par' dir='ltr' id='par_1_21' title="bbox 536 1812 2208 1900">
     <span class='ocr_line' id='line_1_21' title="bbox 536 1812 2208 1900; baseline 0.01 -31"><span class='ocrx_word' id='word_1_243' title='bbox 536 1816 707 1871; x_wconf 87' lang='lat' dir='ltr'><strong>sancti</strong></span> <span class='ocrx_word' id='word_1_244' title='bbox 732 1816 1043 1887; x_wconf 82' lang='lat' dir='ltr'><strong>morientis,</strong></span> <span class='ocrx_word' id='word_1_245' title='bbox 1071 1821 1344 1892; x_wconf 89' lang='lat' dir='ltr'><strong>quomodo</strong></span> <span class='ocrx_word' id='word_1_246' title='bbox 1373 1823 1707 1881; x_wconf 88' lang='lat' dir='ltr'><strong>immundum</strong></span> <span class='ocrx_word' id='word_1_247' title='bbox 1724 1827 1839 1882; x_wconf 84' lang='lat' dir='ltr'><strong>est?</strong></span> <span class='ocrx_word' id='word_1_248' title='bbox 1868 1826 2013 1900; x_wconf 86' lang='lat' dir='ltr'><strong>Ergo</strong></span> <span class='ocrx_word' id='word_1_249' title='bbox 2043 1828 2129 1885; x_wconf 91' lang='lat' dir='ltr'><strong>hic</strong></span> <span class='ocrx_word' id='word_1_250' title='bbox 2163 1812 2208 1874; x_wconf 77' lang='grc' dir='ltr'><strong>Β</strong></span> 
     </span>
    </p>
   </div>
   <div class='ocr_carea' id='block_1_22' title="bbox 462 1906 1946 1990">
    <p class='ocr_par' dir='ltr' id='par_1_22' title="bbox 462 1906 1946 1990">
     <span class='ocr_line' id='line_1_22' title="bbox 462 1906 1946 1990; baseline 0.011 -29"><span class='ocrx_word' id='word_1_251' title='bbox 462 1982 465 1983; x_wconf 14' lang='grc' dir='ltr'><em>ν</em></span> <span class='ocrx_word' id='word_1_252' title='bbox 537 1906 606 1963; x_wconf 87' lang='lat' dir='ltr'><strong>de</strong></span> <span class='ocrx_word' id='word_1_253' title='bbox 628 1910 956 1981; x_wconf 83' lang='lat' dir='ltr'><strong>evangelista</strong></span> <span class='ocrx_word' id='word_1_254' title='bbox 984 1911 1205 1985; x_wconf 91' lang='lat' dir='ltr'><strong>dicitur,</strong></span> <span class='ocrx_word' id='word_1_255' title='bbox 1239 1914 1309 1971; x_wconf 93' lang='lat' dir='ltr'><strong>de</strong></span> <span class='ocrx_word' id='word_1_256' title='bbox 1340 1925 1576 1990; x_wconf 88' lang='lat' dir='ltr'><strong>martyre</strong></span> <span class='ocrx_word' id='word_1_257' title='bbox 1600 1918 1946 1989; x_wconf 79' lang='lat' dir='ltr'><strong>praedicatur.</strong></span> 
     </span>
    </p>
   </div>
   <div class='ocr_carea' id='block_1_23' title="bbox 534 2000 2130 2083">
    <p class='ocr_par' dir='ltr' id='par_1_23' title="bbox 534 2000 2130 2083">
     <span class='ocr_line' id='line_1_23' title="bbox 534 2000 2130 2083; baseline 0.01 -29"><span class='ocrx_word' id='word_1_258' title='bbox 534 2017 544 2030; x_wconf 58' lang='grc' dir='ltr'>ε</span> <span class='ocrx_word' id='word_1_259' title='bbox 609 2000 655 2055; x_wconf 86' lang='lat'><em>0</em></span> <span class='ocrx_word' id='word_1_260' title='bbox 676 2001 912 2073; x_wconf 83' lang='lat' dir='ltr'><strong>Domine,</strong></span> <span class='ocrx_word' id='word_1_261' title='bbox 940 2007 1062 2077; x_wconf 86' lang='lat' dir='ltr'><strong>quia</strong></span> <span class='ocrx_word' id='word_1_262' title='bbox 1088 2023 1179 2080; x_wconf 80' lang='lat' dir='ltr'><strong>ego</strong></span> <span class='ocrx_word' id='word_1_263' title='bbox 1207 2024 1385 2063; x_wconf 83' lang='lat' dir='ltr'><strong>servus</strong></span> <span class='ocrx_word' id='word_1_264' title='bbox 1416 2017 1537 2065; x_wconf 80' lang='lat' dir='ltr'><strong>tuus</strong></span> <span class='ocrx_word' id='word_1_265' title='bbox 1559 2026 1576 2064; x_wconf 92' lang='lat'><strong><em>:</em></strong></span> <span class='ocrx_word' id='word_1_266' title='bbox 1600 2028 1692 2083; x_wconf 78' lang='lat' dir='ltr'><strong>ego</strong></span> <span class='ocrx_word' id='word_1_267' title='bbox 1714 2029 1888 2067; x_wconf 81' lang='lat' dir='ltr'><strong>servus</strong></span> <span class='ocrx_word' id='word_1_268' title='bbox 1920 2023 2062 2082; x_wconf 85' lang='lat' dir='ltr'><strong>tuus,</strong></span> <span class='ocrx_word' id='word_1_269' title='bbox 2083 2026 2130 2070; x_wconf 84' lang='lat' dir='ltr'><strong>et</strong></span> 
     </span>
    </p>
   </div>
   <div class='ocr_carea' id='block_1_24' title="bbox 532 2094 2129 2181">
    <p class='ocr_par' dir='ltr' id='par_1_24' title="bbox 532 2094 2129 2181">
     <span class='ocr_line' id='line_1_24' title="bbox 532 2094 2129 2181; baseline 0.013 -32"><span class='ocrx_word' id='word_1_270' title='bbox 532 2094 677 2167; x_wconf 80' lang='lat' dir='ltr'><strong>ﬁlius</strong></span> <span class='ocrx_word' id='word_1_271' title='bbox 716 2099 923 2155; x_wconf 74' lang='lat' dir='ltr'><strong>ancillw</strong></span> <span class='ocrx_word' id='word_1_272' title='bbox 967 2110 1085 2179; x_wconf 76' lang='lat' dir='ltr'><strong>tum.</strong></span> <span class='ocrx_word' id='word_1_273' title='bbox 1136 2102 1205 2158; x_wconf 83' lang='lat' dir='ltr'><strong>Et</strong></span> <span class='ocrx_word' id='word_1_274' title='bbox 1230 2103 1340 2174; x_wconf 84' lang='lat' dir='ltr'><strong>jam</strong></span> <span class='ocrx_word' id='word_1_275' title='bbox 1365 2104 1475 2161; x_wconf 80' lang='lat' dir='ltr'><strong>dixi</strong></span> <span class='ocrx_word' id='word_1_276' title='bbox 1508 2107 1560 2162; x_wconf 90' lang='lat' dir='ltr'><strong>in</strong></span> <span class='ocrx_word' id='word_1_277' title='bbox 1607 2109 1910 2166; x_wconf 89' lang='lat' dir='ltr'><strong>centesimo</strong></span> <span class='ocrx_word' id='word_1_278' title='bbox 1938 2121 2129 2181; x_wconf 86' lang='lat' dir='ltr'><strong>quarto</strong></span> 
     </span>
    </p>
   </div>
   <div class='ocr_carea' id='block_1_25' title="bbox 534 2186 2126 2267">
    <p class='ocr_par' dir='ltr' id='par_1_25' title="bbox 534 2186 2126 2267">
     <span class='ocr_line' id='line_1_25' title="bbox 534 2186 2126 2267; baseline 0.013 -24"><span class='ocrx_word' id='word_1_279' title='bbox 534 2186 750 2246; x_wconf 88' lang='lat' dir='ltr'><strong>decimo</strong></span> <span class='ocrx_word' id='word_1_280' title='bbox 767 2192 996 2263; x_wconf 85' lang='lat' dir='ltr'><strong>psalmo,</strong></span> <span class='ocrx_word' id='word_1_281' title='bbox 1021 2197 1109 2251; x_wconf 91' lang='lat' dir='ltr'><strong>ubi</strong></span> <span class='ocrx_word' id='word_1_282' title='bbox 1133 2195 1298 2255; x_wconf 82' lang='lat' dir='ltr'><strong>habet</strong></span> <span class='ocrx_word' id='word_1_283' title='bbox 1318 2216 1331 2254; x_wconf 89' lang='lat'><strong>:</strong></span> <span class='ocrx_word' id='word_1_284' title='bbox 1351 2198 1396 2256; x_wconf 88' lang='grc' dir='ltr'><strong>Ο</strong></span> <span class='ocrx_word' id='word_1_285' title='bbox 1418 2199 1665 2267; x_wconf 83' lang='lat' dir='ltr'><strong>Domine,</strong></span> <span class='ocrx_word' id='word_1_286' title='bbox 1694 2203 1865 2261; x_wconf 82' lang='lat' dir='ltr'><strong>libera</strong></span> <span class='ocrx_word' id='word_1_287' title='bbox 1890 2206 2126 2263; x_wconf 88' lang='lat' dir='ltr'><strong>animam</strong></span> 
     </span>
    </p>
   </div>
   <div class='ocr_carea' id='block_1_26' title="bbox 535 2286 2128 2373">
    <p class='ocr_par' dir='ltr' id='par_1_26' title="bbox 535 2286 2128 2373">
     <span class='ocr_line' id='line_1_26' title="bbox 535 2286 2128 2373; baseline 0.011 -33"><span class='ocrx_word' id='word_1_288' title='bbox 535 2286 710 2341; x_wconf 74' lang='lat' dir='ltr'><strong>&#39;meam</strong></span> <span class='ocrx_word' id='word_1_289' title='bbox 738 2328 753 2353; x_wconf 93' lang='lat'><strong>,</strong></span> <span class='ocrx_word' id='word_1_290' title='bbox 784 2288 928 2358; x_wconf 90' lang='lat' dir='ltr'><strong>quod</strong></span> <span class='ocrx_word' id='word_1_291' title='bbox 958 2290 1010 2345; x_wconf 92' lang='lat' dir='ltr'><strong>in</strong></span> <span class='ocrx_word' id='word_1_292' title='bbox 1044 2290 1309 2349; x_wconf 83' lang='lat' dir='ltr'><strong>Hebraico</strong></span> <span class='ocrx_word' id='word_1_293' title='bbox 1338 2293 1531 2352; x_wconf 85' lang='lat' dir='ltr'><strong>habet:</strong></span> <span class='ocrx_word' id='word_1_294' title='bbox 1577 2313 1719 2355; x_wconf 61' lang='lat' dir='ltr'><strong>sum</strong></span> <span class='ocrx_word' id='word_1_295' title='bbox 1743 2299 1763 2371; x_wconf 93' lang='lat'><strong>(</strong></span> <span class='ocrx_word' id='word_1_296' title='bbox 1783 2300 1951 2372; x_wconf 64' lang='grc' dir='ltr'><strong>ωδε).</strong></span> <span class='ocrx_word' id='word_1_297' title='bbox 1982 2300 2128 2373; x_wconf 85' lang='lat' dir='ltr'><strong>quod</strong></span> 
     </span>
    </p>
   </div>
   <div class='ocr_carea' id='block_1_27' title="bbox 535 2377 2126 2463">
    <p class='ocr_par' dir='ltr' id='par_1_27' title="bbox 535 2377 2126 2463">
     <span class='ocr_line' id='line_1_27' title="bbox 535 2377 2126 2463; baseline 0.011 -27"><span class='ocrx_word' id='word_1_298' title='bbox 535 2377 927 2452; x_wconf 89' lang='lat' dir='ltr'><strong>interpretatur</strong></span> <span class='ocrx_word' id='word_1_299' title='bbox 954 2402 1109 2459; x_wconf 88' lang='lat' dir='ltr'><strong>rogo,</strong></span> <span class='ocrx_word' id='word_1_300' title='bbox 1156 2396 1246 2443; x_wconf 88' lang='lat' dir='ltr'><strong>aut</strong></span> <span class='ocrx_word' id='word_1_301' title='bbox 1269 2390 1531 2463; x_wconf 82' lang='lat' dir='ltr'><strong>deprecor.</strong></span> <span class='ocrx_word' id='word_1_302' title='bbox 1564 2393 1632 2448; x_wconf 86' lang='lat' dir='ltr'><strong>Et</strong></span> <span class='ocrx_word' id='word_1_303' title='bbox 1662 2393 1747 2450; x_wconf 92' lang='lat' dir='ltr'><strong>hic</strong></span> <span class='ocrx_word' id='word_1_304' title='bbox 1780 2396 1851 2451; x_wconf 90' lang='lat' dir='ltr'><strong>ita</strong></span> <span class='ocrx_word' id='word_1_305' title='bbox 1882 2395 2046 2453; x_wconf 86' lang='lat' dir='ltr'><strong>habet</strong></span> <span class='ocrx_word' id='word_1_306' title='bbox 2073 2396 2126 2453; x_wconf 94' lang='lat' dir='ltr'><strong>in</strong></span> 
     </span>
    </p>
   </div>
   <div class='ocr_carea' id='block_1_28' title="bbox 531 2472 2127 2564">
    <p class='ocr_par' dir='ltr' id='par_1_28' title="bbox 531 2472 2127 2564">
     <span class='ocr_line' id='line_1_28' title="bbox 531 2472 2127 2564; baseline 0.011 -34"><span class='ocrx_word' id='word_1_307' title='bbox 531 2472 836 2533; x_wconf 88' lang='lat' dir='ltr'><strong>Ilebraico:</strong></span> <span class='ocrx_word' id='word_1_308' title='bbox 887 2478 1059 2552; x_wconf 85' lang='lat' dir='ltr'><strong>Rogo,</strong></span> <span class='ocrx_word' id='word_1_309' title='bbox 1108 2482 1361 2541; x_wconf 91' lang='lat' dir='ltr'><strong>Domine:</strong></span> <span class='ocrx_word' id='word_1_310' title='bbox 1394 2489 1514 2558; x_wconf 82' lang='lat' dir='ltr'><strong>quia</strong></span> <span class='ocrx_word' id='word_1_311' title='bbox 1538 2504 1630 2560; x_wconf 81' lang='lat' dir='ltr'><strong>ego</strong></span> <span class='ocrx_word' id='word_1_312' title='bbox 1658 2505 1833 2544; x_wconf 81' lang='lat' dir='ltr'><strong>servus</strong></span> <span class='ocrx_word' id='word_1_313' title='bbox 1864 2497 2005 2555; x_wconf 82' lang='lat' dir='ltr'><strong>tuus,</strong></span> <span class='ocrx_word' id='word_1_314' title='bbox 2036 2508 2127 2564; x_wconf 86' lang='lat' dir='ltr'><strong>ego</strong></span> 
     </span>
    </p>
   </div>
   <div class='ocr_carea' id='block_1_29' title="bbox 531 2572 2123 2653">
    <p class='ocr_par' dir='ltr' id='par_1_29' title="bbox 531 2572 2123 2653">
     <span class='ocr_line' id='line_1_29' title="bbox 531 2572 2123 2653; baseline 0.012 -29"><span class='ocrx_word' id='word_1_315' title='bbox 531 2586 708 2625; x_wconf 81' lang='lat' dir='ltr'><strong>servas</strong></span> <span class='ocrx_word' id='word_1_316' title='bbox 756 2580 899 2628; x_wconf 85' lang='lat' dir='ltr'><strong>tuus.</strong></span> <span class='ocrx_word' id='word_1_317' title='bbox 960 2572 1181 2631; x_wconf 86' lang='lat' dir='ltr'><strong>Videtur</strong></span> <span class='ocrx_word' id='word_1_318' title='bbox 1204 2575 1528 2635; x_wconf 87' lang='lat' dir='ltr'><strong>humilitatis</strong></span> <span class='ocrx_word' id='word_1_319' title='bbox 1555 2596 1677 2638; x_wconf 88' lang='lat' dir='ltr'><strong>esse</strong></span> <span class='ocrx_word' id='word_1_320' title='bbox 1720 2582 1861 2653; x_wconf 89' lang='lat' dir='ltr'><strong>quod</strong></span> <span class='ocrx_word' id='word_1_321' title='bbox 1904 2582 2123 2644; x_wconf 90' lang='lat' dir='ltr'><strong>dicitur.</strong></span> 
     </span>
    </p>
   </div>
   <div class='ocr_carea' id='block_1_30' title="bbox 530 2662 2123 2749">
    <p class='ocr_par' dir='ltr' id='par_1_30' title="bbox 530 2662 2123 2749">
     <span class='ocr_line' id='line_1_30' title="bbox 530 2662 2123 2749; baseline 0.01 -30"><span class='ocrx_word' id='word_1_322' title='bbox 530 2662 764 2721; x_wconf 87' lang='lat' dir='ltr'><strong>Grandis</strong></span> <span class='ocrx_word' id='word_1_323' title='bbox 793 2666 1075 2738; x_wconf 84' lang='lat' dir='ltr'><strong>dignitatis</strong></span> <span class='ocrx_word' id='word_1_324' title='bbox 1096 2681 1273 2738; x_wconf 87' lang='lat' dir='ltr'><strong>est,et</strong></span> <span class='ocrx_word' id='word_1_325' title='bbox 1296 2674 1475 2730; x_wconf 90' lang='lat' dir='ltr'><strong>meriti</strong></span> <span class='ocrx_word' id='word_1_326' title='bbox 1502 2690 1627 2732; x_wconf 89' lang='lat' dir='ltr'><strong>esse</strong></span> <span class='ocrx_word' id='word_1_327' title='bbox 1652 2692 1868 2734; x_wconf 90' lang='lat' dir='ltr'><strong>servum</strong></span> <span class='ocrx_word' id='word_1_328' title='bbox 1885 2678 2123 2749; x_wconf 85' lang='lat' dir='ltr'><strong>Domini,</strong></span> 
     </span>
    </p>
   </div>
   <div class='ocr_carea' id='block_1_31' title="bbox 530 2763 2128 2843">
    <p class='ocr_par' dir='ltr' id='par_1_31' title="bbox 530 2763 2128 2843">
     <span class='ocr_line' id='line_1_31' title="bbox 530 2763 2128 2843; baseline 0.011 -30"><span class='ocrx_word' id='word_1_329' title='bbox 530 2763 584 2813; x_wconf 72' lang='grc' dir='ltr'>ει</span> <span class='ocrx_word' id='word_1_330' title='bbox 617 2774 725 2813; x_wconf 91' lang='lat' dir='ltr'><strong>non</strong></span> <span class='ocrx_word' id='word_1_331' title='bbox 769 2774 986 2817; x_wconf 90' lang='lat' dir='ltr'><strong>servum</strong></span> <span class='ocrx_word' id='word_1_332' title='bbox 1014 2765 1241 2833; x_wconf 85' lang='lat' dir='ltr'><strong>peccati.</strong></span> <span class='ocrx_word' id='word_1_333' title='bbox 1273 2765 1409 2835; x_wconf 86' lang='lat' dir='ltr'><strong>Quia</strong></span> <span class='ocrx_word' id='word_1_334' title='bbox 1435 2784 1541 2823; x_wconf 92' lang='lat' dir='ltr'><strong>non</strong></span> <span class='ocrx_word' id='word_1_335' title='bbox 1575 2768 1768 2837; x_wconf 81' lang='lat' dir='ltr'><strong>habeo,</strong></span> <span class='ocrx_word' id='word_1_336' title='bbox 1804 2773 1997 2843; x_wconf 90' lang='lat' dir='ltr'><strong>inquit,</strong></span> <span class='ocrx_word' id='word_1_337' title='bbox 2029 2773 2128 2830; x_wconf 84' lang='lat' dir='ltr'><strong>do-</strong></span> 
     </span>
    </p>
   </div>
   <div class='ocr_carea' id='block_1_32' title="bbox 527 2850 2127 2936">
    <p class='ocr_par' dir='ltr' id='par_1_32' title="bbox 527 2850 2127 2936">
     <span class='ocr_line' id='line_1_32' title="bbox 527 2850 2127 2936; baseline 0.011 -32"><span class='ocrx_word' id='word_1_338' title='bbox 527 2850 732 2907; x_wconf 90' lang='lat' dir='ltr'><strong>minum</strong></span> <span class='ocrx_word' id='word_1_339' title='bbox 777 2852 1076 2925; x_wconf 88' lang='lat' dir='ltr'><strong>hominem,</strong></span> <span class='ocrx_word' id='word_1_340' title='bbox 1110 2859 1231 2930; x_wconf 88' lang='lat' dir='ltr'><strong>quia</strong></span> <span class='ocrx_word' id='word_1_341' title='bbox 1267 2876 1372 2915; x_wconf 93' lang='lat' dir='ltr'><strong>non</strong></span> <span class='ocrx_word' id='word_1_342' title='bbox 1425 2860 1602 2918; x_wconf 85' lang='lat' dir='ltr'><strong>habeo</strong></span> <span class='ocrx_word' id='word_1_343' title='bbox 1627 2863 1906 2919; x_wconf 89' lang='lat' dir='ltr'><strong>dominum</strong></span> <span class='ocrx_word' id='word_1_344' title='bbox 1934 2881 2127 2936; x_wconf 86' lang='lat' dir='ltr'><strong>pecca-</strong></span> 
     </span>
    </p>
   </div>
   <div class='ocr_carea' id='block_1_33' title="bbox 530 2944 3746 3035">
    <p class='ocr_par' dir='ltr' id='par_1_33' title="bbox 530 2944 3746 3035">
     <span class='ocr_line' id='line_1_33' title="bbox 530 2944 3746 3035; baseline 0.009 -37"><span class='ocrx_word' id='word_1_345' title='bbox 530 2944 833 3018; x_wconf 82' lang='lat' dir='ltr'><strong>tum(Rom.</strong></span> <span class='ocrx_word' id='word_1_346' title='bbox 864 2947 962 3022; x_wconf 83' lang='lat' dir='ltr'><strong>vr).</strong></span> <span class='ocrx_word' id='word_1_347' title='bbox 993 2949 1111 3006; x_wconf 89' lang='lat' dir='ltr'><strong>Non</strong></span> <span class='ocrx_word' id='word_1_348' title='bbox 1135 2953 1279 3009; x_wconf 91' lang='lat' dir='ltr'><strong>enim</strong></span> <span class='ocrx_word' id='word_1_349' title='bbox 1300 2964 1490 3026; x_wconf 85' lang='lat' dir='ltr'><strong>regnat</strong></span> <span class='ocrx_word' id='word_1_350' title='bbox 1513 2968 1793 3027; x_wconf 86' lang='lat' dir='ltr'><strong>peccatum</strong></span> <span class='ocrx_word' id='word_1_351' title='bbox 1826 2960 1878 3015; x_wconf 90' lang='lat' dir='ltr'><strong>in</strong></span> <span class='ocrx_word' id='word_1_352' title='bbox 1911 2959 2124 3016; x_wconf 89' lang='lat' dir='ltr'><strong>mortali</strong></span> <span class='ocrx_word' id='word_1_353' title='bbox 2225 2944 2360 3028; x_wconf 66' lang='grc' dir='ltr'><strong>⁰ξ¹⁵¹⁵</strong></span> <span class='ocrx_word' id='word_1_354' title='bbox 2390 2944 2606 2979; x_wconf 63' lang='lat' dir='ltr'><strong>merum</strong></span> <span class='ocrx_word' id='word_1_355' title='bbox 2637 2944 2888 2982; x_wconf 56' lang='lat' dir='ltr'><strong>wnvers&#39;</strong></span> <span class='ocrx_word' id='word_1_356' title='bbox 2910 2968 2924 2991; x_wconf 88' lang='lat'><em>’</em></span> <span class='ocrx_word' id='word_1_357' title='bbox 2959 2944 3104 3035; x_wconf 60' lang='lat'><strong>“2°”</strong></span> <span class='ocrx_word' id='word_1_358' title='bbox 3142 2944 3343 3033; x_wconf 53' lang='grc' dir='ltr'><strong>,υξωυδ</strong></span> <span class='ocrx_word' id='word_1_359' title='bbox 3371 2944 3470 3035; x_wconf 55' lang='grc' dir='ltr'><strong>Ἐξ</strong></span> <span class='ocrx_word' id='word_1_360' title='bbox 3497 2944 3746 3034; x_wconf 50' lang='lat' dir='ltr'><strong>prmum,“</strong></span> 
     </span>
    </p>
   </div>
   <div class='ocr_carea' id='block_1_34' title="bbox 528 3020 3784 3117">
    <p class='ocr_par' dir='ltr' id='par_1_34' title="bbox 528 3020 3784 3117">
     <span class='ocr_line' id='line_1_34' title="bbox 528 3020 3784 3117; baseline 0.008 -25"><span class='ocrx_word' id='word_1_361' title='bbox 528 3049 652 3094; x_wconf 88' lang='lat' dir='ltr'><strong>meo</strong></span> <span class='ocrx_word' id='word_1_362' title='bbox 681 3020 950 3113; x_wconf 80' lang='lat' dir='ltr'><strong>corpore;</strong></span> <span class='ocrx_word' id='word_1_363' title='bbox 984 3055 1268 3117; x_wconf 88' lang='lat' dir='ltr'><strong>propterea</strong></span> <span class='ocrx_word' id='word_1_364' title='bbox 1319 3020 1524 3106; x_wconf 69' lang='lat' dir='ltr'><strong>servus</strong></span> <span class='ocrx_word' id='word_1_365' title='bbox 1542 3060 1663 3107; x_wconf 88' lang='lat' dir='ltr'><strong>tuus</strong></span> <span class='ocrx_word' id='word_1_366' title='bbox 1718 3068 1859 3108; x_wconf 86' lang='lat' dir='ltr'><strong>sunt.</strong></span> <span class='ocrx_word' id='word_1_367' title='bbox 1904 3053 2124 3111; x_wconf 86' lang='lat' dir='ltr'><strong>Grande</strong></span> <span class='ocrx_word' id='word_1_368' title='bbox 2223 3028 2328 3117; x_wconf 61' lang='lat' dir='ltr'><strong>mi</strong></span> <span class='ocrx_word' id='word_1_369' title='bbox 2353 3032 2513 3088; x_wconf 67' lang='lat' dir='ltr'><strong>quem</strong></span> <span class='ocrx_word' id='word_1_370' title='bbox 2533 3032 2725 3117; x_wconf 36' lang='lat' dir='ltr'><strong>“89pm:</strong></span> <span class='ocrx_word' id='word_1_371' title='bbox 2749 3034 2970 3117; x_wconf 53' lang='lat' dir='ltr'>cmegm</span> <span class='ocrx_word' id='word_1_372' title='bbox 3002 3020 3336 3117; x_wconf 58' lang='lat' dir='ltr'><strong>D°&quot;&quot;“&#39;9“&quot;_‘</strong></span> <span class='ocrx_word' id='word_1_373' title='bbox 3376 3023 3587 3117; x_wconf 51' lang='grc' dir='ltr'><strong>Ριίὲίυε</strong></span> <span class='ocrx_word' id='word_1_374' title='bbox 3616 3032 3784 3117; x_wconf 59' lang='lat' dir='ltr'><strong>P°5“&quot;&#39;</strong></span> 
     </span>
    </p>
   </div>
   <div class='ocr_carea' id='block_1_35' title="bbox 530 3111 3787 3217">
    <p class='ocr_par' dir='ltr' id='par_1_35' title="bbox 530 3111 3787 3217">
     <span class='ocr_line' id='line_1_35' title="bbox 530 3111 3787 3217; baseline 0.011 -32"><span class='ocrx_word' id='word_1_375' title='bbox 530 3111 804 3188; x_wconf 76' lang='lat' dir='ltr'><strong>meritum.</strong></span> <span class='ocrx_word' id='word_1_376' title='bbox 829 3111 1316 3205; x_wconf 44' lang='lat' dir='ltr'><strong>Denique-dicitur</strong></span> <span class='ocrx_word' id='word_1_377' title='bbox 1360 3142 1428 3198; x_wconf 89' lang='lat' dir='ltr'><strong>de</strong></span> <span class='ocrx_word' id='word_1_378' title='bbox 1462 3143 1682 3217; x_wconf 79' lang='lat' dir='ltr'><strong>Moyse:</strong></span> <span class='ocrx_word' id='word_1_379' title='bbox 1717 3144 1811 3201; x_wconf 90' lang='lat' dir='ltr'><strong>sed</strong></span> <span class='ocrx_word' id='word_1_380' title='bbox 1847 3160 1954 3202; x_wconf 93' lang='lat' dir='ltr'><strong>non</strong></span> <span class='ocrx_word' id='word_1_381' title='bbox 1979 3146 2122 3203; x_wconf 74' lang='lat' dir='ltr'><strong>‘sicut</strong></span> <span class='ocrx_word' id='word_1_382' title='bbox 2223 3111 2484 3217; x_wconf 36' lang='lat' dir='ltr'><strong>scripuli&quot;</strong></span> <span class='ocrx_word' id='word_1_383' title='bbox 2531 3111 2815 3217; x_wconf 59' lang='grc' dir='ltr'><strong>ηῗδτδίθθν</strong></span> <span class='ocrx_word' id='word_1_384' title='bbox 2870 3111 3085 3217; x_wconf 34' lang='lat' dir='ltr'><strong>an“?</strong></span> <span class='ocrx_word' id='word_1_385' title='bbox 3128 3125 3184 3171; x_wconf 49' lang='lat' dir='ltr'><strong>et</strong></span> <span class='ocrx_word' id='word_1_386' title='bbox 3215 3115 3427 3184; x_wconf 50' lang='grc' dir='ltr'><strong>ω’.ωῇ</strong></span> <span class='ocrx_word' id='word_1_387' title='bbox 3462 3116 3787 3217; x_wconf 27' lang='lat'><strong>89‘1&quot;“?</strong></span> 
     </span>
    </p>
   </div>
   <div class='ocr_carea' id='block_1_36' title="bbox 529 3206 3785 3309">
    <p class='ocr_par' dir='ltr' id='par_1_36' title="bbox 529 3206 3785 3309">
     <span class='ocr_line' id='line_1_36' title="bbox 529 3206 3785 3309; baseline 0.005 -29"><span class='ocrx_word' id='word_1_388' title='bbox 529 3235 720 3281; x_wconf 87' lang='lat' dir='ltr'><strong>scrvus</strong></span> <span class='ocrx_word' id='word_1_389' title='bbox 741 3242 895 3284; x_wconf 90' lang='lat' dir='ltr'><strong>meus</strong></span> <span class='ocrx_word' id='word_1_390' title='bbox 920 3230 1151 3303; x_wconf 86' lang='lat' dir='ltr'><strong>Moyses.</strong></span> <span class='ocrx_word' id='word_1_391' title='bbox 1181 3233 1249 3289; x_wconf 88' lang='lat' dir='ltr'><strong>Et</strong></span> <span class='ocrx_word' id='word_1_392' title='bbox 1278 3206 1575 3302; x_wconf 68' lang='lat' dir='ltr'><strong>Abraham,</strong></span> <span class='ocrx_word' id='word_1_393' title='bbox 1602 3248 1653 3293; x_wconf 89' lang='lat' dir='ltr'><strong>et</strong></span> <span class='ocrx_word' id='word_1_394' title='bbox 1682 3239 1924 3309; x_wconf 85' lang='lat' dir='ltr'><strong>Isaac,et</strong></span> <span class='ocrx_word' id='word_1_395' title='bbox 1952 3238 2122 3295; x_wconf 83' lang='lat' dir='ltr'><strong>Iacob</strong></span> <span class='ocrx_word' id='word_1_396' title='bbox 2155 3219 2201 3283; x_wconf 67' lang='grc' dir='ltr'><strong>ί)</strong></span> <span class='ocrx_word' id='word_1_397' title='bbox 2236 3220 2379 3309; x_wconf 54' lang='grc' dir='ltr'><strong>¹’¹¹¹ξ¹’</strong></span> <span class='ocrx_word' id='word_1_398' title='bbox 2408 3207 2548 3309; x_wconf 44' lang='lat' dir='ltr'><strong>Si?“</strong></span> <span class='ocrx_word' id='word_1_399' title='bbox 2573 3206 2809 3309; x_wconf 48' lang='lat' dir='ltr'><strong>“an?”</strong></span> <span class='ocrx_word' id='word_1_400' title='bbox 2837 3208 3167 3279; x_wconf 56' lang='lat' dir='ltr'><strong>“angelis”</strong></span> <span class='ocrx_word' id='word_1_401' title='bbox 3208 3218 3444 3309; x_wconf 56' lang='grc' dir='ltr'><strong>ίθείθίξπ</strong></span> <span class='ocrx_word' id='word_1_402' title='bbox 3472 3208 3647 3309; x_wconf 44' lang='lat' dir='ltr'><strong>“MT</strong></span> <span class='ocrx_word' id='word_1_403' title='bbox 3672 3211 3785 3309; x_wconf 55' lang='grc' dir='ltr'><strong>ιβ)-</strong></span> 
     </span>
    </p>
   </div>
   <div class='ocr_carea' id='block_1_37' title="bbox 530 3300 3785 3409">
    <p class='ocr_par' dir='ltr' id='par_1_37' title="bbox 530 3300 3785 3409">
     <span class='ocr_line' id='line_1_37' title="bbox 530 3300 3785 3409; baseline 0.01 -33"><span class='ocrx_word' id='word_1_404' title='bbox 530 3312 786 3391; x_wconf 79' lang='lat' dir='ltr'><strong>dicuntur</strong></span> <span class='ocrx_word' id='word_1_405' title='bbox 826 3326 967 3380; x_wconf 90' lang='lat' dir='ltr'><strong>servi</strong></span> <span class='ocrx_word' id='word_1_406' title='bbox 1000 3300 1237 3383; x_wconf 87' lang='lat' dir='ltr'><strong>Domini.</strong></span> <span class='ocrx_word' id='word_1_407' title='bbox 1286 3329 1583 3401; x_wconf 86' lang='lat' dir='ltr'><strong>Propterea</strong></span> <span class='ocrx_word' id='word_1_408' title='bbox 1637 3341 1694 3389; x_wconf 89' lang='lat' dir='ltr'><strong>et</strong></span> <span class='ocrx_word' id='word_1_409' title='bbox 1720 3332 2016 3405; x_wconf 82' lang='lat' dir='ltr'><strong>Apostolus</strong></span> <span class='ocrx_word' id='word_1_410' title='bbox 2051 3335 2120 3390; x_wconf 86' lang='lat' dir='ltr'><strong>ita</strong></span> <span class='ocrx_word' id='word_1_411' title='bbox 2240 3394 2257 3409; x_wconf 46' lang='grc' dir='ltr'>ι</span> <span class='ocrx_word' id='word_1_412' title='bbox 2303 3300 2562 3409; x_wconf 57' lang='grc' dir='ltr'><strong>ρ’ξοίξωω</strong></span> <span class='ocrx_word' id='word_1_413' title='bbox 2590 3301 2898 3409; x_wconf 41' lang='lat' dir='ltr'><strong>“inﬁma,”</strong></span> <span class='ocrx_word' id='word_1_414' title='bbox 2915 3309 2987 3357; x_wconf 52' lang='lat' dir='ltr'><strong><em>ea</em></strong></span> <span class='ocrx_word' id='word_1_415' title='bbox 3012 3319 3169 3409; x_wconf 61' lang='grc'><strong><em>⁸⁷</em></strong></span> <span class='ocrx_word' id='word_1_416' title='bbox 3191 3319 3285 3358; x_wconf 48' lang='lat' dir='ltr'><strong>nos</strong></span> <span class='ocrx_word' id='word_1_417' title='bbox 3307 3304 3785 3409; x_wconf 54' lang='lat' dir='ltr'><strong>m&quot;&quot;&quot;9&#39;4’“_f’““</strong></span> 
     </span>
    </p>
   </div>
   <div class='ocr_carea' id='block_1_38' title="bbox 532 3392 3789 3486">
    <p class='ocr_par' dir='ltr' id='par_1_38' title="bbox 532 3392 3789 3486">
     <span class='ocr_line' id='line_1_38' title="bbox 532 3392 3789 3486; baseline 0.004 -49"><span class='ocrx_word' id='word_1_418' title='bbox 532 3413 722 3486; x_wconf 54' lang='lat' dir='ltr'><strong>incipi,</strong></span> <span class='ocrx_word' id='word_1_419' title='bbox 749 3436 760 3472; x_wconf 48' lang='grc' dir='ltr'>ε</span> <span class='ocrx_word' id='word_1_420' title='bbox 792 3418 988 3474; x_wconf 55' lang='lat' dir='ltr'><strong>pau‘us</strong></span> <span class='ocrx_word' id='word_1_421' title='bbox 1018 3436 1213 3477; x_wconf 60' lang='lat' dir='ltr'><strong>servus</strong></span> <span class='ocrx_word' id='word_1_422' title='bbox 1233 3423 1363 3479; x_wconf 53' lang='lat' dir='ltr'><strong>Iesu</strong></span> <span class='ocrx_word' id='word_1_423' title='bbox 1395 3392 1619 3482; x_wconf 38' lang='lat' dir='ltr'><strong>christi-</strong></span> <span class='ocrx_word' id='word_1_424' title='bbox 1772 3392 1788 3405; x_wconf 89' lang='lat'><strong>&#39;</strong></span> <span class='ocrx_word' id='word_1_425' title='bbox 2226 3393 2384 3465; x_wconf 84' lang='lat' dir='ltr'><strong>Apud</strong></span> <span class='ocrx_word' id='word_1_426' title='bbox 2415 3394 2589 3450; x_wconf 91' lang='lat' dir='ltr'><strong>Deum</strong></span> <span class='ocrx_word' id='word_1_427' title='bbox 2629 3394 2813 3449; x_wconf 76' lang='lat' dir='ltr'><strong>futura</strong></span> <span class='ocrx_word' id='word_1_428' title='bbox 2855 3394 2969 3463; x_wconf 88' lang='lat' dir='ltr'><strong>jam</strong></span> <span class='ocrx_word' id='word_1_429' title='bbox 3010 3392 3153 3450; x_wconf 81' lang='lat' dir='ltr'><strong>facta</strong></span> <span class='ocrx_word' id='word_1_430' title='bbox 3182 3409 3304 3451; x_wconf 88' lang='lat' dir='ltr'><strong>esse</strong></span> <span class='ocrx_word' id='word_1_431' title='bbox 3333 3410 3490 3468; x_wconf 61' lang='lat' dir='ltr'><strong>saepe</strong></span> <span class='ocrx_word' id='word_1_432' title='bbox 3520 3398 3688 3452; x_wconf 86' lang='lat' dir='ltr'><strong>testati</strong></span> <span class='ocrx_word' id='word_1_433' title='bbox 3716 3411 3789 3451; x_wconf 86' lang='lat' dir='ltr'><strong>su-</strong></span> 
     </span>
    </p>
   </div>
   <div class='ocr_carea' id='block_1_39' title="bbox 602 3488 3790 3595">
    <p class='ocr_par' dir='ltr' id='par_1_39' title="bbox 602 3488 3790 3595">
     <span class='ocr_line' id='line_1_39' title="bbox 602 3488 3790 3595; baseline 0.01 -32"><span class='ocrx_word' id='word_1_434' title='bbox 602 3506 865 3582; x_wconf 83' lang='lat' dir='ltr'><strong>Dirupisti</strong></span> <span class='ocrx_word' id='word_1_435' title='bbox 888 3513 1090 3568; x_wconf 78' lang='lat' dir='ltr'><strong>riucula</strong></span> <span class='ocrx_word' id='word_1_436' title='bbox 1116 3532 1263 3571; x_wconf 88' lang='lat' dir='ltr'><strong>mea:</strong></span> <span class='ocrx_word' id='word_1_437' title='bbox 1294 3516 1389 3571; x_wconf 84' lang='lat' dir='ltr'><strong>tibi</strong></span> <span class='ocrx_word' id='word_1_438' title='bbox 1413 3519 1720 3590; x_wconf 80' lang='lat' dir='ltr'><strong>sacriﬁcabo</strong></span> <span class='ocrx_word' id='word_1_439' title='bbox 1749 3520 1974 3576; x_wconf 75' lang='lat' dir='ltr'><strong>bestiam</strong></span> <span class='ocrx_word' id='word_1_440' title='bbox 2003 3521 2121 3578; x_wconf 84' lang='lat' dir='ltr'><strong>lau-</strong></span> <span class='ocrx_word' id='word_1_441' title='bbox 2226 3504 2349 3595; x_wconf 59' lang='lat'><strong>2““</strong></span> <span class='ocrx_word' id='word_1_442' title='bbox 2379 3488 2634 3595; x_wconf 44' lang='grc' dir='ltr'><strong>μα’-ἠ’</strong></span> <span class='ocrx_word' id='word_1_443' title='bbox 2671 3488 2814 3559; x_wconf 60' lang='lat' dir='ltr'><strong>Ergo</strong></span> <span class='ocrx_word' id='word_1_444' title='bbox 2845 3495 2995 3595; x_wconf 43' lang='lat' dir='ltr'><strong>2m:</strong></span> <span class='ocrx_word' id='word_1_445' title='bbox 3014 3488 3396 3595; x_wconf 47' lang='lat' dir='ltr'><strong>misericordia</strong></span> <span class='ocrx_word' id='word_1_446' title='bbox 3452 3491 3655 3595; x_wconf 44' lang='lat' dir='ltr'><strong>nouli&quot;?</strong></span> 
     </span>
    </p>
   </div>
   <div class='ocr_carea' id='block_1_40' title="bbox 2229 3579 3787 3654">
    <p class='ocr_par' dir='ltr' id='par_1_40' title="bbox 2229 3579 3787 3654">
     <span class='ocr_line' id='line_1_40' title="bbox 2229 3579 3787 3654; baseline 0.001 -18"><span class='ocrx_word' id='word_1_447' title='bbox 2229 3580 2437 3637; x_wconf 90' lang='lat' dir='ltr'><strong>ﬁrmata</strong></span> <span class='ocrx_word' id='word_1_448' title='bbox 2468 3590 2587 3646; x_wconf 90' lang='lat' dir='ltr'><strong>est,</strong></span> <span class='ocrx_word' id='word_1_449' title='bbox 2636 3594 2759 3636; x_wconf 90' lang='lat' dir='ltr'><strong>cum</strong></span> <span class='ocrx_word' id='word_1_450' title='bbox 2807 3579 3003 3637; x_wconf 82' lang='lat' dir='ltr'><strong>eﬁ&#39;udit</strong></span> <span class='ocrx_word' id='word_1_451' title='bbox 3040 3595 3205 3653; x_wconf 89' lang='lat' dir='ltr'><strong>super</strong></span> <span class='ocrx_word' id='word_1_452' title='bbox 3239 3581 3536 3640; x_wconf 87' lang='lat' dir='ltr'><strong>credentes</strong></span> <span class='ocrx_word' id='word_1_453' title='bbox 3567 3583 3787 3654; x_wconf 86' lang='lat' dir='ltr'><strong>Spiritum</strong></span> 
     </span>
    </p>
   </div>
   <div class='ocr_carea' id='block_1_41' title="bbox 2225 3674 3791 3747">
    <p class='ocr_par' dir='ltr' id='par_1_41' title="bbox 2225 3674 3791 3747">
     <span class='ocr_line' id='line_1_41' title="bbox 2225 3674 3791 3747; baseline 0 -16"><span class='ocrx_word' id='word_1_454' title='bbox 2225 3684 2494 3742; x_wconf 88' lang='lat' dir='ltr'><strong>sanctum,</strong></span> <span class='ocrx_word' id='word_1_455' title='bbox 2522 3674 2673 3745; x_wconf 79' lang='lat' dir='ltr'><strong>juxta</strong></span> <span class='ocrx_word' id='word_1_456' title='bbox 2709 3675 3135 3744; x_wconf 85' lang='lat' dir='ltr'><strong>promissionem</strong></span> <span class='ocrx_word' id='word_1_457' title='bbox 3168 3691 3332 3747; x_wconf 90' lang='lat' dir='ltr'><strong>quam</strong></span> <span class='ocrx_word' id='word_1_458' title='bbox 3378 3676 3560 3734; x_wconf 87' lang='lat' dir='ltr'><strong>Lucas</strong></span> <span class='ocrx_word' id='word_1_459' title='bbox 3597 3691 3791 3747; x_wconf 60' lang='lat' dir='ltr'><strong>evangeo</strong></span> 
     </span>
    </p>
   </div>
   <div class='ocr_carea' id='block_1_42' title="bbox 2225 3771 3790 3844">
    <p class='ocr_par' dir='ltr' id='par_1_42' title="bbox 2225 3771 3790 3844">
     <span class='ocr_line' id='line_1_42' title="bbox 2225 3771 3790 3844; baseline -0.003 -14"><span class='ocrx_word' id='word_1_460' title='bbox 2225 3773 2348 3831; x_wconf 90' lang='lat' dir='ltr'><strong>lista</strong></span> <span class='ocrx_word' id='word_1_461' title='bbox 2389 3781 2803 3839; x_wconf 87' lang='lat' dir='ltr'><strong>commemorat,</strong></span> <span class='ocrx_word' id='word_1_462' title='bbox 2842 3771 3030 3828; x_wconf 89' lang='lat' dir='ltr'><strong>dicens</strong></span> <span class='ocrx_word' id='word_1_463' title='bbox 3064 3789 3077 3827; x_wconf 92' lang='lat'><strong>:</strong></span> <span class='ocrx_word' id='word_1_464' title='bbox 3109 3773 3251 3830; x_wconf 80' lang='lat' dir='ltr'><strong>Ecce</strong></span> <span class='ocrx_word' id='word_1_465' title='bbox 3280 3788 3383 3844; x_wconf 88' lang='lat' dir='ltr'><strong>ego</strong></span> <span class='ocrx_word' id='word_1_466' title='bbox 3405 3776 3565 3832; x_wconf 90' lang='lat' dir='ltr'><strong>mitto</strong></span> <span class='ocrx_word' id='word_1_467' title='bbox 3591 3772 3790 3844; x_wconf 85' lang='lat' dir='ltr'><strong>promis-</strong></span> 
     </span>
    </p>
   </div>
   <div class='ocr_carea' id='block_1_43' title="bbox 2226 3864 3790 3923">
    <p class='ocr_par' dir='ltr' id='par_1_43' title="bbox 2226 3864 3790 3923">
     <span class='ocr_line' id='line_1_43' title="bbox 2226 3864 3790 3923; baseline -0.001 -3"><span class='ocrx_word' id='word_1_468' title='bbox 2226 3866 2438 3922; x_wconf 84' lang='lat' dir='ltr'><strong>sionem</strong></span> <span class='ocrx_word' id='word_1_469' title='bbox 2486 3864 2666 3920; x_wconf 89' lang='lat' dir='ltr'><strong>Patris</strong></span> <span class='ocrx_word' id='word_1_470' title='bbox 2717 3864 2823 3919; x_wconf 89' lang='lat' dir='ltr'><strong>mei</strong></span> <span class='ocrx_word' id='word_1_471' title='bbox 2873 3864 2929 3920; x_wconf 92' lang='lat' dir='ltr'><strong>in</strong></span> <span class='ocrx_word' id='word_1_472' title='bbox 2976 3878 3073 3921; x_wconf 92' lang='lat' dir='ltr'><strong>vos</strong></span> <span class='ocrx_word' id='word_1_473' title='bbox 3108 3880 3246 3922; x_wconf 90' lang='lat' dir='ltr'><strong>:vos</strong></span> <span class='ocrx_word' id='word_1_474' title='bbox 3296 3875 3482 3923; x_wconf 89' lang='lat' dir='ltr'><strong>autem</strong></span> <span class='ocrx_word' id='word_1_475' title='bbox 3538 3867 3711 3923; x_wconf 89' lang='lat' dir='ltr'><strong>sedete</strong></span> <span class='ocrx_word' id='word_1_476' title='bbox 3749 3865 3790 3919; x_wconf 89' lang='lat' dir='ltr'><strong>in</strong></span> 
     </span>
    </p>
   </div>
   <div class='ocr_carea' id='block_1_44' title="bbox 2227 3945 3791 4029">
    <p class='ocr_par' dir='ltr' id='par_1_44' title="bbox 2227 3945 3791 4029">
     <span class='ocr_line' id='line_1_44' title="bbox 2227 3945 3791 4029; baseline -0.004 -14"><span class='ocrx_word' id='word_1_477' title='bbox 2227 3959 2446 4015; x_wconf 87' lang='lat' dir='ltr'><strong>civitate</strong></span> <span class='ocrx_word' id='word_1_478' title='bbox 2470 3958 2826 4029; x_wconf 86' lang='lat' dir='ltr'><strong>quoadusque</strong></span> <span class='ocrx_word' id='word_1_479' title='bbox 2856 3957 3157 4014; x_wconf 88' lang='lat' dir='ltr'><strong>induamini</strong></span> <span class='ocrx_word' id='word_1_480' title='bbox 3182 3945 3395 4015; x_wconf 43' lang='lat' dir='ltr'><strong>&#39;virtute</strong></span> <span class='ocrx_word' id='word_1_481' title='bbox 3425 3976 3496 4017; x_wconf 83' lang='lat' dir='ltr'><strong>ex</strong></span> <span class='ocrx_word' id='word_1_482' title='bbox 3537 3960 3643 4015; x_wconf 86' lang='lat' dir='ltr'><strong>alto</strong></span> <span class='ocrx_word' id='word_1_483' title='bbox 3662 3957 3791 4029; x_wconf 82' lang='lat' dir='ltr'><strong>(Luc.</strong></span> 
     </span>
    </p>
   </div>
   <div class='ocr_carea' id='block_1_45' title="bbox 2227 4048 3796 4124">
    <p class='ocr_par' dir='ltr' id='par_1_45' title="bbox 2227 4048 3796 4124">
     <span class='ocr_line' id='line_1_45' title="bbox 2227 4048 3796 4124; baseline -0.004 -15"><span class='ocrx_word' id='word_1_484' title='bbox 2227 4050 2401 4124; x_wconf 76' lang='lat' dir='ltr'><strong>xxrv).</strong></span> <span class='ocrx_word' id='word_1_485' title='bbox 2426 4050 2493 4107; x_wconf 87' lang='lat' dir='ltr'><strong>Et</strong></span> <span class='ocrx_word' id='word_1_486' title='bbox 2515 4051 2702 4106; x_wconf 71' lang='lat' dir='ltr'><strong>veritas</strong></span> <span class='ocrx_word' id='word_1_487' title='bbox 2718 4048 2933 4106; x_wconf 83' lang='lat' dir='ltr'><strong>Domini</strong></span> <span class='ocrx_word' id='word_1_488' title='bbox 2955 4059 3125 4106; x_wconf 86' lang='lat' dir='ltr'><strong>manet</strong></span> <span class='ocrx_word' id='word_1_489' title='bbox 3151 4052 3212 4107; x_wconf 87' lang='lat' dir='ltr'><strong>in</strong></span> <span class='ocrx_word' id='word_1_490' title='bbox 3241 4060 3520 4109; x_wconf 69' lang='lat' dir='ltr'><strong>internum.</strong></span> <span class='ocrx_word' id='word_1_491' title='bbox 3541 4053 3796 4109; x_wconf 85' lang='lat' dir='ltr'><strong>Permanet</strong></span> 
     </span>
    </p>
   </div>
   <div class='ocr_carea' id='block_1_46' title="bbox 2228 4143 3795 4212">
    <p class='ocr_par' dir='ltr' id='par_1_46' title="bbox 2228 4143 3795 4212">
     <span class='ocr_line' id='line_1_46' title="bbox 2228 4143 3795 4212; baseline -0.002 -12"><span class='ocrx_word' id='word_1_492' title='bbox 2228 4145 2428 4200; x_wconf 87' lang='lat' dir='ltr'><strong>veritas</strong></span> <span class='ocrx_word' id='word_1_493' title='bbox 2456 4144 2692 4212; x_wconf 89' lang='lat' dir='ltr'><strong>Domini,</strong></span> <span class='ocrx_word' id='word_1_494' title='bbox 2727 4159 2849 4199; x_wconf 90' lang='lat' dir='ltr'><strong>cum</strong></span> <span class='ocrx_word' id='word_1_495' title='bbox 2873 4143 3003 4212; x_wconf 82' lang='lat' dir='ltr'><strong>justi</strong></span> <span class='ocrx_word' id='word_1_496' title='bbox 3030 4145 3084 4199; x_wconf 91' lang='lat' dir='ltr'><strong>in</strong></span> <span class='ocrx_word' id='word_1_497' title='bbox 3117 4145 3332 4202; x_wconf 66' lang='lat' dir='ltr'><strong>caelesti</strong></span> <span class='ocrx_word' id='word_1_498' title='bbox 3356 4145 3659 4203; x_wconf 82' lang='lat' dir='ltr'><strong>Jerusalem</strong></span> <span class='ocrx_word' id='word_1_499' title='bbox 3685 4154 3795 4199; x_wconf 84' lang='lat' dir='ltr'><strong>tant-</strong></span> 
     </span>
    </p>
   </div>
   <div class='ocr_carea' id='block_1_47' title="bbox 2226 4235 3797 4310">
    <p class='ocr_par' dir='ltr' id='par_1_47' title="bbox 2226 4235 3797 4310">
     <span class='ocr_line' id='line_1_47' title="bbox 2226 4235 3797 4310; baseline 0 -19"><span class='ocrx_word' id='word_1_500' title='bbox 2226 4252 2388 4309; x_wconf 90' lang='lat' dir='ltr'><strong>quam</strong></span> <span class='ocrx_word' id='word_1_501' title='bbox 2435 4236 2645 4307; x_wconf 89' lang='lat' dir='ltr'><strong>lapides</strong></span> <span class='ocrx_word' id='word_1_502' title='bbox 2697 4236 2803 4291; x_wconf 88' lang='lat' dir='ltr'><strong>vivi</strong></span> <span class='ocrx_word' id='word_1_503' title='bbox 2854 4235 3238 4294; x_wconf 71' lang='lat' dir='ltr'><strong>aediﬁcautur:</strong></span> <span class='ocrx_word' id='word_1_504' title='bbox 3277 4239 3364 4294; x_wconf 89' lang='lat' dir='ltr'><strong>vel</strong></span> <span class='ocrx_word' id='word_1_505' title='bbox 3414 4239 3573 4310; x_wconf 89' lang='lat' dir='ltr'><strong>impii</strong></span> <span class='ocrx_word' id='word_1_506' title='bbox 3618 4248 3797 4294; x_wconf 79' lang='lat' dir='ltr'><strong>:eterno</strong></span> 
     </span>
    </p>
   </div>
   <div class='ocr_carea' id='block_1_48' title="bbox 2227 4328 3796 4402">
    <p class='ocr_par' dir='ltr' id='par_1_48' title="bbox 2227 4328 3796 4402">
     <span class='ocr_line' id='line_1_48' title="bbox 2227 4328 3796 4402; baseline -0.003 -15"><span class='ocrx_word' id='word_1_507' title='bbox 2227 4330 2337 4401; x_wconf 90' lang='lat' dir='ltr'><strong>igni</strong></span> <span class='ocrx_word' id='word_1_508' title='bbox 2366 4338 2422 4386; x_wconf 93' lang='lat' dir='ltr'><strong>et</strong></span> <span class='ocrx_word' id='word_1_509' title='bbox 2452 4328 2757 4399; x_wconf 87' lang='lat' dir='ltr'><strong>vermibus,</strong></span> <span class='ocrx_word' id='word_1_510' title='bbox 2785 4329 2879 4400; x_wconf 89' lang='lat' dir='ltr'><strong>qui</strong></span> <span class='ocrx_word' id='word_1_511' title='bbox 2911 4345 3207 4402; x_wconf 91' lang='lat' dir='ltr'><strong>numquam</strong></span> <span class='ocrx_word' id='word_1_512' title='bbox 3245 4331 3577 4399; x_wconf 89' lang='lat' dir='ltr'><strong>moriuntur,</strong></span> <span class='ocrx_word' id='word_1_513' title='bbox 3610 4331 3689 4386; x_wconf 90' lang='lat' dir='ltr'><strong>his</strong></span> <span class='ocrx_word' id='word_1_514' title='bbox 3709 4338 3796 4385; x_wconf 89' lang='lat' dir='ltr'><strong>tra-</strong></span> 
     </span>
    </p>
   </div>
   <div class='ocr_carea' id='block_1_49' title="bbox 2226 4423 3796 4499">
    <p class='ocr_par' dir='ltr' id='par_1_49' title="bbox 2226 4423 3796 4499">
     <span class='ocr_line' id='line_1_49' title="bbox 2226 4423 3796 4499; baseline -0.002 -19"><span class='ocrx_word' id='word_1_515' title='bbox 2226 4423 2448 4480; x_wconf 89' lang='lat' dir='ltr'><strong>duntur.</strong></span> <span class='ocrx_word' id='word_1_516' title='bbox 2476 4424 2634 4481; x_wconf 89' lang='lat' dir='ltr'><strong>Sicut</strong></span> <span class='ocrx_word' id='word_1_517' title='bbox 2658 4424 2874 4481; x_wconf 80' lang='lat' dir='ltr'><strong>Marcus</strong></span> <span class='ocrx_word' id='word_1_518' title='bbox 2916 4426 3256 4499; x_wconf 78' lang='lat' dir='ltr'><strong>evangeliSta</strong></span> <span class='ocrx_word' id='word_1_519' title='bbox 3296 4426 3413 4483; x_wconf 88' lang='lat' dir='ltr'><strong>ait:</strong></span> <span class='ocrx_word' id='word_1_520' title='bbox 3440 4426 3596 4498; x_wconf 88' lang='lat' dir='ltr'><strong>Ignis</strong></span> <span class='ocrx_word' id='word_1_521' title='bbox 3633 4438 3796 4483; x_wconf 86' lang='lat' dir='ltr'><strong>eorum</strong></span> 
     </span>
    </p>
   </div>
   <div class='ocr_carea' id='block_1_50' title="bbox 2234 4515 3796 4588">
    <p class='ocr_par' dir='ltr' id='par_1_50' title="bbox 2234 4515 3796 4588">
     <span class='ocr_line' id='line_1_50' title="bbox 2234 4515 3796 4588; baseline -0.001 -16"><span class='ocrx_word' id='word_1_522' title='bbox 2234 4531 2342 4573; x_wconf 86' lang='lat' dir='ltr'><strong>non</strong></span> <span class='ocrx_word' id='word_1_523' title='bbox 2387 4518 2791 4588; x_wconf 78' lang='lat' dir='ltr'><strong>cxstinguetur,</strong></span> <span class='ocrx_word' id='word_1_524' title='bbox 2825 4528 2882 4575; x_wconf 89' lang='lat' dir='ltr'><strong>et</strong></span> <span class='ocrx_word' id='word_1_525' title='bbox 2908 4521 3113 4575; x_wconf 85' lang='lat' dir='ltr'><strong>vermis</strong></span> <span class='ocrx_word' id='word_1_526' title='bbox 3172 4515 3362 4576; x_wconf 71' lang='lat' dir='ltr'><strong>corum</strong></span> <span class='ocrx_word' id='word_1_527' title='bbox 3409 4536 3521 4576; x_wconf 91' lang='lat' dir='ltr'><strong>non</strong></span> <span class='ocrx_word' id='word_1_528' title='bbox 3562 4521 3796 4576; x_wconf 87' lang='lat' dir='ltr'><strong>morietur</strong></span> 
     </span>
    </p>
   </div>
   <div class='ocr_carea' id='block_1_51' title="bbox 2151 4608 3796 4686">
    <p class='ocr_par' dir='ltr' id='par_1_51' title="bbox 2151 4608 3796 4686">
     <span class='ocr_line' id='line_1_51' title="bbox 2151 4608 3796 4686; baseline 0.002 -22"><span class='ocrx_word' id='word_1_529' title='bbox 2151 4614 2206 4675; x_wconf 86' lang='lat' dir='ltr'><strong>D</strong></span> <span class='ocrx_word' id='word_1_530' title='bbox 2230 4608 2425 4682; x_wconf 76' lang='lat' dir='ltr'><strong>(Marc.</strong></span> <span class='ocrx_word' id='word_1_531' title='bbox 2457 4614 2560 4682; x_wconf 75' lang='lat' dir='ltr'><strong>is).</strong></span> <span class='ocrx_word' id='word_1_532' title='bbox 2594 4610 2705 4667; x_wconf 86' lang='lat' dir='ltr'><strong>Nos</strong></span> <span class='ocrx_word' id='word_1_533' title='bbox 2734 4626 2865 4668; x_wconf 89' lang='lat' dir='ltr'><strong>vero</strong></span> <span class='ocrx_word' id='word_1_534' title='bbox 2908 4612 3199 4669; x_wconf 89' lang='lat' dir='ltr'><strong>Dominum</strong></span> <span class='ocrx_word' id='word_1_535' title='bbox 3240 4613 3514 4686; x_wconf 90' lang='lat' dir='ltr'><strong>supplices</strong></span> <span class='ocrx_word' id='word_1_536' title='bbox 3558 4614 3796 4685; x_wconf 86' lang='lat' dir='ltr'><strong>deprece-</strong></span> 
     </span>
    </p>
   </div>
   <div class='ocr_carea' id='block_1_52' title="bbox 2228 4703 3799 4772">
    <p class='ocr_par' dir='ltr' id='par_1_52' title="bbox 2228 4703 3799 4772">
     <span class='ocr_line' id='line_1_52' title="bbox 2228 4703 3799 4772; baseline -0.002 -11"><span class='ocrx_word' id='word_1_537' title='bbox 2228 4719 2374 4771; x_wconf 91' lang='lat' dir='ltr'><strong>mur,</strong></span> <span class='ocrx_word' id='word_1_538' title='bbox 2405 4714 2468 4761; x_wconf 91' lang='lat' dir='ltr'><strong>ut</strong></span> <span class='ocrx_word' id='word_1_539' title='bbox 2493 4719 2555 4761; x_wconf 86' lang='lat' dir='ltr'><strong>se</strong></span> <span class='ocrx_word' id='word_1_540' title='bbox 2581 4703 2839 4761; x_wconf 88' lang='lat' dir='ltr'><strong>laudandi</strong></span> <span class='ocrx_word' id='word_1_541' title='bbox 2879 4705 3079 4763; x_wconf 88' lang='lat' dir='ltr'><strong>tribuat</strong></span> <span class='ocrx_word' id='word_1_542' title='bbox 3107 4706 3429 4772; x_wconf 87' lang='lat' dir='ltr'><strong>etﬁcaciam,</strong></span> <span class='ocrx_word' id='word_1_543' title='bbox 3457 4716 3518 4764; x_wconf 91' lang='lat' dir='ltr'><strong>et</strong></span> <span class='ocrx_word' id='word_1_544' title='bbox 3539 4706 3799 4764; x_wconf 83' lang='lat' dir='ltr'><strong>conﬁrmet</strong></span> 
     </span>
    </p>
   </div>
   <div class='ocr_carea' id='block_1_53' title="bbox 2764 1798 3310 1859">
    <p class='ocr_par' dir='ltr' id='par_1_53' title="bbox 2764 1798 3310 1859">
     <span class='ocr_line' id='line_1_53' title="bbox 2764 1798 3310 1859; baseline 0.004 -4"><span class='ocrx_word' id='word_1_545' title='bbox 2764 1798 3084 1856; x_wconf 82' lang='lat' dir='ltr'><strong>PSALMUS</strong></span> <span class='ocrx_word' id='word_1_546' title='bbox 3123 1800 3310 1859; x_wconf 80' lang='lat' dir='ltr'><strong>CXVI.</strong></span> 
     </span>
    </p>
   </div>
   <div class='ocr_carea' id='block_1_54' title="bbox 2235 1888 3784 1963">
    <p class='ocr_par' dir='ltr' id='par_1_54' title="bbox 2235 1888 3784 1963">
     <span class='ocr_line' id='line_1_54' title="bbox 2235 1888 3784 1963; baseline 0.007 -20"><span class='ocrx_word' id='word_1_547' title='bbox 2235 1888 2484 1945; x_wconf 74' lang='lat' dir='ltr'><strong>Aiieluia.</strong></span> <span class='ocrx_word' id='word_1_548' title='bbox 2526 1890 2633 1947; x_wconf 89' lang='lat' dir='ltr'><strong>Iste</strong></span> <span class='ocrx_word' id='word_1_549' title='bbox 2663 1892 2904 1963; x_wconf 88' lang='lat' dir='ltr'><strong>psalmus</strong></span> <span class='ocrx_word' id='word_1_550' title='bbox 2934 1908 3131 1963; x_wconf 84' lang='lat' dir='ltr'><strong>parvus</strong></span> <span class='ocrx_word' id='word_1_551' title='bbox 3158 1894 3387 1951; x_wconf 84' lang='lat' dir='ltr'><strong>habetur</strong></span> <span class='ocrx_word' id='word_1_552' title='bbox 3416 1911 3632 1952; x_wconf 86' lang='lat' dir='ltr'><strong>numero</strong></span> <span class='ocrx_word' id='word_1_553' title='bbox 3677 1913 3784 1955; x_wconf 86' lang='lat' dir='ltr'><strong>ver-</strong></span> 
     </span>
    </p>
   </div>
   <div class='ocr_carea' id='block_1_55' title="bbox 2305 1963 3776 2041">
    <p class='ocr_par' dir='ltr' id='par_1_55' title="bbox 2305 1963 3776 2041">
     <span class='ocr_line' id='line_1_55' title="bbox 2305 1963 3776 2041; baseline 0.005 -23"><span class='ocrx_word' id='word_1_554' title='bbox 2305 1976 2485 2030; x_wconf 88' lang='lat' dir='ltr'><strong>suum,</strong></span> <span class='ocrx_word' id='word_1_555' title='bbox 2517 1963 2613 2018; x_wconf 88' lang='lat' dir='ltr'><strong>sed</strong></span> <span class='ocrx_word' id='word_1_556' title='bbox 2646 1979 2871 2041; x_wconf 65' lang='lat' dir='ltr'><strong>magnus</strong></span> <span class='ocrx_word' id='word_1_557' title='bbox 2899 1974 2984 2020; x_wconf 88' lang='lat' dir='ltr'><strong>est</strong></span> <span class='ocrx_word' id='word_1_558' title='bbox 3035 1966 3087 2020; x_wconf 90' lang='lat' dir='ltr'><strong>in</strong></span> <span class='ocrx_word' id='word_1_559' title='bbox 3112 1967 3413 2041; x_wconf 81' lang='lat' dir='ltr'><strong>spiritualis</strong></span> <span class='ocrx_word' id='word_1_560' title='bbox 3449 1970 3673 2041; x_wconf 84' lang='lat' dir='ltr'><strong>mysterii</strong></span> <span class='ocrx_word' id='word_1_561' title='bbox 3700 1986 3776 2025; x_wconf 89' lang='lat' dir='ltr'><strong>sa-</strong></span> 
     </span>
    </p>
   </div>
   <div class='ocr_carea' id='block_1_56' title="bbox 2302 2034 3783 2111">
    <p class='ocr_par' dir='ltr' id='par_1_56' title="bbox 2302 2034 3783 2111">
     <span class='ocr_line' id='line_1_56' title="bbox 2302 2034 3783 2111; baseline 0.005 -23"><span class='ocrx_word' id='word_1_562' title='bbox 2302 2044 2601 2111; x_wconf 80' lang='lat' dir='ltr'><strong>cramento.</strong></span> <span class='ocrx_word' id='word_1_563' title='bbox 2646 2034 2848 2091; x_wconf 70' lang='lat' dir='ltr'><strong>Vocem</strong></span> <span class='ocrx_word' id='word_1_564' title='bbox 2895 2046 3072 2111; x_wconf 83' lang='lat' dir='ltr'><strong>tamen</strong></span> <span class='ocrx_word' id='word_1_565' title='bbox 3104 2034 3459 2109; x_wconf 80' lang='lat' dir='ltr'><strong>apostolicam</strong></span> <span class='ocrx_word' id='word_1_566' title='bbox 3501 2034 3636 2096; x_wconf 78' lang='lat' dir='ltr'><strong>ienet</strong></span> <span class='ocrx_word' id='word_1_567' title='bbox 3662 2080 3676 2108; x_wconf 94' lang='lat'><strong>,</strong></span> <span class='ocrx_word' id='word_1_568' title='bbox 3711 2043 3783 2111; x_wconf 89' lang='lat' dir='ltr'><strong>qui</strong></span> 
     </span>
    </p>
   </div>
   <div class='ocr_carea' id='block_1_57' title="bbox 2298 2104 3782 2182">
    <p class='ocr_par' dir='ltr' id='par_1_57' title="bbox 2298 2104 3782 2182">
     <span class='ocr_line' id='line_1_57' title="bbox 2298 2104 3782 2182; baseline 0.008 -25"><span class='ocrx_word' id='word_1_569' title='bbox 2298 2104 2451 2175; x_wconf 75' lang='lat' dir='ltr'><strong>juxta</strong></span> <span class='ocrx_word' id='word_1_570' title='bbox 2482 2122 2726 2182; x_wconf 87' lang='lat' dir='ltr'><strong>normam</strong></span> <span class='ocrx_word' id='word_1_571' title='bbox 2758 2104 3153 2178; x_wconf 66' lang='lat' dir='ltr'><strong>evangelicam&#39;</strong></span> <span class='ocrx_word' id='word_1_572' title='bbox 3188 2111 3244 2165; x_wconf 92' lang='lat' dir='ltr'><strong>in</strong></span> <span class='ocrx_word' id='word_1_573' title='bbox 3288 2121 3521 2182; x_wconf 90' lang='lat' dir='ltr'><strong>quatuor</strong></span> <span class='ocrx_word' id='word_1_574' title='bbox 3568 2104 3782 2170; x_wconf 75' lang='lat' dir='ltr'><strong>versuum</strong></span> 
     </span>
    </p>
   </div>
   <div class='ocr_carea' id='block_1_58' title="bbox 2305 2180 2892 2235">
    <p class='ocr_par' dir='ltr' id='par_1_58' title="bbox 2305 2180 2892 2235">
     <span class='ocr_line' id='line_1_58' title="bbox 2305 2180 2892 2235; baseline 0.003 -3"><span class='ocrx_word' id='word_1_575' title='bbox 2305 2192 2533 2235; x_wconf 89' lang='lat' dir='ltr'><strong>numero</strong></span> <span class='ocrx_word' id='word_1_576' title='bbox 2562 2180 2892 2235; x_wconf 82' lang='lat' dir='ltr'><strong>continetur.</strong></span> 
     </span>
    </p>
   </div>
   <div class='ocr_carea' id='block_1_59' title="bbox 2302 2268 3787 2347">
    <p class='ocr_par' dir='ltr' id='par_1_59' title="bbox 2302 2268 3787 2347">
     <span class='ocr_line' id='line_1_59' title="bbox 2302 2268 3787 2347; baseline 0.007 -23"><span class='ocrx_word' id='word_1_577' title='bbox 2302 2268 2541 2326; x_wconf 78' lang='lat' dir='ltr'><strong>Laudato</strong></span> <span class='ocrx_word' id='word_1_578' title='bbox 2562 2269 2844 2327; x_wconf 88' lang='lat' dir='ltr'><strong>Dominum</strong></span> <span class='ocrx_word' id='word_1_579' title='bbox 2870 2319 2885 2344; x_wconf 89' lang='lat'><strong>,</strong></span> <span class='ocrx_word' id='word_1_580' title='bbox 2942 2290 3118 2329; x_wconf 81' lang='lat' dir='ltr'><strong>omnes</strong></span> <span class='ocrx_word' id='word_1_581' title='bbox 3143 2287 3338 2347; x_wconf 79' lang='lat' dir='ltr'><strong>gentes.</strong></span> <span class='ocrx_word' id='word_1_582' title='bbox 3364 2276 3495 2347; x_wconf 85' lang='lat' dir='ltr'><strong>Qui,</strong></span> <span class='ocrx_word' id='word_1_583' title='bbox 3526 2280 3711 2336; x_wconf 86' lang='lat' dir='ltr'><strong>relictis</strong></span> <span class='ocrx_word' id='word_1_584' title='bbox 3732 2280 3787 2335; x_wconf 65' lang='lat' dir='ltr'><strong>sic</strong></span> 
     </span>
    </p>
   </div>
   <div class='ocr_carea' id='block_1_60' title="bbox 2231 2363 3785 2443">
    <p class='ocr_par' dir='ltr' id='par_1_60' title="bbox 2231 2363 3785 2443">
     <span class='ocr_line' id='line_1_60' title="bbox 2231 2363 3785 2443; baseline 0.008 -24"><span class='ocrx_word' id='word_1_585' title='bbox 2231 2363 2531 2431; x_wconf 89' lang='lat' dir='ltr'><strong>mulacrls,</strong></span> <span class='ocrx_word' id='word_1_586' title='bbox 2589 2367 2901 2423; x_wconf 84' lang='lat' dir='ltr'><strong>accessistis</strong></span> <span class='ocrx_word' id='word_1_587' title='bbox 2947 2368 3013 2423; x_wconf 93' lang='lat' dir='ltr'><strong>ad</strong></span> <span class='ocrx_word' id='word_1_588' title='bbox 3069 2385 3193 2425; x_wconf 91' lang='lat' dir='ltr'><strong>cum</strong></span> <span class='ocrx_word' id='word_1_589' title='bbox 3251 2386 3349 2441; x_wconf 89' lang='lat' dir='ltr'><strong>per</strong></span> <span class='ocrx_word' id='word_1_590' title='bbox 3422 2372 3607 2431; x_wconf 87' lang='lat' dir='ltr'><strong>ﬁdem.</strong></span> <span class='ocrx_word' id='word_1_591' title='bbox 3658 2374 3785 2443; x_wconf 86' lang='lat' dir='ltr'><strong>Quod</strong></span> 
     </span>
    </p>
   </div>
   <div class='ocr_carea' id='block_1_61' title="bbox 2228 2461 3786 2538">
    <p class='ocr_par' dir='ltr' id='par_1_61' title="bbox 2228 2461 3786 2538">
     <span class='ocr_line' id='line_1_61' title="bbox 2228 2461 3786 2538; baseline 0.008 -27"><span class='ocrx_word' id='word_1_592' title='bbox 2228 2463 2412 2512; x_wconf 89' lang='lat' dir='ltr'><strong>autem</strong></span> <span class='ocrx_word' id='word_1_593' title='bbox 2484 2472 2677 2515; x_wconf 89' lang='lat' dir='ltr'><strong>omnes</strong></span> <span class='ocrx_word' id='word_1_594' title='bbox 2741 2468 2933 2529; x_wconf 86' lang='lat' dir='ltr'><strong>gentes</strong></span> <span class='ocrx_word' id='word_1_595' title='bbox 3005 2461 3308 2519; x_wconf 70' lang='lat' dir='ltr'><strong>laudatum</strong></span> <span class='ocrx_word' id='word_1_596' title='bbox 3354 2473 3521 2538; x_wconf 84' lang='lat' dir='ltr'><strong>atque</strong></span> <span class='ocrx_word' id='word_1_597' title='bbox 3573 2466 3786 2523; x_wconf 88' lang='lat' dir='ltr'><strong>adoratu-</strong></span> 
     </span>
    </p>
   </div>
   <div class='ocr_carea' id='block_1_62' title="bbox 2228 2551 3784 2629">
    <p class='ocr_par' dir='ltr' id='par_1_62' title="bbox 2228 2551 3784 2629">
     <span class='ocr_line' id='line_1_62' title="bbox 2228 2551 3784 2629; baseline 0.008 -23"><span class='ocrx_word' id='word_1_598' title='bbox 2228 2565 2309 2607; x_wconf 68' lang='grc' dir='ltr'><strong>τω</strong></span> <span class='ocrx_word' id='word_1_599' title='bbox 2342 2560 2526 2608; x_wconf 90' lang='lat' dir='ltr'><strong>essent</strong></span> <span class='ocrx_word' id='word_1_600' title='bbox 2549 2551 2867 2621; x_wconf 86' lang='lat' dir='ltr'><strong>Dominum,</strong></span> <span class='ocrx_word' id='word_1_601' title='bbox 2902 2554 3006 2611; x_wconf 92' lang='lat' dir='ltr'><strong>hoc</strong></span> <span class='ocrx_word' id='word_1_602' title='bbox 3032 2555 3169 2629; x_wconf 82' lang='lat' dir='ltr'><strong>Magi</strong></span> <span class='ocrx_word' id='word_1_603' title='bbox 3198 2557 3269 2613; x_wconf 89' lang='lat' dir='ltr'><strong>ab</strong></span> <span class='ocrx_word' id='word_1_604' title='bbox 3290 2557 3520 2617; x_wconf 90' lang='lat' dir='ltr'><strong>Oriente</strong></span> <span class='ocrx_word' id='word_1_605' title='bbox 3540 2563 3784 2618; x_wconf 84' lang='lat' dir='ltr'><strong>venientes</strong></span> 
     </span>
    </p>
   </div>
   <div class='ocr_carea' id='block_1_63' title="bbox 2227 2642 3787 2727">
    <p class='ocr_par' dir='ltr' id='par_1_63' title="bbox 2227 2642 3787 2727">
     <span class='ocr_line' id='line_1_63' title="bbox 2227 2642 3787 2727; baseline 0.007 -27"><span class='ocrx_word' id='word_1_606' title='bbox 2227 2642 2646 2713; x_wconf 88' lang='lat' dir='ltr'><strong>inchoaverunt,</strong></span> <span class='ocrx_word' id='word_1_607' title='bbox 2678 2645 2974 2704; x_wconf 70' lang='lat' dir='ltr'><strong>oderentes</strong></span> <span class='ocrx_word' id='word_1_608' title='bbox 3000 2665 3229 2706; x_wconf 87' lang='lat' dir='ltr'><strong>munera</strong></span> <span class='ocrx_word' id='word_1_609' title='bbox 3273 2663 3401 2707; x_wconf 89' lang='lat' dir='ltr'><strong>nato</strong></span> <span class='ocrx_word' id='word_1_610' title='bbox 3450 2652 3643 2710; x_wconf 90' lang='lat' dir='ltr'><strong>homini</strong></span> <span class='ocrx_word' id='word_1_611' title='bbox 3670 2655 3787 2727; x_wconf 78' lang='lat' dir='ltr'><strong>regi-</strong></span> 
     </span>
    </p>
   </div>
   <div class='ocr_carea' id='block_1_64' title="bbox 2227 2738 3786 2818">
    <p class='ocr_par' dir='ltr' id='par_1_64' title="bbox 2227 2738 3786 2818">
     <span class='ocr_line' id='line_1_64' title="bbox 2227 2738 3786 2818; baseline 0.006 -27"><span class='ocrx_word' id='word_1_612' title='bbox 2227 2752 2334 2808; x_wconf 90' lang='lat' dir='ltr'><strong>que</strong></span> <span class='ocrx_word' id='word_1_613' title='bbox 2361 2751 2427 2793; x_wconf 86' lang='lat' dir='ltr'><strong>ac</strong></span> <span class='ocrx_word' id='word_1_614' title='bbox 2467 2738 2722 2807; x_wconf 90' lang='lat' dir='ltr'><strong>Domino,</strong></span> <span class='ocrx_word' id='word_1_615' title='bbox 2755 2739 2895 2795; x_wconf 89' lang='lat' dir='ltr'><strong>sicut</strong></span> <span class='ocrx_word' id='word_1_616' title='bbox 2934 2740 3223 2799; x_wconf 78' lang='lat' dir='ltr'><strong>Mattlueus</strong></span> <span class='ocrx_word' id='word_1_617' title='bbox 3269 2746 3345 2799; x_wconf 91' lang='lat' dir='ltr'><strong>ait</strong></span> <span class='ocrx_word' id='word_1_618' title='bbox 3372 2747 3710 2818; x_wconf 86' lang='lat' dir='ltr'><strong>evangelista.</strong></span> <span class='ocrx_word' id='word_1_619' title='bbox 3734 2744 3786 2801; x_wconf 81' lang='lat' dir='ltr'><strong>Et</strong></span> 
     </span>
    </p>
   </div>
   <div class='ocr_carea' id='block_1_65' title="bbox 2225 2828 3786 2910">
    <p class='ocr_par' dir='ltr' id='par_1_65' title="bbox 2225 2828 3786 2910">
     <span class='ocr_line' id='line_1_65' title="bbox 2225 2828 3786 2910; baseline 0.008 -28"><span class='ocrx_word' id='word_1_620' title='bbox 2225 2828 2521 2885; x_wconf 81' lang='lat' dir='ltr'><strong>collaudate</strong></span> <span class='ocrx_word' id='word_1_621' title='bbox 2545 2846 2663 2885; x_wconf 85' lang='lat' dir='ltr'><strong>eum</strong></span> <span class='ocrx_word' id='word_1_622' title='bbox 2691 2847 2866 2887; x_wconf 81' lang='lat' dir='ltr'><strong>omnes</strong></span> <span class='ocrx_word' id='word_1_623' title='bbox 2895 2833 3076 2906; x_wconf 81' lang='lat' dir='ltr'><strong>populi</strong></span> <span class='ocrx_word' id='word_1_624' title='bbox 3105 2833 3328 2908; x_wconf 77' lang='lat' dir='ltr'><strong>(Matth.</strong></span> <span class='ocrx_word' id='word_1_625' title='bbox 3354 2836 3442 2910; x_wconf 87' lang='grc' dir='ltr'><strong>ιι).</strong></span> <span class='ocrx_word' id='word_1_626' title='bbox 3474 2838 3585 2906; x_wconf 84' lang='lat' dir='ltr'><strong>Qui</strong></span> <span class='ocrx_word' id='word_1_627' title='bbox 3608 2854 3673 2894; x_wconf 68' lang='lat' dir='ltr'><strong>es</strong></span> <span class='ocrx_word' id='word_1_628' title='bbox 3712 2839 3786 2894; x_wconf 83' lang='lat' dir='ltr'><strong>Ju-</strong></span> 
     </span>
    </p>
   </div>
   <div class='ocr_carea' id='block_1_66' title="bbox 2225 2922 3786 3002">
    <p class='ocr_par' dir='ltr' id='par_1_66' title="bbox 2225 2922 3786 3002">
     <span class='ocr_line' id='line_1_66' title="bbox 2225 2922 3786 3002; baseline 0.005 -25"><span class='ocrx_word' id='word_1_629' title='bbox 2225 2922 2360 2978; x_wconf 87' lang='lat' dir='ltr'><strong>daeis</strong></span> <span class='ocrx_word' id='word_1_630' title='bbox 2390 2923 2606 2979; x_wconf 80' lang='lat' dir='ltr'><strong>fuerunt</strong></span> <span class='ocrx_word' id='word_1_631' title='bbox 2637 2929 2924 2991; x_wconf 85' lang='lat' dir='ltr'><strong>conversi,</strong></span> <span class='ocrx_word' id='word_1_632' title='bbox 2959 2927 3104 2998; x_wconf 90' lang='lat' dir='ltr'><strong>quod</strong></span> <span class='ocrx_word' id='word_1_633' title='bbox 3154 2929 3343 2985; x_wconf 89' lang='lat' dir='ltr'><strong>titulus</strong></span> <span class='ocrx_word' id='word_1_634' title='bbox 3371 2930 3470 2987; x_wconf 86' lang='lat' dir='ltr'><strong>illc</strong></span> <span class='ocrx_word' id='word_1_635' title='bbox 3497 2933 3786 3002; x_wconf 63' lang='lat' dir='ltr'><strong>praenuntia-</strong></span> 
     </span>
    </p>
   </div>
   <div class='ocr_carea' id='block_1_67' title="bbox 528 3793 2125 3876">
    <p class='ocr_par' dir='ltr' id='par_1_67' title="bbox 528 3793 2125 3876">
     <span class='ocr_line' id='line_1_67' title="bbox 528 3793 2125 3876; baseline 0.011 -32"><span class='ocrx_word' id='word_1_636' title='bbox 528 3798 748 3846; x_wconf 85' lang='lat' dir='ltr'><strong>sanctus</strong></span> <span class='ocrx_word' id='word_1_637' title='bbox 777 3793 1009 3852; x_wconf 90' lang='lat' dir='ltr'><strong>moritur</strong></span> <span class='ocrx_word' id='word_1_638' title='bbox 1036 3813 1132 3853; x_wconf 88' lang='lat' dir='ltr'><strong>sua</strong></span> <span class='ocrx_word' id='word_1_639' title='bbox 1161 3808 1335 3857; x_wconf 89' lang='lat' dir='ltr'><strong>morte</strong></span> <span class='ocrx_word' id='word_1_640' title='bbox 1360 3800 1507 3867; x_wconf 62' lang='lat' dir='ltr'><strong>licet,</strong></span> <span class='ocrx_word' id='word_1_641' title='bbox 1537 3803 1610 3857; x_wconf 90' lang='lat' dir='ltr'><strong>sit</strong></span> <span class='ocrx_word' id='word_1_642' title='bbox 1654 3813 1872 3859; x_wconf 88' lang='lat' dir='ltr'><strong>sanctus</strong></span> <span class='ocrx_word' id='word_1_643' title='bbox 1903 3805 1995 3876; x_wconf 92' lang='lat' dir='ltr'><strong>qui</strong></span> <span class='ocrx_word' id='word_1_644' title='bbox 2025 3805 2125 3861; x_wconf 85' lang='lat' dir='ltr'><strong>mi-</strong></span> 
     </span>
    </p>
   </div>
   <div class='ocr_carea' id='block_1_68' title="bbox 526 3884 2125 3969">
    <p class='ocr_par' dir='ltr' id='par_1_68' title="bbox 526 3884 2125 3969">
     <span class='ocr_line' id='line_1_68' title="bbox 526 3884 2125 3969; baseline 0.011 -31"><span class='ocrx_word' id='word_1_645' title='bbox 526 3884 857 3945; x_wconf 88' lang='lat' dir='ltr'><strong>sericordias</strong></span> <span class='ocrx_word' id='word_1_646' title='bbox 887 3899 1144 3960; x_wconf 88' lang='lat' dir='ltr'><strong>operatus</strong></span> <span class='ocrx_word' id='word_1_647' title='bbox 1174 3894 1265 3960; x_wconf 88' lang='lat' dir='ltr'><strong>sit,</strong></span> <span class='ocrx_word' id='word_1_648' title='bbox 1299 3893 1683 3967; x_wconf 80' lang='lat' dir='ltr'><strong>feceritsigna,</strong></span> <span class='ocrx_word' id='word_1_649' title='bbox 1709 3896 1986 3954; x_wconf 63' lang='lat' dir='ltr'><strong>daemones</strong></span> <span class='ocrx_word' id='word_1_650' title='bbox 2012 3898 2125 3969; x_wconf 83' lang='lat' dir='ltr'><strong>eje-</strong></span> 
     </span>
    </p>
   </div>
   <div class='ocr_carea' id='block_1_69' title="bbox 529 3979 2125 4062">
    <p class='ocr_par' dir='ltr' id='par_1_69' title="bbox 529 3979 2125 4062">
     <span class='ocr_line' id='line_1_69' title="bbox 529 3979 2125 4062; baseline 0.008 -29"><span class='ocrx_word' id='word_1_651' title='bbox 529 3979 687 4046; x_wconf 90' lang='lat' dir='ltr'><strong>cerit,</strong></span> <span class='ocrx_word' id='word_1_652' title='bbox 720 3994 827 4036; x_wconf 90' lang='lat' dir='ltr'><strong>non</strong></span> <span class='ocrx_word' id='word_1_653' title='bbox 854 3983 1090 4039; x_wconf 88' lang='lat' dir='ltr'><strong>vaditad</strong></span> <span class='ocrx_word' id='word_1_654' title='bbox 1108 3985 1391 4043; x_wconf 91' lang='lat' dir='ltr'><strong>Dominum</strong></span> <span class='ocrx_word' id='word_1_655' title='bbox 1424 4004 1678 4044; x_wconf 87' lang='lat' dir='ltr'><strong>securus:</strong></span> <span class='ocrx_word' id='word_1_656' title='bbox 1716 3989 1981 4047; x_wconf 86' lang='lat' dir='ltr'><strong>horrescit</strong></span> <span class='ocrx_word' id='word_1_657' title='bbox 2007 3991 2125 4062; x_wconf 82' lang='lat' dir='ltr'><strong>ejus</strong></span> 
     </span>
    </p>
   </div>
   <div class='ocr_carea' id='block_1_70' title="bbox 529 4073 2122 4157">
    <p class='ocr_par' dir='ltr' id='par_1_70' title="bbox 529 4073 2122 4157">
     <span class='ocr_line' id='line_1_70' title="bbox 529 4073 2122 4157; baseline 0.009 -32"><span class='ocrx_word' id='word_1_658' title='bbox 529 4073 887 4142; x_wconf 86' lang='lat' dir='ltr'><strong>conscientia,</strong></span> <span class='ocrx_word' id='word_1_659' title='bbox 929 4077 1149 4147; x_wconf 87' lang='lat' dir='ltr'><strong>quando</strong></span> <span class='ocrx_word' id='word_1_660' title='bbox 1178 4079 1321 4136; x_wconf 89' lang='lat' dir='ltr'><strong>videt</strong></span> <span class='ocrx_word' id='word_1_661' title='bbox 1346 4080 1656 4139; x_wconf 88' lang='lat' dir='ltr'><strong>Dominum.</strong></span> <span class='ocrx_word' id='word_1_662' title='bbox 1712 4082 1912 4157; x_wconf 86' lang='lat' dir='ltr'><strong>Marlyr</strong></span> <span class='ocrx_word' id='word_1_663' title='bbox 1941 4092 2122 4141; x_wconf 89' lang='lat' dir='ltr'><strong>autem</strong></span> 
     </span>
    </p>
   </div>
   <div class='ocr_carea' id='block_1_71' title="bbox 529 4164 2123 4242">
    <p class='ocr_par' dir='ltr' id='par_1_71' title="bbox 529 4164 2123 4242">
     <span class='ocr_line' id='line_1_71' title="bbox 529 4164 2123 4242; baseline 0.007 -23"><span class='ocrx_word' id='word_1_664' title='bbox 529 4164 575 4220; x_wconf 89' lang='lat' dir='ltr'><strong>si</strong></span> <span class='ocrx_word' id='word_1_665' title='bbox 628 4174 839 4236; x_wconf 89' lang='lat' dir='ltr'><strong>etpost</strong></span> <span class='ocrx_word' id='word_1_666' title='bbox 886 4167 1212 4239; x_wconf 85' lang='lat' dir='ltr'><strong>baptismum</strong></span> <span class='ocrx_word' id='word_1_667' title='bbox 1267 4176 1595 4242; x_wconf 90' lang='lat' dir='ltr'><strong>peccaverit,</strong></span> <span class='ocrx_word' id='word_1_668' title='bbox 1657 4186 1836 4232; x_wconf 90' lang='lat' dir='ltr'><strong>tamen</strong></span> <span class='ocrx_word' id='word_1_669' title='bbox 1883 4179 2123 4233; x_wconf 87' lang='lat' dir='ltr'><strong>secundo</strong></span> 
     </span>
    </p>
   </div>
   <div class='ocr_carea' id='block_1_72' title="bbox 527 4255 2126 4337">
    <p class='ocr_par' dir='ltr' id='par_1_72' title="bbox 527 4255 2126 4337">
     <span class='ocr_line' id='line_1_72' title="bbox 527 4255 2126 4337; baseline 0.01 -26"><span class='ocrx_word' id='word_1_670' title='bbox 527 4255 856 4328; x_wconf 87' lang='lat' dir='ltr'><strong>baptismate</strong></span> <span class='ocrx_word' id='word_1_671' title='bbox 886 4265 1130 4337; x_wconf 90' lang='lat' dir='ltr'><strong>martyrii</strong></span> <span class='ocrx_word' id='word_1_672' title='bbox 1161 4265 1400 4335; x_wconf 88' lang='lat' dir='ltr'><strong>ablutus,</strong></span> <span class='ocrx_word' id='word_1_673' title='bbox 1432 4282 1661 4326; x_wconf 89' lang='lat' dir='ltr'><strong>securus</strong></span> <span class='ocrx_word' id='word_1_674' title='bbox 1716 4269 1868 4326; x_wconf 91' lang='lat' dir='ltr'><strong>vadit</strong></span> <span class='ocrx_word' id='word_1_675' title='bbox 1917 4271 1983 4327; x_wconf 92' lang='lat' dir='ltr'><strong>ad</strong></span> <span class='ocrx_word' id='word_1_676' title='bbox 2019 4270 2126 4326; x_wconf 90' lang='lat' dir='ltr'><strong>Do-</strong></span> 
     </span>
    </p>
   </div>
   <div class='ocr_carea' id='block_1_73' title="bbox 527 4351 2123 4428">
    <p class='ocr_par' dir='ltr' id='par_1_73' title="bbox 527 4351 2123 4428">
     <span class='ocr_line' id='line_1_73' title="bbox 527 4351 2123 4428; baseline 0.009 -22"><span class='ocrx_word' id='word_1_677' title='bbox 527 4351 761 4409; x_wconf 90' lang='lat' dir='ltr'><strong>minum.</strong></span> <span class='ocrx_word' id='word_1_678' title='bbox 788 4352 1049 4428; x_wconf 82' lang='lat' dir='ltr'><strong>Dirupisti</strong></span> <span class='ocrx_word' id='word_1_679' title='bbox 1075 4360 1279 4416; x_wconf 78' lang='lat' dir='ltr'><strong>vincula</strong></span> <span class='ocrx_word' id='word_1_680' title='bbox 1301 4378 1431 4417; x_wconf 89' lang='lat' dir='ltr'><strong>mea.</strong></span> <span class='ocrx_word' id='word_1_681' title='bbox 1461 4363 1681 4420; x_wconf 88' lang='lat' dir='ltr'><strong>Catenis</strong></span> <span class='ocrx_word' id='word_1_682' title='bbox 1700 4373 1879 4421; x_wconf 89' lang='lat' dir='ltr'><strong>autem</strong></span> <span class='ocrx_word' id='word_1_683' title='bbox 1903 4380 2123 4421; x_wconf 85' lang='lat' dir='ltr'><strong>suorum</strong></span> 
     </span>
    </p>
   </div>
   <div class='ocr_carea' id='block_1_74' title="bbox 531 4454 2125 4527">
    <p class='ocr_par' dir='ltr' id='par_1_74' title="bbox 531 4454 2125 4527">
     <span class='ocr_line' id='line_1_74' title="bbox 531 4454 2125 4527; baseline 0.009 -26"><span class='ocrx_word' id='word_1_684' title='bbox 531 4459 877 4517; x_wconf 87' lang='lat' dir='ltr'><strong>peccatorum</strong></span> <span class='ocrx_word' id='word_1_685' title='bbox 910 4454 1281 4524; x_wconf 79' lang='lat' dir='ltr'><strong>unusquisque</strong></span> <span class='ocrx_word' id='word_1_686' title='bbox 1309 4457 1718 4527; x_wconf 86' lang='lat' dir='ltr'><strong>constringitur,</strong></span> <span class='ocrx_word' id='word_1_687' title='bbox 1770 4457 1865 4514; x_wconf 89' lang='lat' dir='ltr'><strong>sed</strong></span> <span class='ocrx_word' id='word_1_688' title='bbox 1899 4458 1951 4513; x_wconf 89' lang='lat' dir='ltr'><strong>in</strong></span> <span class='ocrx_word' id='word_1_689' title='bbox 1982 4475 2125 4515; x_wconf 88' lang='lat' dir='ltr'><strong>mar-</strong></span> 
     </span>
    </p>
   </div>
   <div class='ocr_carea' id='block_1_75' title="bbox 531 4541 2127 4619">
    <p class='ocr_par' dir='ltr' id='par_1_75' title="bbox 531 4541 2127 4619">
     <span class='ocr_line' id='line_1_75' title="bbox 531 4541 2127 4619; baseline 0.009 -25"><span class='ocrx_word' id='word_1_690' title='bbox 531 4541 674 4613; x_wconf 88' lang='lat' dir='ltr'><strong>tyrio</strong></span> <span class='ocrx_word' id='word_1_691' title='bbox 706 4557 827 4597; x_wconf 90' lang='lat' dir='ltr'><strong>meo</strong></span> <span class='ocrx_word' id='word_1_692' title='bbox 854 4543 1107 4615; x_wconf 90' lang='lat' dir='ltr'><strong>dirupisti</strong></span> <span class='ocrx_word' id='word_1_693' title='bbox 1137 4546 1352 4603; x_wconf 90' lang='lat' dir='ltr'><strong>vincula</strong></span> <span class='ocrx_word' id='word_1_694' title='bbox 1383 4558 1730 4619; x_wconf 89' lang='lat' dir='ltr'><strong>peccatorum</strong></span> <span class='ocrx_word' id='word_1_695' title='bbox 1769 4566 2039 4619; x_wconf 85' lang='lat' dir='ltr'><strong>meorum,</strong></span> <span class='ocrx_word' id='word_1_696' title='bbox 2072 4562 2127 4608; x_wconf 91' lang='lat' dir='ltr'><strong>et</strong></span> 
     </span>
    </p>
   </div>
   <div class='ocr_carea' id='block_1_76' title="bbox 522 4632 2121 4707">
    <p class='ocr_par' dir='ltr' id='par_1_76' title="bbox 522 4632 2121 4707">
     <span class='ocr_line' id='line_1_76' title="bbox 522 4632 2121 4707; baseline 0.009 -22"><span class='ocrx_word' id='word_1_697' title='bbox 522 4632 598 4687; x_wconf 70' lang='lat' dir='ltr'><strong>‘de</strong></span> <span class='ocrx_word' id='word_1_698' title='bbox 624 4632 858 4690; x_wconf 88' lang='lat' dir='ltr'><strong>vinculis</strong></span> <span class='ocrx_word' id='word_1_699' title='bbox 880 4636 1092 4707; x_wconf 88' lang='lat' dir='ltr'><strong>plicain</strong></span> <span class='ocrx_word' id='word_1_700' title='bbox 1121 4639 1254 4694; x_wconf 90' lang='lat' dir='ltr'><strong>mihi</strong></span> <span class='ocrx_word' id='word_1_701' title='bbox 1277 4655 1534 4698; x_wconf 89' lang='lat' dir='ltr'><strong>coronam</strong></span> <span class='ocrx_word' id='word_1_702' title='bbox 1555 4642 1815 4701; x_wconf 81' lang='lat' dir='ltr'><strong>victoriae.</strong></span> <span class='ocrx_word' id='word_1_703' title='bbox 1842 4642 1945 4701; x_wconf 85' lang='lat' dir='ltr'><strong>Ubi</strong></span> <span class='ocrx_word' id='word_1_704' title='bbox 1978 4646 2121 4701; x_wconf 90' lang='lat' dir='ltr'><strong>enim</strong></span> 
     </span>
    </p>
   </div>
   <div class='ocr_carea' id='block_1_77' title="bbox 530 4725 2123 4810">
    <p class='ocr_par' dir='ltr' id='par_1_77' title="bbox 530 4725 2123 4810">
     <span class='ocr_line' id='line_1_77' title="bbox 530 4725 2123 4810; baseline 0.011 -32"><span class='ocrx_word' id='word_1_705' title='bbox 530 4725 826 4781; x_wconf 88' lang='lat' dir='ltr'><strong>abundavit</strong></span> <span class='ocrx_word' id='word_1_706' title='bbox 896 4739 1222 4801; x_wconf 85' lang='lat' dir='ltr'><strong>peccatum,</strong></span> <span class='ocrx_word' id='word_1_707' title='bbox 1282 4734 1746 4804; x_wconf 88' lang='lat' dir='ltr'><strong>superabundavit</strong></span> <span class='ocrx_word' id='word_1_708' title='bbox 1821 4747 1878 4793; x_wconf 89' lang='lat' dir='ltr'><strong>et</strong></span> <span class='ocrx_word' id='word_1_709' title='bbox 1953 4741 2123 4810; x_wconf 87' lang='lat' dir='ltr'><strong>gratia</strong></span> 
     </span>
    </p>
   </div>
   <div class='ocr_carea' id='block_1_78' title="bbox 529 4819 2123 4898">
    <p class='ocr_par' dir='ltr' id='par_1_78' title="bbox 529 4819 2123 4898">
     <span class='ocr_line' id='line_1_78' title="bbox 529 4819 2123 4898; baseline 0.01 -24"><span class='ocrx_word' id='word_1_710' title='bbox 529 4819 709 4893; x_wconf 84' lang='lat' dir='ltr'><strong>(Rom.</strong></span> <span class='ocrx_word' id='word_1_711' title='bbox 740 4823 818 4895; x_wconf 88' lang='lat' dir='ltr'><strong>v).</strong></span> <span class='ocrx_word' id='word_1_712' title='bbox 854 4823 970 4880; x_wconf 83' lang='lat' dir='ltr'><strong>Tibi</strong></span> <span class='ocrx_word' id='word_1_713' title='bbox 988 4827 1296 4898; x_wconf 79' lang='lat' dir='ltr'><strong>sacriﬁcabo</strong></span> <span class='ocrx_word' id='word_1_714' title='bbox 1323 4830 1543 4886; x_wconf 78' lang='lat' dir='ltr'><strong>hostiam</strong></span> <span class='ocrx_word' id='word_1_715' title='bbox 1574 4832 1768 4887; x_wconf 83' lang='lat' dir='ltr'><strong>laudis.</strong></span> <span class='ocrx_word' id='word_1_716' title='bbox 1798 4832 1928 4888; x_wconf 89' lang='lat' dir='ltr'><strong>Post</strong></span> <span class='ocrx_word' id='word_1_717' title='bbox 1974 4849 2123 4890; x_wconf 87' lang='lat' dir='ltr'><strong>mar-</strong></span> 
     </span>
    </p>
   </div>
   <div class='ocr_carea' id='block_1_79' title="bbox 527 4916 2120 4996">
    <p class='ocr_par' dir='ltr' id='par_1_79' title="bbox 527 4916 2120 4996">
     <span class='ocr_line' id='line_1_79' title="bbox 527 4916 2120 4996; baseline 0.011 -29"><span class='ocrx_word' id='word_1_718' title='bbox 527 4916 729 4986; x_wconf 90' lang='lat' dir='ltr'><strong>tyrium</strong></span> <span class='ocrx_word' id='word_1_719' title='bbox 782 4917 872 4971; x_wconf 91' lang='lat' dir='ltr'><strong>ubi</strong></span> <span class='ocrx_word' id='word_1_720' title='bbox 922 4918 1233 4996; x_wconf 61' lang='lat' dir='ltr'><strong>sacriﬁcat?</strong></span> <span class='ocrx_word' id='word_1_721' title='bbox 1256 4920 1312 4977; x_wconf 90' lang='lat' dir='ltr'><strong>In</strong></span> <span class='ocrx_word' id='word_1_722' title='bbox 1345 4924 1567 4996; x_wconf 87' lang='lat' dir='ltr'><strong>regione</strong></span> <span class='ocrx_word' id='word_1_723' title='bbox 1594 4924 1865 4982; x_wconf 88' lang='lat' dir='ltr'><strong>vivorum.</strong></span> <span class='ocrx_word' id='word_1_724' title='bbox 1901 4929 2120 4985; x_wconf 88' lang='lat' dir='ltr'><strong>Sacriﬁ-</strong></span> 
     </span>
    </p>
   </div>
   <div class='ocr_carea' id='block_1_80' title="bbox 525 5007 2124 5085">
    <p class='ocr_par' dir='ltr' id='par_1_80' title="bbox 525 5007 2124 5085">
     <span class='ocr_line' id='line_1_80' title="bbox 525 5007 2124 5085; baseline 0.01 -24"><span class='ocrx_word' id='word_1_725' title='bbox 525 5007 683 5074; x_wconf 90' lang='lat' dir='ltr'><strong>caho,</strong></span> <span class='ocrx_word' id='word_1_726' title='bbox 744 5008 947 5080; x_wconf 86' lang='lat' dir='ltr'><strong>inquit.</strong></span> <span class='ocrx_word' id='word_1_727' title='bbox 992 5010 1088 5067; x_wconf 87' lang='lat' dir='ltr'><strong>tibi</strong></span> <span class='ocrx_word' id='word_1_728' title='bbox 1144 5014 1489 5071; x_wconf 88' lang='lat' dir='ltr'><strong>sacriﬁcium.</strong></span> <span class='ocrx_word' id='word_1_729' title='bbox 1534 5016 1705 5085; x_wconf 86' lang='lat' dir='ltr'><strong>Quale</strong></span> <span class='ocrx_word' id='word_1_730' title='bbox 1746 5020 2124 5077; x_wconf 86' lang='lat' dir='ltr'><strong>sacriﬁcium?</strong></span> 
     </span>
    </p>
   </div>
   <div class='ocr_carea' id='block_1_81' title="bbox 527 5097 2118 5180">
    <p class='ocr_par' dir='ltr' id='par_1_81' title="bbox 527 5097 2118 5180">
     <span class='ocr_line' id='line_1_81' title="bbox 527 5097 2118 5180; baseline 0.011 -28"><span class='ocrx_word' id='word_1_731' title='bbox 527 5097 796 5171; x_wconf 83' lang='lat' dir='ltr'><strong>Numquid</strong></span> <span class='ocrx_word' id='word_1_732' title='bbox 820 5102 1049 5167; x_wconf 87' lang='lat' dir='ltr'><strong>hircum,</strong></span> <span class='ocrx_word' id='word_1_733' title='bbox 1082 5114 1174 5160; x_wconf 85' lang='lat' dir='ltr'><strong>aut</strong></span> <span class='ocrx_word' id='word_1_734' title='bbox 1199 5107 1463 5163; x_wconf 89' lang='lat' dir='ltr'><strong>vitulum?</strong></span> <span class='ocrx_word' id='word_1_735' title='bbox 1490 5107 1820 5166; x_wconf 83' lang='lat' dir='ltr'><strong>lllaJudaica</strong></span> <span class='ocrx_word' id='word_1_736' title='bbox 1848 5125 2023 5180; x_wconf 89' lang='lat' dir='ltr'><strong>erant,</strong></span> <span class='ocrx_word' id='word_1_737' title='bbox 2062 5123 2118 5169; x_wconf 90' lang='lat' dir='ltr'><strong>et</strong></span> 
     </span>
    </p>
   </div>
   <div class='ocr_carea' id='block_1_82' title="bbox 525 5192 2121 5267">
    <p class='ocr_par' dir='ltr' id='par_1_82' title="bbox 525 5192 2121 5267">
     <span class='ocr_line' id='line_1_82' title="bbox 525 5192 2121 5267; baseline 0.012 -24"><span class='ocrx_word' id='word_1_738' title='bbox 525 5193 876 5247; x_wconf 81' lang='lat' dir='ltr'><strong>transierunt.</strong></span> <span class='ocrx_word' id='word_1_739' title='bbox 908 5192 1233 5267; x_wconf 85' lang='lat' dir='ltr'><strong>Sacriﬁcabo</strong></span> <span class='ocrx_word' id='word_1_740' title='bbox 1255 5198 1346 5252; x_wconf 85' lang='lat' dir='ltr'><strong>tibi</strong></span> <span class='ocrx_word' id='word_1_741' title='bbox 1373 5200 1592 5254; x_wconf 85' lang='lat' dir='ltr'><strong>hostiam</strong></span> <span class='ocrx_word' id='word_1_742' title='bbox 1622 5200 1816 5256; x_wconf 70' lang='lat' dir='ltr'><strong>laudis.</strong></span> <span class='ocrx_word' id='word_1_743' title='bbox 1869 5203 1993 5261; x_wconf 67' lang='lat' dir='ltr'><strong>Haec</strong></span> <span class='ocrx_word' id='word_1_744' title='bbox 2036 5214 2121 5261; x_wconf 89' lang='lat' dir='ltr'><strong>est</strong></span> 
     </span>
    </p>
   </div>
   <div class='ocr_carea' id='block_1_83' title="bbox 516 5269 2117 5361">
    <p class='ocr_par' dir='ltr' id='par_1_83' title="bbox 516 5269 2117 5361">
     <span class='ocr_line' id='line_1_83' title="bbox 516 5269 2117 5361; baseline 0.011 -27"><span class='ocrx_word' id='word_1_745' title='bbox 516 5279 648 5336; x_wconf 51' lang='lat' dir='ltr'><strong>&#39;laus</strong></span> <span class='ocrx_word' id='word_1_746' title='bbox 687 5269 1003 5357; x_wconf 76' lang='lat' dir='ltr'><strong>martyrum.</strong></span> <span class='ocrx_word' id='word_1_747' title='bbox 1038 5288 1191 5345; x_wconf 90' lang='lat' dir='ltr'><strong>Sicut</strong></span> <span class='ocrx_word' id='word_1_748' title='bbox 1221 5290 1363 5345; x_wconf 90' lang='lat' dir='ltr'><strong>enim</strong></span> <span class='ocrx_word' id='word_1_749' title='bbox 1397 5302 1667 5361; x_wconf 84' lang='lat' dir='ltr'><strong>martyres</strong></span> <span class='ocrx_word' id='word_1_750' title='bbox 1693 5293 1915 5350; x_wconf 86' lang='lat' dir='ltr'><strong>laudant</strong></span> <span class='ocrx_word' id='word_1_751' title='bbox 1938 5294 2117 5352; x_wconf 92' lang='lat' dir='ltr'><strong>Domi-</strong></span> 
     </span>
    </p>
   </div>
   <div class='ocr_carea' id='block_1_84' title="bbox 2224 4888 3801 4963">
    <p class='ocr_par' dir='ltr' id='par_1_84' title="bbox 2224 4888 3801 4963">
     <span class='ocr_line' id='line_1_84' title="bbox 2224 4888 3801 4963; baseline -0.001 -16"><span class='ocrx_word' id='word_1_752' title='bbox 2224 4888 2490 4961; x_wconf 87' lang='lat' dir='ltr'><strong>Spiritum</strong></span> <span class='ocrx_word' id='word_1_753' title='bbox 2517 4902 2788 4957; x_wconf 88' lang='lat' dir='ltr'><strong>sanctum,</strong></span> <span class='ocrx_word' id='word_1_754' title='bbox 2811 4890 2905 4962; x_wconf 92' lang='lat' dir='ltr'><strong>qui</strong></span> <span class='ocrx_word' id='word_1_755' title='bbox 2932 4906 3169 4948; x_wconf 80' lang='lat' dir='ltr'><strong>exurens</strong></span> <span class='ocrx_word' id='word_1_756' title='bbox 3192 4893 3375 4959; x_wconf 82' lang='lat' dir='ltr'><strong>noxia,</strong></span> <span class='ocrx_word' id='word_1_757' title='bbox 3406 4894 3673 4950; x_wconf 77' lang='lat' dir='ltr'><strong>illuminat</strong></span> <span class='ocrx_word' id='word_1_758' title='bbox 3696 4905 3801 4963; x_wconf 86' lang='lat' dir='ltr'><strong>pro-</strong></span> 
     </span>
    </p>
   </div>
   <div class='ocr_carea' id='block_1_85' title="bbox 2224 4982 3797 5059">
    <p class='ocr_par' dir='ltr' id='par_1_85' title="bbox 2224 4982 3797 5059">
     <span class='ocr_line' id='line_1_85' title="bbox 2224 4982 3797 5059; baseline -0.001 -21"><span class='ocrx_word' id='word_1_759' title='bbox 2224 4982 2427 5039; x_wconf 82' lang='lat' dir='ltr'><strong>futura.</strong></span> <span class='ocrx_word' id='word_1_760' title='bbox 2460 4982 2567 5054; x_wconf 90' lang='lat' dir='ltr'><strong>Ipsi</strong></span> <span class='ocrx_word' id='word_1_761' title='bbox 2594 4982 2769 5054; x_wconf 88' lang='lat' dir='ltr'><strong>gloria</strong></span> <span class='ocrx_word' id='word_1_762' title='bbox 2800 4998 2924 5040; x_wconf 90' lang='lat' dir='ltr'><strong>cum</strong></span> <span class='ocrx_word' id='word_1_763' title='bbox 2956 4992 3165 5040; x_wconf 67' lang='lat' dir='ltr'><strong>aeterno</strong></span> <span class='ocrx_word' id='word_1_764' title='bbox 3191 4984 3353 5042; x_wconf 79' lang='lat' dir='ltr'><strong>Patre</strong></span> <span class='ocrx_word' id='word_1_765' title='bbox 3383 4995 3439 5042; x_wconf 90' lang='lat' dir='ltr'><strong>et</strong></span> <span class='ocrx_word' id='word_1_766' title='bbox 3461 4986 3671 5059; x_wconf 90' lang='lat' dir='ltr'><strong>Spiritu</strong></span> <span class='ocrx_word' id='word_1_767' title='bbox 3695 4998 3797 5038; x_wconf 84' lang='lat' dir='ltr'><strong>san-</strong></span> 
     </span>
    </p>
   </div>
   <div class='ocr_carea' id='block_1_86' title="bbox 2224 5076 3659 5143">
    <p class='ocr_par' dir='ltr' id='par_1_86' title="bbox 2224 5076 3659 5143">
     <span class='ocr_line' id='line_1_86' title="bbox 2224 5076 3659 5143; baseline 0.001 -11"><span class='ocrx_word' id='word_1_768' title='bbox 2224 5085 2315 5132; x_wconf 91' lang='lat' dir='ltr'><strong>cto</strong></span> <span class='ocrx_word' id='word_1_769' title='bbox 2337 5076 2391 5132; x_wconf 92' lang='lat' dir='ltr'><strong>in</strong></span> <span class='ocrx_word' id='word_1_770' title='bbox 2421 5086 2615 5133; x_wconf 90' lang='lat' dir='ltr'><strong>cuncta</strong></span> <span class='ocrx_word' id='word_1_771' title='bbox 2645 5078 2847 5133; x_wconf 84' lang='lat' dir='ltr'><strong>saecula</strong></span> <span class='ocrx_word' id='word_1_772' title='bbox 2878 5077 3226 5135; x_wconf 85' lang='lat' dir='ltr'><strong>saeculorum.</strong></span> <span class='ocrx_word' id='word_1_773' title='bbox 3258 5078 3455 5137; x_wconf 85' lang='lat' dir='ltr'><strong>Amen.</strong></span> <span class='ocrx_word' id='word_1_774' title='bbox 3633 5119 3659 5143; x_wconf 88' lang='lat'><strong>.</strong></span> 
     </span>
    </p>
   </div>
   <div class='ocr_carea' id='block_1_87' title="bbox 2746 5168 3303 5227">
    <p class='ocr_par' dir='ltr' id='par_1_87' title="bbox 2746 5168 3303 5227">
     <span class='ocr_line' id='line_1_87' title="bbox 2746 5168 3303 5227; baseline 0.004 -2"><span class='ocrx_word' id='word_1_775' title='bbox 2746 5169 3067 5227; x_wconf 77' lang='lat' dir='ltr'><strong>PSALMUS</strong></span> <span class='ocrx_word' id='word_1_776' title='bbox 3093 5168 3303 5227; x_wconf 82' lang='lat' dir='ltr'><strong>CXVII.</strong></span> 
     </span>
    </p>
   </div>
   <div class='ocr_carea' id='block_1_88' title="bbox 2226 5260 3783 5339">
    <p class='ocr_par' dir='ltr' id='par_1_88' title="bbox 2226 5260 3783 5339">
     <span class='ocr_line' id='line_1_88' title="bbox 2226 5260 3783 5339; baseline 0.003 -23"><span class='ocrx_word' id='word_1_777' title='bbox 2226 5260 2652 5339; x_wconf 50' lang='lat' dir='ltr'><strong>Alleluia.de</strong></span> <span class='ocrx_word' id='word_1_778' title='bbox 2661 5261 2936 5339; x_wconf 70' lang='lat' dir='ltr'><strong>psalmus</strong></span> <span class='ocrx_word' id='word_1_779' title='bbox 2984 5262 3252 5339; x_wconf 78' lang='lat' dir='ltr'><strong>interdum</strong></span> <span class='ocrx_word' id='word_1_780' title='bbox 3305 5278 3506 5339; x_wconf 88' lang='lat' dir='ltr'><strong>_vocem</strong></span> <span class='ocrx_word' id='word_1_781' title='bbox 3576 5263 3783 5339; x_wconf 52' lang='lat' dir='ltr'><strong>conti?!</strong></span> 
     </span>
    </p>
   </div>
   <div class='ocr_carea' id='block_1_89' title="bbox 2297 5327 3782 5407">
    <p class='ocr_par' dir='ltr' id='par_1_89' title="bbox 2297 5327 3782 5407">
     <span class='ocr_line' id='line_1_89' title="bbox 2297 5327 3782 5407; baseline 0.001 -19"><span class='ocrx_word' id='word_1_782' title='bbox 2297 5331 2562 5407; x_wconf 72' lang='lat' dir='ltr'><strong>Ecclesia:</strong></span> <span class='ocrx_word' id='word_1_783' title='bbox 2598 5327 3151 5407; x_wconf 38' lang='lat' dir='ltr'><strong>Christi‘vocatione</strong></span> <span class='ocrx_word' id='word_1_784' title='bbox 3192 5334 3451 5399; x_wconf 63' lang='lat' dir='ltr'><strong>fundata},</strong></span> <span class='ocrx_word' id='word_1_785' title='bbox 3500 5337 3589 5392; x_wconf 89' lang='lat' dir='ltr'><strong>vel</strong></span> <span class='ocrx_word' id='word_1_786' title='bbox 3638 5327 3782 5407; x_wconf 48' lang='lat' dir='ltr'><strong>post!“</strong></span> 
     </span>
    </p>
   </div>
   <div class='ocr_carea' id='block_1_90' title="bbox 2227 4797 3935 4869">
    <p class='ocr_par' dir='ltr' id='par_1_90' title="bbox 2227 4797 3935 4869">
     <span class='ocr_line' id='line_1_90' title="bbox 2227 4797 3935 4869; baseline -0.001 -16"><span class='ocrx_word' id='word_1_787' title='bbox 2227 4812 2395 4868; x_wconf 88' lang='lat' dir='ltr'><strong>super</strong></span> <span class='ocrx_word' id='word_1_788' title='bbox 2443 4811 2544 4852; x_wconf 88' lang='lat' dir='ltr'><strong>nos</strong></span> <span class='ocrx_word' id='word_1_789' title='bbox 2593 4797 3028 4854; x_wconf 83' lang='lat' dir='ltr'><strong>misericordiam</strong></span> <span class='ocrx_word' id='word_1_790' title='bbox 3069 4813 3224 4855; x_wconf 89' lang='lat' dir='ltr'><strong>suam</strong></span> <span class='ocrx_word' id='word_1_791' title='bbox 3254 4802 3521 4856; x_wconf 88' lang='lat' dir='ltr'><strong>:mittens</strong></span> <span class='ocrx_word' id='word_1_792' title='bbox 3556 4801 3621 4869; x_wconf 84' lang='lat' dir='ltr'><strong>in</strong></span> <span class='ocrx_word' id='word_1_793' title='bbox 3666 4797 3836 4859; x_wconf 81' lang='lat' dir='ltr'><strong>nobis.</strong></span> <span class='ocrx_word' id='word_1_794' title='bbox 3934 4797 3935 4869; x_wconf 57' lang='lat'>1</span> 
     </span>
    </p>
   </div>
   <div class='ocr_carea' id='block_1_91' title="bbox 525 5380 2116 5463">
    <p class='ocr_par' dir='ltr' id='par_1_91' title="bbox 525 5380 2116 5463">
     <span class='ocr_line' id='line_1_91' title="bbox 525 5380 2116 5463; baseline 0.01 -32"><span class='ocrx_word' id='word_1_795' title='bbox 525 5390 656 5431; x_wconf 91' lang='lat' dir='ltr'><strong>num</strong></span> <span class='ocrx_word' id='word_1_796' title='bbox 701 5392 832 5447; x_wconf 87' lang='lat' dir='ltr'><strong>pure</strong></span> <span class='ocrx_word' id='word_1_797' title='bbox 888 5380 941 5433; x_wconf 92' lang='lat' dir='ltr'><strong>in</strong></span> <span class='ocrx_word' id='word_1_798' title='bbox 988 5382 1210 5452; x_wconf 89' lang='lat' dir='ltr'><strong>regione</strong></span> <span class='ocrx_word' id='word_1_799' title='bbox 1235 5384 1517 5456; x_wconf 73' lang='lat' dir='ltr'><strong>vivorum,</strong></span> <span class='ocrx_word' id='word_1_800' title='bbox 1553 5387 1625 5441; x_wconf 89' lang='lat' dir='ltr'><strong>ita</strong></span> <span class='ocrx_word' id='word_1_801' title='bbox 1657 5396 1711 5443; x_wconf 92' lang='lat' dir='ltr'><strong>et</strong></span> <span class='ocrx_word' id='word_1_802' title='bbox 1734 5390 1985 5444; x_wconf 80' lang='lat' dir='ltr'><strong>monachi</strong></span> <span class='ocrx_word' id='word_1_803' title='bbox 2026 5392 2116 5463; x_wconf 83' lang='lat' dir='ltr'><strong>qui</strong></span> 
     </span>
    </p>
   </div>
   <div class='ocr_carea' id='block_1_92' title="bbox 526 5468 2117 5555">
    <p class='ocr_par' dir='ltr' id='par_1_92' title="bbox 526 5468 2117 5555">
     <span class='ocr_line' id='line_1_92' title="bbox 526 5468 2117 5555; baseline 0.011 -30"><span class='ocrx_word' id='word_1_804' title='bbox 526 5468 618 5527; x_wconf 87' lang='lat' dir='ltr'><strong>die</strong></span> <span class='ocrx_word' id='word_1_805' title='bbox 642 5481 696 5527; x_wconf 90' lang='lat' dir='ltr'><strong>et</strong></span> <span class='ocrx_word' id='word_1_806' title='bbox 718 5483 875 5531; x_wconf 91' lang='lat' dir='ltr'><strong>nocte</strong></span> <span class='ocrx_word' id='word_1_807' title='bbox 908 5475 1410 5547; x_wconf 90' lang='lat' dir='ltr'><strong>psalluntDomino,</strong></span> <span class='ocrx_word' id='word_1_808' title='bbox 1431 5480 1628 5537; x_wconf 85' lang='lat' dir='ltr'><strong>debent</strong></span> <span class='ocrx_word' id='word_1_809' title='bbox 1647 5483 1894 5539; x_wconf 89' lang='lat' dir='ltr'><strong>eamdem</strong></span> <span class='ocrx_word' id='word_1_810' title='bbox 1915 5484 2117 5555; x_wconf 91' lang='lat' dir='ltr'><strong>purita-</strong></span> 
     </span>
    </p>
   </div>
   <div class='ocr_carea' id='block_1_93' title="bbox 522 5564 2114 5647">
    <p class='ocr_par' dir='ltr' id='par_1_93' title="bbox 522 5564 2114 5647">
     <span class='ocr_line' id='line_1_93' title="bbox 522 5564 2114 5647; baseline 0.009 -29"><span class='ocrx_word' id='word_1_811' title='bbox 522 5570 638 5619; x_wconf 87' lang='lat' dir='ltr'><strong>tem</strong></span> <span class='ocrx_word' id='word_1_812' title='bbox 666 5564 869 5622; x_wconf 87' lang='lat' dir='ltr'><strong>habere</strong></span> <span class='ocrx_word' id='word_1_813' title='bbox 894 5577 1218 5641; x_wconf 88' lang='lat' dir='ltr'><strong>martyrum,</strong></span> <span class='ocrx_word' id='word_1_814' title='bbox 1252 5572 1516 5644; x_wconf 87' lang='lat' dir='ltr'><strong>siquidem</strong></span> <span class='ocrx_word' id='word_1_815' title='bbox 1550 5574 1650 5644; x_wconf 89' lang='lat' dir='ltr'><strong>ipsi</strong></span> <span class='ocrx_word' id='word_1_816' title='bbox 1673 5584 1940 5647; x_wconf 89' lang='lat' dir='ltr'><strong>martyres</strong></span> <span class='ocrx_word' id='word_1_817' title='bbox 1966 5586 2114 5632; x_wconf 87' lang='lat' dir='ltr'><strong>sunt.</strong></span> 
     </span>
    </p>
   </div>
   <div class='ocr_carea' id='block_1_94' title="bbox 2298 5400 3779 5488">
    <p class='ocr_par' dir='ltr' id='par_1_94' title="bbox 2298 5400 3779 5488">
     <span class='ocr_line' id='line_1_94' title="bbox 2298 5400 3779 5488; baseline 0.003 -30"><span class='ocrx_word' id='word_1_818' title='bbox 2298 5404 2609 5488; x_wconf 73' lang='lat' dir='ltr'><strong>interempti</strong></span> <span class='ocrx_word' id='word_1_819' title='bbox 2663 5420 2763 5476; x_wconf 90' lang='lat' dir='ltr'><strong>pro</strong></span> <span class='ocrx_word' id='word_1_820' title='bbox 2818 5404 3023 5461; x_wconf 88' lang='lat' dir='ltr'><strong>Christi</strong></span> <span class='ocrx_word' id='word_1_821' title='bbox 3075 5408 3294 5462; x_wconf 87' lang='lat' dir='ltr'><strong>nomine</strong></span> <span class='ocrx_word' id='word_1_822' title='bbox 3343 5407 3515 5463; x_wconf 85' lang='lat' dir='ltr'><strong>Deum</strong></span> <span class='ocrx_word' id='word_1_823' title='bbox 3571 5400 3779 5477; x_wconf 61' lang='lat' dir='ltr'><strong>inartiﬁ-</strong></span> 
     </span>
    </p>
   </div>
   <div class='ocr_carea' id='block_1_95' title="bbox 2296 5485 2491 5531">
    <p class='ocr_par' dir='ltr' id='par_1_95' title="bbox 2296 5485 2491 5531">
     <span class='ocr_line' id='line_1_95' title="bbox 2296 5485 2491 5531; baseline -0.005 0"><span class='ocrx_word' id='word_1_824' title='bbox 2296 5485 2491 5531; x_wconf 85' lang='lat' dir='ltr'><strong>canus.</strong></span> 
     </span>
    </p>
   </div>
   <div class='ocr_carea' id='block_1_96' title="bbox 2295 5568 3780 5647">
    <p class='ocr_par' dir='ltr' id='par_1_96' title="bbox 2295 5568 3780 5647">
     <span class='ocr_line' id='line_1_96' title="bbox 2295 5568 3780 5647; baseline -0.001 -18"><span class='ocrx_word' id='word_1_825' title='bbox 2295 5570 2618 5642; x_wconf 80' lang='lat' dir='ltr'><strong>Conﬁtemini</strong></span> <span class='ocrx_word' id='word_1_826' title='bbox 2649 5568 2876 5627; x_wconf 86' lang='lat' dir='ltr'><strong>Domino</strong></span> <span class='ocrx_word' id='word_1_827' title='bbox 2895 5572 3139 5644; x_wconf 87' lang='lat' dir='ltr'><strong>quoniam</strong></span> <span class='ocrx_word' id='word_1_828' title='bbox 3160 5572 3343 5640; x_wconf 85' lang='lat' dir='ltr'><strong>bonus,</strong></span> <span class='ocrx_word' id='word_1_829' title='bbox 3366 5575 3665 5647; x_wconf 64' lang='lat' dir='ltr'><strong>quoniam&quot;</strong></span> <span class='ocrx_word' id='word_1_830' title='bbox 3690 5582 3780 5621; x_wconf 70' lang='grc' dir='ltr'><strong>εωσ</strong></span> 
     </span>
    </p>
   </div>
   <div class='ocr_carea' id='block_1_97' title="bbox 526 5654 3776 5739">
    <p class='ocr_par' dir='ltr' id='par_1_97' title="bbox 526 5654 3776 5739">
     <span class='ocr_line' id='line_1_97' title="bbox 526 5654 3776 5739; baseline 0.005 -25"><span class='ocrx_word' id='word_1_831' title='bbox 526 5654 684 5727; x_wconf 83' lang='lat' dir='ltr'><strong>Quod</strong></span> <span class='ocrx_word' id='word_1_832' title='bbox 717 5661 859 5717; x_wconf 91' lang='lat' dir='ltr'><strong>enim</strong></span> <span class='ocrx_word' id='word_1_833' title='bbox 892 5660 1097 5719; x_wconf 79' lang='lat' dir='ltr'><strong>iaciunt</strong></span> <span class='ocrx_word' id='word_1_834' title='bbox 1121 5667 1298 5738; x_wconf 88' lang='lat' dir='ltr'><strong>angeli</strong></span> <span class='ocrx_word' id='word_1_835' title='bbox 1333 5669 1385 5724; x_wconf 93' lang='lat' dir='ltr'><strong>in</strong></span> <span class='ocrx_word' id='word_1_836' title='bbox 1407 5668 1581 5736; x_wconf 82' lang='lat' dir='ltr'><strong>ctelis,</strong></span> <span class='ocrx_word' id='word_1_837' title='bbox 1613 5668 1737 5725; x_wconf 90' lang='lat' dir='ltr'><strong>.hoc</strong></span> <span class='ocrx_word' id='word_1_838' title='bbox 1764 5669 2016 5726; x_wconf 88' lang='lat' dir='ltr'><strong>monachi</strong></span> <span class='ocrx_word' id='word_1_839' title='bbox 2041 5669 2121 5726; x_wconf 83' lang='lat' dir='ltr'><strong>fa-</strong></span> <span class='ocrx_word' id='word_1_840' title='bbox 2222 5665 2399 5721; x_wconf 77' lang='lat' dir='ltr'><strong>cuium</strong></span> <span class='ocrx_word' id='word_1_841' title='bbox 2429 5663 2947 5739; x_wconf 83' lang='lat' dir='ltr'><strong>misericordio&#39;ejus.</strong></span> <span class='ocrx_word' id='word_1_842' title='bbox 2978 5663 3269 5722; x_wconf 78' lang='lat' dir='ltr'><strong>Confessio</strong></span> <span class='ocrx_word' id='word_1_843' title='bbox 3298 5666 3412 5722; x_wconf 68' lang='lat' dir='ltr'><strong>lucc</strong></span> <span class='ocrx_word' id='word_1_844' title='bbox 3451 5680 3562 5723; x_wconf 88' lang='lat' dir='ltr'><strong>non</strong></span> <span class='ocrx_word' id='word_1_845' title='bbox 3594 5657 3629 5713; x_wconf 73' lang='grc' dir='ltr'><strong>(Ι</strong></span> <span class='ocrx_word' id='word_1_846' title='bbox 3662 5673 3776 5729; x_wconf 72' lang='grc' dir='ltr'><strong>βεε-</strong></span> 
     </span>
    </p>
   </div>
   <div class='ocr_carea' id='block_1_98' title="bbox 526 5749 971 5810">
    <p class='ocr_par' dir='ltr' id='par_1_98' title="bbox 526 5749 971 5810">
     <span class='ocr_line' id='line_1_98' title="bbox 526 5749 971 5810; baseline 0.004 -2"><span class='ocrx_word' id='word_1_847' title='bbox 526 5749 679 5808; x_wconf 86' lang='lat' dir='ltr'><strong>ciunt</strong></span> <span class='ocrx_word' id='word_1_848' title='bbox 705 5753 756 5808; x_wconf 94' lang='lat' dir='ltr'><strong>in</strong></span> <span class='ocrx_word' id='word_1_849' title='bbox 789 5754 971 5810; x_wconf 90' lang='lat' dir='ltr'><strong>terris.</strong></span> 
     </span>
    </p>
   </div>
   <div class='ocr_carea' id='block_1_99' title="bbox 614 5842 2113 5926">
    <p class='ocr_par' dir='ltr' id='par_1_99' title="bbox 614 5842 2113 5926">
     <span class='ocr_line' id='line_1_99' title="bbox 614 5842 2113 5926; baseline 0.011 -30"><span class='ocrx_word' id='word_1_850' title='bbox 614 5842 749 5902; x_wconf 85' lang='lat' dir='ltr'><strong>Vota</strong></span> <span class='ocrx_word' id='word_1_851' title='bbox 768 5859 882 5901; x_wconf 86' lang='lat' dir='ltr'><strong>mea</strong></span> <span class='ocrx_word' id='word_1_852' title='bbox 914 5844 1140 5904; x_wconf 89' lang='lat' dir='ltr'><strong>Domino</strong></span> <span class='ocrx_word' id='word_1_853' title='bbox 1166 5849 1379 5905; x_wconf 79' lang='lat' dir='ltr'><strong>reddam</strong></span> <span class='ocrx_word' id='word_1_854' title='bbox 1426 5852 1480 5908; x_wconf 87' lang='lat' dir='ltr'><strong>in</strong></span> <span class='ocrx_word' id='word_1_855' title='bbox 1521 5861 1797 5925; x_wconf 74' lang='lat' dir='ltr'><strong>conspectu</strong></span> <span class='ocrx_word' id='word_1_856' title='bbox 1825 5855 1990 5911; x_wconf 83' lang='lat' dir='ltr'><strong>omnis</strong></span> <span class='ocrx_word' id='word_1_857' title='bbox 2018 5871 2113 5926; x_wconf 85' lang='lat' dir='ltr'><strong>po-</strong></span> 
     </span>
    </p>
   </div>
   <div class='ocr_carea' id='block_1_100' title="bbox 2219 5753 3779 5836">
    <p class='ocr_par' dir='ltr' id='par_1_100' title="bbox 2219 5753 3779 5836">
     <span class='ocr_line' id='line_1_100' title="bbox 2219 5753 3779 5836; baseline 0.003 -20"><span class='ocrx_word' id='word_1_858' title='bbox 2219 5769 2462 5816; x_wconf 88' lang='lat' dir='ltr'><strong>catorum</strong></span> <span class='ocrx_word' id='word_1_859' title='bbox 2484 5759 2902 5829; x_wconf 84' lang='lat' dir='ltr'><strong>remissionem;</strong></span> <span class='ocrx_word' id='word_1_860' title='bbox 2932 5760 3030 5819; x_wconf 87' lang='lat' dir='ltr'><strong>sed</strong></span> <span class='ocrx_word' id='word_1_861' title='bbox 3059 5761 3129 5819; x_wconf 88' lang='lat' dir='ltr'><strong>ad</strong></span> <span class='ocrx_word' id='word_1_862' title='bbox 3159 5761 3379 5820; x_wconf 88' lang='lat' dir='ltr'><strong>laudem</strong></span> <span class='ocrx_word' id='word_1_863' title='bbox 3425 5763 3643 5836; x_wconf 70' lang='lat' dir='ltr'><strong>perﬂet</strong></span> <span class='ocrx_word' id='word_1_864' title='bbox 3672 5753 3779 5813; x_wconf 46' lang='lat' dir='ltr'><strong>deis</strong></span> 
     </span>
    </p>
   </div>
   <div class='ocr_carea' id='block_1_101' title="bbox 2217 5856 2365 5914">
    <p class='ocr_par' dir='ltr' id='par_1_101' title="bbox 2217 5856 2365 5914">
     <span class='ocr_line' id='line_1_101' title="bbox 2217 5856 2365 5914; baseline -0.034 0"><span class='ocrx_word' id='word_1_865' title='bbox 2217 5856 2365 5914; x_wconf 76' lang='lat' dir='ltr'><strong>tatis.</strong></span> 
     </span>
    </p>
   </div>
  </div>
