4008 6336
176 308 312 370 “83

1110 310 1541 371 BllEVlARlUM
1581 308 1645 368 IN
1687 309 2028 371 PSALMUS.
2072 310 2320 370 l’SALM.
2362 310 2576 371 CXVII.

3332 312 3474 374 1186

246 431 401 485 Dicat
431 444 568 484 nunc
606 427 792 482 domus
825 424 1015 493 lsrael,
1039 428 1289 500 quoniam
1326 427 1510 495 bonus,
1535 428 1779 499 quoniam
1805 439 1859 498 Α
1884 427 2123 498 Populus
2144 429 2259 484 tunc
2282 443 2588 500 martyrum
2611 424 2851 498 loquitur
2872 442 2884 481 :
2909 439 3141 497 quorum
3154 424 3394 483 ViClﬂI‘lll‘
3419 427 3473 483 in

180 526 227 580 in
254 524 505 579 saxulum
538 519 900 576 misericordia
923 523 1061 593 ejus.
1096 519 1192 576 illa
1222 520 1438 587 domus,
1470 536 1590 590 qua:
1622 519 1775 591 prius

178 628 374 673 ctocata
400 626 519 671 erat
547 614 784 684 delictis,
810 628 956 671 nunc
981 622 1165 672 mente
1194 629 1388 672 serena
1423 613 1513 671 Dei
1545 614 1774 686 gloriam

178 709 601 781 contemplatur.

184 846 191 851 .
243 800 405 858 Dicat
451 820 592 858 nunc
615 802 800 857 domus
840 802 1017 857 Aaron
1039 801 1285 874 quoniam
1306 800 1492 869 bonus,
1524 800 1772 871 quoniam

175 898 227 956 in
252 898 506 952 sceculum
530 895 886 952 misericordia
912 896 1044 968 ejus.
1074 896 1207 965 Quae
1234 905 1362 951 ante
1396 895 1554 951 idolis
1580 894 1777 949 immo-

176 992 384 1050 laverat
409 1009 423 1047 :
450 1008 594 1049 nunc
622 1000 802 1049 autem
824 990 1090 1047 Altissimi
1113 990 1294 1048 illecta
1319 988 1578 1055 bonitate,
1602 984 1777 1073 sacer-

177 1087 382 1145 dotium
423 1088 564 1160 gerit
596 1086 794 1143 animas
823 1100 959 1141 suae.

243 1181 438 1236 Dicant
466 1196 607 1236 nunc
635 1180 725 1252 qui
756 1179 938 1235 timent
978 1176 1281 1244 Dominum,
1313 1178 1561 1250 quoniam
1586 1174 1769 1243 bonus,

173 1280 423 1351 quoniam
443 1278 498 1333 in
526 1278 776 1334 saeculum
801 1274 1158 1331 misericordia
1176 1275 1310 1346 ejus.
1340 1273 1469 1341 Vos,
1499 1271 1593 1345 qui
1626 1271 1774 1343 prius

176 1371 477 1429 simulacra
518 1382 671 1427 muta
715 1378 771 1426 et
822 1368 986 1425 surda
1023 1366 1380 1433 metuebatis,
1414 1379 1558 1421 nunc
1596 1364 1774 1420 omni-

172 1466 410 1538 potentis
456 1464 673 1521 Domini
717 1478 844 1520 cum
877 1462 1095 1519 timoris
1123 1459 1428 1517 reverentia
1460 1458 1773 1515 misericor-

171 1558 313 1616 diam
346 1560 661 1615 decantate.
1710 1552 1717 1557 ’

244 1651 311 1707 In
336 1651 670 1709 tribulatione
714 1649 950 1706 invocavi
980 1647 1282 1715 Dominum,
1307 1657 1355 1702 et
1386 1643 1649 1701 exaudivit
1694 1660 1789 1700 me.

167 1745 225 1800 in
272 1744 553 1800 latitudine
602 1742 884 1798 Dominus.
932 1741 990 1797 In
1043 1738 1310 1812 angustiis
1361 1736 1772 1795 tribulationum

167 1838 451 1896 exaudivit
480 1853 570 1895 me
600 1838 654 1895 in
684 1834 975 1892 latitudine
1004 1824 1345 1904 gaudiorum.

239 1929 501 1986 Dominus
543 1930 672 1984 mihi
714 1929 925 2001 adjutor
952 1936 1048 1994 est,
1080 1943 1182 1982 non
1211 1924 1398 1981 timebo
1443 1923 1569 1996 quid
1613 1914 1781 1996 faciat

164 2024 294 2081 mihi
318 2024 494 2079 homo.
525 2022 790 2079 Diabolus
829 2022 1017 2093 utique
1045 2028 1100 2076 et
1130 2018 1296 2076 homo
1322 2029 1377 2075 et
1402 2017 1507 2084 vir,
1534 2031 1686 2087 saepe
1717 2014 1770 2071 in

164 2117 476 2189 Scripturis
507 2115 748 2188 ponitur.
1092 2168 1095 2173 _

242 2212 502 2267 Dominus
520 2208 650 2265 mihi
678 2207 897 2282 adjutor
919 2215 1016 2275 est,
1038 2217 1086 2262 et
1112 2221 1207 2278 ego
1230 2203 1511 2277 despiciam
1534 2201 1774 2257 inimicos

162 2322 333 2363 meos.
366 2303 465 2360 Vel
496 2303 809 2370 haereticos,
836 2302 923 2357 vel
952 2299 1197 2357 Judteos.

218 2399 452 2456 ‘Bonum
483 2407 558 2452 est
582 2412 792 2468 sperare
814 2395 872 2450 in
903 2394 1149 2463 Domino,
1190 2407 1345 2465 quam
1370 2406 1582 2463 sperare
1608 2389 1661 2444 in
1688 2389 1776 2443 lto-

163 2496 333 2553 nsiue.
372 2495 429 2549 In
459 2495 580 2549 solo
611 2491 730 2548 Deo
758 2490 1025 2547 debemus
1063 2503 1312 2559 sperare,
1345 2495 1402 2544 et
1432 2501 1539 2542 non
1584 2485 1637 2541 in
1670 2484 1771 2539 ho-

157 2590 344 2654 mine,
375 2586 535 2659 cujus
580 2585 733 2641 salus
773 2599 912 2641 vana
959 2590 1046 2639 est
1067 2579 1241 2654 (Psal.
1280 2587 1419 2649 us).
1451 2578 1588 2636 Nam
1633 2578 1775 2634 alius

159 2681 442 2756 propheta
472 2682 551 2736 ait
576 2698 588 2734 :
612 2678 938 2735 Maledictus
969 2676 1135 2734 homo
1161 2675 1256 2747 qui
1288 2674 1441 2747 ponit
1467 2676 1522 2730 in
1554 2673 1776 2730 homine

157 2772 332 2850 spem
361 2792 514 2832 suam
540 2774 760 2847 (Jerem.
788 2771 947 2845 xvtt).

236 2870 453 2927 Bonum
477 2878 553 2925 est
580 2867 837 2938 conﬁdere
863 2868 919 2921 in
941 2864 1186 2921 Domino.
1215 2862 1331 2933 Qui“
1350 2861 1515 2919 vitam
1547 2862 1776 2933 largitur

160 2976 465 3024 aeternam.
521 2963 687 3030 Quam
738 2962 997 3032 conﬁdere
1040 2961 1095 3015 in
1136 2957 1478 3031 principibus.
1529 2959 1775 3026 Quorum

157 3067 423 3134 potesms
445 3072 569 3113 cum
599 3055 707 3112 hoc
737 3053 943 3111 mundo
972 3053 1258 3110 dilabitur.

243 3155 441 3210 Omnes
462 3162 636 3225 gentes
665 3149 1111 3205 circumdederunt
1139 3165 1241 3217 me,
1272 3157 1323 3204 et
1349 3148 1403 3203 in
1434 3147 1640 3203 nomine
1669 3145 1779 3201 Doo

1875 522 2133 580 omnibus
2164 521 2426 578 Ecclesiis
2447 520 2833 578 concinuntur.
2962 582 2969 588 ,

1949 615 2221 689 Castigans
2248 616 2523 688 castigavit
2552 631 2635 669 me
2666 612 3016 684 Dontinus,et
3054 614 3210 670 morti
3232 631 3337 669 non
3358 622 3477 670 tra:

1877 709 2009 765 didit
2038 725 2140 765 me.
2168 707 2415 781 Castigat
2454 722 2556 765 nos
2598 706 2863 764 Dominus
2907 707 2977 764 ad
3026 707 3472 767 emendationem

1876 802 1931 858 in
1955 803 2137 859 multis
2161 800 2512 873 verberibus,
2542 812 2599 858 ut
2625 802 2822 873 probet
2847 810 2904 858 et
2937 812 3122 860 servet
3150 816 3181 857 a
3210 809 3473 875 perpetua

1875 905 2079 953 morte.

1947 990 2155 1061 Aperite
2184 988 2311 1045 mihi
2334 998 2510 1064 portas
2522 988 2769 1062 justitite,
2795 998 2842 1045 et
2865 988 3129 1062 ingressus
3156 989 3211 1046 in
3229 1005 3320 1046 eas
3348 1004 3479 1057 conf

1875 1083 2059 1154 ﬁtebor
2087 1082 2336 1141 Domino.
2367 1085 2570 1141 Beatus
2609 1094 2700 1141 est
2729 1084 2822 1161 ille
2850 1084 3114 1141 Ecclesiae
3154 1084 3242 1141 vel
3270 1094 3479 1158 marty-

1876 1193 1997 1234 rum
2032 1177 2284 1249 populus,
2313 1178 2404 1234 cui
2442 1192 2616 1250 porta
2651 1177 2979 1249 aperiuntur
3001 1178 3253 1249 justitize,
3285 1179 3337 1234 id
3364 1189 3477 1250 εει,

1876 1269 2006 1326 vita:
2036 1281 2283 1340 aeterna,
2321 1272 2377 1330 in
2402 1271 2598 1344 quibus
2639 1272 2843 1344 iugiter
2875 1271 3398 1347 Deumconﬁteatur
3427 1284 3483 1330 et

1876 1363 2082 1420 laudeL

1948 1456 2080 1513 Htec
2111 1466 2263 1529 porta
2306 1456 2540 1527 Domini,
2564 1459 2702 1531 justi
2743 1459 3012 1516 intrabunt
3061 1475 3152 1534 per
3199 1476 3334 1523 eam.
3366 1460 3482 1516 Do-

1876 1552 2059 1608 minus
2084 1552 2245 1608 Jesos
2273 1550 2526 1608 Christus
2550 1564 2708 1624 porta
2736 1564 2820 1609 est
2846 1553 3043 1625 Patris,
3073 1569 3169 1625 per
3194 1569 3353 1624 quam
3386 1552 3476 1610 in-

1878 1644 2073 1699 troitur
2100 1642 2169 1698 ad
2196 1658 2344 1713 eum,
2382 1646 2501 1715 ipso
2532 1644 2762 1702 Domino
2791 1645 2873 1702 sic
2902 1647 3118 1703 dicente
3151 1663 3165 1701 :
3199 1646 3316 1719 Ego
3350 1662 3470 1703 sum

1877 1734 2215 1807 OStium,per
2250 1750 2337 1792 me
2366 1735 2415 1791 si
2455 1737 2579 1807 quis
2601 1738 2900 1807 introierit,
2925 1738 3245 1795 salvabitur.
3276 1738 3347 1794 Et
3376 1739 3479 1796 ite-

1796 1836 1843 1898 B
1869 1845 1987 1885 rum
2006 1828 2205 1886 :Nemo
2228 1831 2376 1886 venit
2391 1830 2458 1886 ad
2473 1830 2687 1887 Patrem
2715 1832 2817 1887 nisi
2848 1846 2945 1902 per
2973 1846 3058 1887 me
3075 1830 3350 1904 (Joan.x).
3370 1831 3477 1889 Per

1877 1923 2022 1981 hanc
2049 1940 2186 1997 ergo
2211 1937 2424 1996 portam
2466 1928 2687 1983 venitur
2715 1927 2783 1983 ad
2815 1928 3055 1994 Patrem,
3089 1928 3187 1984 sed
3229 1942 3390 1985 nemo
3422 1928 3479 1984 in

1874 2034 1994 2076 eam
2028 2020 2329 2091 ingreditur
2357 2020 2463 2078 nisi
2484 2022 2686 2093 justus.

1949 2111 2242 2183 Conﬁtebor
2292 2114 2387 2169 tibi
2418 2115 2667 2185 quoniam
2693 2115 2956 2171 exaudisti
2984 2116 3087 2185 me,
3112 2126 3161 2172 et
3206 2115 3377 2189 factus
3424 2133 3478 2173 es

1877 2206 2004 2261 mihi
2034 2205 2088 2259 in
2116 2190 2359 2263 salutem.
2392 2203 2450 2261 In
2488 2222 2597 2278 qua
2626 2207 2715 2263 vel
2742 2209 2969 2265 vulnera
3002 2209 3208 2279 peccati
3241 2207 3471 2280 sanasti,

1876 2298 1963 2355 vel
1993 2298 2255 2355 adversus
2290 2299 2534 2371 iniquum
2568 2299 2805 2368 hostem,
2839 2303 3014 2358 tactus
3044 2317 3105 2358 es
3136 2302 3192 2357 in
3214 2302 3474 2358 salutem.

1949 2392 2205 2463 Lapidem
2235 2409 2385 2465 quem
2421 2396 3181 2465 repabraveruuttediﬁcantes.
3216 2394 3480 2452 Dominus

1877 2500 2064 2546 noster
2075 2489 2234 2546 Jesus
2247 2489 2497 2547 Christus
2522 2490 2661 2563 lapis
2678 2505 2841 2547 verus
2863 2492 3116 2547 inventus
3145 2491 3199 2546 in
3230 2489 3366 2563 legis
3392 2489 3484 2546 lit-

1878 2590 2017 2651 tera,
2048 2582 2373 2654 reprobatus
2393 2593 2479 2641 est
2498 2584 2567 2640 ab
2589 2582 2988 2639 azdilicantibus
3010 2583 3237 2653 Judaeis,
3256 2582 3361 2639 hoc
3376 2589 3486 2651 est,

1878 2676 2078 2733 litterae
2108 2676 2467 2733 tumentibus.
2502 2675 2602 2732 llic
2628 2678 2794 2750 factus
2820 2685 2896 2733 est
2921 2677 2980 2731 in
3012 2686 3168 2749 caput
3189 2675 3390 2750 anguli.
3422 2675 3482 2733 lu

1877 2781 2043 2843 caput
2069 2779 2409 2828 connecteus
2435 2769 2575 2828 duos
2613 2770 2854 2842 parietes
2888 2786 3095 2827 :uuum
3131 2770 3202 2827 de
3241 2769 3481 2826 circum-

1876 2865 2108 2934 cisione,
2138 2867 2302 2922 alium
2342 2866 2412 2922 de
2463 2867 2755 2939 praeputio,
2790 2867 2842 2923 in
2892 2882 3002 2924 uno
3048 2880 3192 2924 novo
3233 2865 3476 2937 homine,

1879 2960 1985 3017 hoc
2009 2968 2115 3028 est,
2150 2961 2202 3016 in
2233 2961 2555 3034 semetipso.

1951 3054 1997 3108 Α
2024 3052 2274 3123 Domino,
2305 3054 2489 3111 Patre.
2523 3052 2724 3111 Factus
2768 3065 2868 3112 est.
2893 3050 3175 3113 Mediator'
3204 3065 3401 3113 noster.
3428 3063 3485 3113 et

1879 3150 2018 3223 ejus.
2048 3149 2115 3210 Et
2139 3160 2214 3206 est
2241 3151 2492 3207 mirabilis
2513 3152 2569 3205 in
2595 3151 2757 3208 oculis
2782 3153 2987 3208 nostris.
3009 3151 3127 3209 Non
3151 3150 3208 3208 in
3235 3151 3479 3220 illorum,

154 3249 319 3313 mini,
350 3247 475 3318 quia
500 3243 640 3300 ultus
671 3261 786 3299 sum
828 3245 885 3299 in
914 3260 1021 3300 eos.
1054 3242 1260 3300 Gentes
1288 3243 1501 3299 scilicet
1551 3242 1780 3298 tribula-
1805 3240 1850 3304 C
1883 3245 1973 3316 qui
2007 3260 2131 3301 eum
2159 3243 2625 3317 reprobaverunt;
2650 3245 2746 3303 sed
2778 3245 2832 3303 in
2861 3247 3084 3315 nostris,
3110 3247 3201 3320 qui
3221 3263 3345 3304 eum
3366 3262 3497 3305 cre-

154 3343 385 3399 tionum
430 3338 709 3396 vallabant
756 3353 873 3406 me,
921 3337 1018 3395 sed
1068 3338 1125 3393 in
1171 3337 1388 3393 nomine
1428 3336 1644 3392 Domini
1686 3351 1779 3392 re-

155 3435 285 3495 sriti
310 3434 415 3490 eis.

239 3526 643 3586 Circumdantes
682 3525 1126 3583 circumdederunt
1148 3541 1250 3594 me,
1274 3534 1322 3581 et
1345 3527 1401 3581 in
1435 3526 1641 3585 nomine
1672 3525 1780 3582 Do-

152 3625 324 3690 mini,
357 3622 486 3695 quia
510 3622 646 3678 ultus
680 3637 797 3677 sunt
832 3622 886 3676 in
915 3636 1022 3678 eos.
1048 3619 1218 3693 Cujus
1244 3636 1393 3677 eram
1420 3621 1625 3678 vexillo
1655 3636 1779 3677 mu-

150 3722 349 3779 nitus.

243 3810 714 3869 Cir-cumdederunt
737 3828 815 3867 me
831 3812 966 3867 sicut
987 3828 1133 3883 apes.
1163 3810 1316 3869 Sicut
1342 3824 1475 3881 apes
1502 3809 1707 3878 favum,
1722 3817 1783 3865 ut

152 3905 471 3963 auferrent
506 3902 851 3959 dulcedinem
877 3918 1043 3974 quam
1078 3904 1132 3958 in
1163 3917 1253 3960 me
1280 3902 1534 3959 Christus
1572 3900 1783 3958 infude-

146 4009 277 4057 rat.
311 3994 379 4049 Et
407 4004 712 4052 exarserunt
733 3997 865 4051 sicut
889 3996 1026 4070 ignis
1045 3996 1302 4069 inspinis.
1328 3994 1434 4068 Ipsi
1456 4003 1783 4053 exarserunt

143 4092 220 4149 iu
264 4090 470 4146 invidia
517 4105 618 4147 sua
668 4090 797 4146 dum
830 4106 918 4147 me
966 4106 1200 4148 exurere
1229 4106 1342 4148 non
1375 4091 1681 4149 valuerunt.
1712 4090 1784 4148 Et

142 4189 214 4243 in
236 4186 463 4242 nomine
492 4183 724 4252 Domini,
757 4184 880 4256 quia
904 4184 1044 4240 ultus
1069 4185 1257 4240 suntin
1285 4201 1391 4241 eos.
1412 4182 1547 4241 Cum
1576 4199 1638 4242 ea
1660 4199 1784 4257 qua!

140 4279 315 4339 mihi
342 4278 660 4348 intulerant,
697 4278 753 4334 in
782 4294 876 4335 cos
908 4279 1085 4335 refusa
1117 4287 1265 4334 sunt.

239 4370 525 4444 Impulsus
550 4387 754 4427 eversus
774 4386 893 4426 sum
918 4381 974 4426 ut
1008 4371 1267 4442 caderem,
1300 4381 1348 4426 et
1389 4371 1641 4427 Dominus
1670 4387 1788 4429 sus-

136 4468 313 4541 cepit
356 4482 457 4521 me.
484 4466 590 4534 Qui
617 4464 907 4545 confidens
938 4465 996 4521 in
1023 4480 1171 4534 eum,
1202 4465 1388 4538 ipsum
1426 4466 1603 4524 solum
1631 4466 1790 4539 adju-

136 4574 362 4621 torem
393 4560 639 4635 quaesivi.

1880 3338 2066 3396 dendo
2095 3340 2457 3413 suscepimus.

1957 3434 2086 3490 Haec
2106 3445 2180 3490 est
2202 3435 2311 3491 dies
2334 3452 2490 3509 quam
2518 3438 2640 3509 fecit
2683 3435 2964 3507 Dominus,
2988 3440 3277 3495 exaltemus
3325 3446 3374 3494 et
3397 3436 3490 3494 la:-

1883 3538 2053 3586 temur
2073 3530 2128 3585 in
2152 3546 2234 3587 ea.
2260 3529 2359 3587 Hic
2384 3532 2525 3603 lapis
2554 3532 2835 3604 angularia
2864 3534 2981 3602 ipse
3009 3544 3092 3590 est
3122 3534 3243 3590 dies
3273 3531 3485 3604 salutis,

1882 3623 1937 3680 in
1975 3639 2082 3695 quo
2113 3624 2201 3680 vel
2243 3639 2274 3679 a
2302 3636 2477 3681 morte
2509 3624 2870 3695 surreximus,
2897 3625 2984 3681 vel
3010 3639 3250 3682 maerore
3281 3623 3491 3696 peccati

1884 3717 2156 3790 deposito,
2188 3718 2245 3774 in
2272 3708 2516 3774 n'ovitate
2543 3720 2666 3774 vitae
2696 3719 2967 3774 laetamur.

1906 3840 1910 3846 ι
1960 3814 2005 3867 0
2039 3813 2277 3882 Domine,
2300 3814 2501 3868 salvum
2530 3829 2609 3868 me
2638 3814 2743 3885 fac.
2760 3812 2841 3869 Ad
2873 3821 2925 3869 te
2952 3811 3283 3869 venientem.
3312 3810 3360 3867 0
3379 3810 3488 3867 Do-

1883 3906 2040 3974 mine,
2073 3906 2196 3961 bene
2216 3922 2544 3979 prosperare.
2577 3905 2907 3977 Prosperum
2952 3906 3115 3963 facito
3157 3906 3271 3963 iter,
3310 3904 3441 3961 illud
3470 3947 3487 3976 ,

1883 4015 1993 4071 quo
2022 4000 2088 4055 ad
2114 4008 2165 4055 te
2193 4006 2319 4070 post
2361 3998 2561 4055 multos
2608 3997 2828 4055 labores
2867 4009 3133 4054 revertar.
3172 3995 3487 4053 Benedictus

1883 4092 1972 4166 qui
1998 4093 2133 4148 venit
2153 4091 2208 4147 in
2235 4091 2443 4146 nomine
2474 4090 2708 4147 Domini.
2733 4089 2986 4146 Christus
3018 4089 3282 4145 Dominus
3308 4088 3362 4144 in
3390 4106 3489 4145 no-

1887 4186 2034 4242 mine
2089 4185 2285 4253 Patris,
2330 4185 2470 4240 sicut
2521 4185 2639 4257 ipse
2666 4184 2742 4241 ait
2773 4200 2788 4238 :
2820 4183 2934 4256 Ego
2984 4183 3110 4239 veni
3161 4181 3216 4238 in
3268 4181 3490 4240 nomine

1887 4276 2067 4335 Patris
2100 4278 2205 4333 mei
2231 4274 2415 4349 (Joan.
2442 4275 2517 4349 v),
2551 4284 2659 4337 etc.

1923 4439 1927 4443 ν
1960 4371 2323 4428 Benedicimus
2353 4370 2493 4427 vobis
2526 4372 2592 4425 de
2619 4371 2775 4426 domo
2805 4368 3257 4442 Domini..Sancti
3281 4367 3352 4426 de
3378 4384 3494 4428 cce-

1888 4465 2011 4523 lesti
2036 4466 2339 4523 Jerusalem
2374 4464 2628 4537 parvulos
2672 4462 2935 4519 Ecclesia:
2972 4462 3318 4520 benedicuut.
3348 4462 3492 4520 Deus

1895 4560 2150 4615 Dominus
2182 4569 2231 4616 et
2268 4559 2445 4616 illuxit
2480 4559 2651 4616 nobis.
2675 4557 3101 4616 Resurrectione
3128 4557 3275 4614 enim
3302 4573 3399 4615 sua
3424 4558 3492 4614 il-

237 4655 542 4713 Fortitudo
564 4672 700 4723 mea,
722 4665 771 4712 et
812 4655 930 4712 laus
978 4672 1094 4712 mea
1119 4655 1400 4727 Dominus,
1426 4666 1475 4713 et
1503 4659 1672 4730 factus
1710 4666 1784 4715 est
1812 4653 1865 4716 D
1889 4654 2179 4725 luminavit
2207 4654 2458 4711 tenebras
2484 4665 2723 4710 nostras.

134 4752 311 4809 mihi
334 4751 389 4806 in
408 4750 645 4806 salutent.
673 4749 780 4821 ipsi
802 4749 1113 4818 concinam,
1134 4752 1308 4821 ipsum
1327 4751 1583 4809 virtutem
1608 4766 1783 4807 meam

137 4847 367 4904 dicam
399 4860 414 4898 :
446 4846 501 4900 in
540 4843 660 4917 ipso
706 4844 886 4901 omnis
936 4842 1181 4900 laudatio
1223 4859 1344 4901 mea
1387 4844 1660 4913 consistit,
1691 4843 1785 4915 qui

136 4936 325 4996 mihi
376 4938 431 4991 in
482 4939 586 4991 hac
635 4936 1003 4994 tribulationis
1060 4945 1238 4995 morte
1282 4936 1461 4994 factus
1501 4936 1663 4994 estin
1692 4951 1784 4993 sa-

130 5033 382 5090 lutem.

246 5122 390 5179 Vox
408 5121 768 5179 exsultationis
779 5132 828 5182 et
845 5123 1055 5194 salutis,
1072 5126 1125 5181 in
1139 5125 1480 5181 tabernaculis
1490 5126 1781 5196 justorum.

122 5221 216 5279 ln
249 5216 532 5274 cordibus
558 5219 744 5291 utique
774 5229 1075 5294 martyrum
1102 5221 1539 5293 reliquorumque
1567 5228 1787 5278 sancto-

123 5326 338 5380 rum,
368 5311 457 5383 qui
484 5307 613 5368 lacti
635 5325 761 5369 sunt
793 5313 1204 5370 tabernaculum
1234 5313 1326 5370 Dei
1359 5328 1461 5384 per
1479 5312 1787 5371 inhabitan-

127 5419 295 5467 sem
330 5403 593 5474 Spiritum
623 5417 874 5462 sanctum
903 5406 958 5463 in
983 5408 1086 5465 eis.

236 5497 500 5554 Dextera
536 5495 747 5554 Domini
784 5501 904 5571 fecit
945 5501 1202 5556 virtutem.
1238 5500 1309 5558 Ut
1339 5499 1470 5555 mihi
1504 5500 1787 5558 victoriam

124 5598 210 5657 ιη
273 5589 546 5663 passione
580 5590 871 5648 tribueret.
900 5592 1130 5649 Dextera
1174 5592 1383 5648 Domini
1412 5593 1656 5649 exultavit
1683 5610 1790 5652 me.

121 5690 259 5753 Ab
322 5682 634 5743 humilitate
676 5685 1017 5744 diversarum
1059 5685 1395 5759 passionum,
1424 5685 1626 5744 virtute
1675 5685 1793 5758 ejus

122 5785 446 5845 elevatus
471 5793 614 5837 sum.
1787 5779 1790 5783 ν

244 5871 402 5932 Non
447 5874 660 5943 moriar,
696 5873 786 5930 sed
827 5875 1012 5944 vivam,
1045 5882 1093 5931 et
1122 5874 1341 5931 narrabo
1378 5891 1535 5947 Opera
1564 5871 1796 5930 Domini.

1964 4750 2272 4807 Constituite
2290 4750 2428 4805 diem
2450 4749 2749 4807 solearum.
2781 4749 3048 4808 Exhibete
3076 4765 3175 4809 vos
3208 4752 3407 4824 templa
3433 4760 3492 4809 et

1895 4858 2019 4900 aras
2045 4843 2181 4911 Deo,
2210 4843 2267 4899 in
2295 4843 2493 4914 quibus
2531 4850 2586 4899 et
2615 4857 2801 4901 sacras
2844 4842 3131 4902 celebretis
3171 4844 3492 4900 solemnita-i

1895 4946 1999 4993 tes.
2030 4936 2096 4991 In
2116 4935 2411 4991 condensis.
2434 4935 2492 4991 In
2525 4935 2812 4993 virtutibus
2841 4934 3029 4992 multis
3060 4951 3075 4993 :
3103 4936 3156 4991 in
3188 4933 3384 5006 quibus
3403 4933 3493 4990 vel

1895 5031 2013 5102 ipse
2040 5030 2328 5099 Dominus,
2360 5029 2449 5088 vel
2477 5030 2599 5103 ejus
2634 5031 2812 5104 angeli
2840 5031 3277 5102 frequentantur.
3314 5026 3493 5100 Usque

1894 5126 1965 5181 ad
1991 5142 2154 5182 cornu
2181 5126 2386 5181 altaris.
2414 5125 2595 5198 Usque
2630 5126 2698 5182 ad
2726 5127 2901 5198 ipsum
2938 5123 3253 5193 Dominum,
3286 5122 3381 5194 qui
3408 5131 3497 5182 est

1894 5219 2160 5277 fortitudo
2183 5220 2401 5287 animm,
2434 5236 2599 5294 quam
2626 5221 2745 5292 ejus
2765 5220 2938 5276 altare
2967 5217 3167 5275 fecisti.

1970 5314 2111 5371 Deus
2130 5330 2276 5370 meus
2310 5330 2362 5370 es
2392 5322 2470 5383 tu,
2498 5322 2551 5370 et
2570 5312 2854 5384 conﬁtebor
2878 5311 2990 5366 tibi.
3025 5313 3261 5381 Accepta
3290 5310 3491 5366 remis-

1897 5408 2053 5465 sione
2091 5422 2190 5479 per
2225 5406 2625 5464 confessionem
2658 5405 3053 5476 peccaminum,
3083 5418 3228 5459 nunc
3262 5402 3497 5460 conﬁte-

1898 5499 1998 5557 hor
2023 5499 2211 5556 laudes
2242 5509 2383 5567 tuas,
2416 5497 2555 5553 Deus
2583 5513 2726 5553 meus
2752 5504 2832 5567 tu,
2861 5504 2911 5551 et
2942 5495 3181 5551 exaltabo
3207 5504 3276 5550 te.
3301 5493 3438 5563 Quia
3467 5507 3499 5549 a

1901 5603 1954 5651 te
1982 5594 2051 5650 ab
2082 5591 2390 5649 humilitate
2416 5605 2535 5647 sum
2564 5590 2907 5647 sublevatus.

1970 5685 2267 5757 Conﬁtebor
2294 5684 2407 5755 tibi,
2434 5683 2682 5755 quoniam
2708 5683 2969 5739 exaudisti
2996 5699 3098 5739 me.
3127 5681 3201 5740 Ut
3239 5694 3329 5739 me
3372 5692 3497 5736 cum

1899 5779 2103 5836 sanctis
2134 5780 2239 5835 tuis
2260 5779 2315 5835 in
2344 5777 2556 5837 ctelesti
2588 5775 2892 5835 Jerusalem
2924 5775 3190 5833 sociares.

1975 5871 2306 5941 Canﬁtemini
2357 5869 2579 5926 Domino
2622 5868 2868 5943 quoniam
2925 5868 3107 5938 bonus,
3140 5868 3390 5941 quoniam
3443 5864 3503 5926 in
