  <div class='ocr_page' id='page_1' title='image "/cluster/home/n/w/nwhite01/storage/ocr_20150623/26/hvd.32044015471402/599.png"; bbox 0 0 4008 6336; ppageno 0'>
   <div class='ocr_carea' id='block_1_1' title="bbox 560 272 699 353">
    <p class='ocr_par' dir='ltr' id='par_1_1' title="bbox 560 272 699 353">
     <span class='ocr_line' id='line_1_1' title="bbox 560 272 699 353; baseline -0.014 0"><span class='ocrx_word' id='word_1_1' title='bbox 560 272 699 353; x_wconf 80' lang='lat' dir='ltr'><strong>tts&#39;l</strong></span> 
     </span>
    </p>
   </div>
   <div class='ocr_carea' id='block_1_2' title="bbox 551 500 2150 583">
    <p class='ocr_par' dir='ltr' id='par_1_2' title="bbox 551 500 2150 583">
     <span class='ocr_line' id='line_1_2' title="bbox 551 500 2150 583; baseline -0.008 -16"><span class='ocrx_word' id='word_1_2' title='bbox 551 512 681 583; x_wconf 89' lang='lat' dir='ltr'><strong>cipit</strong></span> <span class='ocrx_word' id='word_1_3' title='bbox 714 512 1023 575; x_wconf 72' lang='lat' dir='ltr'><strong>terminum,</strong></span> <span class='ocrx_word' id='word_1_4' title='bbox 1047 509 1115 565; x_wconf 90' lang='lat' dir='ltr'><strong>de</strong></span> <span class='ocrx_word' id='word_1_5' title='bbox 1156 508 1352 579; x_wconf 69' lang='lat' dir='ltr'><strong>quibus“</strong></span> <span class='ocrx_word' id='word_1_6' title='bbox 1383 507 1618 577; x_wconf 85' lang='lat' dir='ltr'><strong>sumpsit</strong></span> <span class='ocrx_word' id='word_1_7' title='bbox 1646 503 1933 562; x_wconf 77' lang='lat' dir='ltr'><strong>exordium</strong></span> <span class='ocrx_word' id='word_1_8' title='bbox 1958 518 1969 554; x_wconf 92' lang='lat'>:</span> <span class='ocrx_word' id='word_1_9' title='bbox 1994 500 2150 557; x_wconf 75' lang='lat' dir='ltr'><strong>vide-</strong></span> 
     </span>
    </p>
   </div>
   <div class='ocr_carea' id='block_1_3' title="bbox 549 592 2148 669">
    <p class='ocr_par' dir='ltr' id='par_1_3' title="bbox 549 592 2148 669">
     <span class='ocr_line' id='line_1_3' title="bbox 549 592 2148 669; baseline -0.009 -9"><span class='ocrx_word' id='word_1_10' title='bbox 549 603 682 660; x_wconf 89' lang='lat' dir='ltr'><strong>licet</strong></span> <span class='ocrx_word' id='word_1_11' title='bbox 709 611 767 658; x_wconf 91' lang='lat' dir='ltr'><strong>ut</strong></span> <span class='ocrx_word' id='word_1_12' title='bbox 792 603 861 660; x_wconf 87' lang='lat' dir='ltr'><strong>ab</strong></span> <span class='ocrx_word' id='word_1_13' title='bbox 893 602 1048 659; x_wconf 86' lang='lat' dir='ltr'><strong>initio</strong></span> <span class='ocrx_word' id='word_1_14' title='bbox 1077 592 1417 658; x_wconf 67' lang='lat' dir='ltr'><strong>credulitatis</strong></span> <span class='ocrx_word' id='word_1_15' title='bbox 1448 608 1652 655; x_wconf 69' lang='lat' dir='ltr'><strong>nostrae</strong></span> <span class='ocrx_word' id='word_1_16' title='bbox 1696 606 1866 669; x_wconf 84' lang='lat' dir='ltr'><strong>usque</strong></span> <span class='ocrx_word' id='word_1_17' title='bbox 1891 594 1958 652; x_wconf 77' lang='lat' dir='ltr'><strong>au</strong></span> <span class='ocrx_word' id='word_1_18' title='bbox 1989 594 2148 650; x_wconf 73' lang='lat' dir='ltr'><strong>linem</strong></span> 
     </span>
    </p>
   </div>
   <div class='ocr_carea' id='block_1_4' title="bbox 549 688 2161 762">
    <p class='ocr_par' dir='ltr' id='par_1_4' title="bbox 549 688 2161 762">
     <span class='ocr_line' id='line_1_4' title="bbox 549 688 2161 762; baseline -0.007 -7"><span class='ocrx_word' id='word_1_19' title='bbox 549 698 602 755; x_wconf 88' lang='lat' dir='ltr'><strong>in</strong></span> <span class='ocrx_word' id='word_1_20' title='bbox 653 700 823 755; x_wconf 87' lang='lat' dir='ltr'><strong>Deum</strong></span> <span class='ocrx_word' id='word_1_21' title='bbox 878 698 1129 756; x_wconf 78' lang='lat' dir='ltr'><strong>nostrum</strong></span> <span class='ocrx_word' id='word_1_22' title='bbox 1174 690 1433 753; x_wconf 62' lang='lat' dir='ltr'><strong>llducian&#39;t&#39;</strong></span> <span class='ocrx_word' id='word_1_23' title='bbox 1473 695 1760 755; x_wconf 84' lang='lat' dir='ltr'><strong>habentes,</strong></span> <span class='ocrx_word' id='word_1_24' title='bbox 1795 693 1917 762; x_wconf 70' lang='lat' dir='ltr'><strong>ejus</strong></span> <span class='ocrx_word' id='word_1_25' title='bbox 1963 688 2161 745; x_wconf 73' lang='lat' dir='ltr'><strong>Iaudes</strong></span> 
     </span>
    </p>
   </div>
   <div class='ocr_carea' id='block_1_5' title="bbox 547 783 2157 865">
    <p class='ocr_par' dir='ltr' id='par_1_5' title="bbox 547 783 2157 865">
     <span class='ocr_line' id='line_1_5' title="bbox 547 783 2157 865; baseline -0.009 -16"><span class='ocrx_word' id='word_1_26' title='bbox 547 800 966 865; x_wconf 70' lang='lat' dir='ltr'><strong>perseveranter</strong></span> <span class='ocrx_word' id='word_1_27' title='bbox 1002 783 1382 855; x_wconf 52' lang='lat' dir='ltr'><strong>confiteantur;</strong></span> <span class='ocrx_word' id='word_1_28' title='bbox 1403 789 1553 861; x_wconf 80' lang='lat' dir='ltr'><strong>jux‘ta</strong></span> <span class='ocrx_word' id='word_1_29' title='bbox 1595 785 1735 843; x_wconf 84' lang='lat' dir='ltr'><strong>illud</strong></span> <span class='ocrx_word' id='word_1_30' title='bbox 1762 783 1973 841; x_wconf 84' lang='lat' dir='ltr'><strong>Domini</strong></span> <span class='ocrx_word' id='word_1_31' title='bbox 2007 783 2157 850; x_wconf 79' lang='lat' dir='ltr'><strong>:Qui&#39;</strong></span> 
     </span>
    </p>
   </div>
   <div class='ocr_carea' id='block_1_6' title="bbox 551 875 2146 957">
    <p class='ocr_par' dir='ltr' id='par_1_6' title="bbox 551 875 2146 957">
     <span class='ocr_line' id='line_1_6' title="bbox 551 875 2146 957; baseline -0.008 -16"><span class='ocrx_word' id='word_1_32' title='bbox 551 883 990 957; x_wconf 89' lang='lat' dir='ltr'><strong>perseveraverit</strong></span> <span class='ocrx_word' id='word_1_33' title='bbox 1009 899 1183 954; x_wconf 90' lang='lat' dir='ltr'><strong>usque</strong></span> <span class='ocrx_word' id='word_1_34' title='bbox 1207 883 1259 938; x_wconf 93' lang='lat' dir='ltr'><strong>in</strong></span> <span class='ocrx_word' id='word_1_35' title='bbox 1285 883 1467 945; x_wconf 88' lang='lat' dir='ltr'><strong>linem,</strong></span> <span class='ocrx_word' id='word_1_36' title='bbox 1491 881 1579 936; x_wconf 86' lang='lat' dir='ltr'><strong>hic</strong></span> <span class='ocrx_word' id='word_1_37' title='bbox 1604 879 1907 935; x_wconf 85' lang='lat' dir='ltr'><strong>salvuserit</strong></span> <span class='ocrx_word' id='word_1_38' title='bbox 1929 875 2146 950; x_wconf 75' lang='lat' dir='ltr'><strong>(Matth.</strong></span> 
     </span>
    </p>
   </div>
   <div class='ocr_carea' id='block_1_7' title="bbox 551 968 2150 1049">
    <p class='ocr_par' dir='ltr' id='par_1_7' title="bbox 551 968 2150 1049">
     <span class='ocr_line' id='line_1_7' title="bbox 551 968 2150 1049; baseline -0.007 -15"><span class='ocrx_word' id='word_1_39' title='bbox 551 968 589 1034; x_wconf 54' lang='grc' dir='ltr'><strong>ᾗ</strong></span> <span class='ocrx_word' id='word_1_40' title='bbox 620 990 665 1033; x_wconf 83' lang='lat' dir='ltr'><strong>et</strong></span> <span class='ocrx_word' id='word_1_41' title='bbox 699 972 875 1049; x_wconf 66' lang='lat' dir='ltr'><strong>xit’v)‘.</strong></span> <span class='ocrx_word' id='word_1_42' title='bbox 901 976 1003 1047; x_wconf 92' lang='lat' dir='ltr'><strong>Qui</strong></span> <span class='ocrx_word' id='word_1_43' title='bbox 1027 977 1180 1032; x_wconf 79' lang='lat' dir='ltr'><strong>nobis</strong></span> <span class='ocrx_word' id='word_1_44' title='bbox 1211 976 1465 1031; x_wconf 88' lang='lat' dir='ltr'><strong>fiduciam</strong></span> <span class='ocrx_word' id='word_1_45' title='bbox 1492 972 1548 1028; x_wconf 84' lang='lat' dir='ltr'><strong>in</strong></span> <span class='ocrx_word' id='word_1_46' title='bbox 1574 974 1635 1029; x_wconf 79' lang='lat' dir='ltr'><strong>se</strong></span> <span class='ocrx_word' id='word_1_47' title='bbox 1664 969 1915 1040; x_wconf 70' lang='lat' dir='ltr'><strong>Sperandi</strong></span> <span class='ocrx_word' id='word_1_48' title='bbox 1947 968 2150 1038; x_wconf 81' lang='lat' dir='ltr'><strong>largire</strong></span> 
     </span>
    </p>
   </div>
   <div class='ocr_carea' id='block_1_8' title="bbox 548 1056 2150 1145">
    <p class='ocr_par' dir='ltr' id='par_1_8' title="bbox 548 1056 2150 1145">
     <span class='ocr_line' id='line_1_8' title="bbox 548 1056 2150 1145; baseline -0.009 -16"><span class='ocrx_word' id='word_1_49' title='bbox 548 1063 854 1145; x_wconf 70' lang='lat' dir='ltr'><strong>dignetur:</strong></span> <span class='ocrx_word' id='word_1_50' title='bbox 888 1071 992 1142; x_wconf 75' lang='lat' dir='ltr'><strong>ip‘s‘i</strong></span> <span class='ocrx_word' id='word_1_51' title='bbox 1018 1071 1186 1142; x_wconf 77' lang='lat' dir='ltr'><strong>gloria</strong></span> <span class='ocrx_word' id='word_1_52' title='bbox 1221 1072 1347 1123; x_wconf 78' lang='lat' dir='ltr'><strong>rum</strong></span> <span class='ocrx_word' id='word_1_53' title='bbox 1384 1074 1592 1122; x_wconf 75' lang='lat' dir='ltr'><strong>aeterno</strong></span> <span class='ocrx_word' id='word_1_54' title='bbox 1621 1062 1803 1129; x_wconf 77' lang='lat' dir='ltr'><strong>Patre,</strong></span> <span class='ocrx_word' id='word_1_55' title='bbox 1833 1071 1891 1118; x_wconf 86' lang='lat' dir='ltr'><strong>et</strong></span> <span class='ocrx_word' id='word_1_56' title='bbox 1927 1056 2065 1117; x_wconf 77' lang='lat' dir='ltr'><strong>Filio</strong></span> <span class='ocrx_word' id='word_1_57' title='bbox 2095 1068 2150 1116; x_wconf 90' lang='lat' dir='ltr'><strong>et</strong></span> 
     </span>
    </p>
   </div>
   <div class='ocr_carea' id='block_1_9' title="bbox 547 1156 1896 1236">
    <p class='ocr_par' dir='ltr' id='par_1_9' title="bbox 547 1156 1896 1236">
     <span class='ocr_line' id='line_1_9' title="bbox 547 1156 1896 1236; baseline -0.007 -15"><span class='ocrx_word' id='word_1_58' title='bbox 547 1162 763 1236; x_wconf 81' lang='lat' dir='ltr'><strong>Spiritu</strong></span> <span class='ocrx_word' id='word_1_59' title='bbox 789 1171 983 1219; x_wconf 86' lang='lat' dir='ltr'><strong>sancto</strong></span> <span class='ocrx_word' id='word_1_60' title='bbox 1012 1163 1064 1217; x_wconf 86' lang='lat' dir='ltr'><strong>in</strong></span> <span class='ocrx_word' id='word_1_61' title='bbox 1093 1160 1292 1218; x_wconf 71' lang='lat' dir='ltr'><strong>Saecula</strong></span> <span class='ocrx_word' id='word_1_62' title='bbox 1319 1159 1670 1217; x_wconf 64' lang='lat' dir='ltr'><strong>saeculorum.</strong></span> <span class='ocrx_word' id='word_1_63' title='bbox 1702 1156 1896 1213; x_wconf 78' lang='lat' dir='ltr'><strong>Amen.</strong></span> 
     </span>
    </p>
   </div>
   <div class='ocr_carea' id='block_1_10' title="bbox 1052 1293 1633 1354">
    <p class='ocr_par' dir='ltr' id='par_1_10' title="bbox 1052 1293 1633 1354">
     <span class='ocr_line' id='line_1_10' title="bbox 1052 1293 1633 1354; baseline 0.002 -4"><span class='ocrx_word' id='word_1_64' title='bbox 1052 1296 1277 1353; x_wconf 81' lang='lat' dir='ltr'><strong>PSALM</strong></span> <span class='ocrx_word' id='word_1_65' title='bbox 1286 1295 1373 1354; x_wconf 83' lang='lat' dir='ltr'><strong>US</strong></span> <span class='ocrx_word' id='word_1_66' title='bbox 1399 1293 1633 1351; x_wconf 77' lang='lat' dir='ltr'><strong>CXVIII.</strong></span> 
     </span>
    </p>
   </div>
   <div class='ocr_carea' id='block_1_11' title="bbox 549 1385 2143 1461">
    <p class='ocr_par' dir='ltr' id='par_1_11' title="bbox 549 1385 2143 1461">
     <span class='ocr_line' id='line_1_11' title="bbox 549 1385 2143 1461; baseline -0.006 -13"><span class='ocrx_word' id='word_1_67' title='bbox 549 1390 800 1461; x_wconf 75' lang='lat' dir='ltr'><strong>Alleluia.</strong></span> <span class='ocrx_word' id='word_1_68' title='bbox 848 1389 951 1447; x_wconf 83' lang='lat' dir='ltr'><strong>Iste</strong></span> <span class='ocrx_word' id='word_1_69' title='bbox 1006 1390 1255 1461; x_wconf 80' lang='lat' dir='ltr'><strong>psalmus</strong></span> <span class='ocrx_word' id='word_1_70' title='bbox 1300 1401 1550 1461; x_wconf 75' lang='lat' dir='ltr'><strong>magnum</strong></span> <span class='ocrx_word' id='word_1_71' title='bbox 1595 1387 1648 1440; x_wconf 94' lang='lat' dir='ltr'><strong>in</strong></span> <span class='ocrx_word' id='word_1_72' title='bbox 1703 1399 1765 1461; x_wconf 79' lang='lat' dir='ltr'><strong>se</strong></span> <span class='ocrx_word' id='word_1_73' title='bbox 1825 1385 2143 1461; x_wconf 66' lang='lat' dir='ltr'><strong>mysterium</strong></span> 
     </span>
    </p>
   </div>
   <div class='ocr_carea' id='block_1_12' title="bbox 621 1456 2142 1529">
    <p class='ocr_par' dir='ltr' id='par_1_12' title="bbox 621 1456 2142 1529">
     <span class='ocr_line' id='line_1_12' title="bbox 621 1456 2142 1529; baseline -0.005 -10"><span class='ocrx_word' id='word_1_74' title='bbox 621 1456 885 1519; x_wconf 83' lang='lat' dir='ltr'><strong>continet.</strong></span> <span class='ocrx_word' id='word_1_75' title='bbox 919 1463 990 1515; x_wconf 83' lang='lat' dir='ltr'><strong>De</strong></span> <span class='ocrx_word' id='word_1_76' title='bbox 1008 1456 1127 1529; x_wconf 83' lang='lat' dir='ltr'><strong>quo</strong></span> <span class='ocrx_word' id='word_1_77' title='bbox 1170 1456 1444 1529; x_wconf 79' lang='lat' dir='ltr'><strong>quippiam</strong></span> <span class='ocrx_word' id='word_1_78' title='bbox 1489 1459 1542 1511; x_wconf 89' lang='lat' dir='ltr'><strong>in</strong></span> <span class='ocrx_word' id='word_1_79' title='bbox 1602 1456 1825 1527; x_wconf 83' lang='lat' dir='ltr'><strong>prologo</strong></span> <span class='ocrx_word' id='word_1_80' title='bbox 1874 1456 2142 1523; x_wconf 77' lang='lat' dir='ltr'><strong>prolocuti</strong></span> 
     </span>
    </p>
   </div>
   <div class='ocr_carea' id='block_1_13' title="bbox 620 1529 2145 1603">
    <p class='ocr_par' dir='ltr' id='par_1_13' title="bbox 620 1529 2145 1603">
     <span class='ocr_line' id='line_1_13' title="bbox 620 1529 2145 1603; baseline -0.005 -15"><span class='ocrx_word' id='word_1_81' title='bbox 620 1546 831 1602; x_wconf 80' lang='lat' dir='ltr'><strong>sumus,</strong></span> <span class='ocrx_word' id='word_1_82' title='bbox 866 1530 960 1587; x_wconf 84' lang='lat' dir='ltr'><strong>sed</strong></span> <span class='ocrx_word' id='word_1_83' title='bbox 992 1529 1820 1603; x_wconf 30' lang='lat' dir='ltr'><strong>quoniamcontinenturihLeo</strong></span> <span class='ocrx_word' id='word_1_84' title='bbox 1862 1529 1976 1594; x_wconf 78' lang='lat' dir='ltr'><strong>lett,</strong></span> <span class='ocrx_word' id='word_1_85' title='bbox 2001 1543 2145 1603; x_wconf 80' lang='lat' dir='ltr'><strong>man-</strong></span> 
     </span>
    </p>
   </div>
   <div class='ocr_carea' id='block_1_14' title="bbox 617 1598 2140 1676">
    <p class='ocr_par' dir='ltr' id='par_1_14' title="bbox 617 1598 2140 1676">
     <span class='ocr_line' id='line_1_14' title="bbox 617 1598 2140 1676; baseline -0.005 -15"><span class='ocrx_word' id='word_1_86' title='bbox 617 1605 769 1673; x_wconf 82' lang='lat' dir='ltr'><strong>data,</strong></span> <span class='ocrx_word' id='word_1_87' title='bbox 805 1598 1245 1676; x_wconf 50' lang='lat' dir='ltr'><strong>j&#39;uStillcatiunes,</strong></span> <span class='ocrx_word' id='word_1_88' title='bbox 1281 1602 1615 1676; x_wconf 83' lang='lat' dir='ltr'><strong>testimonia,</strong></span> <span class='ocrx_word' id='word_1_89' title='bbox 1642 1599 1843 1669; x_wconf 85' lang='lat' dir='ltr'><strong>judicia</strong></span> <span class='ocrx_word' id='word_1_90' title='bbox 1890 1614 1952 1653; x_wconf 86' lang='lat' dir='ltr'><strong>ac</strong></span> <span class='ocrx_word' id='word_1_91' title='bbox 1992 1598 2095 1676; x_wconf 70' lang='lat' dir='ltr'><strong>vite</strong></span> <span class='ocrx_word' id='word_1_92' title='bbox 2126 1616 2140 1653; x_wconf 91' lang='lat'><strong>:</strong></span> 
     </span>
    </p>
   </div>
   <div class='ocr_carea' id='block_1_15' title="bbox 615 1671 2140 1749">
    <p class='ocr_par' dir='ltr' id='par_1_15' title="bbox 615 1671 2140 1749">
     <span class='ocr_line' id='line_1_15' title="bbox 615 1671 2140 1749; baseline -0.001 -21"><span class='ocrx_word' id='word_1_93' title='bbox 615 1671 761 1749; x_wconf 86' lang='lat' dir='ltr'><strong>quid</strong></span> <span class='ocrx_word' id='word_1_94' title='bbox 798 1671 940 1733; x_wconf 82' lang='lat' dir='ltr'><strong>inter</strong></span> <span class='ocrx_word' id='word_1_95' title='bbox 990 1691 1053 1730; x_wconf 87' lang='lat' dir='ltr'><strong>ea</strong></span> <span class='ocrx_word' id='word_1_96' title='bbox 1088 1675 1296 1749; x_wconf 62' lang='lat' dir='ltr'><strong>distet,</strong></span> <span class='ocrx_word' id='word_1_97' title='bbox 1340 1674 1576 1749; x_wconf 73' lang='lat' dir='ltr'><strong>discerni</strong></span> <span class='ocrx_word' id='word_1_98' title='bbox 1620 1684 1858 1749; x_wconf 36' lang='lat' dir='ltr'><strong>necesse</strong></span> <span class='ocrx_word' id='word_1_99' title='bbox 1891 1682 1994 1725; x_wconf 90' lang='lat' dir='ltr'><strong>est.</strong></span> <span class='ocrx_word' id='word_1_100' title='bbox 2028 1671 2140 1749; x_wconf 65' lang='lat' dir='ltr'><strong>Lex</strong></span> 
     </span>
    </p>
   </div>
   <div class='ocr_carea' id='block_1_16' title="bbox 617 1742 2141 1821">
    <p class='ocr_par' dir='ltr' id='par_1_16' title="bbox 617 1742 2141 1821">
     <span class='ocr_line' id='line_1_16' title="bbox 617 1742 2141 1821; baseline -0.006 -16"><span class='ocrx_word' id='word_1_101' title='bbox 617 1742 770 1821; x_wconf 76' lang='lat' dir='ltr'><strong>ergo,</strong></span> <span class='ocrx_word' id='word_1_102' title='bbox 796 1766 917 1820; x_wconf 64' lang='lat' dir='ltr'><strong>quae</strong></span> <span class='ocrx_word' id='word_1_103' title='bbox 941 1745 1306 1821; x_wconf 10' lang='lat' dir='ltr'><strong>iperMoy‘sen</strong></span> <span class='ocrx_word' id='word_1_104' title='bbox 1350 1745 1476 1821; x_wconf 77' lang='lat' dir='ltr'><strong>data</strong></span> <span class='ocrx_word' id='word_1_105' title='bbox 1505 1754 1608 1821; x_wconf 87' lang='lat' dir='ltr'><strong>est,</strong></span> <span class='ocrx_word' id='word_1_106' title='bbox 1648 1743 1701 1797; x_wconf 92' lang='lat' dir='ltr'><strong>in</strong></span> <span class='ocrx_word' id='word_1_107' title='bbox 1725 1742 1949 1821; x_wconf 62' lang='grc' dir='ltr'><strong>⁸(Σιιπίδιο</strong></span> <span class='ocrx_word' id='word_1_108' title='bbox 1980 1743 2141 1821; x_wconf 77' lang='lat' dir='ltr'><strong>spiri-</strong></span> 
     </span>
    </p>
   </div>
   <div class='ocr_carea' id='block_1_17' title="bbox 622 1813 2136 1886">
    <p class='ocr_par' dir='ltr' id='par_1_17' title="bbox 622 1813 2136 1886">
     <span class='ocr_line' id='line_1_17' title="bbox 622 1813 2136 1886; baseline -0.003 -12"><span class='ocrx_word' id='word_1_109' title='bbox 622 1813 841 1875; x_wconf 62' lang='lat' dir='ltr'><strong>tualitei‘</strong></span> <span class='ocrx_word' id='word_1_110' title='bbox 866 1813 1031 1873; x_wconf 78' lang='lat' dir='ltr'><strong>debet</strong></span> <span class='ocrx_word' id='word_1_111' title='bbox 1062 1813 1286 1886; x_wconf 82' lang='lat' dir='ltr'><strong>intelligi</strong></span> <span class='ocrx_word' id='word_1_112' title='bbox 1317 1833 1330 1869; x_wconf 73' lang='grc' dir='ltr'>ε</span> <span class='ocrx_word' id='word_1_113' title='bbox 1365 1816 1486 1886; x_wconf 74' lang='lat' dir='ltr'><strong>Quia</strong></span> <span class='ocrx_word' id='word_1_114' title='bbox 1517 1814 1809 1886; x_wconf 72' lang='lat' dir='ltr'><strong>Apostolus</strong></span> <span class='ocrx_word' id='word_1_115' title='bbox 1839 1828 1959 1886; x_wconf 79' lang='lat' dir='ltr'><strong>cum</strong></span> <span class='ocrx_word' id='word_1_116' title='bbox 1985 1813 2136 1869; x_wconf 86' lang='lat' dir='ltr'><strong>illam</strong></span> 
     </span>
    </p>
   </div>
   <div class='ocr_carea' id='block_1_18' title="bbox 620 1885 2139 1955">
    <p class='ocr_par' dir='ltr' id='par_1_18' title="bbox 620 1885 2139 1955">
     <span class='ocr_line' id='line_1_18' title="bbox 620 1885 2139 1955; baseline -0.005 -9"><span class='ocrx_word' id='word_1_117' title='bbox 620 1901 865 1947; x_wconf 78' lang='lat' dir='ltr'><strong>sanctam</strong></span> <span class='ocrx_word' id='word_1_118' title='bbox 921 1899 1117 1955; x_wconf 81' lang='lat' dir='ltr'><strong>vocet,</strong></span> <span class='ocrx_word' id='word_1_119' title='bbox 1153 1885 1396 1943; x_wconf 85' lang='lat' dir='ltr'><strong>umbram</strong></span> <span class='ocrx_word' id='word_1_120' title='bbox 1448 1895 1627 1942; x_wconf 86' lang='lat' dir='ltr'><strong>tamen</strong></span> <span class='ocrx_word' id='word_1_121' title='bbox 1672 1899 1793 1940; x_wconf 87' lang='lat' dir='ltr'><strong>eam</strong></span> <span class='ocrx_word' id='word_1_122' title='bbox 1837 1885 2139 1939; x_wconf 88' lang='lat' dir='ltr'><strong>futurorum</strong></span> 
     </span>
    </p>
   </div>
   <div class='ocr_carea' id='block_1_19' title="bbox 619 1958 2145 2030">
    <p class='ocr_par' dir='ltr' id='par_1_19' title="bbox 619 1958 2145 2030">
     <span class='ocr_line' id='line_1_19' title="bbox 619 1958 2145 2030; baseline -0.005 -13"><span class='ocrx_word' id='word_1_123' title='bbox 619 1978 745 2017; x_wconf 82' lang='lat' dir='ltr'><strong>esse</strong></span> <span class='ocrx_word' id='word_1_124' title='bbox 785 1962 1044 2018; x_wconf 73' lang='lat' dir='ltr'><strong>describit.</strong></span> <span class='ocrx_word' id='word_1_125' title='bbox 1073 1960 1257 2027; x_wconf 84' lang='lat' dir='ltr'><strong>(Hebr.</strong></span> <span class='ocrx_word' id='word_1_126' title='bbox 1286 1961 1359 2030; x_wconf 76' lang='grc' dir='ltr'><strong>χ).</strong></span> <span class='ocrx_word' id='word_1_127' title='bbox 1389 1958 1635 2013; x_wconf 81' lang='lat' dir='ltr'><strong>Mandata</strong></span> <span class='ocrx_word' id='word_1_128' title='bbox 1677 1960 1908 2030; x_wconf 29' lang='lat' dir='ltr'><strong>suntpin</strong></span> <span class='ocrx_word' id='word_1_129' title='bbox 1946 1958 2145 2026; x_wconf 86' lang='lat' dir='ltr'><strong>quibus</strong></span> 
     </span>
    </p>
   </div>
   <div class='ocr_carea' id='block_1_20' title="bbox 624 2027 2138 2101">
    <p class='ocr_par' dir='ltr' id='par_1_20' title="bbox 624 2027 2138 2101">
     <span class='ocr_line' id='line_1_20' title="bbox 624 2027 2138 2101; baseline -0.009 -7"><span class='ocrx_word' id='word_1_130' title='bbox 624 2041 1024 2101; x_wconf 72' lang='lat' dir='ltr'><strong>praeceptorum</strong></span> <span class='ocrx_word' id='word_1_131' title='bbox 1064 2027 1472 2087; x_wconf 81' lang='lat' dir='ltr'><strong>Dominicurum</strong></span> <span class='ocrx_word' id='word_1_132' title='bbox 1525 2029 1777 2084; x_wconf 88' lang='lat' dir='ltr'><strong>custodia</strong></span> <span class='ocrx_word' id='word_1_133' title='bbox 1825 2027 2138 2097; x_wconf 60' lang='lat' dir='ltr'><strong>dep-natur,</strong></span> 
     </span>
    </p>
   </div>
   <div class='ocr_carea' id='block_1_21' title="bbox 624 2101 2143 2167">
    <p class='ocr_par' dir='ltr' id='par_1_21' title="bbox 624 2101 2143 2167">
     <span class='ocr_line' id='line_1_21' title="bbox 624 2101 2143 2167; baseline -0.004 -7"><span class='ocrx_word' id='word_1_134' title='bbox 624 2105 770 2167; x_wconf 81' lang='lat' dir='ltr'><strong>iuxta</strong></span> <span class='ocrx_word' id='word_1_135' title='bbox 801 2104 930 2160; x_wconf 91' lang='lat' dir='ltr'><strong>illud</strong></span> <span class='ocrx_word' id='word_1_136' title='bbox 966 2123 977 2157; x_wconf 91' lang='lat'><strong>:</strong></span> <span class='ocrx_word' id='word_1_137' title='bbox 1011 2102 1126 2158; x_wconf 70' lang='lat' dir='ltr'><strong>Non</strong></span> <span class='ocrx_word' id='word_1_138' title='bbox 1155 2101 1388 2167; x_wconf 51' lang='lat' dir='ltr'><strong>orcitles,</strong></span> <span class='ocrx_word' id='word_1_139' title='bbox 1416 2119 1521 2155; x_wconf 89' lang='lat' dir='ltr'><strong>non</strong></span> <span class='ocrx_word' id='word_1_140' title='bbox 1556 2102 1940 2165; x_wconf 75' lang='lat' dir='ltr'><strong>mtechaberis,</strong></span> <span class='ocrx_word' id='word_1_141' title='bbox 1975 2110 2027 2153; x_wconf 87' lang='lat' dir='ltr'><strong>et</strong></span> <span class='ocrx_word' id='word_1_142' title='bbox 2058 2116 2143 2154; x_wconf 88' lang='lat' dir='ltr'><strong>re-</strong></span> 
     </span>
    </p>
   </div>
   <div class='ocr_carea' id='block_1_22' title="bbox 644 2172 2140 2246">
    <p class='ocr_par' dir='ltr' id='par_1_22' title="bbox 644 2172 2140 2246">
     <span class='ocr_line' id='line_1_22' title="bbox 644 2172 2140 2246; baseline -0.004 -15"><span class='ocrx_word' id='word_1_143' title='bbox 644 2179 786 2246; x_wconf 84' lang='lat' dir='ltr'><strong>iqua.</strong></span> <span class='ocrx_word' id='word_1_144' title='bbox 820 2174 1251 2246; x_wconf 80' lang='lat' dir='ltr'><strong>Justilicationes</strong></span> <span class='ocrx_word' id='word_1_145' title='bbox 1278 2185 1424 2237; x_wconf 82' lang='lat' dir='ltr'><strong>sunt,</strong></span> <span class='ocrx_word' id='word_1_146' title='bbox 1455 2173 1655 2243; x_wconf 81' lang='lat' dir='ltr'><strong>quibus</strong></span> <span class='ocrx_word' id='word_1_147' title='bbox 1688 2172 1828 2246; x_wconf 69' lang='lat' dir='ltr'><strong>Deus</strong></span> <span class='ocrx_word' id='word_1_148' title='bbox 1862 2184 2140 2246; x_wconf 79' lang='lat' dir='ltr'><strong>persoaut</strong></span> 
     </span>
    </p>
   </div>
   <div class='ocr_carea' id='block_1_23' title="bbox 622 2242 2144 2316">
    <p class='ocr_par' dir='ltr' id='par_1_23' title="bbox 622 2242 2144 2316">
     <span class='ocr_line' id='line_1_23' title="bbox 622 2242 2144 2316; baseline -0.005 -13"><span class='ocrx_word' id='word_1_149' title='bbox 622 2242 971 2303; x_wconf 82' lang='lat' dir='ltr'><strong>dilectionem</strong></span> <span class='ocrx_word' id='word_1_150' title='bbox 999 2258 1053 2300; x_wconf 85' lang='lat' dir='ltr'><strong>et</strong></span> <span class='ocrx_word' id='word_1_151' title='bbox 1097 2242 1635 2316; x_wconf 80' lang='lat' dir='ltr'><strong>proximi,zizaniam</strong></span> <span class='ocrx_word' id='word_1_152' title='bbox 1686 2242 1797 2297; x_wconf 91' lang='lat' dir='ltr'><strong>odii</strong></span> <span class='ocrx_word' id='word_1_153' title='bbox 1848 2243 1932 2316; x_wconf 18' lang='lat' dir='ltr'><strong>ab»</strong></span> <span class='ocrx_word' id='word_1_154' title='bbox 1967 2243 2144 2296; x_wconf 88' lang='lat' dir='ltr'><strong>homi-</strong></span> 
     </span>
    </p>
   </div>
   <div class='ocr_carea' id='block_1_24' title="bbox 622 2314 2143 2387">
    <p class='ocr_par' dir='ltr' id='par_1_24' title="bbox 622 2314 2143 2387">
     <span class='ocr_line' id='line_1_24' title="bbox 622 2314 2143 2387; baseline -0.007 -13"><span class='ocrx_word' id='word_1_155' title='bbox 622 2337 748 2374; x_wconf 85' lang='lat' dir='ltr'><strong>num</strong></span> <span class='ocrx_word' id='word_1_156' title='bbox 771 2320 937 2376; x_wconf 91' lang='lat' dir='ltr'><strong>curde</strong></span> <span class='ocrx_word' id='word_1_157' title='bbox 965 2314 1122 2387; x_wconf 81' lang='lat' dir='ltr'><strong>jubet</strong></span> <span class='ocrx_word' id='word_1_158' title='bbox 1156 2316 1339 2370; x_wconf 83' lang='lat' dir='ltr'><strong>avelli.</strong></span> <span class='ocrx_word' id='word_1_159' title='bbox 1376 2316 1716 2370; x_wconf 85' lang='lat' dir='ltr'><strong>&#39;l‘estimonia</strong></span> <span class='ocrx_word' id='word_1_160' title='bbox 1745 2321 1891 2380; x_wconf 90' lang='lat' dir='ltr'><strong>sunt,</strong></span> <span class='ocrx_word' id='word_1_161' title='bbox 1923 2314 1974 2367; x_wconf 94' lang='lat' dir='ltr'><strong>in</strong></span> <span class='ocrx_word' id='word_1_162' title='bbox 2007 2329 2143 2383; x_wconf 85' lang='lat' dir='ltr'><strong>qun-</strong></span> 
     </span>
    </p>
   </div>
   <div class='ocr_carea' id='block_1_25' title="bbox 622 2386 2139 2464">
    <p class='ocr_par' dir='ltr' id='par_1_25' title="bbox 622 2386 2139 2464">
     <span class='ocr_line' id='line_1_25' title="bbox 622 2386 2139 2464; baseline -0.005 -17"><span class='ocrx_word' id='word_1_163' title='bbox 622 2409 743 2464; x_wconf 87' lang='lat' dir='ltr'><strong>rum</strong></span> <span class='ocrx_word' id='word_1_164' title='bbox 790 2393 1079 2464; x_wconf 65' lang='lat' dir='ltr'><strong>praesentia</strong></span> <span class='ocrx_word' id='word_1_165' title='bbox 1126 2388 1284 2464; x_wconf 62' lang='lat' dir='ltr'><strong>nobis</strong></span> <span class='ocrx_word' id='word_1_166' title='bbox 1327 2389 1766 2464; x_wconf 72' lang='lat' dir='ltr'><strong>ubset-Vationum</strong></span> <span class='ocrx_word' id='word_1_167' title='bbox 1831 2386 2139 2464; x_wconf 80' lang='lat' dir='ltr'><strong>sanctarum</strong></span> 
     </span>
    </p>
   </div>
   <div class='ocr_carea' id='block_1_26' title="bbox 622 2456 2139 2530">
    <p class='ocr_par' dir='ltr' id='par_1_26' title="bbox 622 2456 2139 2530">
     <span class='ocr_line' id='line_1_26' title="bbox 622 2456 2139 2530; baseline -0.005 -12"><span class='ocrx_word' id='word_1_168' title='bbox 622 2462 759 2518; x_wconf 87' lang='lat' dir='ltr'><strong>ordo</strong></span> <span class='ocrx_word' id='word_1_169' title='bbox 793 2456 1187 2519; x_wconf 68' lang='lat' dir='ltr'><strong>committitur.</strong></span> <span class='ocrx_word' id='word_1_170' title='bbox 1218 2460 1371 2513; x_wconf 88' lang='lat' dir='ltr'><strong>Sicut</strong></span> <span class='ocrx_word' id='word_1_171' title='bbox 1401 2458 1612 2530; x_wconf 82' lang='lat' dir='ltr'><strong>Moyses</strong></span> <span class='ocrx_word' id='word_1_172' title='bbox 1642 2456 1836 2530; x_wconf 63' lang='lat' dir='ltr'><strong>celum</strong></span> <span class='ocrx_word' id='word_1_173' title='bbox 1859 2463 1915 2511; x_wconf 90' lang='lat' dir='ltr'><strong>et</strong></span> <span class='ocrx_word' id='word_1_174' title='bbox 1942 2466 2139 2511; x_wconf 84' lang='lat' dir='ltr'><strong>terrain</strong></span> 
     </span>
    </p>
   </div>
   <div class='ocr_carea' id='block_1_27' title="bbox 620 2527 2140 2604">
    <p class='ocr_par' dir='ltr' id='par_1_27' title="bbox 620 2527 2140 2604">
     <span class='ocr_line' id='line_1_27' title="bbox 620 2527 2140 2604; baseline -0.005 -14"><span class='ocrx_word' id='word_1_175' title='bbox 620 2536 836 2590; x_wconf 84' lang='lat' dir='ltr'><strong>invocat</strong></span> <span class='ocrx_word' id='word_1_176' title='bbox 858 2546 1028 2604; x_wconf 84' lang='lat' dir='ltr'><strong>testes</strong></span> <span class='ocrx_word' id='word_1_177' title='bbox 1052 2531 1232 2604; x_wconf 83' lang='lat' dir='ltr'><strong>(Deut.</strong></span> <span class='ocrx_word' id='word_1_178' title='bbox 1249 2532 1348 2604; x_wconf 72' lang='lat' dir='ltr'><strong>tv).</strong></span> <span class='ocrx_word' id='word_1_179' title='bbox 1373 2531 1437 2585; x_wconf 85' lang='lat' dir='ltr'><strong>Et</strong></span> <span class='ocrx_word' id='word_1_180' title='bbox 1468 2527 1665 2585; x_wconf 82' lang='lat' dir='ltr'><strong>Paulus</strong></span> <span class='ocrx_word' id='word_1_181' title='bbox 1688 2527 2140 2604; x_wconf 85' lang='lat' dir='ltr'><strong>ad_Ti_motbeur_n:</strong></span> 
     </span>
    </p>
   </div>
   <div class='ocr_carea' id='block_1_28' title="bbox 622 2599 2138 2674">
    <p class='ocr_par' dir='ltr' id='par_1_28' title="bbox 622 2599 2138 2674">
     <span class='ocr_line' id='line_1_28' title="bbox 622 2599 2138 2674; baseline -0.005 -13"><span class='ocrx_word' id='word_1_182' title='bbox 622 2607 911 2661; x_wconf 80' lang='lat' dir='ltr'><strong>Tl&#39;SIIIICOl‘</strong></span> <span class='ocrx_word' id='word_1_183' title='bbox 936 2599 1279 2674; x_wconf 39' lang='lat' dir='ltr'><strong>tibi,‘inquit.</strong></span> <span class='ocrx_word' id='word_1_184' title='bbox 1311 2602 1368 2657; x_wconf 89' lang='lat' dir='ltr'><strong>in</strong></span> <span class='ocrx_word' id='word_1_185' title='bbox 1407 2610 1703 2671; x_wconf 89' lang='lat' dir='ltr'><strong>conspectu</strong></span> <span class='ocrx_word' id='word_1_186' title='bbox 1747 2599 1852 2674; x_wconf 87' lang='lat' dir='ltr'><strong>Dei</strong></span> <span class='ocrx_word' id='word_1_187' title='bbox 1882 2600 2138 2666; x_wconf 82' lang='lat' dir='ltr'><strong>viventis,</strong></span> 
     </span>
    </p>
   </div>
   <div class='ocr_carea' id='block_1_29' title="bbox 620 2673 2142 2743">
    <p class='ocr_par' dir='ltr' id='par_1_29' title="bbox 620 2673 2142 2743">
     <span class='ocr_line' id='line_1_29' title="bbox 620 2673 2142 2743; baseline -0.005 -10"><span class='ocrx_word' id='word_1_188' title='bbox 620 2688 675 2734; x_wconf 92' lang='lat' dir='ltr'><strong>et</strong></span> <span class='ocrx_word' id='word_1_189' title='bbox 707 2678 759 2733; x_wconf 92' lang='lat' dir='ltr'><strong>in</strong></span> <span class='ocrx_word' id='word_1_190' title='bbox 804 2687 1100 2743; x_wconf 71' lang='lat' dir='ltr'><strong>COIlSllelZIll</strong></span> <span class='ocrx_word' id='word_1_191' title='bbox 1130 2673 1431 2729; x_wconf 82' lang='lat' dir='ltr'><strong>electorum</strong></span> <span class='ocrx_word' id='word_1_192' title='bbox 1459 2674 1775 2741; x_wconf 69' lang='lat' dir='ltr'><strong>angelorum</strong></span> <span class='ocrx_word' id='word_1_193' title='bbox 1809 2673 1949 2742; x_wconf 83' lang='lat' dir='ltr'><strong>ejus,</strong></span> <span class='ocrx_word' id='word_1_194' title='bbox 1974 2679 2031 2727; x_wconf 86' lang='lat' dir='ltr'><strong>et</strong></span> <span class='ocrx_word' id='word_1_195' title='bbox 2057 2688 2142 2726; x_wconf 88' lang='lat' dir='ltr'><strong>re-</strong></span> 
     </span>
    </p>
   </div>
   <div class='ocr_carea' id='block_1_30' title="bbox 625 2744 2142 2820">
    <p class='ocr_par' dir='ltr' id='par_1_30' title="bbox 625 2744 2142 2820">
     <span class='ocr_line' id='line_1_30' title="bbox 625 2744 2142 2820; baseline -0.005 -16"><span class='ocrx_word' id='word_1_196' title='bbox 625 2750 767 2819; x_wconf 80' lang='lat' dir='ltr'><strong>liqua</strong></span> <span class='ocrx_word' id='word_1_197' title='bbox 799 2748 867 2820; x_wconf 82' lang='lat' dir='ltr'><strong>(ll</strong></span> <span class='ocrx_word' id='word_1_198' title='bbox 903 2746 1043 2820; x_wconf 78' lang='lat' dir='ltr'><strong>Tim.</strong></span> <span class='ocrx_word' id='word_1_199' title='bbox 1086 2744 1192 2820; x_wconf 73' lang='lat' dir='ltr'><strong>tv).</strong></span> <span class='ocrx_word' id='word_1_200' title='bbox 1217 2745 1444 2820; x_wconf 76' lang='lat' dir='ltr'><strong>Judicia</strong></span> <span class='ocrx_word' id='word_1_201' title='bbox 1480 2751 1660 2820; x_wconf 84' lang='lat' dir='ltr'><strong>autem</strong></span> <span class='ocrx_word' id='word_1_202' title='bbox 1683 2751 1857 2820; x_wconf 77' lang='lat' dir='ltr'><strong>sunt,</strong></span> <span class='ocrx_word' id='word_1_203' title='bbox 1890 2758 2013 2798; x_wconf 90' lang='lat' dir='ltr'><strong>cum</strong></span> <span class='ocrx_word' id='word_1_204' title='bbox 2047 2750 2142 2820; x_wconf 84' lang='lat' dir='ltr'><strong>aut</strong></span> 
     </span>
    </p>
   </div>
   <div class='ocr_carea' id='block_1_31' title="bbox 615 2816 2141 2892">
    <p class='ocr_par' dir='ltr' id='par_1_31' title="bbox 615 2816 2141 2892">
     <span class='ocr_line' id='line_1_31' title="bbox 615 2816 2141 2892; baseline -0.005 -16"><span class='ocrx_word' id='word_1_205' title='bbox 615 2816 816 2892; x_wconf 45' lang='lat' dir='ltr'><strong>juittos&#39;</strong></span> <span class='ocrx_word' id='word_1_206' title='bbox 847 2818 1151 2892; x_wconf 76' lang='lat' dir='ltr'><strong>splendidis</strong></span> <span class='ocrx_word' id='word_1_207' title='bbox 1182 2817 1473 2892; x_wconf 72' lang='lat' dir='ltr'><strong>honorabit</strong></span> <span class='ocrx_word' id='word_1_208' title='bbox 1517 2817 1748 2883; x_wconf 89' lang='lat' dir='ltr'><strong>meritis,</strong></span> <span class='ocrx_word' id='word_1_209' title='bbox 1779 2826 1881 2892; x_wconf 70' lang='lat' dir='ltr'><strong>aut</strong></span> <span class='ocrx_word' id='word_1_210' title='bbox 1920 2816 2141 2892; x_wconf 66' lang='lat' dir='ltr'><strong>internis</strong></span> 
     </span>
    </p>
   </div>
   <div class='ocr_carea' id='block_1_32' title="bbox 618 2886 2137 2959">
    <p class='ocr_par' dir='ltr' id='par_1_32' title="bbox 618 2886 2137 2959">
     <span class='ocr_line' id='line_1_32' title="bbox 618 2886 2137 2959; baseline -0.006 -11"><span class='ocrx_word' id='word_1_211' title='bbox 618 2886 898 2948; x_wconf 77' lang='lat' dir='ltr'><strong>damnabit</strong></span> <span class='ocrx_word' id='word_1_212' title='bbox 963 2889 1248 2959; x_wconf 86' lang='lat' dir='ltr'><strong>suppliciis</strong></span> <span class='ocrx_word' id='word_1_213' title='bbox 1309 2898 1766 2959; x_wconf 76' lang='lat' dir='ltr'><strong>transgressores.</strong></span> <span class='ocrx_word' id='word_1_214' title='bbox 1823 2886 1937 2959; x_wconf 63' lang='lat' dir='ltr'><strong>Viae</strong></span> <span class='ocrx_word' id='word_1_215' title='bbox 1992 2887 2137 2959; x_wconf 85' lang='lat' dir='ltr'><strong>cnim</strong></span> 
     </span>
    </p>
   </div>
   <div class='ocr_carea' id='block_1_33' title="bbox 622 2957 2138 3035">
    <p class='ocr_par' dir='ltr' id='par_1_33' title="bbox 622 2957 2138 3035">
     <span class='ocr_line' id='line_1_33' title="bbox 622 2957 2138 3035; baseline -0.005 -16"><span class='ocrx_word' id='word_1_216' title='bbox 622 2974 751 3019; x_wconf 89' lang='lat' dir='ltr'><strong>sunt</strong></span> <span class='ocrx_word' id='word_1_217' title='bbox 781 2957 1135 3035; x_wconf 36' lang='lat' dir='ltr'><strong>apostoli&#39;ac</strong></span> <span class='ocrx_word' id='word_1_218' title='bbox 1162 2957 1773 3035; x_wconf 38' lang='lat' dir='ltr'><strong>protihette,&#39;perAquos</strong></span> <span class='ocrx_word' id='word_1_219' title='bbox 1817 2957 2032 3035; x_wconf 77' lang='lat' dir='ltr'><strong>venitur</strong></span> <span class='ocrx_word' id='word_1_220' title='bbox 2072 2958 2138 3012; x_wconf 84' lang='lat' dir='ltr'><strong>ad</strong></span> 
     </span>
    </p>
   </div>
   <div class='ocr_carea' id='block_1_34' title="bbox 624 3028 2141 3102">
    <p class='ocr_par' dir='ltr' id='par_1_34' title="bbox 624 3028 2141 3102">
     <span class='ocr_line' id='line_1_34' title="bbox 624 3028 2141 3102; baseline -0.006 -11"><span class='ocrx_word' id='word_1_221' title='bbox 624 3028 1016 3101; x_wconf 64' lang='lat' dir='ltr'><strong>veram&#39;viam,</strong></span> <span class='ocrx_word' id='word_1_222' title='bbox 1052 3034 1141 3102; x_wconf 89' lang='lat' dir='ltr'><strong>qui</strong></span> <span class='ocrx_word' id='word_1_223' title='bbox 1164 3028 1567 3087; x_wconf 55' lang='lat' dir='ltr'><strong>&#39;estChristus.</strong></span> <span class='ocrx_word' id='word_1_224' title='bbox 1607 3028 1696 3087; x_wconf 85' lang='lat' dir='ltr'><strong>Sic</strong></span> <span class='ocrx_word' id='word_1_225' title='bbox 1743 3044 1874 3101; x_wconf 86' lang='lat' dir='ltr'><strong>ergo</strong></span> <span class='ocrx_word' id='word_1_226' title='bbox 1922 3028 2141 3083; x_wconf 84' lang='lat' dir='ltr'><strong>inchoat</strong></span> 
     </span>
    </p>
   </div>
   <div class='ocr_carea' id='block_1_35' title="bbox 624 3101 2141 3177">
    <p class='ocr_par' dir='ltr' id='par_1_35' title="bbox 624 3101 2141 3177">
     <span class='ocr_line' id='line_1_35' title="bbox 624 3101 2141 3177; baseline -0.006 -13"><span class='ocrx_word' id='word_1_227' title='bbox 624 3109 890 3177; x_wconf 84' lang='lat' dir='ltr'><strong>psalmus,</strong></span> <span class='ocrx_word' id='word_1_228' title='bbox 928 3101 1080 3160; x_wconf 81' lang='lat' dir='ltr'><strong>Beati</strong></span> <span class='ocrx_word' id='word_1_229' title='bbox 1101 3103 1421 3177; x_wconf 77' lang='lat' dir='ltr'><strong>immaculati</strong></span> <span class='ocrx_word' id='word_1_230' title='bbox 1451 3119 1468 3157; x_wconf 91' lang='lat'><strong><em>:</em></strong></span> <span class='ocrx_word' id='word_1_231' title='bbox 1495 3118 1657 3177; x_wconf 87' lang='lat' dir='ltr'><strong>quem</strong></span> <span class='ocrx_word' id='word_1_232' title='bbox 1698 3116 1798 3177; x_wconf 75' lang='lat' dir='ltr'><strong>pro</strong></span> <span class='ocrx_word' id='word_1_233' title='bbox 1828 3101 2141 3177; x_wconf 75' lang='lat' dir='ltr'><strong>prolixitate</strong></span> 
     </span>
    </p>
   </div>
   <div class='ocr_carea' id='block_1_36' title="bbox 619 3173 2139 3244">
    <p class='ocr_par' dir='ltr' id='par_1_36' title="bbox 619 3173 2139 3244">
     <span class='ocr_line' id='line_1_36' title="bbox 619 3173 2139 3244; baseline -0.006 -9"><span class='ocrx_word' id='word_1_234' title='bbox 619 3173 894 3235; x_wconf 79' lang='lat' dir='ltr'><strong>dictorum</strong></span> <span class='ocrx_word' id='word_1_235' title='bbox 918 3178 970 3233; x_wconf 92' lang='lat' dir='ltr'><strong>in</strong></span> <span class='ocrx_word' id='word_1_236' title='bbox 1002 3178 1173 3229; x_wconf 78' lang='lat' dir='ltr'><strong>tribus</strong></span> <span class='ocrx_word' id='word_1_237' title='bbox 1198 3173 1436 3231; x_wconf 81' lang='lat' dir='ltr'><strong>homiliis</strong></span> <span class='ocrx_word' id='word_1_238' title='bbox 1460 3175 1755 3244; x_wconf 77' lang='lat' dir='ltr'><strong>explanare</strong></span> <span class='ocrx_word' id='word_1_239' title='bbox 1786 3173 2011 3227; x_wconf 84' lang='lat' dir='ltr'><strong>Domino</strong></span> <span class='ocrx_word' id='word_1_240' title='bbox 2042 3186 2139 3226; x_wconf 87' lang='lat' dir='ltr'><strong>an-</strong></span> 
     </span>
    </p>
   </div>
   <div class='ocr_carea' id='block_1_37' title="bbox 620 3244 2136 3314">
    <p class='ocr_par' dir='ltr' id='par_1_37' title="bbox 620 3244 2136 3314">
     <span class='ocr_line' id='line_1_37' title="bbox 620 3244 2136 3314; baseline -0.005 -8"><span class='ocrx_word' id='word_1_241' title='bbox 620 3263 826 3306; x_wconf 88' lang='lat' dir='ltr'><strong>nuente</strong></span> <span class='ocrx_word' id='word_1_242' title='bbox 846 3250 1215 3304; x_wconf 88' lang='lat' dir='ltr'><strong>decrevimus.</strong></span> <span class='ocrx_word' id='word_1_243' title='bbox 1238 3245 1408 3300; x_wconf 86' lang='lat' dir='ltr'><strong>Totus</strong></span> <span class='ocrx_word' id='word_1_244' title='bbox 1430 3244 1519 3299; x_wconf 91' lang='lat' dir='ltr'><strong>hic</strong></span> <span class='ocrx_word' id='word_1_245' title='bbox 1545 3244 1787 3314; x_wconf 86' lang='lat' dir='ltr'><strong>psalmus</strong></span> <span class='ocrx_word' id='word_1_246' title='bbox 1803 3254 1887 3298; x_wconf 90' lang='lat' dir='ltr'><strong>est</strong></span> <span class='ocrx_word' id='word_1_247' title='bbox 1902 3245 2136 3314; x_wconf 90' lang='lat' dir='ltr'><strong>scriptus</strong></span> 
     </span>
    </p>
   </div>
   <div class='ocr_carea' id='block_1_38' title="bbox 621 3313 2136 3379">
    <p class='ocr_par' dir='ltr' id='par_1_38' title="bbox 621 3313 2136 3379">
     <span class='ocr_line' id='line_1_38' title="bbox 621 3313 2136 3379; baseline -0.005 -4"><span class='ocrx_word' id='word_1_248' title='bbox 621 3321 916 3378; x_wconf 86' lang='lat' dir='ltr'><strong>secundum</strong></span> <span class='ocrx_word' id='word_1_249' title='bbox 942 3319 1190 3374; x_wconf 90' lang='lat' dir='ltr'><strong>ordinem</strong></span> <span class='ocrx_word' id='word_1_250' title='bbox 1219 3313 1555 3379; x_wconf 76' lang='lat' dir='ltr'><strong>litterarum,</strong></span> <span class='ocrx_word' id='word_1_251' title='bbox 1579 3316 1655 3371; x_wconf 88' lang='lat' dir='ltr'><strong>ita</strong></span> <span class='ocrx_word' id='word_1_252' title='bbox 1680 3324 1739 3369; x_wconf 91' lang='lat' dir='ltr'><strong>ut</strong></span> <span class='ocrx_word' id='word_1_253' title='bbox 1767 3315 1961 3369; x_wconf 73' lang='lat' dir='ltr'><strong>ab‘uua</strong></span> <span class='ocrx_word' id='word_1_254' title='bbox 1992 3313 2136 3370; x_wconf 85' lang='lat' dir='ltr'><strong>litte-</strong></span> 
     </span>
    </p>
   </div>
   <div class='ocr_carea' id='block_1_39' title="bbox 621 3387 2137 3458">
    <p class='ocr_par' dir='ltr' id='par_1_39' title="bbox 621 3387 2137 3458">
     <span class='ocr_line' id='line_1_39' title="bbox 621 3387 2137 3458; baseline -0.007 -9"><span class='ocrx_word' id='word_1_255' title='bbox 621 3404 679 3449; x_wconf 82' lang='lat' dir='ltr'><strong>ra</strong></span> <span class='ocrx_word' id='word_1_256' title='bbox 708 3402 835 3448; x_wconf 92' lang='lat' dir='ltr'><strong>octo</strong></span> <span class='ocrx_word' id='word_1_257' title='bbox 882 3404 1069 3446; x_wconf 67' lang='lat' dir='ltr'><strong>versus</strong></span> <span class='ocrx_word' id='word_1_258' title='bbox 1124 3389 1403 3458; x_wconf 87' lang='lat' dir='ltr'><strong>incipiant,</strong></span> <span class='ocrx_word' id='word_1_259' title='bbox 1432 3398 1488 3442; x_wconf 91' lang='lat' dir='ltr'><strong>et</strong></span> <span class='ocrx_word' id='word_1_260' title='bbox 1538 3402 1751 3443; x_wconf 85' lang='lat' dir='ltr'><strong>rursum</strong></span> <span class='ocrx_word' id='word_1_261' title='bbox 1806 3402 1835 3440; x_wconf 94' lang='lat' dir='ltr'><strong>a</strong></span> <span class='ocrx_word' id='word_1_262' title='bbox 1887 3387 2137 3458; x_wconf 72' lang='lat' dir='ltr'><strong>sequenti</strong></span> 
     </span>
    </p>
   </div>
   <div class='ocr_carea' id='block_1_40' title="bbox 619 3457 2136 3531">
    <p class='ocr_par' dir='ltr' id='par_1_40' title="bbox 619 3457 2136 3531">
     <span class='ocr_line' id='line_1_40' title="bbox 619 3457 2136 3531; baseline -0.006 -11"><span class='ocrx_word' id='word_1_263' title='bbox 619 3472 746 3523; x_wconf 90' lang='lat' dir='ltr'><strong>octo</strong></span> <span class='ocrx_word' id='word_1_264' title='bbox 775 3463 868 3519; x_wconf 84' lang='lat' dir='ltr'><strong>alii</strong></span> <span class='ocrx_word' id='word_1_265' title='bbox 894 3457 1292 3531; x_wconf 51' lang='grc' dir='ltr'><strong>ωηηριθειηιιιῒἶ</strong></span> <span class='ocrx_word' id='word_1_266' title='bbox 1323 3459 1390 3514; x_wconf 87' lang='lat' dir='ltr'><strong>Et</strong></span> <span class='ocrx_word' id='word_1_267' title='bbox 1428 3459 1533 3513; x_wconf 82' lang='lat' dir='ltr'><strong>hoc</strong></span> <span class='ocrx_word' id='word_1_268' title='bbox 1579 3458 1831 3531; x_wconf 86' lang='lat' dir='ltr'><strong>similiter</strong></span> <span class='ocrx_word' id='word_1_269' title='bbox 1860 3473 2031 3531; x_wconf 87' lang='lat' dir='ltr'><strong>usque</strong></span> <span class='ocrx_word' id='word_1_270' title='bbox 2069 3457 2136 3512; x_wconf 80' lang='lat' dir='ltr'><strong>ad</strong></span> 
     </span>
    </p>
   </div>
   <div class='ocr_carea' id='block_1_41' title="bbox 622 3529 2137 3599">
    <p class='ocr_par' dir='ltr' id='par_1_41' title="bbox 622 3529 2137 3599">
     <span class='ocr_line' id='line_1_41' title="bbox 622 3529 2137 3599; baseline -0.004 -10"><span class='ocrx_word' id='word_1_271' title='bbox 622 3538 782 3590; x_wconf 87' lang='lat' dir='ltr'><strong>linem</strong></span> <span class='ocrx_word' id='word_1_272' title='bbox 841 3529 1078 3590; x_wconf 81' lang='lat' dir='ltr'><strong>texatur.</strong></span> <span class='ocrx_word' id='word_1_273' title='bbox 1110 3529 1381 3599; x_wconf 75' lang='lat' dir='ltr'><strong>Iosephus</strong></span> <span class='ocrx_word' id='word_1_274' title='bbox 1438 3542 1618 3585; x_wconf 90' lang='lat' dir='ltr'><strong>autem</strong></span> <span class='ocrx_word' id='word_1_275' title='bbox 1677 3530 1842 3584; x_wconf 83' lang='lat' dir='ltr'><strong>refert</strong></span> <span class='ocrx_word' id='word_1_276' title='bbox 1884 3531 1934 3583; x_wconf 92' lang='lat' dir='ltr'><strong>in</strong></span> <span class='ocrx_word' id='word_1_277' title='bbox 1982 3530 2137 3584; x_wconf 87' lang='lat' dir='ltr'><strong>libris</strong></span> 
     </span>
    </p>
   </div>
   <div class='ocr_carea' id='block_1_42' title="bbox 620 3599 2136 3684">
    <p class='ocr_par' dir='ltr' id='par_1_42' title="bbox 620 3599 2136 3684">
     <span class='ocr_line' id='line_1_42' title="bbox 620 3599 2136 3684; baseline -0.007 -20"><span class='ocrx_word' id='word_1_278' title='bbox 620 3607 995 3684; x_wconf 74' lang='grc' dir='ltr'><strong>ἀρχαιολογίας</strong></span> <span class='ocrx_word' id='word_1_279' title='bbox 1050 3605 1191 3684; x_wconf 85' lang='lat' dir='ltr'><strong>hunc</strong></span> <span class='ocrx_word' id='word_1_280' title='bbox 1237 3603 1501 3673; x_wconf 78' lang='lat' dir='ltr'><strong>psalmum</strong></span> <span class='ocrx_word' id='word_1_281' title='bbox 1531 3643 1547 3669; x_wconf 94' lang='lat'><strong>,</strong></span> <span class='ocrx_word' id='word_1_282' title='bbox 1605 3611 1661 3656; x_wconf 90' lang='lat' dir='ltr'><strong>et</strong></span> <span class='ocrx_word' id='word_1_283' title='bbox 1691 3599 2136 3684; x_wconf 35' lang='lat' dir='ltr'><strong>LDemerouomi‘i</strong></span> 
     </span>
    </p>
   </div>
   <div class='ocr_carea' id='block_1_43' title="bbox 618 3674 2139 3743">
    <p class='ocr_par' dir='ltr' id='par_1_43' title="bbox 618 3674 2139 3743">
     <span class='ocr_line' id='line_1_43' title="bbox 618 3674 2139 3743; baseline -0.005 -9"><span class='ocrx_word' id='word_1_284' title='bbox 618 3674 915 3742; x_wconf 62' lang='lat' dir='ltr'><strong>cait&#39;ticutn&#39;,</strong></span> <span class='ocrx_word' id='word_1_285' title='bbox 949 3690 1060 3731; x_wconf 90' lang='lat' dir='ltr'><strong>uno</strong></span> <span class='ocrx_word' id='word_1_286' title='bbox 1089 3682 1263 3730; x_wconf 84' lang='lat' dir='ltr'><strong>metro</strong></span> <span class='ocrx_word' id='word_1_287' title='bbox 1311 3687 1433 3728; x_wconf 85' lang='lat' dir='ltr'><strong>esse</strong></span> <span class='ocrx_word' id='word_1_288' title='bbox 1461 3674 1848 3743; x_wconf 88' lang='lat' dir='ltr'><strong>compositum,</strong></span> <span class='ocrx_word' id='word_1_289' title='bbox 1884 3683 1937 3728; x_wconf 89' lang='lat' dir='ltr'><strong>et</strong></span> <span class='ocrx_word' id='word_1_290' title='bbox 1982 3678 2139 3742; x_wconf 89' lang='lat' dir='ltr'><strong>putat</strong></span> 
     </span>
    </p>
   </div>
   <div class='ocr_carea' id='block_1_44' title="bbox 617 3744 2136 3821">
    <p class='ocr_par' dir='ltr' id='par_1_44' title="bbox 617 3744 2136 3821">
     <span class='ocr_line' id='line_1_44' title="bbox 617 3744 2136 3821; baseline -0.005 -15"><span class='ocrx_word' id='word_1_291' title='bbox 617 3750 921 3821; x_wconf 77' lang='lat' dir='ltr'><strong>elegiacum</strong></span> <span class='ocrx_word' id='word_1_292' title='bbox 963 3757 1196 3802; x_wconf 90' lang='lat' dir='ltr'><strong>metrum</strong></span> <span class='ocrx_word' id='word_1_293' title='bbox 1232 3746 1283 3800; x_wconf 90' lang='lat' dir='ltr'><strong>in</strong></span> <span class='ocrx_word' id='word_1_294' title='bbox 1308 3758 1537 3815; x_wconf 88' lang='lat' dir='ltr'><strong>utroque</strong></span> <span class='ocrx_word' id='word_1_295' title='bbox 1568 3759 1733 3821; x_wconf 78' lang='lat' dir='ltr'><strong>posse</strong></span> <span class='ocrx_word' id='word_1_296' title='bbox 1747 3744 2089 3821; x_wconf 72' lang='lat' dir='ltr'><strong>deprehendi</strong></span> <span class='ocrx_word' id='word_1_297' title='bbox 2122 3761 2136 3799; x_wconf 91' lang='lat'><strong>:</strong></span> 
     </span>
    </p>
   </div>
   <div class='ocr_carea' id='block_1_45' title="bbox 615 3817 2134 3892">
    <p class='ocr_par' dir='ltr' id='par_1_45' title="bbox 615 3817 2134 3892">
     <span class='ocr_line' id='line_1_45' title="bbox 615 3817 2134 3892; baseline -0.005 -15"><span class='ocrx_word' id='word_1_298' title='bbox 615 3817 758 3892; x_wconf 73' lang='lat' dir='ltr'><strong>quod</strong></span> <span class='ocrx_word' id='word_1_299' title='bbox 806 3820 1015 3876; x_wconf 90' lang='lat' dir='ltr'><strong>scilicet</strong></span> <span class='ocrx_word' id='word_1_300' title='bbox 1064 3821 1226 3892; x_wconf 79' lang='lat' dir='ltr'><strong>prior</strong></span> <span class='ocrx_word' id='word_1_301' title='bbox 1257 3831 1451 3873; x_wconf 85' lang='lat' dir='ltr'><strong>versus</strong></span> <span class='ocrx_word' id='word_1_302' title='bbox 1503 3832 1596 3871; x_wconf 85' lang='lat' dir='ltr'><strong>sex</strong></span> <span class='ocrx_word' id='word_1_303' title='bbox 1637 3817 1868 3892; x_wconf 68' lang='lat' dir='ltr'><strong>pedibus</strong></span> <span class='ocrx_word' id='word_1_304' title='bbox 1899 3825 2134 3881; x_wconf 87' lang='lat' dir='ltr'><strong>constet,</strong></span> 
     </span>
    </p>
   </div>
   <div class='ocr_carea' id='block_1_46' title="bbox 614 3888 1969 3959">
    <p class='ocr_par' dir='ltr' id='par_1_46' title="bbox 614 3888 1969 3959">
     <span class='ocr_line' id='line_1_46' title="bbox 614 3888 1969 3959; baseline -0.005 -10"><span class='ocrx_word' id='word_1_305' title='bbox 614 3888 848 3951; x_wconf 80' lang='lat' dir='ltr'><strong>ihferior</strong></span> <span class='ocrx_word' id='word_1_306' title='bbox 878 3904 985 3946; x_wconf 92' lang='lat' dir='ltr'><strong>uno</strong></span> <span class='ocrx_word' id='word_1_307' title='bbox 1017 3892 1193 3945; x_wconf 84' lang='lat' dir='ltr'><strong>minus</strong></span> <span class='ocrx_word' id='word_1_308' title='bbox 1216 3889 1268 3943; x_wconf 90' lang='lat' dir='ltr'><strong>itt</strong></span> <span class='ocrx_word' id='word_1_309' title='bbox 1293 3897 1695 3959; x_wconf 84' lang='lat' dir='ltr'><strong>pentametrum</strong></span> <span class='ocrx_word' id='word_1_310' title='bbox 1729 3888 1969 3942; x_wconf 80' lang='lat' dir='ltr'><strong>ﬁniatur.</strong></span> 
     </span>
    </p>
   </div>
   <div class='ocr_carea' id='block_1_47' title="bbox 1244 4042 1443 4083">
    <p class='ocr_par' dir='ltr' id='par_1_47' title="bbox 1244 4042 1443 4083">
     <span class='ocr_line' id='line_1_47' title="bbox 1244 4042 1443 4083; baseline -0.01 0"><span class='ocrx_word' id='word_1_311' title='bbox 1244 4042 1443 4083; x_wconf 69' lang='lat' dir='ltr'><strong>ALEPH.</strong></span> 
     </span>
    </p>
   </div>
   <div class='ocr_carea' id='block_1_48' title="bbox 613 4120 2139 4192">
    <p class='ocr_par' dir='ltr' id='par_1_48' title="bbox 613 4120 2139 4192">
     <span class='ocr_line' id='line_1_48' title="bbox 613 4120 2139 4192; baseline -0.005 -9"><span class='ocrx_word' id='word_1_312' title='bbox 613 4126 765 4183; x_wconf 79' lang='lat' dir='ltr'><strong>Beati</strong></span> <span class='ocrx_word' id='word_1_313' title='bbox 792 4121 1113 4179; x_wconf 81' lang='lat' dir='ltr'><strong>immaculati</strong></span> <span class='ocrx_word' id='word_1_314' title='bbox 1136 4122 1190 4176; x_wconf 84' lang='lat' dir='ltr'><strong>in</strong></span> <span class='ocrx_word' id='word_1_315' title='bbox 1220 4122 1326 4176; x_wconf 92' lang='lat' dir='ltr'><strong>via.</strong></span> <span class='ocrx_word' id='word_1_316' title='bbox 1355 4121 1459 4179; x_wconf 86' lang='lat' dir='ltr'><strong>Ista</strong></span> <span class='ocrx_word' id='word_1_317' title='bbox 1491 4120 1679 4192; x_wconf 87' lang='lat' dir='ltr'><strong>utique</strong></span> <span class='ocrx_word' id='word_1_318' title='bbox 1710 4122 1760 4176; x_wconf 89' lang='lat' dir='ltr'><strong>in</strong></span> <span class='ocrx_word' id='word_1_319' title='bbox 1804 4121 1987 4177; x_wconf 56' lang='grc' dir='ltr'><strong>δεουιί</strong></span> <span class='ocrx_word' id='word_1_320' title='bbox 2031 4121 2139 4189; x_wconf 75' lang='lat' dir='ltr'><strong>via,</strong></span> 
     </span>
    </p>
   </div>
   <div class='ocr_carea' id='block_1_49' title="bbox 537 4206 2143 4294">
    <p class='ocr_par' dir='ltr' id='par_1_49' title="bbox 537 4206 2143 4294">
     <span class='ocr_line' id='line_1_49' title="bbox 537 4206 2143 4294; baseline -0.011 -16"><span class='ocrx_word' id='word_1_321' title='bbox 537 4237 637 4294; x_wconf 86' lang='lat' dir='ltr'><strong>per</strong></span> <span class='ocrx_word' id='word_1_322' title='bbox 662 4234 823 4292; x_wconf 89' lang='lat' dir='ltr'><strong>quam</strong></span> <span class='ocrx_word' id='word_1_323' title='bbox 854 4216 1149 4289; x_wconf 89' lang='lat' dir='ltr'><strong>gradimur.</strong></span> <span class='ocrx_word' id='word_1_324' title='bbox 1180 4213 1335 4269; x_wconf 83' lang='lat' dir='ltr'><strong>Beati</strong></span> <span class='ocrx_word' id='word_1_325' title='bbox 1362 4215 1698 4271; x_wconf 73' lang='lat' dir='ltr'><strong>inmaculati.</strong></span> <span class='ocrx_word' id='word_1_326' title='bbox 1727 4206 1925 4270; x_wconf 61' lang='lat' dir='ltr'><strong>Contra</strong></span> <span class='ocrx_word' id='word_1_327' title='bbox 1973 4215 2143 4271; x_wconf 76' lang='lat' dir='ltr'><strong>beati.</strong></span> 
     </span>
    </p>
   </div>
   <div class='ocr_carea' id='block_1_50' title="bbox 536 4298 2145 4383">
    <p class='ocr_par' dir='ltr' id='par_1_50' title="bbox 536 4298 2145 4383">
     <span class='ocr_line' id='line_1_50' title="bbox 536 4298 2145 4383; baseline -0.005 -9"><span class='ocrx_word' id='word_1_328' title='bbox 536 4317 776 4374; x_wconf 77' lang='lat' dir='ltr'><strong>tudinem</strong></span> <span class='ocrx_word' id='word_1_329' title='bbox 806 4313 1026 4370; x_wconf 81' lang='lat' dir='ltr'><strong>miseria</strong></span> <span class='ocrx_word' id='word_1_330' title='bbox 1055 4312 1363 4383; x_wconf 87' lang='lat' dir='ltr'><strong>opponitur.</strong></span> <span class='ocrx_word' id='word_1_331' title='bbox 1394 4310 1588 4366; x_wconf 84' lang='lat' dir='ltr'><strong>Beatus</strong></span> <span class='ocrx_word' id='word_1_332' title='bbox 1607 4310 1933 4365; x_wconf 88' lang='lat' dir='ltr'><strong>immortalis</strong></span> <span class='ocrx_word' id='word_1_333' title='bbox 1950 4298 2145 4366; x_wconf 76' lang='lat' dir='ltr'><strong>dicitur</strong></span> 
     </span>
    </p>
   </div>
   <div class='ocr_carea' id='block_1_51' title="bbox 535 4403 2147 4477">
    <p class='ocr_par' dir='ltr' id='par_1_51' title="bbox 535 4403 2147 4477">
     <span class='ocr_line' id='line_1_51' title="bbox 535 4403 2147 4477; baseline -0.002 -14"><span class='ocrx_word' id='word_1_334' title='bbox 535 4407 595 4465; x_wconf 79' lang='lat' dir='ltr'><strong>in</strong></span> <span class='ocrx_word' id='word_1_335' title='bbox 619 4417 799 4463; x_wconf 89' lang='lat' dir='ltr'><strong>nostra</strong></span> <span class='ocrx_word' id='word_1_336' title='bbox 822 4407 1025 4477; x_wconf 80' lang='lat' dir='ltr'><strong>lingua,</strong></span> <span class='ocrx_word' id='word_1_337' title='bbox 1051 4405 1167 4460; x_wconf 84' lang='lat' dir='ltr'><strong>sive</strong></span> <span class='ocrx_word' id='word_1_338' title='bbox 1187 4403 1469 4459; x_wconf 75' lang='lat' dir='ltr'><strong>laudabilis</strong></span> <span class='ocrx_word' id='word_1_339' title='bbox 1492 4404 1572 4459; x_wconf 88' lang='lat' dir='ltr'><strong>vel</strong></span> <span class='ocrx_word' id='word_1_340' title='bbox 1596 4405 1887 4474; x_wconf 82' lang='lat' dir='ltr'><strong>gloriosus.</strong></span> <span class='ocrx_word' id='word_1_341' title='bbox 1915 4403 1996 4459; x_wconf 88' lang='lat' dir='ltr'><strong>Illi</strong></span> <span class='ocrx_word' id='word_1_342' title='bbox 2022 4412 2147 4461; x_wconf 88' lang='lat' dir='ltr'><strong>sunt</strong></span> 
     </span>
    </p>
   </div>
   <div class='ocr_carea' id='block_1_52' title="bbox 537 4497 2144 4571">
    <p class='ocr_par' dir='ltr' id='par_1_52' title="bbox 537 4497 2144 4571">
     <span class='ocr_line' id='line_1_52' title="bbox 537 4497 2144 4571; baseline -0.002 -13"><span class='ocrx_word' id='word_1_343' title='bbox 537 4501 703 4567; x_wconf 82' lang='lat' dir='ltr'><strong>beati,</strong></span> <span class='ocrx_word' id='word_1_344' title='bbox 736 4502 824 4571; x_wconf 85' lang='lat' dir='ltr'><strong>qui</strong></span> <span class='ocrx_word' id='word_1_345' title='bbox 854 4500 906 4555; x_wconf 92' lang='lat' dir='ltr'><strong>in</strong></span> <span class='ocrx_word' id='word_1_346' title='bbox 937 4499 1103 4555; x_wconf 87' lang='lat' dir='ltr'><strong>vitam</strong></span> <span class='ocrx_word' id='word_1_347' title='bbox 1132 4509 1390 4555; x_wconf 62' lang='lat' dir='ltr'><strong>aeternam</strong></span> <span class='ocrx_word' id='word_1_348' title='bbox 1419 4508 1697 4553; x_wconf 82' lang='lat' dir='ltr'><strong>merentur</strong></span> <span class='ocrx_word' id='word_1_349' title='bbox 1716 4497 1956 4561; x_wconf 80' lang='lat' dir='ltr'><strong>ismare;</strong></span> <span class='ocrx_word' id='word_1_350' title='bbox 1983 4507 2037 4552; x_wconf 87' lang='lat' dir='ltr'><strong>et</strong></span> <span class='ocrx_word' id='word_1_351' title='bbox 2069 4498 2144 4554; x_wconf 89' lang='lat' dir='ltr'><strong>illi</strong></span> 
     </span>
    </p>
   </div>
   <div class='ocr_carea' id='block_1_53' title="bbox 1340 266 3049 348">
    <p class='ocr_par' dir='ltr' id='par_1_53' title="bbox 1340 266 3049 348">
     <span class='ocr_line' id='line_1_53' title="bbox 1340 266 3049 348; baseline -0.005 1"><span class='ocrx_word' id='word_1_352' title='bbox 1340 289 1690 348; x_wconf 72' lang='lat' dir='ltr'><strong>APPENDEX</strong></span> <span class='ocrx_word' id='word_1_353' title='bbox 1733 288 1823 345; x_wconf 82' lang='lat' dir='ltr'><strong>AD</strong></span> <span class='ocrx_word' id='word_1_354' title='bbox 1861 282 2105 345; x_wconf 77' lang='lat' dir='ltr'><strong>TOMUM</strong></span> <span class='ocrx_word' id='word_1_355' title='bbox 2143 266 2503 344; x_wconf 76' lang='lat' dir='ltr'><strong>SEPTIMUM</strong></span> <span class='ocrx_word' id='word_1_356' title='bbox 2539 284 2597 343; x_wconf 87' lang='lat' dir='ltr'><strong>S.</strong></span> <span class='ocrx_word' id='word_1_357' title='bbox 2641 280 3049 342; x_wconf 70' lang='lat' dir='ltr'><strong>HIEIIONYMI.</strong></span> 
     </span>
    </p>
   </div>
   <div class='ocr_carea' id='block_1_54' title="bbox 550 398 3779 487">
    <p class='ocr_par' dir='ltr' id='par_1_54' title="bbox 550 398 3779 487">
     <span class='ocr_line' id='line_1_54' title="bbox 550 398 3779 487; baseline -0.002 -15"><span class='ocrx_word' id='word_1_358' title='bbox 550 418 798 473; x_wconf 77' lang='lat' dir='ltr'><strong>swculum</strong></span> <span class='ocrx_word' id='word_1_359' title='bbox 824 415 1177 471; x_wconf 79' lang='lat' dir='ltr'><strong>misericordia</strong></span> <span class='ocrx_word' id='word_1_360' title='bbox 1209 417 1339 487; x_wconf 82' lang='lat' dir='ltr'><strong>ejus.</strong></span> <span class='ocrx_word' id='word_1_361' title='bbox 1369 411 1430 469; x_wconf 91' lang='lat' dir='ltr'><strong>In</strong></span> <span class='ocrx_word' id='word_1_362' title='bbox 1463 411 1548 468; x_wconf 80' lang='lat' dir='ltr'><strong>bis</strong></span> <span class='ocrx_word' id='word_1_363' title='bbox 1578 409 1757 468; x_wconf 62' lang='lat' dir='ltr'><strong>tortus</strong></span> <span class='ocrx_word' id='word_1_364' title='bbox 1786 407 2030 480; x_wconf 78' lang='lat' dir='ltr'><strong>psalmus</strong></span> <span class='ocrx_word' id='word_1_365' title='bbox 2060 421 2143 461; x_wconf 81' lang='lat' dir='ltr'><strong>ac-</strong></span> <span class='ocrx_word' id='word_1_366' title='bbox 2175 402 2229 468; x_wconf 61' lang='grc' dir='ltr'>Α</span> <span class='ocrx_word' id='word_1_367' title='bbox 2252 401 2517 457; x_wconf 81' lang='lat' dir='ltr'><strong>ambulant</strong></span> <span class='ocrx_word' id='word_1_368' title='bbox 2552 403 2605 456; x_wconf 86' lang='lat' dir='ltr'><strong>in</strong></span> <span class='ocrx_word' id='word_1_369' title='bbox 2632 402 2743 475; x_wconf 82' lang='lat' dir='ltr'><strong>lege</strong></span> <span class='ocrx_word' id='word_1_370' title='bbox 2775 399 3005 457; x_wconf 82' lang='lat' dir='ltr'><strong>Domini.</strong></span> <span class='ocrx_word' id='word_1_371' title='bbox 3035 398 3161 470; x_wconf 91' lang='lat' dir='ltr'><strong>Qui,</strong></span> <span class='ocrx_word' id='word_1_372' title='bbox 3205 398 3383 456; x_wconf 88' lang='lat' dir='ltr'><strong>carnis</strong></span> <span class='ocrx_word' id='word_1_373' title='bbox 3413 402 3779 474; x_wconf 81' lang='lat' dir='ltr'><strong>concupiscentiis</strong></span> 
     </span>
    </p>
   </div>
   <div class='ocr_carea' id='block_1_55' title="bbox 2166 3197 2213 3261">
    <p class='ocr_par' dir='ltr' id='par_1_55' title="bbox 2166 3197 2213 3261">
     <span class='ocr_line' id='line_1_55' title="bbox 2166 3197 2213 3261; baseline 0 0"><span class='ocrx_word' id='word_1_374' title='bbox 2166 3197 2213 3261; x_wconf 91' lang='lat' dir='ltr'>C</span> 
     </span>
    </p>
   </div>
   <div class='ocr_carea' id='block_1_56' title="bbox 3672 289 3777 353">
    <p class='ocr_par' dir='ltr' id='par_1_56' title="bbox 3672 289 3777 353">
     <span class='ocr_line' id='line_1_56' title="bbox 3672 289 3777 353; baseline 0.038 -5"><span class='ocrx_word' id='word_1_375' title='bbox 3672 289 3777 353; x_wconf 74' lang='lat'><strong>“88</strong></span> 
     </span>
    </p>
   </div>
   <div class='ocr_carea' id='block_1_57' title="bbox 2253 493 3713 567">
    <p class='ocr_par' dir='ltr' id='par_1_57' title="bbox 2253 493 3713 567">
     <span class='ocr_line' id='line_1_57' title="bbox 2253 493 3713 567; baseline 0.001 -13"><span class='ocrx_word' id='word_1_376' title='bbox 2253 498 2520 554; x_wconf 84' lang='lat' dir='ltr'><strong>edomatis</strong></span> <span class='ocrx_word' id='word_1_377' title='bbox 2541 543 2554 567; x_wconf 93' lang='lat'><strong>,</strong></span> <span class='ocrx_word' id='word_1_378' title='bbox 2585 498 2745 552; x_wconf 83' lang='lat' dir='ltr'><strong>etiam</strong></span> <span class='ocrx_word' id='word_1_379' title='bbox 2781 502 3011 553; x_wconf 76' lang='lat' dir='ltr'><strong>terrena!</strong></span> <span class='ocrx_word' id='word_1_380' title='bbox 3038 494 3301 551; x_wconf 80' lang='lat' dir='ltr'><strong>honorem</strong></span> <span class='ocrx_word' id='word_1_381' title='bbox 3326 493 3501 567; x_wconf 63' lang='grc' dir='ltr'><strong>εισι-ἴω</strong></span> <span class='ocrx_word' id='word_1_382' title='bbox 3524 497 3713 556; x_wconf 74' lang='lat' dir='ltr'><strong>calcant.</strong></span> 
     </span>
    </p>
   </div>
   <div class='ocr_carea' id='block_1_58' title="bbox 2322 585 3783 664">
    <p class='ocr_par' dir='ltr' id='par_1_58' title="bbox 2322 585 3783 664">
     <span class='ocr_line' id='line_1_58' title="bbox 2322 585 3783 664; baseline 0.004 -21"><span class='ocrx_word' id='word_1_383' title='bbox 2322 585 2472 643; x_wconf 78' lang='lat' dir='ltr'><strong>Béati</strong></span> <span class='ocrx_word' id='word_1_384' title='bbox 2514 589 2607 661; x_wconf 83' lang='lat' dir='ltr'><strong>qui</strong></span> <span class='ocrx_word' id='word_1_385' title='bbox 2634 590 2931 643; x_wconf 71' lang='lat' dir='ltr'><strong>scrutantur</strong></span> <span class='ocrx_word' id='word_1_386' title='bbox 2954 587 3250 643; x_wconf 80' lang='lat' dir='ltr'><strong>testimonia</strong></span> <span class='ocrx_word' id='word_1_387' title='bbox 3272 589 3406 659; x_wconf 78' lang='lat' dir='ltr'><strong>ejus.</strong></span> <span class='ocrx_word' id='word_1_388' title='bbox 3448 585 3512 644; x_wconf 80' lang='lat' dir='ltr'><strong>Ut</strong></span> <span class='ocrx_word' id='word_1_389' title='bbox 3543 589 3783 664; x_wconf 67' lang='lat' dir='ltr'><strong>intelligant</strong></span> 
     </span>
    </p>
   </div>
   <div class='ocr_carea' id='block_1_59' title="bbox 2250 680 3781 754">
    <p class='ocr_par' dir='ltr' id='par_1_59' title="bbox 2250 680 3781 754">
     <span class='ocr_line' id='line_1_59' title="bbox 2250 680 3781 754; baseline 0.001 -15"><span class='ocrx_word' id='word_1_390' title='bbox 2250 698 2373 739; x_wconf 90' lang='lat' dir='ltr'><strong>cum</strong></span> <span class='ocrx_word' id='word_1_391' title='bbox 2423 684 2805 753; x_wconf 82' lang='lat' dir='ltr'><strong>peccaverint,</strong></span> <span class='ocrx_word' id='word_1_392' title='bbox 2857 697 2917 738; x_wconf 88' lang='lat' dir='ltr'><strong>se</strong></span> <span class='ocrx_word' id='word_1_393' title='bbox 2962 697 3146 738; x_wconf 90' lang='lat' dir='ltr'><strong>coram</strong></span> <span class='ocrx_word' id='word_1_394' title='bbox 3188 681 3418 737; x_wconf 89' lang='lat' dir='ltr'><strong>testibus</strong></span> <span class='ocrx_word' id='word_1_395' title='bbox 3445 680 3706 754; x_wconf 59' lang='lat' dir='ltr'><strong>detinuisse.</strong></span> <span class='ocrx_word' id='word_1_396' title='bbox 3733 684 3781 741; x_wconf 78' lang='lat' dir='ltr'><strong>lit</strong></span> 
     </span>
    </p>
   </div>
   <div class='ocr_carea' id='block_1_60' title="bbox 2252 772 3782 849">
    <p class='ocr_par' dir='ltr' id='par_1_60' title="bbox 2252 772 3782 849">
     <span class='ocr_line' id='line_1_60' title="bbox 2252 772 3782 849; baseline 0.002 -19"><span class='ocrx_word' id='word_1_397' title='bbox 2252 785 2357 832; x_wconf 81' lang='lat' dir='ltr'><strong>toto</strong></span> <span class='ocrx_word' id='word_1_398' title='bbox 2387 776 2541 832; x_wconf 79' lang='lat' dir='ltr'><strong>corde</strong></span> <span class='ocrx_word' id='word_1_399' title='bbox 2568 776 2846 849; x_wconf 71' lang='lat' dir='ltr'><strong>exquirunt</strong></span> <span class='ocrx_word' id='word_1_400' title='bbox 2870 780 3005 830; x_wconf 78' lang='lat' dir='ltr'><strong>eum.</strong></span> <span class='ocrx_word' id='word_1_401' title='bbox 3037 773 3105 829; x_wconf 78' lang='lat' dir='ltr'><strong>Et</strong></span> <span class='ocrx_word' id='word_1_402' title='bbox 3130 786 3248 829; x_wconf 78' lang='lat' dir='ltr'><strong>non</strong></span> <span class='ocrx_word' id='word_1_403' title='bbox 3287 772 3493 842; x_wconf 67' lang='lat' dir='ltr'><strong>leviter,</strong></span> <span class='ocrx_word' id='word_1_404' title='bbox 3532 782 3681 847; x_wconf 77' lang='lat' dir='ltr'><strong>neque</strong></span> <span class='ocrx_word' id='word_1_405' title='bbox 3716 791 3782 833; x_wconf 83' lang='lat' dir='ltr'><strong>se-</strong></span> 
     </span>
    </p>
   </div>
   <div class='ocr_carea' id='block_1_61' title="bbox 2249 868 2455 940">
    <p class='ocr_par' dir='ltr' id='par_1_61' title="bbox 2249 868 2455 940">
     <span class='ocr_line' id='line_1_61' title="bbox 2249 868 2455 940; baseline -0.01 -17"><span class='ocrx_word' id='word_1_406' title='bbox 2249 868 2455 940; x_wconf 73' lang='lat' dir='ltr'><strong>gnller;</strong></span> 
     </span>
    </p>
   </div>
   <div class='ocr_carea' id='block_1_62' title="bbox 2326 954 3782 1030">
    <p class='ocr_par' dir='ltr' id='par_1_62' title="bbox 2326 954 3782 1030">
     <span class='ocr_line' id='line_1_62' title="bbox 2326 954 3782 1030; baseline -0.001 -16"><span class='ocrx_word' id='word_1_407' title='bbox 2326 959 2447 1014; x_wconf 85' lang='lat' dir='ltr'><strong>Non</strong></span> <span class='ocrx_word' id='word_1_408' title='bbox 2468 959 2609 1013; x_wconf 84' lang='lat' dir='ltr'><strong>enim</strong></span> <span class='ocrx_word' id='word_1_409' title='bbox 2626 958 2718 1028; x_wconf 81' lang='lat' dir='ltr'><strong>qui</strong></span> <span class='ocrx_word' id='word_1_410' title='bbox 2743 964 3023 1030; x_wconf 75' lang='lat' dir='ltr'><strong>operantur</strong></span> <span class='ocrx_word' id='word_1_411' title='bbox 3044 954 3372 1028; x_wconf 70' lang='lat' dir='ltr'><strong>iniquitatem</strong></span> <span class='ocrx_word' id='word_1_412' title='bbox 3396 955 3451 1009; x_wconf 83' lang='lat' dir='ltr'><strong>in</strong></span> <span class='ocrx_word' id='word_1_413' title='bbox 3478 956 3561 1011; x_wconf 72' lang='lat' dir='ltr'><strong>riis</strong></span> <span class='ocrx_word' id='word_1_414' title='bbox 3581 960 3676 1030; x_wconf 74' lang='lat' dir='ltr'><strong>ejus</strong></span> <span class='ocrx_word' id='word_1_415' title='bbox 3700 970 3782 1013; x_wconf 81' lang='lat' dir='ltr'><strong>am-</strong></span> 
     </span>
    </p>
   </div>
   <div class='ocr_carea' id='block_1_63' title="bbox 2250 1048 3787 1122">
    <p class='ocr_par' dir='ltr' id='par_1_63' title="bbox 2250 1048 3787 1122">
     <span class='ocr_line' id='line_1_63' title="bbox 2250 1048 3787 1122; baseline -0.001 -15"><span class='ocrx_word' id='word_1_416' title='bbox 2250 1051 2576 1107; x_wconf 80' lang='lat' dir='ltr'><strong>bulaverunt.</strong></span> <span class='ocrx_word' id='word_1_417' title='bbox 2610 1050 2724 1107; x_wconf 68' lang='lat' dir='ltr'><strong>Vite</strong></span> <span class='ocrx_word' id='word_1_418' title='bbox 2755 1051 2900 1107; x_wconf 84' lang='lat' dir='ltr'><strong>enim</strong></span> <span class='ocrx_word' id='word_1_419' title='bbox 2934 1061 3058 1107; x_wconf 71' lang='lat' dir='ltr'><strong>sunt</strong></span> <span class='ocrx_word' id='word_1_420' title='bbox 3090 1050 3318 1120; x_wconf 80' lang='lat' dir='ltr'><strong>apostoli</strong></span> <span class='ocrx_word' id='word_1_421' title='bbox 3344 1055 3405 1105; x_wconf 71' lang='lat' dir='ltr'><strong>et</strong></span> <span class='ocrx_word' id='word_1_422' title='bbox 3426 1048 3691 1119; x_wconf 62' lang='lat' dir='ltr'><strong>prophetat,</strong></span> <span class='ocrx_word' id='word_1_423' title='bbox 3714 1066 3787 1122; x_wconf 81' lang='lat' dir='ltr'><strong>per</strong></span> 
     </span>
    </p>
   </div>
   <div class='ocr_carea' id='block_1_64' title="bbox 2249 1141 3787 1215">
    <p class='ocr_par' dir='ltr' id='par_1_64' title="bbox 2249 1141 3787 1215">
     <span class='ocr_line' id='line_1_64' title="bbox 2249 1141 3787 1215; baseline 0 -16"><span class='ocrx_word' id='word_1_424' title='bbox 2249 1156 2388 1215; x_wconf 86' lang='lat' dir='ltr'><strong>quos</strong></span> <span class='ocrx_word' id='word_1_425' title='bbox 2420 1145 2637 1200; x_wconf 79' lang='lat' dir='ltr'><strong>venitur</strong></span> <span class='ocrx_word' id='word_1_426' title='bbox 2666 1144 2733 1199; x_wconf 88' lang='lat' dir='ltr'><strong>ad</strong></span> <span class='ocrx_word' id='word_1_427' title='bbox 2762 1144 2901 1198; x_wconf 87' lang='lat' dir='ltr'><strong>viam</strong></span> <span class='ocrx_word' id='word_1_428' title='bbox 2934 1144 3104 1211; x_wconf 74' lang='lat' dir='ltr'><strong>illam,</strong></span> <span class='ocrx_word' id='word_1_429' title='bbox 3137 1152 3258 1214; x_wconf 68' lang='lat' dir='ltr'><strong>qua:</strong></span> <span class='ocrx_word' id='word_1_430' title='bbox 3290 1141 3459 1197; x_wconf 78' lang='lat' dir='ltr'><strong>dixit:</strong></span> <span class='ocrx_word' id='word_1_431' title='bbox 3480 1143 3787 1213; x_wconf 76' lang='lat' dir='ltr'><strong>Bgosumvia,</strong></span> 
     </span>
    </p>
   </div>
   <div class='ocr_carea' id='block_1_65' title="bbox 2248 1234 3791 1306">
    <p class='ocr_par' dir='ltr' id='par_1_65' title="bbox 2248 1234 3791 1306">
     <span class='ocr_line' id='line_1_65' title="bbox 2248 1234 3791 1306; baseline 0 -13"><span class='ocrx_word' id='word_1_432' title='bbox 2248 1238 2471 1305; x_wconf 88' lang='lat' dir='ltr'><strong>veritas,</strong></span> <span class='ocrx_word' id='word_1_433' title='bbox 2500 1247 2555 1293; x_wconf 83' lang='lat' dir='ltr'><strong>et</strong></span> <span class='ocrx_word' id='word_1_434' title='bbox 2578 1239 2713 1306; x_wconf 81' lang='lat' dir='ltr'><strong>vita,</strong></span> <span class='ocrx_word' id='word_1_435' title='bbox 2742 1237 2901 1292; x_wconf 77' lang='lat' dir='ltr'><strong>slcu‘tl</strong></span> <span class='ocrx_word' id='word_1_436' title='bbox 2929 1235 3037 1305; x_wconf 71' lang='lat' dir='ltr'><strong>iam</strong></span> <span class='ocrx_word' id='word_1_437' title='bbox 3068 1235 3327 1291; x_wconf 75' lang='lat' dir='ltr'><strong>diximus.</strong></span> <span class='ocrx_word' id='word_1_438' title='bbox 3359 1234 3421 1291; x_wconf 76' lang='lat' dir='ltr'><strong>In</strong></span> <span class='ocrx_word' id='word_1_439' title='bbox 3447 1235 3543 1291; x_wconf 82' lang='lat' dir='ltr'><strong>hac</strong></span> <span class='ocrx_word' id='word_1_440' title='bbox 3564 1237 3685 1291; x_wconf 82' lang='lat' dir='ltr'><strong>enim</strong></span> <span class='ocrx_word' id='word_1_441' title='bbox 3721 1238 3791 1293; x_wconf 81' lang='lat' dir='ltr'><strong>vis</strong></span> 
     </span>
    </p>
   </div>
   <div class='ocr_carea' id='block_1_66' title="bbox 2248 1327 3728 1400">
    <p class='ocr_par' dir='ltr' id='par_1_66' title="bbox 2248 1327 3728 1400">
     <span class='ocr_line' id='line_1_66' title="bbox 2248 1327 3728 1400; baseline -0.002 -14"><span class='ocrx_word' id='word_1_442' title='bbox 2248 1330 2400 1400; x_wconf 89' lang='lat' dir='ltr'><strong>impii</strong></span> <span class='ocrx_word' id='word_1_443' title='bbox 2426 1344 2532 1386; x_wconf 92' lang='lat' dir='ltr'><strong>non</strong></span> <span class='ocrx_word' id='word_1_444' title='bbox 2561 1329 2819 1385; x_wconf 88' lang='lat' dir='ltr'><strong>incedunt</strong></span> <span class='ocrx_word' id='word_1_445' title='bbox 2844 1347 2856 1382; x_wconf 89' lang='lat'><strong>:</strong></span> <span class='ocrx_word' id='word_1_446' title='bbox 2885 1330 3009 1400; x_wconf 87' lang='lat' dir='ltr'><strong>quia</strong></span> <span class='ocrx_word' id='word_1_447' title='bbox 3036 1329 3249 1385; x_wconf 74' lang='lat' dir='ltr'><strong>Satana:</strong></span> <span class='ocrx_word' id='word_1_448' title='bbox 3278 1327 3422 1383; x_wconf 79' lang='lat' dir='ltr'><strong>viam</strong></span> <span class='ocrx_word' id='word_1_449' title='bbox 3451 1340 3728 1400; x_wconf 71' lang='lat' dir='ltr'><strong>sequuntur.</strong></span> 
     </span>
    </p>
   </div>
   <div class='ocr_carea' id='block_1_67' title="bbox 2322 1420 3791 1491">
    <p class='ocr_par' dir='ltr' id='par_1_67' title="bbox 2322 1420 3791 1491">
     <span class='ocr_line' id='line_1_67' title="bbox 2322 1420 3791 1491; baseline -0.002 -13"><span class='ocrx_word' id='word_1_450' title='bbox 2322 1422 2402 1478; x_wconf 86' lang='lat' dir='ltr'><strong>Tu</strong></span> <span class='ocrx_word' id='word_1_451' title='bbox 2433 1424 2712 1490; x_wconf 78' lang='lat' dir='ltr'><strong>mandasti,</strong></span> <span class='ocrx_word' id='word_1_452' title='bbox 2738 1423 2984 1477; x_wconf 82' lang='lat' dir='ltr'><strong>mandata</strong></span> <span class='ocrx_word' id='word_1_453' title='bbox 3008 1430 3118 1487; x_wconf 86' lang='lat' dir='ltr'><strong>tua,</strong></span> <span class='ocrx_word' id='word_1_454' title='bbox 3145 1420 3384 1491; x_wconf 80' lang='lat' dir='ltr'><strong>Domine,</strong></span> <span class='ocrx_word' id='word_1_455' title='bbox 3408 1421 3638 1476; x_wconf 75' lang='lat' dir='ltr'><strong>custodiri</strong></span> <span class='ocrx_word' id='word_1_456' title='bbox 3656 1423 3791 1477; x_wconf 76' lang='lat' dir='ltr'><strong>nimis.</strong></span> 
     </span>
    </p>
   </div>
   <div class='ocr_carea' id='block_1_68' title="bbox 2244 1514 3797 1585">
    <p class='ocr_par' dir='ltr' id='par_1_68' title="bbox 2244 1514 3797 1585">
     <span class='ocr_line' id='line_1_68' title="bbox 2244 1514 3797 1585; baseline -0.001 -13"><span class='ocrx_word' id='word_1_457' title='bbox 2244 1514 2363 1572; x_wconf 87' lang='lat' dir='ltr'><strong>Non</strong></span> <span class='ocrx_word' id='word_1_458' title='bbox 2399 1515 2583 1585; x_wconf 75' lang='lat' dir='ltr'><strong>tepido</strong></span> <span class='ocrx_word' id='word_1_459' title='bbox 2613 1517 2797 1582; x_wconf 86' lang='lat' dir='ltr'><strong>corde,</strong></span> <span class='ocrx_word' id='word_1_460' title='bbox 2831 1530 2929 1571; x_wconf 92' lang='lat' dir='ltr'><strong>nec</strong></span> <span class='ocrx_word' id='word_1_461' title='bbox 2960 1514 3230 1570; x_wconf 87' lang='lat' dir='ltr'><strong>dissoluto</strong></span> <span class='ocrx_word' id='word_1_462' title='bbox 3258 1514 3460 1582; x_wconf 84' lang='lat' dir='ltr'><strong>animo,</strong></span> <span class='ocrx_word' id='word_1_463' title='bbox 3500 1514 3591 1571; x_wconf 83' lang='lat' dir='ltr'><strong>sed</strong></span> <span class='ocrx_word' id='word_1_464' title='bbox 3628 1514 3797 1571; x_wconf 81' lang='lat' dir='ltr'><strong>fortiter</strong></span> 
     </span>
    </p>
   </div>
   <div class='ocr_carea' id='block_1_69' title="bbox 2247 1606 3612 1666">
    <p class='ocr_par' dir='ltr' id='par_1_69' title="bbox 2247 1606 3612 1666">
     <span class='ocr_line' id='line_1_69' title="bbox 2247 1606 3612 1666; baseline -0.003 0"><span class='ocrx_word' id='word_1_465' title='bbox 2247 1621 2300 1666; x_wconf 88' lang='lat' dir='ltr'><strong>et</strong></span> <span class='ocrx_word' id='word_1_466' title='bbox 2329 1618 2537 1665; x_wconf 87' lang='lat' dir='ltr'><strong>attente</strong></span> <span class='ocrx_word' id='word_1_467' title='bbox 2568 1625 2669 1664; x_wconf 92' lang='lat' dir='ltr'><strong>nos</strong></span> <span class='ocrx_word' id='word_1_468' title='bbox 2694 1623 2788 1663; x_wconf 89' lang='lat' dir='ltr'><strong>sua</strong></span> <span class='ocrx_word' id='word_1_469' title='bbox 2819 1608 3073 1663; x_wconf 86' lang='lat' dir='ltr'><strong>mandata</strong></span> <span class='ocrx_word' id='word_1_470' title='bbox 3102 1608 3299 1663; x_wconf 84' lang='lat' dir='ltr'><strong>edocet</strong></span> <span class='ocrx_word' id='word_1_471' title='bbox 3321 1606 3612 1664; x_wconf 82' lang='lat' dir='ltr'><strong>custodire.</strong></span> 
     </span>
    </p>
   </div>
   <div class='ocr_carea' id='block_1_70' title="bbox 2324 1698 3803 1775">
    <p class='ocr_par' dir='ltr' id='par_1_70' title="bbox 2324 1698 3803 1775">
     <span class='ocr_line' id='line_1_70' title="bbox 2324 1698 3803 1775; baseline -0.001 -18"><span class='ocrx_word' id='word_1_472' title='bbox 2324 1700 2532 1757; x_wconf 81' lang='lat' dir='ltr'><strong>Utinam</strong></span> <span class='ocrx_word' id='word_1_473' title='bbox 2550 1702 2841 1775; x_wconf 80' lang='lat' dir='ltr'><strong>dirigantur</strong></span> <span class='ocrx_word' id='word_1_474' title='bbox 2859 1704 2954 1757; x_wconf 79' lang='lat' dir='ltr'><strong>vite</strong></span> <span class='ocrx_word' id='word_1_475' title='bbox 2973 1717 3117 1769; x_wconf 80' lang='lat' dir='ltr'><strong>mete,</strong></span> <span class='ocrx_word' id='word_1_476' title='bbox 3140 1702 3210 1756; x_wconf 85' lang='lat' dir='ltr'><strong>ad</strong></span> <span class='ocrx_word' id='word_1_477' title='bbox 3229 1698 3582 1758; x_wconf 59' lang='lat' dir='ltr'><strong>custodiendas</strong></span> <span class='ocrx_word' id='word_1_478' title='bbox 3592 1701 3803 1773; x_wconf 68' lang='lat' dir='ltr'><strong>iustiﬁca-</strong></span> 
     </span>
    </p>
   </div>
   <div class='ocr_carea' id='block_1_71' title="bbox 2171 1794 3805 1866">
    <p class='ocr_par' dir='ltr' id='par_1_71' title="bbox 2171 1794 3805 1866">
     <span class='ocr_line' id='line_1_71' title="bbox 2171 1794 3805 1866; baseline 0.001 -19"><span class='ocrx_word' id='word_1_479' title='bbox 2171 1800 2216 1861; x_wconf 78' lang='grc' dir='ltr'><strong><em>Β</em></strong></span> <span class='ocrx_word' id='word_1_480' title='bbox 2246 1794 2407 1849; x_wconf 82' lang='lat' dir='ltr'><strong>tiones</strong></span> <span class='ocrx_word' id='word_1_481' title='bbox 2445 1804 2580 1849; x_wconf 88' lang='lat' dir='ltr'><strong>tuas.</strong></span> <span class='ocrx_word' id='word_1_482' title='bbox 2615 1795 2728 1849; x_wconf 78' lang='lat' dir='ltr'><strong>Nisi</strong></span> <span class='ocrx_word' id='word_1_483' title='bbox 2753 1796 2902 1851; x_wconf 88' lang='lat' dir='ltr'><strong>enim</strong></span> <span class='ocrx_word' id='word_1_484' title='bbox 2929 1796 2998 1850; x_wconf 86' lang='lat' dir='ltr'><strong>ab</strong></span> <span class='ocrx_word' id='word_1_485' title='bbox 3025 1797 3143 1865; x_wconf 76' lang='lat' dir='ltr'><strong>ipso</strong></span> <span class='ocrx_word' id='word_1_486' title='bbox 3172 1794 3404 1850; x_wconf 72' lang='lat' dir='ltr'><strong>Domino</strong></span> <span class='ocrx_word' id='word_1_487' title='bbox 3428 1794 3705 1866; x_wconf 73' lang='lat' dir='ltr'><strong>dirigantur</strong></span> <span class='ocrx_word' id='word_1_488' title='bbox 3725 1796 3805 1849; x_wconf 69' lang='lat' dir='ltr'><strong>viai</strong></span> 
     </span>
    </p>
   </div>
   <div class='ocr_carea' id='block_1_72' title="bbox 2247 1886 3802 1960">
    <p class='ocr_par' dir='ltr' id='par_1_72' title="bbox 2247 1886 3802 1960">
     <span class='ocr_line' id='line_1_72' title="bbox 2247 1886 3802 1960; baseline 0 -17"><span class='ocrx_word' id='word_1_489' title='bbox 2247 1896 2489 1944; x_wconf 55' lang='lat' dir='ltr'><strong>nostra:</strong></span> <span class='ocrx_word' id='word_1_490' title='bbox 2537 1888 2607 1944; x_wconf 92' lang='lat' dir='ltr'><strong>ad</strong></span> <span class='ocrx_word' id='word_1_491' title='bbox 2649 1888 2769 1960; x_wconf 78' lang='lat' dir='ltr'><strong>ejus</strong></span> <span class='ocrx_word' id='word_1_492' title='bbox 2815 1888 3200 1945; x_wconf 84' lang='lat' dir='ltr'><strong>custodiendas</strong></span> <span class='ocrx_word' id='word_1_493' title='bbox 3240 1888 3648 1960; x_wconf 75' lang='lat' dir='ltr'><strong>justillcationes</strong></span> <span class='ocrx_word' id='word_1_494' title='bbox 3683 1886 3802 1943; x_wconf 77' lang='lat' dir='ltr'><strong>inﬁr-</strong></span> 
     </span>
    </p>
   </div>
   <div class='ocr_carea' id='block_1_73' title="bbox 2252 1978 3570 2054">
    <p class='ocr_par' dir='ltr' id='par_1_73' title="bbox 2252 1978 3570 2054">
     <span class='ocr_line' id='line_1_73' title="bbox 2252 1978 3570 2054; baseline 0 -18"><span class='ocrx_word' id='word_1_495' title='bbox 2252 1982 2457 2037; x_wconf 88' lang='lat' dir='ltr'><strong>miores</strong></span> <span class='ocrx_word' id='word_1_496' title='bbox 2486 1984 2712 2050; x_wconf 79' lang='lat' dir='ltr'><strong>erimus,</strong></span> <span class='ocrx_word' id='word_1_497' title='bbox 2745 1991 2968 2054; x_wconf 77' lang='lat' dir='ltr'><strong>propter</strong></span> <span class='ocrx_word' id='word_1_498' title='bbox 2990 1980 3336 2053; x_wconf 70' lang='lat' dir='ltr'><strong>fragilitatem</strong></span> <span class='ocrx_word' id='word_1_499' title='bbox 3367 1978 3570 2037; x_wconf 82' lang='lat' dir='ltr'><strong>carnis.</strong></span> 
     </span>
    </p>
   </div>
   <div class='ocr_carea' id='block_1_74' title="bbox 2323 2072 3806 2147">
    <p class='ocr_par' dir='ltr' id='par_1_74' title="bbox 2323 2072 3806 2147">
     <span class='ocr_line' id='line_1_74' title="bbox 2323 2072 3806 2147; baseline -0.002 -18"><span class='ocrx_word' id='word_1_500' title='bbox 2323 2073 2468 2129; x_wconf 85' lang='lat' dir='ltr'><strong>Tunc</strong></span> <span class='ocrx_word' id='word_1_501' title='bbox 2517 2091 2619 2130; x_wconf 84' lang='lat' dir='ltr'><strong>non</strong></span> <span class='ocrx_word' id='word_1_502' title='bbox 2660 2075 2976 2147; x_wconf 79' lang='lat' dir='ltr'><strong>confundor,</strong></span> <span class='ocrx_word' id='word_1_503' title='bbox 3020 2091 3141 2130; x_wconf 83' lang='lat' dir='ltr'><strong>cum</strong></span> <span class='ocrx_word' id='word_1_504' title='bbox 3184 2088 3495 2147; x_wconf 72' lang='lat' dir='ltr'><strong>perspexero</strong></span> <span class='ocrx_word' id='word_1_505' title='bbox 3522 2075 3573 2130; x_wconf 85' lang='lat' dir='ltr'><strong>in</strong></span> <span class='ocrx_word' id='word_1_506' title='bbox 3615 2072 3806 2128; x_wconf 66' lang='lat' dir='ltr'><strong>omnibus</strong></span> 
     </span>
    </p>
   </div>
   <div class='ocr_carea' id='block_1_75' title="bbox 2246 2164 3807 2239">
    <p class='ocr_par' dir='ltr' id='par_1_75' title="bbox 2246 2164 3807 2239">
     <span class='ocr_line' id='line_1_75' title="bbox 2246 2164 3807 2239; baseline -0.002 -17"><span class='ocrx_word' id='word_1_507' title='bbox 2246 2167 2507 2222; x_wconf 81' lang='lat' dir='ltr'><strong>mandatis</strong></span> <span class='ocrx_word' id='word_1_508' title='bbox 2531 2170 2656 2223; x_wconf 84' lang='lat' dir='ltr'><strong>tuis.</strong></span> <span class='ocrx_word' id='word_1_509' title='bbox 2692 2168 2808 2224; x_wconf 83' lang='lat' dir='ltr'><strong>Non</strong></span> <span class='ocrx_word' id='word_1_510' title='bbox 2838 2169 2939 2223; x_wconf 87' lang='lat' dir='ltr'><strong>alla</strong></span> <span class='ocrx_word' id='word_1_511' title='bbox 2973 2164 3421 2239; x_wconf 49' lang='lat' dir='ltr'><strong>praitermittereg</strong></span> <span class='ocrx_word' id='word_1_512' title='bbox 3443 2177 3499 2224; x_wconf 91' lang='lat' dir='ltr'><strong>et</strong></span> <span class='ocrx_word' id='word_1_513' title='bbox 3529 2168 3624 2222; x_wconf 78' lang='lat' dir='ltr'><strong>alia</strong></span> <span class='ocrx_word' id='word_1_514' title='bbox 3660 2168 3807 2222; x_wconf 81' lang='lat' dir='ltr'><strong>obser-</strong></span> 
     </span>
    </p>
   </div>
   <div class='ocr_carea' id='block_1_76' title="bbox 2246 2240 3919 2353">
    <p class='ocr_par' dir='ltr' id='par_1_76' title="bbox 2246 2240 3919 2353">
     <span class='ocr_line' id='line_1_76' title="bbox 2246 2240 3919 2353; baseline 0.001 -38"><span class='ocrx_word' id='word_1_515' title='bbox 2246 2276 2376 2317; x_wconf 87' lang='lat' dir='ltr'><strong>vare</strong></span> <span class='ocrx_word' id='word_1_516' title='bbox 2405 2273 2489 2317; x_wconf 90' lang='lat' dir='ltr'><strong>est</strong></span> <span class='ocrx_word' id='word_1_517' title='bbox 2509 2278 2851 2334; x_wconf 88' lang='lat' dir='ltr'><strong>congruum:</strong></span> <span class='ocrx_word' id='word_1_518' title='bbox 2885 2262 2983 2318; x_wconf 85' lang='lat' dir='ltr'><strong>sed</strong></span> <span class='ocrx_word' id='word_1_519' title='bbox 3019 2265 3198 2318; x_wconf 81' lang='lat' dir='ltr'><strong>omnia</strong></span> <span class='ocrx_word' id='word_1_520' title='bbox 3248 2263 3536 2334; x_wconf 69' lang='lat' dir='ltr'><strong>aequaliter</strong></span> <span class='ocrx_word' id='word_1_521' title='bbox 3576 2263 3809 2320; x_wconf 80' lang='lat' dir='ltr'><strong>custodire</strong></span> 
     </span>
    </p>
   </div>
   <div class='ocr_carea' id='block_1_77' title="bbox 2245 2356 3568 2427">
    <p class='ocr_par' dir='ltr' id='par_1_77' title="bbox 2245 2356 3568 2427">
     <span class='ocr_line' id='line_1_77' title="bbox 2245 2356 3568 2427; baseline 0.001 -16"><span class='ocrx_word' id='word_1_522' title='bbox 2245 2366 2482 2426; x_wconf 83' lang='lat' dir='ltr'><strong>oportet,</strong></span> <span class='ocrx_word' id='word_1_523' title='bbox 2519 2372 2587 2412; x_wconf 91' lang='lat' dir='ltr'><strong>ne</strong></span> <span class='ocrx_word' id='word_1_524' title='bbox 2618 2358 2671 2412; x_wconf 90' lang='lat' dir='ltr'><strong>in</strong></span> <span class='ocrx_word' id='word_1_525' title='bbox 2704 2358 2890 2413; x_wconf 87' lang='lat' dir='ltr'><strong>futuro</strong></span> <span class='ocrx_word' id='word_1_526' title='bbox 2914 2357 3118 2427; x_wconf 83' lang='lat' dir='ltr'><strong>judicio</strong></span> <span class='ocrx_word' id='word_1_527' title='bbox 3144 2356 3568 2414; x_wconf 81' lang='lat' dir='ltr'><strong>confundantur.</strong></span> 
     </span>
    </p>
   </div>
   <div class='ocr_carea' id='block_1_78' title="bbox 2320 2447 3810 2522">
    <p class='ocr_par' dir='ltr' id='par_1_78' title="bbox 2320 2447 3810 2522">
     <span class='ocr_line' id='line_1_78' title="bbox 2320 2447 3810 2522; baseline 0 -19"><span class='ocrx_word' id='word_1_528' title='bbox 2320 2447 2618 2520; x_wconf 78' lang='lat' dir='ltr'><strong>Confitebor</strong></span> <span class='ocrx_word' id='word_1_529' title='bbox 2646 2450 2761 2522; x_wconf 74' lang='lat' dir='ltr'><strong>tibi,</strong></span> <span class='ocrx_word' id='word_1_530' title='bbox 2805 2450 3046 2515; x_wconf 86' lang='lat' dir='ltr'><strong>Domine,</strong></span> <span class='ocrx_word' id='word_1_531' title='bbox 3097 2452 3149 2505; x_wconf 79' lang='lat' dir='ltr'><strong>in</strong></span> <span class='ocrx_word' id='word_1_532' title='bbox 3194 2451 3484 2506; x_wconf 77' lang='lat' dir='ltr'><strong>directione</strong></span> <span class='ocrx_word' id='word_1_533' title='bbox 3526 2450 3683 2506; x_wconf 80' lang='lat' dir='ltr'><strong>sordis</strong></span> <span class='ocrx_word' id='word_1_534' title='bbox 3717 2451 3810 2504; x_wconf 71' lang='lat' dir='ltr'><strong>nisi.</strong></span> 
     </span>
    </p>
   </div>
   <div class='ocr_carea' id='block_1_79' title="bbox 2243 2540 3815 2615">
    <p class='ocr_par' dir='ltr' id='par_1_79' title="bbox 2243 2540 3815 2615">
     <span class='ocr_line' id='line_1_79' title="bbox 2243 2540 3815 2615; baseline -0.001 -18"><span class='ocrx_word' id='word_1_535' title='bbox 2243 2541 2378 2610; x_wconf 76' lang='lat' dir='ltr'><strong>Quia</strong></span> <span class='ocrx_word' id='word_1_536' title='bbox 2413 2559 2521 2598; x_wconf 90' lang='lat' dir='ltr'><strong>non</strong></span> <span class='ocrx_word' id='word_1_537' title='bbox 2544 2550 2625 2599; x_wconf 84' lang='lat' dir='ltr'><strong>est</strong></span> <span class='ocrx_word' id='word_1_538' title='bbox 2656 2558 2976 2614; x_wconf 85' lang='lat' dir='ltr'><strong>perversum</strong></span> <span class='ocrx_word' id='word_1_539' title='bbox 3006 2544 3062 2599; x_wconf 91' lang='lat' dir='ltr'><strong>in</strong></span> <span class='ocrx_word' id='word_1_540' title='bbox 3094 2554 3248 2614; x_wconf 84' lang='lat' dir='ltr'><strong>parte</strong></span> <span class='ocrx_word' id='word_1_541' title='bbox 3274 2543 3673 2615; x_wconf 57' lang='lat' dir='ltr'><strong>hereticorum.</strong></span> <span class='ocrx_word' id='word_1_542' title='bbox 3693 2540 3750 2597; x_wconf 80' lang='lat' dir='ltr'><strong>In</strong></span> <span class='ocrx_word' id='word_1_543' title='bbox 3769 2558 3815 2597; x_wconf 80' lang='lat' dir='ltr'><strong>eo</strong></span> 
     </span>
    </p>
   </div>
   <div class='ocr_carea' id='block_1_80' title="bbox 2242 2596 3919 2709">
    <p class='ocr_par' dir='ltr' id='par_1_80' title="bbox 2242 2596 3919 2709">
     <span class='ocr_line' id='line_1_80' title="bbox 2242 2596 3919 2709; baseline 0.001 -21"><span class='ocrx_word' id='word_1_544' title='bbox 2242 2596 2382 2706; x_wconf 74' lang='grc' dir='ltr'><strong>ιῖαοοι</strong></span> <span class='ocrx_word' id='word_1_545' title='bbox 2407 2596 3815 2709; x_wconf 46' lang='lat' dir='ltr'><strong>suis,..as.;.s;s“.;¢1optassem.</strong></span> 
     </span>
    </p>
   </div>
   <div class='ocr_carea' id='block_1_81' title="bbox 2243 2725 3217 2784">
    <p class='ocr_par' dir='ltr' id='par_1_81' title="bbox 2243 2725 3217 2784">
     <span class='ocr_line' id='line_1_81' title="bbox 2243 2725 3217 2784; baseline 0.001 -3"><span class='ocrx_word' id='word_1_546' title='bbox 2243 2725 2553 2784; x_wconf 85' lang='lat' dir='ltr'><strong>laudarem.</strong></span> <span class='ocrx_word' id='word_1_547' title='bbox 3210 2776 3217 2782; x_wconf 86' lang='lat'><strong>.</strong></span> 
     </span>
    </p>
   </div>
   <div class='ocr_carea' id='block_1_82' title="bbox 2313 2816 3919 2892">
    <p class='ocr_par' dir='ltr' id='par_1_82' title="bbox 2313 2816 3919 2892">
     <span class='ocr_line' id='line_1_82' title="bbox 2313 2816 3919 2892; baseline -0.001 -19"><span class='ocrx_word' id='word_1_548' title='bbox 2313 2818 2730 2890; x_wconf 71' lang='lat' dir='ltr'><strong>Justiﬁcationes</strong></span> <span class='ocrx_word' id='word_1_549' title='bbox 2754 2833 2872 2877; x_wconf 88' lang='lat' dir='ltr'><strong>tuas</strong></span> <span class='ocrx_word' id='word_1_550' title='bbox 2903 2820 3221 2892; x_wconf 74' lang='lat' dir='ltr'><strong>custodiam,</strong></span> <span class='ocrx_word' id='word_1_551' title='bbox 3262 2837 3367 2878; x_wconf 86' lang='lat' dir='ltr'><strong>non</strong></span> <span class='ocrx_word' id='word_1_552' title='bbox 3410 2839 3497 2878; x_wconf 82' lang='lat' dir='ltr'><strong>me</strong></span> <span class='ocrx_word' id='word_1_553' title='bbox 3537 2820 3816 2891; x_wconf 65' lang='lat' dir='ltr'><strong>derelinquas</strong></span> <span class='ocrx_word' id='word_1_554' title='bbox 3918 2816 3919 2887; x_wconf 61' lang='lat' dir='ltr'><strong>l</strong></span> 
     </span>
    </p>
   </div>
   <div class='ocr_carea' id='block_1_83' title="bbox 2246 2914 3919 2987">
    <p class='ocr_par' dir='ltr' id='par_1_83' title="bbox 2246 2914 3919 2987">
     <span class='ocr_line' id='line_1_83' title="bbox 2246 2914 3919 2987; baseline 0.005 -22"><span class='ocrx_word' id='word_1_555' title='bbox 2246 2928 2631 2987; x_wconf 76' lang='lat' dir='ltr'><strong>usquequaque.</strong></span> <span class='ocrx_word' id='word_1_556' title='bbox 2658 2914 2723 2970; x_wconf 83' lang='lat' dir='ltr'><strong>Et</strong></span> <span class='ocrx_word' id='word_1_557' title='bbox 2746 2916 2791 2970; x_wconf 88' lang='lat' dir='ltr'><strong>si</strong></span> <span class='ocrx_word' id='word_1_558' title='bbox 2813 2917 2878 2971; x_wconf 91' lang='lat' dir='ltr'><strong>ad</strong></span> <span class='ocrx_word' id='word_1_559' title='bbox 2905 2923 3116 2987; x_wconf 62' lang='lat' dir='ltr'><strong>tempus</strong></span> <span class='ocrx_word' id='word_1_560' title='bbox 3137 2915 3527 2987; x_wconf 80' lang='lat' dir='ltr'><strong>relinquimur,</strong></span> <span class='ocrx_word' id='word_1_561' title='bbox 3554 2932 3653 2978; x_wconf 75' lang='lat' dir='ltr'><strong>non</strong></span> <span class='ocrx_word' id='word_1_562' title='bbox 3677 2923 3820 2968; x_wconf 78' lang='lat' dir='ltr'><strong>tamen</strong></span> <span class='ocrx_word' id='word_1_563' title='bbox 3918 2960 3919 2973; x_wconf 37' lang='grc' dir='ltr'>χ</span> 
     </span>
    </p>
   </div>
   <div class='ocr_carea' id='block_1_84' title="bbox 2244 3008 3465 3081">
    <p class='ocr_par' dir='ltr' id='par_1_84' title="bbox 2244 3008 3465 3081">
     <span class='ocr_line' id='line_1_84' title="bbox 2244 3008 3465 3081; baseline 0.002 -20"><span class='ocrx_word' id='word_1_564' title='bbox 2244 3021 2632 3079; x_wconf 73' lang='lat' dir='ltr'><strong>usquequaque</strong></span> <span class='ocrx_word' id='word_1_565' title='bbox 2666 3008 3038 3080; x_wconf 85' lang='lat' dir='ltr'><strong>relmquamur</strong></span> <span class='ocrx_word' id='word_1_566' title='bbox 3060 3018 3121 3064; x_wconf 89' lang='lat' dir='ltr'><strong>ut</strong></span> <span class='ocrx_word' id='word_1_567' title='bbox 3151 3018 3465 3081; x_wconf 69' lang='lat' dir='ltr'><strong>peream.</strong></span> 
     </span>
    </p>
   </div>
   <div class='ocr_carea' id='block_1_85' title="bbox 2978 3162 3141 3201">
    <p class='ocr_par' dir='ltr' id='par_1_85' title="bbox 2978 3162 3141 3201">
     <span class='ocr_line' id='line_1_85' title="bbox 2978 3162 3141 3201; baseline 0.006 -1"><span class='ocrx_word' id='word_1_568' title='bbox 2978 3162 3141 3201; x_wconf 75' lang='grc' dir='ltr'><strong>ΒΕΤΒ.</strong></span> 
     </span>
    </p>
   </div>
   <div class='ocr_carea' id='block_1_86' title="bbox 2314 3280 3825 3355">
    <p class='ocr_par' dir='ltr' id='par_1_86' title="bbox 2314 3280 3825 3355">
     <span class='ocr_line' id='line_1_86' title="bbox 2314 3280 3825 3355; baseline -0.001 -20"><span class='ocrx_word' id='word_1_569' title='bbox 2314 3280 2382 3336; x_wconf 83' lang='lat' dir='ltr'><strong>In</strong></span> <span class='ocrx_word' id='word_1_570' title='bbox 2410 3299 2513 3352; x_wconf 86' lang='lat' dir='ltr'><strong>quo</strong></span> <span class='ocrx_word' id='word_1_571' title='bbox 2541 3284 2750 3355; x_wconf 79' lang='lat' dir='ltr'><strong>corrigit</strong></span> <span class='ocrx_word' id='word_1_572' title='bbox 2780 3285 3155 3340; x_wconf 81' lang='lat' dir='ltr'><strong>adolescentior</strong></span> <span class='ocrx_word' id='word_1_573' title='bbox 3184 3286 3318 3341; x_wconf 83' lang='lat' dir='ltr'><strong>vians</strong></span> <span class='ocrx_word' id='word_1_574' title='bbox 3344 3296 3508 3343; x_wconf 77' lang='lat' dir='ltr'><strong>suam</strong></span> <span class='ocrx_word' id='word_1_575' title='bbox 3530 3302 3550 3340; x_wconf 90' lang='lat'><strong><em>:</em></strong></span> <span class='ocrx_word' id='word_1_576' title='bbox 3590 3285 3641 3337; x_wconf 84' lang='lat' dir='ltr'><strong>in</strong></span> <span class='ocrx_word' id='word_1_577' title='bbox 3683 3291 3825 3337; x_wconf 80' lang='lat' dir='ltr'><strong>custo-</strong></span> 
     </span>
    </p>
   </div>
   <div class='ocr_carea' id='block_1_87' title="bbox 2240 3373 3820 3446">
    <p class='ocr_par' dir='ltr' id='par_1_87' title="bbox 2240 3373 3820 3446">
     <span class='ocr_line' id='line_1_87' title="bbox 2240 3373 3820 3446; baseline 0 -19"><span class='ocrx_word' id='word_1_578' title='bbox 2240 3373 2432 3429; x_wconf 84' lang='lat' dir='ltr'><strong>diendo</strong></span> <span class='ocrx_word' id='word_1_579' title='bbox 2451 3392 2708 3432; x_wconf 78' lang='lat' dir='ltr'><strong>sermones</strong></span> <span class='ocrx_word' id='word_1_580' title='bbox 2738 3387 2868 3432; x_wconf 84' lang='lat' dir='ltr'><strong>tuos.</strong></span> <span class='ocrx_word' id='word_1_581' title='bbox 2908 3377 3003 3432; x_wconf 90' lang='lat' dir='ltr'><strong>llic</strong></span> <span class='ocrx_word' id='word_1_582' title='bbox 3034 3379 3293 3446; x_wconf 69' lang='lat' dir='ltr'><strong>prolibeta</strong></span> <span class='ocrx_word' id='word_1_583' title='bbox 3319 3394 3429 3434; x_wconf 87' lang='lat' dir='ltr'><strong>non</strong></span> <span class='ocrx_word' id='word_1_584' title='bbox 3463 3376 3628 3432; x_wconf 89' lang='lat' dir='ltr'><strong>modo</strong></span> <span class='ocrx_word' id='word_1_585' title='bbox 3653 3375 3820 3443; x_wconf 66' lang='lat' dir='ltr'><strong>longae-</strong></span> 
     </span>
    </p>
   </div>
   <div class='ocr_carea' id='block_1_88' title="bbox 2239 3467 3828 3542">
    <p class='ocr_par' dir='ltr' id='par_1_88' title="bbox 2239 3467 3828 3542">
     <span class='ocr_line' id='line_1_88' title="bbox 2239 3467 3828 3542; baseline 0.002 -19"><span class='ocrx_word' id='word_1_586' title='bbox 2239 3480 2363 3523; x_wconf 85' lang='lat' dir='ltr'><strong>vam</strong></span> <span class='ocrx_word' id='word_1_587' title='bbox 2402 3477 2615 3537; x_wconf 55' lang='lat' dir='ltr'><strong>agtatem</strong></span> <span class='ocrx_word' id='word_1_588' title='bbox 2667 3471 2930 3542; x_wconf 75' lang='lat' dir='ltr'><strong>corrigit:</strong></span> <span class='ocrx_word' id='word_1_589' title='bbox 2986 3481 3175 3527; x_wconf 87' lang='lat' dir='ltr'><strong>verum</strong></span> <span class='ocrx_word' id='word_1_590' title='bbox 3221 3473 3386 3528; x_wconf 87' lang='lat' dir='ltr'><strong>etiam</strong></span> <span class='ocrx_word' id='word_1_591' title='bbox 3437 3467 3828 3528; x_wconf 77' lang='lat' dir='ltr'><strong>adolescentiam</strong></span> 
     </span>
    </p>
   </div>
   <div class='ocr_carea' id='block_1_89' title="bbox 2241 3554 3828 3632">
    <p class='ocr_par' dir='ltr' id='par_1_89' title="bbox 2241 3554 3828 3632">
     <span class='ocr_line' id='line_1_89' title="bbox 2241 3554 3828 3632; baseline -0.004 -14"><span class='ocrx_word' id='word_1_592' title='bbox 2241 3561 2434 3618; x_wconf 84' lang='lat' dir='ltr'><strong>edocet</strong></span> <span class='ocrx_word' id='word_1_593' title='bbox 2460 3564 2684 3632; x_wconf 87' lang='lat' dir='ltr'><strong>erudiri,</strong></span> <span class='ocrx_word' id='word_1_594' title='bbox 2713 3576 2769 3620; x_wconf 89' lang='lat' dir='ltr'><strong>et</strong></span> <span class='ocrx_word' id='word_1_595' title='bbox 2798 3566 2869 3620; x_wconf 87' lang='lat' dir='ltr'><strong>ita</strong></span> <span class='ocrx_word' id='word_1_596' title='bbox 2897 3566 3174 3621; x_wconf 87' lang='lat' dir='ltr'><strong>custodire</strong></span> <span class='ocrx_word' id='word_1_597' title='bbox 3201 3565 3422 3621; x_wconf 88' lang='lat' dir='ltr'><strong>divinos</strong></span> <span class='ocrx_word' id='word_1_598' title='bbox 3454 3554 3749 3628; x_wconf 83' lang='lat' dir='ltr'><strong>sermones,</strong></span> <span class='ocrx_word' id='word_1_599' title='bbox 3784 3568 3828 3613; x_wconf 89' lang='lat' dir='ltr'><strong>ut</strong></span> 
     </span>
    </p>
   </div>
   <div class='ocr_carea' id='block_1_90' title="bbox 2241 3649 3830 3729">
    <p class='ocr_par' dir='ltr' id='par_1_90' title="bbox 2241 3649 3830 3729">
     <span class='ocr_line' id='line_1_90' title="bbox 2241 3649 3830 3729; baseline 0 -20"><span class='ocrx_word' id='word_1_600' title='bbox 2241 3655 2405 3711; x_wconf 85' lang='lat' dir='ltr'><strong>etiam</strong></span> <span class='ocrx_word' id='word_1_601' title='bbox 2432 3658 2476 3711; x_wconf 92' lang='lat' dir='ltr'><strong>si</strong></span> <span class='ocrx_word' id='word_1_602' title='bbox 2505 3668 2659 3712; x_wconf 82' lang='lat' dir='ltr'><strong>vetus</strong></span> <span class='ocrx_word' id='word_1_603' title='bbox 2683 3659 2841 3728; x_wconf 84' lang='lat' dir='ltr'><strong>culpa</strong></span> <span class='ocrx_word' id='word_1_604' title='bbox 2872 3658 3065 3713; x_wconf 85' lang='lat' dir='ltr'><strong>deﬂeta</strong></span> <span class='ocrx_word' id='word_1_605' title='bbox 3095 3658 3165 3714; x_wconf 89' lang='lat' dir='ltr'><strong>sit</strong></span> <span class='ocrx_word' id='word_1_606' title='bbox 3190 3674 3378 3729; x_wconf 11' lang='lat' dir='ltr'><strong>:qnunc</strong></span> <span class='ocrx_word' id='word_1_607' title='bbox 3412 3674 3486 3714; x_wconf 89' lang='lat' dir='ltr'><strong>ne</strong></span> <span class='ocrx_word' id='word_1_608' title='bbox 3512 3655 3756 3728; x_wconf 75' lang='lat' dir='ltr'><strong>cogitatio</strong></span> <span class='ocrx_word' id='word_1_609' title='bbox 3776 3649 3830 3707; x_wconf 71' lang='lat' dir='ltr'><strong>ad</strong></span> 
     </span>
    </p>
   </div>
   <div class='ocr_carea' id='block_1_91' title="bbox 2240 3745 3162 3820">
    <p class='ocr_par' dir='ltr' id='par_1_91' title="bbox 2240 3745 3162 3820">
     <span class='ocr_line' id='line_1_91' title="bbox 2240 3745 3162 3820; baseline 0.003 -18"><span class='ocrx_word' id='word_1_610' title='bbox 2240 3745 2667 3820; x_wconf 86' lang='lat' dir='ltr'><strong>delinquendum</strong></span> <span class='ocrx_word' id='word_1_611' title='bbox 2696 3750 2801 3806; x_wconf 63' lang='lat' dir='ltr'><strong>ulla</strong></span> <span class='ocrx_word' id='word_1_612' title='bbox 2835 3751 3162 3808; x_wconf 82' lang='lat' dir='ltr'><strong>consentiat.</strong></span> 
     </span>
    </p>
   </div>
   <div class='ocr_carea' id='block_1_92' title="bbox 2315 3839 3836 3914">
    <p class='ocr_par' dir='ltr' id='par_1_92' title="bbox 2315 3839 3836 3914">
     <span class='ocr_line' id='line_1_92' title="bbox 2315 3839 3836 3914; baseline -0.003 -18"><span class='ocrx_word' id='word_1_613' title='bbox 2315 3839 2384 3897; x_wconf 84' lang='lat' dir='ltr'><strong>In</strong></span> <span class='ocrx_word' id='word_1_614' title='bbox 2411 3850 2518 3897; x_wconf 84' lang='lat' dir='ltr'><strong>toto</strong></span> <span class='ocrx_word' id='word_1_615' title='bbox 2542 3845 2696 3899; x_wconf 80' lang='lat' dir='ltr'><strong>corde</strong></span> <span class='ocrx_word' id='word_1_616' title='bbox 2726 3861 2838 3899; x_wconf 87' lang='lat' dir='ltr'><strong>meo</strong></span> <span class='ocrx_word' id='word_1_617' title='bbox 2860 3845 3110 3914; x_wconf 71' lang='lat' dir='ltr'><strong>exquisivi</strong></span> <span class='ocrx_word' id='word_1_618' title='bbox 3134 3853 3205 3911; x_wconf 79' lang='lat' dir='ltr'><strong>te,</strong></span> <span class='ocrx_word' id='word_1_619' title='bbox 3228 3861 3293 3900; x_wconf 74' lang='lat' dir='ltr'><strong>ne</strong></span> <span class='ocrx_word' id='word_1_620' title='bbox 3313 3845 3548 3914; x_wconf 74' lang='lat' dir='ltr'><strong>repellas</strong></span> <span class='ocrx_word' id='word_1_621' title='bbox 3572 3860 3652 3899; x_wconf 85' lang='lat' dir='ltr'><strong>me</strong></span> <span class='ocrx_word' id='word_1_622' title='bbox 3670 3859 3700 3895; x_wconf 81' lang='grc' dir='ltr'>α</span> <span class='ocrx_word' id='word_1_623' title='bbox 3718 3856 3836 3895; x_wconf 79' lang='lat' dir='ltr'><strong>mun-</strong></span> 
     </span>
    </p>
   </div>
   <div class='ocr_carea' id='block_1_93' title="bbox 2244 3936 3837 4009">
    <p class='ocr_par' dir='ltr' id='par_1_93' title="bbox 2244 3936 3837 4009">
     <span class='ocr_line' id='line_1_93' title="bbox 2244 3936 3837 4009; baseline -0.001 -17"><span class='ocrx_word' id='word_1_624' title='bbox 2244 3936 2382 3992; x_wconf 84' lang='lat' dir='ltr'><strong>datis</strong></span> <span class='ocrx_word' id='word_1_625' title='bbox 2409 3938 2533 3992; x_wconf 78' lang='lat' dir='ltr'><strong>tuis.</strong></span> <span class='ocrx_word' id='word_1_626' title='bbox 2564 3938 2683 3993; x_wconf 75' lang='lat' dir='ltr'><strong>Non</strong></span> <span class='ocrx_word' id='word_1_627' title='bbox 2711 3954 2776 3994; x_wconf 75' lang='lat' dir='ltr'><strong>ex</strong></span> <span class='ocrx_word' id='word_1_628' title='bbox 2806 3947 2981 4009; x_wconf 77' lang='lat' dir='ltr'><strong>parte,</strong></span> <span class='ocrx_word' id='word_1_629' title='bbox 3005 3938 3102 3995; x_wconf 82' lang='lat' dir='ltr'><strong>sed</strong></span> <span class='ocrx_word' id='word_1_630' title='bbox 3130 3952 3198 3995; x_wconf 79' lang='lat' dir='ltr'><strong>‘es</strong></span> <span class='ocrx_word' id='word_1_631' title='bbox 3229 3948 3345 3994; x_wconf 88' lang='lat' dir='ltr'><strong>toto</strong></span> <span class='ocrx_word' id='word_1_632' title='bbox 3385 3940 3565 3996; x_wconf 87' lang='lat' dir='ltr'><strong>corde</strong></span> <span class='ocrx_word' id='word_1_633' title='bbox 3601 3938 3760 3994; x_wconf 87' lang='lat' dir='ltr'><strong>Deum</strong></span> <span class='ocrx_word' id='word_1_634' title='bbox 3792 3947 3837 3987; x_wconf 81' lang='lat' dir='ltr'><strong>se</strong></span> 
     </span>
    </p>
   </div>
   <div class='ocr_carea' id='block_1_94' title="bbox 2246 4031 3839 4105">
    <p class='ocr_par' dir='ltr' id='par_1_94' title="bbox 2246 4031 3839 4105">
     <span class='ocr_line' id='line_1_94' title="bbox 2246 4031 3839 4105; baseline -0.002 -20"><span class='ocrx_word' id='word_1_635' title='bbox 2246 4032 2539 4101; x_wconf 74' lang='lat' dir='ltr'><strong>requisisse</strong></span> <span class='ocrx_word' id='word_1_636' title='bbox 2565 4033 2783 4100; x_wconf 86' lang='lat' dir='ltr'><strong>fatetur,</strong></span> <span class='ocrx_word' id='word_1_637' title='bbox 2815 4049 2883 4089; x_wconf 89' lang='lat' dir='ltr'><strong>ne</strong></span> <span class='ocrx_word' id='word_1_638' title='bbox 2912 4034 2981 4089; x_wconf 85' lang='lat' dir='ltr'><strong>ab</strong></span> <span class='ocrx_word' id='word_1_639' title='bbox 3009 4033 3127 4103; x_wconf 62' lang='lat' dir='ltr'><strong>eius</strong></span> <span class='ocrx_word' id='word_1_640' title='bbox 3177 4034 3456 4090; x_wconf 78' lang='lat' dir='ltr'><strong>mandatis</strong></span> <span class='ocrx_word' id='word_1_641' title='bbox 3502 4031 3839 4105; x_wconf 80' lang='lat' dir='ltr'><strong>projiciatur:</strong></span> 
     </span>
    </p>
   </div>
   <div class='ocr_carea' id='block_1_95' title="bbox 2245 4123 3842 4198">
    <p class='ocr_par' dir='ltr' id='par_1_95' title="bbox 2245 4123 3842 4198">
     <span class='ocr_line' id='line_1_95' title="bbox 2245 4123 3842 4198; baseline -0.001 -20"><span class='ocrx_word' id='word_1_642' title='bbox 2245 4123 2370 4195; x_wconf 77' lang='lat' dir='ltr'><strong>quia</strong></span> <span class='ocrx_word' id='word_1_643' title='bbox 2410 4123 2680 4181; x_wconf 86' lang='lat' dir='ltr'><strong>nemiuem</strong></span> <span class='ocrx_word' id='word_1_644' title='bbox 2726 4125 2948 4196; x_wconf 70' lang='lat' dir='ltr'><strong>proiicit</strong></span> <span class='ocrx_word' id='word_1_645' title='bbox 2989 4124 3083 4197; x_wconf 75' lang='lat' dir='ltr'><strong>qui</strong></span> <span class='ocrx_word' id='word_1_646' title='bbox 3121 4136 3441 4198; x_wconf 82' lang='lat' dir='ltr'><strong>peccatores</strong></span> <span class='ocrx_word' id='word_1_647' title='bbox 3474 4128 3665 4182; x_wconf 71' lang='lat' dir='ltr'><strong>salvos</strong></span> <span class='ocrx_word' id='word_1_648' title='bbox 3692 4123 3842 4179; x_wconf 73' lang='lat' dir='ltr'><strong>facere</strong></span> 
     </span>
    </p>
   </div>
   <div class='ocr_carea' id='block_1_96' title="bbox 2248 4218 2417 4273">
    <p class='ocr_par' dir='ltr' id='par_1_96' title="bbox 2248 4218 2417 4273">
     <span class='ocr_line' id='line_1_96' title="bbox 2248 4218 2417 4273; baseline -0.006 -2"><span class='ocrx_word' id='word_1_649' title='bbox 2248 4218 2417 4273; x_wconf 90' lang='lat' dir='ltr'><strong>venit.</strong></span> 
     </span>
    </p>
   </div>
   <div class='ocr_carea' id='block_1_97' title="bbox 2317 4310 3845 4383">
    <p class='ocr_par' dir='ltr' id='par_1_97' title="bbox 2317 4310 3845 4383">
     <span class='ocr_line' id='line_1_97' title="bbox 2317 4310 3845 4383; baseline -0.001 -18"><span class='ocrx_word' id='word_1_650' title='bbox 2317 4310 2387 4365; x_wconf 86' lang='lat' dir='ltr'><strong>In</strong></span> <span class='ocrx_word' id='word_1_651' title='bbox 2416 4311 2571 4365; x_wconf 86' lang='lat' dir='ltr'><strong>corde</strong></span> <span class='ocrx_word' id='word_1_652' title='bbox 2593 4324 2709 4366; x_wconf 81' lang='lat' dir='ltr'><strong>meo</strong></span> <span class='ocrx_word' id='word_1_653' title='bbox 2729 4311 2978 4367; x_wconf 79' lang='lat' dir='ltr'><strong>abscondi</strong></span> <span class='ocrx_word' id='word_1_654' title='bbox 3007 4313 3213 4383; x_wconf 84' lang='lat' dir='ltr'><strong>eloquia</strong></span> <span class='ocrx_word' id='word_1_655' title='bbox 3250 4320 3365 4382; x_wconf 85' lang='lat' dir='ltr'><strong>tua,</strong></span> <span class='ocrx_word' id='word_1_656' title='bbox 3406 4323 3468 4368; x_wconf 80' lang='lat' dir='ltr'><strong>ut</strong></span> <span class='ocrx_word' id='word_1_657' title='bbox 3518 4330 3629 4367; x_wconf 79' lang='lat' dir='ltr'><strong>non</strong></span> <span class='ocrx_word' id='word_1_658' title='bbox 3674 4324 3845 4381; x_wconf 73' lang='lat' dir='ltr'><strong>peccent</strong></span> 
     </span>
    </p>
   </div>
   <div class='ocr_carea' id='block_1_98' title="bbox 2247 4404 3849 4463">
    <p class='ocr_par' dir='ltr' id='par_1_98' title="bbox 2247 4404 3849 4463">
     <span class='ocr_line' id='line_1_98' title="bbox 2247 4404 3849 4463; baseline -0.004 -2"><span class='ocrx_word' id='word_1_659' title='bbox 2247 4406 2360 4461; x_wconf 87' lang='lat' dir='ltr'><strong>tibi.</strong></span> <span class='ocrx_word' id='word_1_660' title='bbox 2393 4404 2449 4460; x_wconf 88' lang='lat' dir='ltr'><strong>lu</strong></span> <span class='ocrx_word' id='word_1_661' title='bbox 2477 4405 2662 4460; x_wconf 87' lang='lat' dir='ltr'><strong>cordis</strong></span> <span class='ocrx_word' id='word_1_662' title='bbox 2688 4405 2873 4460; x_wconf 86' lang='lat' dir='ltr'><strong>abdito</strong></span> <span class='ocrx_word' id='word_1_663' title='bbox 2905 4406 2998 4462; x_wconf 89' lang='lat' dir='ltr'><strong>Dei</strong></span> <span class='ocrx_word' id='word_1_664' title='bbox 3026 4415 3372 4463; x_wconf 84' lang='lat' dir='ltr'><strong>sacramenta</strong></span> <span class='ocrx_word' id='word_1_665' title='bbox 3410 4405 3711 4463; x_wconf 86' lang='lat' dir='ltr'><strong>recondit:</strong></span> <span class='ocrx_word' id='word_1_666' title='bbox 3745 4414 3849 4457; x_wconf 81' lang='lat' dir='ltr'><strong>euut</strong></span> 
     </span>
    </p>
   </div>
   <div class='ocr_carea' id='block_1_99' title="bbox 2250 4494 3846 4575">
    <p class='ocr_par' dir='ltr' id='par_1_99' title="bbox 2250 4494 3846 4575">
     <span class='ocr_line' id='line_1_99' title="bbox 2250 4494 3846 4575; baseline -0.004 -20"><span class='ocrx_word' id='word_1_667' title='bbox 2250 4499 2562 4555; x_wconf 64' lang='lat' dir='ltr'><strong>haeretieum</strong></span> <span class='ocrx_word' id='word_1_668' title='bbox 2613 4508 2733 4568; x_wconf 88' lang='lat' dir='ltr'><strong>post</strong></span> <span class='ocrx_word' id='word_1_669' title='bbox 2776 4498 2912 4553; x_wconf 81' lang='lat' dir='ltr'><strong>duas</strong></span> <span class='ocrx_word' id='word_1_670' title='bbox 2954 4501 3328 4571; x_wconf 86' lang='lat' dir='ltr'><strong>correptiones</strong></span> <span class='ocrx_word' id='word_1_671' title='bbox 3376 4499 3600 4555; x_wconf 79' lang='lat' dir='ltr'><strong>devitat</strong></span> <span class='ocrx_word' id='word_1_672' title='bbox 3626 4497 3739 4575; x_wconf 77' lang='lat' dir='ltr'><strong>(Ad</strong></span> <span class='ocrx_word' id='word_1_673' title='bbox 3761 4494 3846 4549; x_wconf 82' lang='lat' dir='ltr'><strong>Tit.</strong></span> 
     </span>
    </p>
   </div>
   <div class='ocr_carea' id='block_1_100' title="bbox 534 4590 3848 4664">
    <p class='ocr_par' dir='ltr' id='par_1_100' title="bbox 534 4590 3848 4664">
     <span class='ocr_line' id='line_1_100' title="bbox 534 4590 3848 4664; baseline -0.002 -14"><span class='ocrx_word' id='word_1_674' title='bbox 534 4601 664 4650; x_wconf 80' lang='lat' dir='ltr'><strong>sunt</strong></span> <span class='ocrx_word' id='word_1_675' title='bbox 704 4593 908 4660; x_wconf 86' lang='lat' dir='ltr'><strong>miseri,</strong></span> <span class='ocrx_word' id='word_1_676' title='bbox 961 4592 1051 4663; x_wconf 90' lang='lat' dir='ltr'><strong>qui</strong></span> <span class='ocrx_word' id='word_1_677' title='bbox 1082 4592 1134 4646; x_wconf 93' lang='lat' dir='ltr'><strong>in</strong></span> <span class='ocrx_word' id='word_1_678' title='bbox 1175 4590 1442 4647; x_wconf 83' lang='lat' dir='ltr'><strong>infernum</strong></span> <span class='ocrx_word' id='word_1_679' title='bbox 1471 4590 1830 4647; x_wconf 86' lang='lat' dir='ltr'><strong>descendunt.</strong></span> <span class='ocrx_word' id='word_1_680' title='bbox 1862 4590 2143 4659; x_wconf 86' lang='lat' dir='ltr'><strong>Quomodo</strong></span> <span class='ocrx_word' id='word_1_681' title='bbox 2168 4601 2223 4664; x_wconf 77' lang='grc' dir='ltr'><strong>ῃ</strong></span> <span class='ocrx_word' id='word_1_682' title='bbox 2248 4591 2360 4662; x_wconf 86' lang='lat' dir='ltr'><strong>tu),</strong></span> <span class='ocrx_word' id='word_1_683' title='bbox 2394 4607 2515 4646; x_wconf 92' lang='lat' dir='ltr'><strong>cum</strong></span> <span class='ocrx_word' id='word_1_684' title='bbox 2544 4606 2788 4651; x_wconf 85' lang='lat' dir='ltr'><strong>sanctum</strong></span> <span class='ocrx_word' id='word_1_685' title='bbox 2824 4591 2919 4648; x_wconf 83' lang='lat' dir='ltr'><strong>Dei</strong></span> <span class='ocrx_word' id='word_1_686' title='bbox 2945 4594 3173 4650; x_wconf 87' lang='lat' dir='ltr'><strong>canibus</strong></span> <span class='ocrx_word' id='word_1_687' title='bbox 3204 4608 3313 4650; x_wconf 89' lang='lat' dir='ltr'><strong>non</strong></span> <span class='ocrx_word' id='word_1_688' title='bbox 3341 4595 3605 4664; x_wconf 78' lang='lat' dir='ltr'><strong>exponit.</strong></span> <span class='ocrx_word' id='word_1_689' title='bbox 3632 4591 3726 4647; x_wconf 75' lang='lat' dir='ltr'><strong>Vel</strong></span> <span class='ocrx_word' id='word_1_690' title='bbox 3746 4603 3848 4645; x_wconf 81' lang='lat' dir='ltr'><strong>cum</strong></span> 
     </span>
    </p>
   </div>
   <div class='ocr_carea' id='block_1_101' title="bbox 533 4684 2141 4757">
    <p class='ocr_par' dir='ltr' id='par_1_101' title="bbox 533 4684 2141 4757">
     <span class='ocr_line' id='line_1_101' title="bbox 533 4684 2141 4757; baseline -0.003 -13"><span class='ocrx_word' id='word_1_691' title='bbox 533 4686 687 4754; x_wconf 84' lang='lat' dir='ltr'><strong>dicit,</strong></span> <span class='ocrx_word' id='word_1_692' title='bbox 718 4684 1077 4742; x_wconf 82' lang='lat' dir='ltr'><strong>immaculati:</strong></span> <span class='ocrx_word' id='word_1_693' title='bbox 1114 4688 1237 4757; x_wconf 88' lang='lat' dir='ltr'><strong>quia</strong></span> <span class='ocrx_word' id='word_1_694' title='bbox 1272 4688 1388 4742; x_wconf 87' lang='lat' dir='ltr'><strong>sine</strong></span> <span class='ocrx_word' id='word_1_695' title='bbox 1436 4685 1658 4743; x_wconf 85' lang='lat' dir='ltr'><strong>minutis</strong></span> <span class='ocrx_word' id='word_1_696' title='bbox 1702 4685 1938 4757; x_wconf 84' lang='lat' dir='ltr'><strong>peccatis</strong></span> <span class='ocrx_word' id='word_1_697' title='bbox 1979 4684 2141 4741; x_wconf 89' lang='lat' dir='ltr'><strong>homo</strong></span> 
     </span>
    </p>
   </div>
   <div class='ocr_carea' id='block_1_102' title="bbox 536 4777 2141 4850">
    <p class='ocr_par' dir='ltr' id='par_1_102' title="bbox 536 4777 2141 4850">
     <span class='ocr_line' id='line_1_102' title="bbox 536 4777 2141 4850; baseline -0.002 -13"><span class='ocrx_word' id='word_1_698' title='bbox 536 4794 661 4837; x_wconf 83' lang='lat' dir='ltr'><strong>esse</strong></span> <span class='ocrx_word' id='word_1_699' title='bbox 705 4795 814 4835; x_wconf 90' lang='lat' dir='ltr'><strong>non</strong></span> <span class='ocrx_word' id='word_1_700' title='bbox 858 4787 1075 4850; x_wconf 86' lang='lat' dir='ltr'><strong>potest:</strong></span> <span class='ocrx_word' id='word_1_701' title='bbox 1109 4780 1248 4835; x_wconf 87' lang='lat' dir='ltr'><strong>sicut</strong></span> <span class='ocrx_word' id='word_1_702' title='bbox 1271 4789 1488 4836; x_wconf 82' lang='lat' dir='ltr'><strong>sanctus</strong></span> <span class='ocrx_word' id='word_1_703' title='bbox 1512 4777 1750 4835; x_wconf 83' lang='lat' dir='ltr'><strong>Joannes</strong></span> <span class='ocrx_word' id='word_1_704' title='bbox 1769 4778 1941 4834; x_wconf 78' lang='lat' dir='ltr'><strong>dixit:</strong></span> <span class='ocrx_word' id='word_1_705' title='bbox 1975 4778 2034 4835; x_wconf 88' lang='lat' dir='ltr'><strong>Si</strong></span> <span class='ocrx_word' id='word_1_706' title='bbox 2060 4779 2141 4834; x_wconf 87' lang='lat' dir='ltr'><strong>di-</strong></span> 
     </span>
    </p>
   </div>
   <div class='ocr_carea' id='block_1_103' title="bbox 533 4870 2142 4944">
    <p class='ocr_par' dir='ltr' id='par_1_103' title="bbox 533 4870 2142 4944">
     <span class='ocr_line' id='line_1_103' title="bbox 533 4870 2142 4944; baseline -0.002 -14"><span class='ocrx_word' id='word_1_707' title='bbox 533 4873 778 4930; x_wconf 77' lang='lat' dir='ltr'><strong>xerimus</strong></span> <span class='ocrx_word' id='word_1_708' title='bbox 803 4873 927 4944; x_wconf 74' lang='lat' dir='ltr'><strong>quia</strong></span> <span class='ocrx_word' id='word_1_709' title='bbox 958 4881 1234 4944; x_wconf 81' lang='lat' dir='ltr'><strong>peccatum</strong></span> <span class='ocrx_word' id='word_1_710' title='bbox 1264 4886 1370 4926; x_wconf 80' lang='lat' dir='ltr'><strong>non</strong></span> <span class='ocrx_word' id='word_1_711' title='bbox 1399 4870 1684 4940; x_wconf 85' lang='lat' dir='ltr'><strong>habemus,</strong></span> <span class='ocrx_word' id='word_1_712' title='bbox 1718 4872 1818 4941; x_wconf 87' lang='lat' dir='ltr'><strong>ipsi</strong></span> <span class='ocrx_word' id='word_1_713' title='bbox 1846 4886 1945 4927; x_wconf 88' lang='lat' dir='ltr'><strong>nos</strong></span> <span class='ocrx_word' id='word_1_714' title='bbox 1982 4872 2142 4927; x_wconf 56' lang='lat' dir='ltr'><strong>seduc</strong></span> 
     </span>
    </p>
   </div>
   <div class='ocr_carea' id='block_1_104' title="bbox 534 4960 2142 5036">
    <p class='ocr_par' dir='ltr' id='par_1_104' title="bbox 534 4960 2142 5036">
     <span class='ocr_line' id='line_1_104' title="bbox 534 4960 2142 5036; baseline -0.001 -16"><span class='ocrx_word' id='word_1_715' title='bbox 534 4964 732 5029; x_wconf 87' lang='lat' dir='ltr'><strong>cimus,</strong></span> <span class='ocrx_word' id='word_1_716' title='bbox 760 4973 815 5020; x_wconf 88' lang='lat' dir='ltr'><strong>et</strong></span> <span class='ocrx_word' id='word_1_717' title='bbox 837 4965 1037 5021; x_wconf 85' lang='lat' dir='ltr'><strong>veritas</strong></span> <span class='ocrx_word' id='word_1_718' title='bbox 1068 4964 1119 5017; x_wconf 92' lang='lat' dir='ltr'><strong>in</strong></span> <span class='ocrx_word' id='word_1_719' title='bbox 1148 4963 1305 5018; x_wconf 87' lang='lat' dir='ltr'><strong>nobis</strong></span> <span class='ocrx_word' id='word_1_720' title='bbox 1332 4978 1435 5018; x_wconf 90' lang='lat' dir='ltr'><strong>non</strong></span> <span class='ocrx_word' id='word_1_721' title='bbox 1457 4972 1544 5019; x_wconf 62' lang='lat' dir='ltr'><strong>est</strong></span> <span class='ocrx_word' id='word_1_722' title='bbox 1567 4961 1618 5036; x_wconf 83' lang='grc' dir='ltr'>(ι</span> <span class='ocrx_word' id='word_1_723' title='bbox 1640 4960 1799 5018; x_wconf 83' lang='lat' dir='ltr'><strong>Joan.</strong></span> <span class='ocrx_word' id='word_1_724' title='bbox 1830 4964 1902 5036; x_wconf 85' lang='grc' dir='ltr'><strong>ι).</strong></span> <span class='ocrx_word' id='word_1_725' title='bbox 1932 4964 1996 5019; x_wconf 85' lang='lat' dir='ltr'><strong>Et</strong></span> <span class='ocrx_word' id='word_1_726' title='bbox 2018 4980 2142 5035; x_wconf 87' lang='lat' dir='ltr'><strong>pro-</strong></span> 
     </span>
    </p>
   </div>
   <div class='ocr_carea' id='block_1_105' title="bbox 524 5054 2142 5129">
    <p class='ocr_par' dir='ltr' id='par_1_105' title="bbox 524 5054 2142 5129">
     <span class='ocr_line' id='line_1_105' title="bbox 524 5054 2142 5129; baseline 0.002 -18"><span class='ocrx_word' id='word_1_727' title='bbox 524 5054 692 5129; x_wconf 73' lang='lat' dir='ltr'><strong>pheta</strong></span> <span class='ocrx_word' id='word_1_728' title='bbox 723 5054 885 5112; x_wconf 88' lang='lat' dir='ltr'><strong>dicit:</strong></span> <span class='ocrx_word' id='word_1_729' title='bbox 917 5055 1023 5125; x_wconf 85' lang='lat' dir='ltr'><strong>Qui</strong></span> <span class='ocrx_word' id='word_1_730' title='bbox 1052 5056 1350 5126; x_wconf 78' lang='lat' dir='ltr'><strong>ingreditur</strong></span> <span class='ocrx_word' id='word_1_731' title='bbox 1376 5056 1495 5111; x_wconf 89' lang='lat' dir='ltr'><strong>sine</strong></span> <span class='ocrx_word' id='word_1_732' title='bbox 1518 5056 1748 5126; x_wconf 85' lang='lat' dir='ltr'><strong>macula,</strong></span> <span class='ocrx_word' id='word_1_733' title='bbox 1780 5066 1838 5112; x_wconf 90' lang='lat' dir='ltr'><strong>et</strong></span> <span class='ocrx_word' id='word_1_734' title='bbox 1884 5068 2142 5128; x_wconf 82' lang='lat' dir='ltr'><strong>operatur</strong></span> 
     </span>
    </p>
   </div>
   <div class='ocr_carea' id='block_1_106' title="bbox 528 5148 2146 5221">
    <p class='ocr_par' dir='ltr' id='par_1_106' title="bbox 528 5148 2146 5221">
     <span class='ocr_line' id='line_1_106' title="bbox 528 5148 2146 5221; baseline 0.002 -17"><span class='ocrx_word' id='word_1_735' title='bbox 528 5149 795 5221; x_wconf 87' lang='lat' dir='ltr'><strong>justitiam</strong></span> <span class='ocrx_word' id='word_1_736' title='bbox 829 5148 1013 5219; x_wconf 83' lang='lat' dir='ltr'><strong>(Psal.</strong></span> <span class='ocrx_word' id='word_1_737' title='bbox 1042 5148 1177 5220; x_wconf 77' lang='lat' dir='ltr'><strong>xw).</strong></span> <span class='ocrx_word' id='word_1_738' title='bbox 1200 5148 1329 5204; x_wconf 83' lang='lat' dir='ltr'><strong>Sine</strong></span> <span class='ocrx_word' id='word_1_739' title='bbox 1353 5150 1583 5219; x_wconf 85' lang='lat' dir='ltr'><strong>macula,</strong></span> <span class='ocrx_word' id='word_1_740' title='bbox 1610 5150 1714 5206; x_wconf 91' lang='lat' dir='ltr'><strong>hoc</strong></span> <span class='ocrx_word' id='word_1_741' title='bbox 1733 5159 1836 5217; x_wconf 89' lang='lat' dir='ltr'><strong>est,</strong></span> <span class='ocrx_word' id='word_1_742' title='bbox 1864 5150 1982 5207; x_wconf 90' lang='lat' dir='ltr'><strong>sine</strong></span> <span class='ocrx_word' id='word_1_743' title='bbox 2007 5166 2146 5207; x_wconf 84' lang='lat' dir='ltr'><strong>mor-</strong></span> 
     </span>
    </p>
   </div>
   <div class='ocr_carea' id='block_1_107' title="bbox 494 5242 2146 5303">
    <p class='ocr_par' dir='ltr' id='par_1_107' title="bbox 494 5242 2146 5303">
     <span class='ocr_line' id='line_1_107' title="bbox 494 5242 2146 5303; baseline 0.002 -5"><span class='ocrx_word' id='word_1_744' title='bbox 494 5262 495 5265; x_wconf 54' lang='lat'>‘</span> <span class='ocrx_word' id='word_1_745' title='bbox 530 5242 736 5298; x_wconf 86' lang='lat' dir='ltr'><strong>talibus</strong></span> <span class='ocrx_word' id='word_1_746' title='bbox 755 5242 1090 5299; x_wconf 86' lang='lat' dir='ltr'><strong>criminibus.</strong></span> <span class='ocrx_word' id='word_1_747' title='bbox 1116 5242 1221 5299; x_wconf 89' lang='lat' dir='ltr'><strong>Sed</strong></span> <span class='ocrx_word' id='word_1_748' title='bbox 1249 5254 1426 5299; x_wconf 86' lang='lat' dir='ltr'><strong>tamen</strong></span> <span class='ocrx_word' id='word_1_749' title='bbox 1449 5244 1830 5300; x_wconf 72' lang='lat' dir='ltr'><strong>discretionem</strong></span> <span class='ocrx_word' id='word_1_750' title='bbox 1855 5247 1975 5302; x_wconf 86' lang='lat' dir='ltr'><strong>facit</strong></span> <span class='ocrx_word' id='word_1_751' title='bbox 2003 5247 2146 5303; x_wconf 91' lang='lat' dir='ltr'><strong>inter</strong></span> 
     </span>
    </p>
   </div>
   <div class='ocr_carea' id='block_1_108' title="bbox 536 5336 2143 5407">
    <p class='ocr_par' dir='ltr' id='par_1_108' title="bbox 536 5336 2143 5407">
     <span class='ocr_line' id='line_1_108' title="bbox 536 5336 2143 5407; baseline 0.003 -16"><span class='ocrx_word' id='word_1_752' title='bbox 536 5337 830 5407; x_wconf 85' lang='lat' dir='ltr'><strong>maculam,</strong></span> <span class='ocrx_word' id='word_1_753' title='bbox 870 5347 925 5393; x_wconf 88' lang='lat' dir='ltr'><strong>et</strong></span> <span class='ocrx_word' id='word_1_754' title='bbox 961 5337 1250 5402; x_wconf 83' lang='lat' dir='ltr'><strong>maculam,</strong></span> <span class='ocrx_word' id='word_1_755' title='bbox 1277 5336 1327 5392; x_wconf 91' lang='lat' dir='ltr'><strong>id</strong></span> <span class='ocrx_word' id='word_1_756' title='bbox 1351 5345 1454 5405; x_wconf 85' lang='lat' dir='ltr'><strong>est,</strong></span> <span class='ocrx_word' id='word_1_757' title='bbox 1487 5338 1610 5407; x_wconf 85' lang='lat' dir='ltr'><strong>quia</strong></span> <span class='ocrx_word' id='word_1_758' title='bbox 1634 5336 1737 5395; x_wconf 83' lang='lat' dir='ltr'><strong>etsi</strong></span> <span class='ocrx_word' id='word_1_759' title='bbox 1780 5340 1897 5394; x_wconf 85' lang='lat' dir='ltr'><strong>sine</strong></span> <span class='ocrx_word' id='word_1_760' title='bbox 1925 5339 2143 5396; x_wconf 86' lang='lat' dir='ltr'><strong>minutis</strong></span> 
     </span>
    </p>
   </div>
   <div class='ocr_carea' id='block_1_109' title="bbox 535 5431 2143 5502">
    <p class='ocr_par' dir='ltr' id='par_1_109' title="bbox 535 5431 2143 5502">
     <span class='ocr_line' id='line_1_109' title="bbox 535 5431 2143 5502; baseline 0.001 -13"><span class='ocrx_word' id='word_1_761' title='bbox 535 5444 659 5489; x_wconf 82' lang='lat' dir='ltr'><strong>esse</strong></span> <span class='ocrx_word' id='word_1_762' title='bbox 689 5445 797 5486; x_wconf 88' lang='lat' dir='ltr'><strong>non</strong></span> <span class='ocrx_word' id='word_1_763' title='bbox 818 5445 1129 5501; x_wconf 83' lang='lat' dir='ltr'><strong>possumus:</strong></span> <span class='ocrx_word' id='word_1_764' title='bbox 1167 5442 1343 5486; x_wconf 86' lang='lat' dir='ltr'><strong>tamen</strong></span> <span class='ocrx_word' id='word_1_765' title='bbox 1394 5433 1446 5487; x_wconf 79' lang='lat' dir='ltr'><strong>in</strong></span> <span class='ocrx_word' id='word_1_766' title='bbox 1496 5432 1696 5502; x_wconf 58' lang='lat' dir='ltr'><strong>iuniore</strong></span> <span class='ocrx_word' id='word_1_767' title='bbox 1745 5431 1983 5490; x_wconf 86' lang='lat' dir='ltr'><strong>incidere</strong></span> <span class='ocrx_word' id='word_1_768' title='bbox 2037 5450 2143 5490; x_wconf 87' lang='lat' dir='ltr'><strong>non</strong></span> 
     </span>
    </p>
   </div>
   <div class='ocr_carea' id='block_1_110' title="bbox 533 5520 2140 5597">
    <p class='ocr_par' dir='ltr' id='par_1_110' title="bbox 533 5520 2140 5597">
     <span class='ocr_line' id='line_1_110' title="bbox 533 5520 2140 5597; baseline 0.002 -18"><span class='ocrx_word' id='word_1_769' title='bbox 533 5522 815 5579; x_wconf 86' lang='lat' dir='ltr'><strong>debemus.</strong></span> <span class='ocrx_word' id='word_1_770' title='bbox 846 5520 912 5577; x_wconf 87' lang='lat' dir='ltr'><strong>In</strong></span> <span class='ocrx_word' id='word_1_771' title='bbox 932 5524 1013 5578; x_wconf 84' lang='lat' dir='ltr'><strong>via</strong></span> <span class='ocrx_word' id='word_1_772' title='bbox 1035 5541 1051 5577; x_wconf 88' lang='lat'><em>:</em></span> <span class='ocrx_word' id='word_1_773' title='bbox 1076 5527 1164 5597; x_wconf 85' lang='lat' dir='ltr'><strong>qui</strong></span> <span class='ocrx_word' id='word_1_774' title='bbox 1194 5526 1459 5581; x_wconf 77' lang='lat' dir='ltr'><strong>ambulant</strong></span> <span class='ocrx_word' id='word_1_775' title='bbox 1484 5527 1537 5579; x_wconf 85' lang='lat' dir='ltr'><strong>in</strong></span> <span class='ocrx_word' id='word_1_776' title='bbox 1556 5525 1665 5597; x_wconf 83' lang='lat' dir='ltr'><strong>lege</strong></span> <span class='ocrx_word' id='word_1_777' title='bbox 1694 5525 1921 5580; x_wconf 84' lang='lat' dir='ltr'><strong>Domini.</strong></span> <span class='ocrx_word' id='word_1_778' title='bbox 1948 5525 2013 5581; x_wconf 87' lang='lat' dir='ltr'><strong>In</strong></span> <span class='ocrx_word' id='word_1_779' title='bbox 2038 5527 2140 5594; x_wconf 84' lang='lat' dir='ltr'><strong>via,</strong></span> 
     </span>
    </p>
   </div>
   <div class='ocr_carea' id='block_1_111' title="bbox 534 5616 2139 5692">
    <p class='ocr_par' dir='ltr' id='par_1_111' title="bbox 534 5616 2139 5692">
     <span class='ocr_line' id='line_1_111' title="bbox 534 5616 2139 5692; baseline -0.001 -15"><span class='ocrx_word' id='word_1_780' title='bbox 534 5619 591 5677; x_wconf 86' lang='lat' dir='ltr'><strong>in</strong></span> <span class='ocrx_word' id='word_1_781' title='bbox 618 5616 860 5684; x_wconf 87' lang='lat' dir='ltr'><strong>Christo,</strong></span> <span class='ocrx_word' id='word_1_782' title='bbox 890 5628 947 5673; x_wconf 93' lang='lat' dir='ltr'><strong>ut</strong></span> <span class='ocrx_word' id='word_1_783' title='bbox 976 5618 1093 5689; x_wconf 60' lang='lat' dir='ltr'><strong>ipse</strong></span> <span class='ocrx_word' id='word_1_784' title='bbox 1121 5619 1198 5674; x_wconf 85' lang='lat' dir='ltr'><strong>ait</strong></span> <span class='ocrx_word' id='word_1_785' title='bbox 1223 5638 1235 5672; x_wconf 88' lang='lat'>:</span> <span class='ocrx_word' id='word_1_786' title='bbox 1263 5619 1378 5691; x_wconf 83' lang='lat' dir='ltr'><strong>Ego</strong></span> <span class='ocrx_word' id='word_1_787' title='bbox 1406 5634 1527 5676; x_wconf 86' lang='lat' dir='ltr'><strong>sum</strong></span> <span class='ocrx_word' id='word_1_788' title='bbox 1550 5618 1632 5674; x_wconf 91' lang='lat' dir='ltr'><strong>via</strong></span> <span class='ocrx_word' id='word_1_789' title='bbox 1654 5628 1711 5675; x_wconf 87' lang='lat' dir='ltr'><strong>et</strong></span> <span class='ocrx_word' id='word_1_790' title='bbox 1734 5619 1930 5675; x_wconf 77' lang='lat' dir='ltr'><strong>veritas</strong></span> <span class='ocrx_word' id='word_1_791' title='bbox 1958 5618 2139 5692; x_wconf 83' lang='lat' dir='ltr'><strong>(Joan.</strong></span> 
     </span>
    </p>
   </div>
   <div class='ocr_carea' id='block_1_112' title="bbox 532 5708 2142 5783">
    <p class='ocr_par' dir='ltr' id='par_1_112' title="bbox 532 5708 2142 5783">
     <span class='ocr_line' id='line_1_112' title="bbox 532 5708 2142 5783; baseline 0 -16"><span class='ocrx_word' id='word_1_792' title='bbox 532 5708 668 5780; x_wconf 76' lang='lat' dir='ltr'><strong>XIV).</strong></span> <span class='ocrx_word' id='word_1_793' title='bbox 705 5709 803 5777; x_wconf 83' lang='lat' dir='ltr'><strong>Qui</strong></span> <span class='ocrx_word' id='word_1_794' title='bbox 839 5709 1102 5764; x_wconf 76' lang='lat' dir='ltr'><strong>ambulant</strong></span> <span class='ocrx_word' id='word_1_795' title='bbox 1139 5710 1192 5765; x_wconf 86' lang='lat' dir='ltr'><strong>in</strong></span> <span class='ocrx_word' id='word_1_796' title='bbox 1234 5708 1345 5783; x_wconf 78' lang='lat' dir='ltr'><strong>lege</strong></span> <span class='ocrx_word' id='word_1_797' title='bbox 1374 5708 1608 5777; x_wconf 80' lang='lat' dir='ltr'><strong>Domini,</strong></span> <span class='ocrx_word' id='word_1_798' title='bbox 1640 5708 1743 5767; x_wconf 88' lang='lat' dir='ltr'><strong>hoc</strong></span> <span class='ocrx_word' id='word_1_799' title='bbox 1766 5719 1871 5774; x_wconf 73' lang='lat' dir='ltr'><strong>eat,</strong></span> <span class='ocrx_word' id='word_1_800' title='bbox 1902 5710 1957 5765; x_wconf 90' lang='lat' dir='ltr'><strong>in</strong></span> <span class='ocrx_word' id='word_1_801' title='bbox 1989 5727 2142 5767; x_wconf 84' lang='lat' dir='ltr'><strong>man-</strong></span> 
     </span>
    </p>
   </div>
   <div class='ocr_carea' id='block_1_113' title="bbox 533 5799 2141 5875">
    <p class='ocr_par' dir='ltr' id='par_1_113' title="bbox 533 5799 2141 5875">
     <span class='ocr_line' id='line_1_113' title="bbox 533 5799 2141 5875; baseline 0.002 -17"><span class='ocrx_word' id='word_1_802' title='bbox 533 5799 676 5858; x_wconf 89' lang='lat' dir='ltr'><strong>datis</strong></span> <span class='ocrx_word' id='word_1_803' title='bbox 703 5799 867 5857; x_wconf 82' lang='lat' dir='ltr'><strong>illius.</strong></span> <span class='ocrx_word' id='word_1_804' title='bbox 903 5800 1007 5869; x_wconf 81' lang='lat' dir='ltr'><strong>Qui</strong></span> <span class='ocrx_word' id='word_1_805' title='bbox 1048 5800 1338 5869; x_wconf 77' lang='lat' dir='ltr'><strong>ambulant,</strong></span> <span class='ocrx_word' id='word_1_806' title='bbox 1372 5801 1423 5858; x_wconf 87' lang='lat' dir='ltr'><strong>id</strong></span> <span class='ocrx_word' id='word_1_807' title='bbox 1465 5811 1572 5869; x_wconf 86' lang='lat' dir='ltr'><strong>est,</strong></span> <span class='ocrx_word' id='word_1_808' title='bbox 1614 5811 1989 5875; x_wconf 76' lang='lat' dir='ltr'><strong>perseverant.</strong></span> <span class='ocrx_word' id='word_1_809' title='bbox 2039 5804 2141 5873; x_wconf 80' lang='lat' dir='ltr'><strong>Qui</strong></span> 
     </span>
    </p>
   </div>
   <div class='ocr_carea' id='block_1_114' title="bbox 2246 4681 3847 4757">
    <p class='ocr_par' dir='ltr' id='par_1_114' title="bbox 2246 4681 3847 4757">
     <span class='ocr_line' id='line_1_114' title="bbox 2246 4681 3847 4757; baseline 0.002 -22"><span class='ocrx_word' id='word_1_810' title='bbox 2246 4684 2564 4753; x_wconf 84' lang='lat' dir='ltr'><strong>margaritas</strong></span> <span class='ocrx_word' id='word_1_811' title='bbox 2608 4683 2728 4754; x_wconf 86' lang='lat' dir='ltr'><strong>ejus</strong></span> <span class='ocrx_word' id='word_1_812' title='bbox 2777 4700 2885 4743; x_wconf 84' lang='lat' dir='ltr'><strong>non</strong></span> <span class='ocrx_word' id='word_1_813' title='bbox 2930 4686 3149 4757; x_wconf 83' lang='lat' dir='ltr'><strong>projicit</strong></span> <span class='ocrx_word' id='word_1_814' title='bbox 3175 4701 3359 4744; x_wconf 82' lang='lat' dir='ltr'><strong>coram</strong></span> <span class='ocrx_word' id='word_1_815' title='bbox 3412 4686 3616 4757; x_wconf 77' lang='lat' dir='ltr'><strong>porcis</strong></span> <span class='ocrx_word' id='word_1_816' title='bbox 3644 4681 3847 4757; x_wconf 67' lang='lat' dir='ltr'><strong>(Moult-</strong></span> 
     </span>
    </p>
   </div>
   <div class='ocr_carea' id='block_1_115' title="bbox 2246 4772 3849 4850">
    <p class='ocr_par' dir='ltr' id='par_1_115' title="bbox 2246 4772 3849 4850">
     <span class='ocr_line' id='line_1_115' title="bbox 2246 4772 3849 4850; baseline 0 -21"><span class='ocrx_word' id='word_1_817' title='bbox 2246 4773 2364 4846; x_wconf 79' lang='lat' dir='ltr'><strong>vrt).</strong></span> <span class='ocrx_word' id='word_1_818' title='bbox 2393 4774 2538 4831; x_wconf 88' lang='lat' dir='ltr'><strong>Nihil</strong></span> <span class='ocrx_word' id='word_1_819' title='bbox 2571 4778 2908 4848; x_wconf 79' lang='lat' dir='ltr'><strong>negligenter</strong></span> <span class='ocrx_word' id='word_1_820' title='bbox 2933 4779 3041 4850; x_wconf 78' lang='lat' dir='ltr'><strong>agit</strong></span> <span class='ocrx_word' id='word_1_821' title='bbox 3071 4780 3124 4835; x_wconf 90' lang='lat' dir='ltr'><strong>in</strong></span> <span class='ocrx_word' id='word_1_822' title='bbox 3156 4779 3239 4833; x_wconf 86' lang='lat' dir='ltr'><strong>bis</strong></span> <span class='ocrx_word' id='word_1_823' title='bbox 3264 4794 3386 4850; x_wconf 73' lang='lat' dir='ltr'><strong>qua:</strong></span> <span class='ocrx_word' id='word_1_824' title='bbox 3407 4789 3554 4834; x_wconf 87' lang='lat' dir='ltr'><strong>sunt</strong></span> <span class='ocrx_word' id='word_1_825' title='bbox 3581 4777 3684 4834; x_wconf 82' lang='lat' dir='ltr'><strong>Dei</strong></span> <span class='ocrx_word' id='word_1_826' title='bbox 3709 4772 3849 4846; x_wconf 79' lang='lat' dir='ltr'><strong>:quia</strong></span> 
     </span>
    </p>
   </div>
   <div class='ocr_carea' id='block_1_116' title="bbox 2242 4858 3849 4943">
    <p class='ocr_par' dir='ltr' id='par_1_116' title="bbox 2242 4858 3849 4943">
     <span class='ocr_line' id='line_1_116' title="bbox 2242 4858 3849 4943; baseline -0.002 -19"><span class='ocrx_word' id='word_1_827' title='bbox 2242 4868 2346 4924; x_wconf 90' lang='lat' dir='ltr'><strong>scit</strong></span> <span class='ocrx_word' id='word_1_828' title='bbox 2377 4870 2720 4926; x_wconf 83' lang='lat' dir='ltr'><strong>maledicmm</strong></span> <span class='ocrx_word' id='word_1_829' title='bbox 2748 4885 2871 4928; x_wconf 89' lang='lat' dir='ltr'><strong>esse</strong></span> <span class='ocrx_word' id='word_1_830' title='bbox 2897 4873 2988 4943; x_wconf 85' lang='lat' dir='ltr'><strong>qui</strong></span> <span class='ocrx_word' id='word_1_831' title='bbox 3018 4873 3207 4928; x_wconf 88' lang='lat' dir='ltr'><strong>fecerit</strong></span> <span class='ocrx_word' id='word_1_832' title='bbox 3237 4887 3374 4941; x_wconf 88' lang='lat' dir='ltr'><strong>opus</strong></span> <span class='ocrx_word' id='word_1_833' title='bbox 3416 4858 3660 4929; x_wconf 80' lang='lat' dir='ltr'><strong>Domini</strong></span> <span class='ocrx_word' id='word_1_834' title='bbox 3703 4868 3849 4938; x_wconf 75' lang='lat' dir='ltr'><strong>negli-</strong></span> 
     </span>
    </p>
   </div>
   <div class='ocr_carea' id='block_1_117' title="bbox 2243 4951 3819 5033">
    <p class='ocr_par' dir='ltr' id='par_1_117' title="bbox 2243 4951 3819 5033">
     <span class='ocr_line' id='line_1_117' title="bbox 2243 4951 3819 5033; baseline 0.002 -17"><span class='ocrx_word' id='word_1_835' title='bbox 2243 4971 2432 5033; x_wconf 87' lang='lat' dir='ltr'><strong>genter</strong></span> <span class='ocrx_word' id='word_1_836' title='bbox 2462 4961 2684 5031; x_wconf 77' lang='lat' dir='ltr'><strong>(Jerem.</strong></span> <span class='ocrx_word' id='word_1_837' title='bbox 2716 4966 2925 5033; x_wconf 68' lang='lat' dir='ltr'><strong>xcvur).</strong></span> <span class='ocrx_word' id='word_1_838' title='bbox 3814 4951 3819 4955; x_wconf 56' lang='grc'><strong>’</strong></span> 
     </span>
    </p>
   </div>
   <div class='ocr_carea' id='block_1_118' title="bbox 2317 5057 3850 5135">
    <p class='ocr_par' dir='ltr' id='par_1_118' title="bbox 2317 5057 3850 5135">
     <span class='ocr_line' id='line_1_118' title="bbox 2317 5057 3850 5135; baseline 0.003 -23"><span class='ocrx_word' id='word_1_839' title='bbox 2317 5057 2625 5115; x_wconf 81' lang='lat' dir='ltr'><strong>Benedictus</strong></span> <span class='ocrx_word' id='word_1_840' title='bbox 2650 5078 2701 5116; x_wconf 85' lang='lat' dir='ltr'><strong>es</strong></span> <span class='ocrx_word' id='word_1_841' title='bbox 2719 5103 2734 5128; x_wconf 94' lang='lat'><strong>,</strong></span> <span class='ocrx_word' id='word_1_842' title='bbox 2768 5060 3012 5129; x_wconf 85' lang='lat' dir='ltr'><strong>Domine,</strong></span> <span class='ocrx_word' id='word_1_843' title='bbox 3039 5064 3164 5120; x_wconf 79' lang='lat' dir='ltr'><strong>doce</strong></span> <span class='ocrx_word' id='word_1_844' title='bbox 3184 5080 3265 5118; x_wconf 84' lang='lat' dir='ltr'><strong>me</strong></span> <span class='ocrx_word' id='word_1_845' title='bbox 3279 5065 3715 5135; x_wconf 62' lang='lat' dir='ltr'><strong>justi/indicabo</strong></span> <span class='ocrx_word' id='word_1_846' title='bbox 3738 5071 3850 5117; x_wconf 72' lang='grc' dir='ltr'><strong>ιω.</strong></span> 
     </span>
    </p>
   </div>
   <div class='ocr_carea' id='block_1_119' title="bbox 2245 5152 3853 5232">
    <p class='ocr_par' dir='ltr' id='par_1_119' title="bbox 2245 5152 3853 5232">
     <span class='ocr_line' id='line_1_119' title="bbox 2245 5152 3853 5232; baseline 0.002 -26"><span class='ocrx_word' id='word_1_847' title='bbox 2245 5152 2381 5222; x_wconf 89' lang='lat' dir='ltr'><strong>Quia</strong></span> <span class='ocrx_word' id='word_1_848' title='bbox 2412 5154 2525 5209; x_wconf 90' lang='lat' dir='ltr'><strong>scio</strong></span> <span class='ocrx_word' id='word_1_849' title='bbox 2550 5170 2701 5210; x_wconf 71' lang='lat' dir='ltr'><strong>vanae</strong></span> <span class='ocrx_word' id='word_1_850' title='bbox 2727 5155 2918 5227; x_wconf 66' lang='lat' dir='ltr'><strong>gloriae</strong></span> <span class='ocrx_word' id='word_1_851' title='bbox 2938 5156 3359 5227; x_wconf 71' lang='lat' dir='ltr'><strong>iustificatiost</strong></span> <span class='ocrx_word' id='word_1_852' title='bbox 3380 5167 3543 5229; x_wconf 77' lang='lat' dir='ltr'><strong>uias,</strong></span> <span class='ocrx_word' id='word_1_853' title='bbox 3566 5170 3715 5232; x_wconf 70' lang='lat' dir='ltr'><strong>quas</strong></span> <span class='ocrx_word' id='word_1_854' title='bbox 3734 5155 3853 5213; x_wconf 82' lang='lat' dir='ltr'><strong>Pha-</strong></span> 
     </span>
    </p>
   </div>
   <div class='ocr_carea' id='block_1_120' title="bbox 2243 5245 3855 5323">
    <p class='ocr_par' dir='ltr' id='par_1_120' title="bbox 2243 5245 3855 5323">
     <span class='ocr_line' id='line_1_120' title="bbox 2243 5245 3855 5323; baseline 0.001 -22"><span class='ocrx_word' id='word_1_855' title='bbox 2243 5247 2438 5302; x_wconf 74' lang='lat' dir='ltr'><strong>risaeus</strong></span> <span class='ocrx_word' id='word_1_856' title='bbox 2485 5245 2793 5318; x_wconf 83' lang='lat' dir='ltr'><strong>proferebat</strong></span> <span class='ocrx_word' id='word_1_857' title='bbox 2838 5249 2893 5305; x_wconf 81' lang='lat' dir='ltr'><strong>in</strong></span> <span class='ocrx_word' id='word_1_858' title='bbox 2936 5251 3172 5321; x_wconf 86' lang='lat' dir='ltr'><strong>templo,</strong></span> <span class='ocrx_word' id='word_1_859' title='bbox 3226 5267 3255 5306; x_wconf 86' lang='lat' dir='ltr'><strong>a</strong></span> <span class='ocrx_word' id='word_1_860' title='bbox 3299 5262 3351 5308; x_wconf 84' lang='lat' dir='ltr'><strong>te</strong></span> <span class='ocrx_word' id='word_1_861' title='bbox 3376 5262 3504 5307; x_wconf 79' lang='lat' dir='ltr'><strong>non</strong></span> <span class='ocrx_word' id='word_1_862' title='bbox 3535 5248 3855 5323; x_wconf 59' lang='lat' dir='ltr'><strong>processisse</strong></span> 
     </span>
    </p>
   </div>
   <div class='ocr_carea' id='block_1_121' title="bbox 2245 5341 2625 5416">
    <p class='ocr_par' dir='ltr' id='par_1_121' title="bbox 2245 5341 2625 5416">
     <span class='ocr_line' id='line_1_121' title="bbox 2245 5341 2625 5416; baseline 0.003 -21"><span class='ocrx_word' id='word_1_863' title='bbox 2245 5341 2265 5416; x_wconf 96' lang='lat'>(</span> <span class='ocrx_word' id='word_1_864' title='bbox 2287 5341 2414 5396; x_wconf 86' lang='lat' dir='ltr'><strong>Luc.</strong></span> <span class='ocrx_word' id='word_1_865' title='bbox 2449 5342 2625 5415; x_wconf 84' lang='lat' dir='ltr'><strong>xvm).</strong></span> 
     </span>
    </p>
   </div>
   <div class='ocr_carea' id='block_1_122' title="bbox 2321 5430 3854 5508">
    <p class='ocr_par' dir='ltr' id='par_1_122' title="bbox 2321 5430 3854 5508">
     <span class='ocr_line' id='line_1_122' title="bbox 2321 5430 3854 5508; baseline 0 -22"><span class='ocrx_word' id='word_1_866' title='bbox 2321 5430 2388 5487; x_wconf 86' lang='lat' dir='ltr'><strong>In</strong></span> <span class='ocrx_word' id='word_1_867' title='bbox 2416 5432 2568 5488; x_wconf 81' lang='lat' dir='ltr'><strong>labiis</strong></span> <span class='ocrx_word' id='word_1_868' title='bbox 2596 5436 2739 5489; x_wconf 24' lang='lat' dir='ltr'><strong>meis.</strong></span> <span class='ocrx_word' id='word_1_869' title='bbox 2770 5436 3103 5507; x_wconf 79' lang='lat' dir='ltr'><strong>pronuntiavi</strong></span> <span class='ocrx_word' id='word_1_870' title='bbox 3147 5437 3318 5493; x_wconf 75' lang='lat' dir='ltr'><strong>omnia</strong></span> <span class='ocrx_word' id='word_1_871' title='bbox 3352 5437 3589 5508; x_wconf 60' lang='lat' dir='ltr'><strong>judicia</strong></span> <span class='ocrx_word' id='word_1_872' title='bbox 3629 5438 3737 5493; x_wconf 81' lang='lat' dir='ltr'><strong>oris</strong></span> <span class='ocrx_word' id='word_1_873' title='bbox 3770 5434 3854 5489; x_wconf 76' lang='lat' dir='ltr'><strong>tsi.</strong></span> 
     </span>
    </p>
   </div>
   <div class='ocr_carea' id='block_1_123' title="bbox 2250 5525 3855 5605">
    <p class='ocr_par' dir='ltr' id='par_1_123' title="bbox 2250 5525 3855 5605">
     <span class='ocr_line' id='line_1_123' title="bbox 2250 5525 3855 5605; baseline 0.001 -24"><span class='ocrx_word' id='word_1_874' title='bbox 2250 5525 2820 5598; x_wconf 82' lang='lat' dir='ltr'><strong>lucumprebensibilia</strong></span> <span class='ocrx_word' id='word_1_875' title='bbox 2836 5529 2973 5588; x_wconf 84' lang='lat' dir='ltr'><strong>dicit</strong></span> <span class='ocrx_word' id='word_1_876' title='bbox 2996 5530 3290 5601; x_wconf 80' lang='lat' dir='ltr'><strong>Apostolus</strong></span> <span class='ocrx_word' id='word_1_877' title='bbox 3308 5529 3529 5600; x_wconf 80' lang='lat' dir='ltr'><strong>judicia</strong></span> <span class='ocrx_word' id='word_1_878' title='bbox 3560 5531 3663 5589; x_wconf 85' lang='lat' dir='ltr'><strong>Dei</strong></span> <span class='ocrx_word' id='word_1_879' title='bbox 3684 5529 3855 5605; x_wconf 76' lang='lat' dir='ltr'><strong>(Boni.</strong></span> 
     </span>
    </p>
   </div>
   <div class='ocr_carea' id='block_1_124' title="bbox 2249 5619 3852 5695">
    <p class='ocr_par' dir='ltr' id='par_1_124' title="bbox 2249 5619 3852 5695">
     <span class='ocr_line' id='line_1_124' title="bbox 2249 5619 3852 5695; baseline 0 -20"><span class='ocrx_word' id='word_1_880' title='bbox 2249 5620 2360 5687; x_wconf 66' lang='grc' dir='ltr'><strong>ιι).</strong></span> <span class='ocrx_word' id='word_1_881' title='bbox 2396 5619 2537 5691; x_wconf 82' lang='lat' dir='ltr'><strong>Ergo</strong></span> <span class='ocrx_word' id='word_1_882' title='bbox 2568 5622 2671 5677; x_wconf 89' lang='lat' dir='ltr'><strong>iste</strong></span> <span class='ocrx_word' id='word_1_883' title='bbox 2698 5638 2819 5693; x_wconf 71' lang='lat' dir='ltr'><strong>quas</strong></span> <span class='ocrx_word' id='word_1_884' title='bbox 2846 5622 3077 5693; x_wconf 77' lang='lat' dir='ltr'><strong>audivit,</strong></span> <span class='ocrx_word' id='word_1_885' title='bbox 3121 5633 3174 5679; x_wconf 86' lang='lat' dir='ltr'><strong>et</strong></span> <span class='ocrx_word' id='word_1_886' title='bbox 3218 5622 3406 5679; x_wconf 75' lang='lat' dir='ltr'><strong>didicit</strong></span> <span class='ocrx_word' id='word_1_887' title='bbox 3458 5638 3497 5677; x_wconf 63' lang='grc' dir='ltr'>θ</span> <span class='ocrx_word' id='word_1_888' title='bbox 3552 5623 3852 5695; x_wconf 77' lang='lat' dir='ltr'><strong>prophetis:</strong></span> 
     </span>
    </p>
   </div>
   <div class='ocr_carea' id='block_1_125' title="bbox 2247 5715 3857 5789">
    <p class='ocr_par' dir='ltr' id='par_1_125' title="bbox 2247 5715 3857 5789">
     <span class='ocr_line' id='line_1_125' title="bbox 2247 5715 3857 5789; baseline 0.001 -20"><span class='ocrx_word' id='word_1_889' title='bbox 2247 5728 2313 5770; x_wconf 89' lang='lat' dir='ltr'><strong>ea</strong></span> <span class='ocrx_word' id='word_1_890' title='bbox 2358 5723 2566 5769; x_wconf 89' lang='lat' dir='ltr'><strong>tantum</strong></span> <span class='ocrx_word' id='word_1_891' title='bbox 2619 5715 2774 5771; x_wconf 90' lang='lat' dir='ltr'><strong>labiis</strong></span> <span class='ocrx_word' id='word_1_892' title='bbox 2819 5718 3104 5785; x_wconf 88' lang='lat' dir='ltr'><strong>nuntiavit,</strong></span> <span class='ocrx_word' id='word_1_893' title='bbox 3136 5718 3230 5774; x_wconf 89' lang='lat' dir='ltr'><strong>sed</strong></span> <span class='ocrx_word' id='word_1_894' title='bbox 3261 5715 3663 5789; x_wconf 71' lang='lat' dir='ltr'><strong>credentibus,</strong></span> <span class='ocrx_word' id='word_1_895' title='bbox 3689 5724 3743 5775; x_wconf 75' lang='lat' dir='ltr'><strong>et</strong></span> <span class='ocrx_word' id='word_1_896' title='bbox 3764 5728 3857 5773; x_wconf 80' lang='lat' dir='ltr'><strong>uolt</strong></span> 
     </span>
    </p>
   </div>
   <div class='ocr_carea' id='block_1_126' title="bbox 2248 5804 2503 5877">
    <p class='ocr_par' dir='ltr' id='par_1_126' title="bbox 2248 5804 2503 5877">
     <span class='ocr_line' id='line_1_126' title="bbox 2248 5804 2503 5877; baseline -0.004 -15"><span class='ocrx_word' id='word_1_897' title='bbox 2248 5804 2503 5877; x_wconf 73' lang='lat' dir='ltr'><strong>indignis.</strong></span> 
     </span>
    </p>
   </div>
  </div>
