4008 6336
194 315 332 383 ttss

1123 320 1552 415 BREVlARlUll
1596 321 1660 377 IN
1702 319 2036 380 PSALMOS.
2085 317 2275 378 PSAL.
2320 307 2549 380 cxvtu.

3365 322 3505 384 H90

263 438 328 494 In
356 442 440 494 via
471 438 875 493 testimoniorum
904 447 1112 493 tuorum
1155 439 1433 495 delectatus
1474 453 1612 503 sum,
1663 436 1794 492 sicut
1827 433 1867 500 Α
1901 437 1972 492 cti
2000 480 2012 499 ,
2049 453 2215 506 usque
2247 438 2311 492 ad
2343 439 2636 494 sectionem
2676 447 2851 494 tamen
2887 441 3156 495 cervicum
3189 455 3404 512 semper
3446 458 3505 498 se

189 538 240 590 in
267 536 504 589 munibus
527 534 741 589 divitiis.
768 533 920 591 Sicut
947 533 1092 588 enim
1115 541 1366 590 terrenus
1393 534 1552 588 homo
1576 534 1625 586 in
1654 531 1797 603 agris

193 629 484 699 vineisque
521 627 858 683 delectatur:
895 628 963 681 ita
1010 627 1110 682 iste
1152 628 1204 682 in
1238 627 1561 683 teSlimoniis
1597 626 1686 679 Dei
1714 625 1798 694 ju-

190 723 458 778 condatur
476 723 542 776 de
563 722 896 778 coascienlitt
923 737 1075 793 pura,
1100 722 1211 794 qui,
1242 732 1550 792 contempto
1573 719 1792 784 mundo,

192 831 220 870 a
252 817 365 870 Deo
397 816 602 871 ditatus
631 827 733 871 est.

263 907 332 961 In
358 910 616 963 mandatis
642 910 745 964 tuis
772 908 1062 974 exercebar,
1097 918 1144 964 et
1170 910 1504 965 considerabo
1526 911 1632 964 rius
1656 917 1792 963 tuas.

188 1001 522 1057 Exercitatio
553 1001 845 1058 assiduitas
879 1003 1058 1072 operis
1089 1013 1190 1058 est.
1224 1004 1284 1056 lit
1315 1003 1449 1058 iste:
1494 1002 1594 1056 nisi
1631 1011 1793 1056 ever-

186 1096 386 1152 citatus
417 1098 467 1151 in
501 1097 768 1152 mandatis
801 1096 895 1153 Dei
925 1095 1139 1162 fuisset,
1177 1113 1280 1152 non
1313 1107 1519 1168 poterat
1547 1091 1794 1152 cumide-

186 1203 312 1245 rare
344 1189 457 1244 vias
488 1189 654 1260 ejus:
707 1189 758 1244 id
807 1199 910 1258 est,
963 1190 1288 1262 apostolicas
1338 1190 1794 1260 propheticasque

191 1281 490 1338 doctrinas.

262 1376 326 1430 In
371 1377 831 1445 iustiﬁcationibus
879 1379 984 1431 tuis
1024 1376 1330 1441 meditabor,
1376 1392 1476 1430 non
1524 1373 1795 1431 obh‘vistar

184 1486 447 1526 sermones
498 1481 627 1525 tuos.
681 1470 753 1526 Ea
805 1470 1056 1535 meditor,
1094 1471 1144 1525 in
1189 1471 1270 1525 his
1303 1483 1581 1537 exorceor,
1618 1481 1672 1524 ιιι
1705 1469 1790 1524 illa

185 1559 446 1621 oblivioni
479 1577 588 1618 nou
641 1562 893 1630 tradens,
930 1563 1127 1634 possim
1166 1580 1226 1618 ea
1275 1564 1484 1634 integre
1530 1563 1790 1634 perfecte-

183 1674 288 1731 que
317 1658 568 1730 implere.

897 1767 1078 1808 ῦιιιιῑι.

1901 529 1954 583 in
1989 530 2084 584 Dei
2117 542 2480 586 exercuerunt
2508 532 3000 600 jus'tilicationibus.

1976 622 2113 676 Nam
2147 631 2190 676 et
2221 617 2516 678 testimonia
2541 636 2627 680 tua
2659 627 2926 682 meditatio
2959 645 3068 682 utea
3092 640 3184 682 est.
3212 625 3268 684 lu
3300 629 3381 684 his
3408 630 3512 682 uti.

1898 731 2002 785 quc
2030 720 2320 788 pressaris.
2356 717 2422 772 Et
2450 719 2727 775 consilium
2761 739 2925 776 meum
2947 724 3351 796 justiﬁeatioues
3383 735 3504 780 tuas.

1898 803 2031 876 Quia
2063 811 2224 866 vitam
2257 811 2579 881 pollicentur
2609 819 2890 870 :cternam.

2582 923 2812 963 DALETII.

1970 985 2206 1050 Adlttesit
2229 999 2516 1068 parituento
2540 1003 2712 1054 anima
2736 1019 2845 1054 mea
2871 1019 2889 1055 .·
2915 1002 3113 1072 rivi/ica
3131 1020 3208 1056 me
3223 1005 3509 1058 secundant

1896 1090 2104 1142 verbum
2145 1101 2307 1146 tuum.
2351 1093 2578 1162 Corpori
2624 1095 2835 1149 mortali
2882 1097 3115 1150 animum
3162 1097 3505 1168 coniunctam

1897 1180 2177 1252 intelligo:
2219 1183 2340 1238 ideo
2383 1201 2449 1240 ne
2493 1185 2752 1243 dt‘llt‘lllm
2787 1189 3104 1256 invalescat,
3138 1207 3165 1244 a
3196 1201 3248 1248 te
3279 1203 3400 1262 peto
3433 1197 3511 1248 vi-

1895 1275 2104 1331 viﬁcari
2133 1294 2144 1330 :
2177 1275 2356 1332 sciens
2387 1282 2510 1350 qt‘t‘ia'
2557 1281 2995 1351 concupiscentia
3044 1285 3224 1338 carnis
3273 1294 3500 1341 mortem

1897 1383 2175 1441 operatur.

1979 1461 2098 1518 Vias
2129 1471 2270 1518 meas’
2296 1465 2554 1520 enuntiari
2578 1465 2685 1523 tibi.
2723 1461 3006 1536 Quomodo
3044 1467 3194 1537 dicit,
3243 1474 3507 1526 enuntiari

1896 1557 2006 1623 tibi,
2052 1571 2173 1614 cum
2227 1557 2349 1612 aﬂb‘i
2403 1557 2556 1623 dicit,
2608 1561 2824 1614 ettuntia
2873 1561 3023 1614 mihi.
3059 1561 3324 1634 Numquid
3365 1565 3503 1619 lteus

1895 1652 2097 1722 aliquid
2133 1653 2300 1706 nescit
2331 1664 2421 1705 aut
2453 1652 2698 1722 ignorat:
2731 1654 2850 1722 quia
2883 1655 2996 1720 ipse
3030 1656 3224 1724 ultique
3251 1667 3334 1712 est
3365 1674 3504 1726 pra:-

1893 1761 2044 1813 scns,
2089 1755 2143 1801 et
2194 1744 2372 1799 omnia
2425 1746 2706 1816 pr‘mvidet,
2757 1758 2809 1801 et
2861 1747 3191 1803 intrinsecus
3237 1745 3365 1805 est?
3396 1746 3502 1806 Sed

255 1848 498 1903 Retribue
527 1847 670 1902 servo
703 1853 811 1912 tuo,
841 1847 1042 1916 vivi/ica
1072 1863 1167 1910 me,
1202 1854 1246 1898 et
1273 1845 1558 1899 custodiam
1598 1855 1790 1898 sermo-
1825 1839 1868 1902 Β
1895 1841 2035 1912 ψιυὰ
2069 1841 2216 1907 dicit,
2250 1843 2353 1894 rius
2384 1859 2518 1896 meas
2547 1844 2806 1896 enuntiari
2828 1841 2938 1907 tibi,
2975 1841 3073 1896 hoc
3107 1858 3209 1912 est,
3239 1861 3301 1902 ac
3341 1848 3383 1900 si
3427 1847 3507 1902 di-

181 1958 269 1996 nes
296 1950 432 1996 tuos.
465 1940 793 1996 Constanter
815 1939 914 1994 sibi
947 1938 1172 1993 retribui
1203 1939 1272 1994 ob
1303 1937 1354 1992 id
1378 1937 1520 2008 quod
1547 1935 1652 1992 fleo
1677 1952 1786 1991 ser—

179 2033 311 2100 viat,
346 2031 690 2102 deprecatur.
725 2032 788 2086 Et
817 2033 943 2102 quia
974 2032 1146 2086 nest-it
1175 2045 1390 2086 servum
1425 2046 1482 2085 se
1511 2041 1632 2085 esse
1665 2046 1785 2100 pee-

180 2127 285 2181 cati
315 2143 330 2180 :
380 2127 431 2180 in
479 2128 594 2196 ipso
625 2128 824 2189 vivere,
859 2125 949 2194 qui
983 2126 1086 2179 vita
1127 2135 1230 2190 est,
1265 2135 1455 2195 Optat:
1488 2140 1792 2179 sermones-

180 2234 287 2290 que
314 2218 433 2288 ers
464 2218 589 2272 dum
620 2221 727 2273 vita
763 2233 1002 2288 presens
1031 2217 1290 2283 volvitur,
1325 2217 1618 2271 custodire.

254 2310 447 2365 Revela
472 2310 649 2364 oculos
679 2327 836 2378 meos,
864 2317 912 2364 rt
937 2310 1275 2364 considerabo
1306 2309 1563 2363 mirabilia
1598 2314 1660 2361 de
1684 2310 1794 2379 lege

180 2412 291 2458 tua.
323 2402 588 2474 Abstcrge
617 2406 685 2457 ab
729 2403 903 2457 oculis
949 2403 1129 2456 eordis
1178 2402 1426 2455 velamen
1479 2400 1692 2466 litterm,
1739 2409 1792 2453 et

178 2498 264 2553 lac
313 2513 399 2554 me
443 2498 708 2568 Spirituali
754 2513 915 2552 sensu
948 2497 1082 2567 legis
1111 2504 1213 2550 tum
1247 2491 1786 2550 mirabilia'eontem-

178 2592 341 2664 plari.
375 2591 429 2646 In
483 2593 681 2648 lentiae
723 2593 868 2646 enim
912 2602 1001 2644 tuo
1036 2589 1339 2644 videbimus
1383 2590 1562 2643 lumen
1604 2587 1785 2655 (Psal.

181 2686 396 2758 xxxv).

257 2779 439 2834 Incola
477 2797 571 2851 ego
609 2793 725 2833 sum
764 2780 814 2832 iu
849 2787 1004 2845 terra,
1033 2793 1133 2832 non
1161 2776 1448 2830 abscondas
1479 2789 1558 2828 me
1581 2791 1621 2827 σε
1644 2789 1791 2829 man-

181 2874 321 2928 datis
363 2876 484 2928 tuis.
529 2873 616 2929 Sic
647 2883 699 2928 et
740 2872 1026 2942 Apostolus
1064 2871 1175 2925 ait:
1211 2869 1344 2924 Dum
1374 2883 1560 2923 sumus
1587 2867 1640 2922 in
1673 2883 1790 2923 cor-

180 2981 339 3037 pore,
386 2964 796 3036 peregriuamttr
832 2979 858 3018 a
905 2963 1132 3017 Domino
1178 2962 1253 3034 (ll
1279 2960 1398 3016 Cor.
1431 2963 1509 3032 v).
1546 2960 1793 3030 Peregri-

183 3075 316 3116 num
347 3075 406 3114 se
437 3061 487 3113 in
513 3073 743 3128 corpore
779 3060 1010 3128 positum
1045 3056 1305 3126 prottlteta
1334 3054 1466 3108 dicit
1508 3068 1535 3106 ει
1579 3053 1788 3108 ccelesti

191 3151 542 3224 frequentia:
578 3151 700 3222 quia
761 3151 863 3204 scit
913 3149 1029 3203 haec
1076 3147 1324 3201 inundata
1375 3143 1427 3200 in
1482 3145 1690 3200 thronis
1736 3153 1790 3198 et

1898 1943 2017 1989 cat:
2050 1935 2129 1989 'l‘u
2163 1935 2248 1988 dic
2280 1936 2424 2005 prius
2469 1937 2783 2006 iniquitates
2820 1943 2936 2012 tuas
2977 1935 3141 2008 (Is/ti.
3186 1944 3362 2010 xuii),
3404 1944 3505 1998 hoc

1895 2033 1998 2098 est,
2035 2037 2123 2083 tua
2158 2035 2318 2098 Opera
2351 2048 2360 2082 :
2399 2029 2550 2100 quod
2576 2042 2766 2085 Contta
2813 2035 3123 2089 mandatum
3175 2033 3262 2090 llei
3306 2038 3459 2106 egis‘ti
3490 2056 3500 2066 ο

1896 2122 2115 2178 enttntia
2154 2133 2248 2192 per
2279 2122 2679 2178 cttnl‘es.~ionem
2709 2127 2789 2178 vel
2826 2126 3220 2194 ptenitentiaut,
3260 2135 3314 2180 ut
3339 2126 3498 2197 justi-

1897 2213 2075 2271 liceris
2105 2217 2154 2269 in
2188 2216 2530 2270 sermonibus
2567 2217 2678 2270 Uei.

1975 2305 2098 2361 Vias
2122 2325 2255 2361 meas
2277 2309 2565 2372 enuntiari,
2591 2316 2639 2360 et
2668 2309 2929 2363 estaudiin
2958 2328 3034 2363 me
3054 2327 3071 2364 :
3102 2311 3230 2364 (lore
3255 2313 3505 2382 mcjusti-

1895 2402 2163 2465 [tentiones
2196 2411 2344 2454 tuas:
2380 2400 2502 2455 Vias
2533 2402 2734 2470 peetrati
2784 2402 2885 2455 mei
2936 2406 3215 2457 con‘es‘sus
3263 2420 3404 2470 sunt,
3453 2413 3504 2458 et

1894 2487 2146 2546 remisisti
2175 2507 2185 2544 :
2223 2505 2363 2545 nunc
2395 2492 2698 2546 doctrinam
2732 2494 2965 2564 indulge,
2997 2497 3119 2564 quia
3154 2493 3202 2548 itt
3230 2495 3497 2562 justilit-a-

1896 2585 2134 2639 tionibus
2167 2586 2271 2639 tuis
2298 2585 2548 2640 edocear.

1979 2678 2124 2732 Viam
2144 2680 2581 2750 justiﬁcationum
2615 2691 2819 2732 tumuti
2863 2682 3058 2735 instrue
3100 2699 3194 2735 me.
3230 2681 3499 2738 ,Ιιιδιίίίοεὶι

1897 2771 2068 2826 tiones
2096 2786 2230 2841 quas
2260 2771 2389 2842 legis
2422 2773 2596 2826 littera
2635 2774 2872 2841 protulit,
2898 2775 3248 2842 spiritualiter
3267 2775 3496 2846 capiam.

1896 2864 1964 2919 Et
1987 2865 2260 2920 exercebar
2291 2867 2341 2919 in
2373 2866 2696 2920 mirabilibus
2725 2868 2846 2920 tuis.
2885 2868 2940 2920 In
2969 2868 3230 2937 apostolis
3259 2869 3500 2924 caeteris-

1894 2977 1998 3032 que
2029 2961 2286 3015 doctrinis
2313 2962 2717 3031 eet-lesiastiCls,
2748 2971 2868 3032 qua:
2898 2963 2948 3016 in
2977 2978 3037 3017 ea
3069 2974 3194 3019 sunt
3242 2964 3502 3035 ﬁguratur.

1967 3053 2278 3109 Dormitavit
2303 3056 2478 3108 anima
2502 3071 2633 3110 mea.
2667 3055 2728 3110 ln‘
2758 3055 2914 3126 hujus
2940 3057 3232 3113 habitaculi
3265 3062 3506 3113 tttortalis

1897 3152 2151 3207 statione.
2192 3149 2312 3204 Prw
2337 3149 2514 3206 tazdio.
2543 3151 2936 3206 lmbecillit'ttis‘
2961 3167 3260 3222 COI’pH‘CCU.
3296 3151 3504 3223 Con/ir-

187 3244 654 3301 dominationibus
699 3241 963 3299 contineri
992 3258 1005 3295 :
1048 3255 1166 3311 qua:
1195 3239 1297 3293 sibi
1327 3253 1394 3294 ne
1423 3239 1790 3304 occultentur,
1825 3247 1870 3312 (ζ
1903 3259 1986 3299 ma
2018 3259 2100 3300 me
2129 3247 2181 3299 in
2224 3244 2387 3298 verbis
2431 3247 2555 3299 tuis.
2587 3243 2660 3302 Ut
2703 3245 2881 3300 ablato
2927 3247 3128 3316 peccati
3159 3261 3374 3313 somno,
3425 3248 3506 3301 in-

186 3337 472 3408 implorat.

262 3429 570 3499 Conrupirit
588 3429 763 3482 anima
788 3441 896 3481 mea
921 3425 1213 3481 desiderare
1227 3426 1632 3500 justiﬁcationes
1660 3432 1798 3489 tuas,

185 3527 243 3580 in
269 3525 411 3578 omni
437 3531 679 3594 tempore.
718 3521 785 3578 Ut
814 3525 926 3576 sive
957 3521 1297 3584 tttttttdtlcettt,
1324 3520 1439 3575 sive
1461 3519 1658 3580 bibam.
1688 3517 1801 3572 sive

189 3619 340 3675 aliud
371 3619 497 3684 quid
525 3615 716 3672 faciam
746 3635 755 3668 :
789 3630 882 3671 eas
911 3626 1130 3686 semper
1160 3605 1487 3680 desiderem,
1529 3612 1758 3666 mediter
1785 3652 1798 3676 ,

191 3712 627 3783 apprehendam.

269 3804 562 3877 Inc-repain
603 3804 870 3872 superbos.
922 3801 994 3859 Ut
1032 3815 1128 3858 eos
1170 3801 1238 3855 ad
1277 3801 1635 3854 humilitatem
1675 3812 1802 3853 san-

189 3913 362 3966 Clam,
394 3915 554 3970 quam
587 3897 843 3962 docuisti,
875 3897 1188 3951 reduceres.
1225 3892 1515 3966 Increpasti
1536 3891 1803 3960 superbos.

191 3993 288 4051 Sic
319 3994 444 4048 fecit
473 3993 713 4058 diabolo,
759 4001 813 4046 et
862 3989 1064 4056 Adam,
1119 3990 1208 4061 qui
1251 4003 1310 4044 se
1360 3989 1710 4042 elevaverunt
1755 3987 1806 4039 in

193 4085 477 4158 superbia.
515 4085 609 4140 Vel
643 4083 801 4139 modo
836 4100 930 4154 per
963 4094 1086 4137 tuos
1126 4083 1380 4136 doctores
1421 4083 1670 4151 inerepas
1710 4080 1807 4132 ad-

194 4177 473 4235 versarias
507 4187 816 4248 potestates,
854 4176 1097 4230 membra
1123 4175 1347 4239 diaboli,
1393 4171 1680 4228 haereticos
1726 4172 1809 4226 vel

192 4272 379 4327 malos
429 4270 697 4335 homines,
741 4269 828 4339 qui
875 4276 1066 4323 contra
1107 4269 1354 4321 mandata
1388 4265 1482 4320 Dei
1510 4274 1694 4335 agunt.
1730 4265 1814 4319 ln-

195 4365 442 4434 crepasti
471 4363 592 4418 illos
619 4380 713 4434 per
743 4373 862 4417 tuos
891 4372 1125 4416 sanctos.
1155 4360 1418 4414 Maledicti
1439 4364 1525 4431 qui
1551 4360 1816 4413 declinant

195 4477 235 4513 α
267 4458 533 4512 mandatis
579 4459 704 4511 tuis.
759 4455 1033 4512 Maledicti
1077 4465 1200 4510 sunt
1236 4455 1309 4509 illi
1345 4456 1434 4524 qui
1474 4469 1504 4508 a
1549 4454 1816 4508 mandatis

203 4555 305 4610 Dei
338 4552 631 4613 declinant,
659 4550 753 4605 sed
788 4559 918 4604 tunc
946 4549 1179 4620 pleniter
1202 4547 1636 4602 maledictiouem
1663 4561 1818 4601 acce-

1900 3350 2106 3396 stanter
2133 3340 2185 3394 in
2219 3339 2302 3393 his
2331 3339 2570 3410 vigilem.

1983 3433 2134 3488 Viam
2165 3433 2454 3502 iniquitatis
2484 3449 2663 3489 amove
2691 3443 2842 3488 ante.
2879 3433 3219 3489 Desiderinm
3255 3433 3384 3488 illud
3417 3447 3512 3504 per

1904 3525 2048 3597 quod
2093 3526 2160 3580 ad
2209 3526 2540 3595 precandum
2574 3526 2807 3581 venitur.
2840 3523 2907 3580 Et
2936 3528 2988 3580 in
3017 3528 3127 3598 lege
3155 3536 3246 3580 tua
3277 3528 3516 3582 miserere

1907 3619 2025 3672 mei.
2061 3619 2212 3689 A'pud
2248 3627 2300 3672 te
2332 3618 2477 3674 enim
2506 3619 2589 3674 lex
2624 3619 2867 3673 instituta
2899 3630 3002 3684 εει,
3029 3628 3086 3673 ιιι
3117 3634 3334 3690 semper
3357 3622 3518 3676 mise—

1906 3713 2101 3766 rearis.

1992 3804 2140 3858 l’iam
2187 3805 2421 3859 veritatis
2462 3804 2615 3876 elegi.
2665 3803 2938 3859 Christum
2986 3806 3080 3860 Dei
3109 3805 3326 3870 Filium“,
3359 3813 3519 3876 Quem

1911 3897 2213 3969 pratvidens
2261 3908 2549 3952 venturum
2585 3898 2635 3950 itt
2668 3897 2926 3952 mundum
2956 3898 3116 3952 audio
3148 3899 3364 3953 dicere:
3400 3893 3513 3969 Ego

1911 4007 2030 4047 sum
2061 3992 2168 4054 via,
2197 3993 2414 4060 veritas,
2448 4003 2501 4046 et
2530 3994 2639 4047 vita
2673 3987 2864 4064 (Joau.
2893 3994 3024 4062 xtv).
3059 3990 3270 4047 Iudicia
3303 3999 3389 4046 tua
3413 4011 3516 4048 non

1914 4102 2028 4141 sum
2056 4087 2264 4141 oblitus.
2293 4085 2385 4141 Illa
2405 4085 2628 4156 judicia,
2655 4099 2773 4158 quae
2800 4089 2850 4140 in
2885 4085 3191 4157 Evangeliis
3219 4088 3518 4156 proferens,

1914 4180 2026 4235 ait:
2064 4179 2174 4234 lloc
2205 4189 2288 4234 est
2317 4179 2602 4249 judicium,
2631 4190 2690 4234 ut
2720 4181 2893 4234 omnis
2921 4181 3008 4250 qui
3040 4181 3216 4236 credit
3245 4181 3297 4235 in
3324 4170 3518 4236 Filium

1920 4272 2170 4329 hominis.
2209 4272 2403 4327 haheat
2437 4274 2600 4326 vitam
2632 4282 2888 4328 aeternam
2925 4273 3122 4342 (loan.
3159 4273 3262 4346 In).

1991 4366 2200 4420 Adharsi
2240 4367 2541 4420 testitttoniis
2587 4367 2710 4429 tuis,
2744 4365 2984 4435 Domine,
3031 4367 3139 4420 uoti
3184 4373 3263 4420 itte
3301 4370 3527 4438 confun-

1920 4459 2059 4514 dere.
2093 4458 2160 4513 Et
2187 4460 2308 4530 quia
2343 4459 2428 4514 his
2468 4457 2754 4515 adhaerens
2778 4502 2790 4523 ,
2840 4459 3174 4515 anteriorem
3227 4460 3527 4517 facinorum

1921 4552 2308 4625 indulgentiam
2358 4555 2570 4609 merui:
2607 4569 2790 4625 quaeso
2835 4569 2902 4610 ne
2938 4571 3023 4610 me
3068 4556 3287 4626 patiaris
3324 4556 3390 4612 de
3436 4557 3531 4612 ite--

202 4647 355 4720 pturi
386 4657 539 4700 erunt
572 4645 721 4709 mali,
755 4643 808 4697 id
851 4653 954 4709 est,
1000 4641 1241 4696 hmretici
1282 4643 1362 4695 vel
1399 4640 1635 4710 reliqui:
1679 4655 1814 4710 quo-
1844 4651 1895 4712 ι)
1924 4649 2133 4702 ratione
2167 4650 2369 4716 peccati
2409 4647 2695 4702 contundi.

203 4745 360 4800 niam
392 4741 631 4795 dicturus
653 4741 790 4794 erit:
817 4737 915 4803 Ite,
942 4735 1228 4802 maledicti,
1259 4738 1309 4790 in
1327 4737 1501 4805 ignem
1529 4745 1810 4801 :eternum,

207 4837 303 4908 qui
336 4846 556 4905 paratus
586 4844 670 4889 est
696 4833 914 4887 diabolo
940 4841 994 4886 et
1024 4832 1229 4901 angelis
1260 4831 1378 4900 ejus
1413 4829 1634 4899 (Matth.
1661 4830 1816 4900 xxv).

197 4972 200 4975 -
285 4933 450 5004 Aufer
491 4950 524 4985 a
561 4947 640 4984 me
678 4929 1032 5002 approbrium.
1083 4927 1290 4980 Percati
1341 4936 1394 4979 et
1431 4925 1718 4994 judicium.
1757 4921 1822 4976 Et

208 5034 580 5094 contemptum.
605 5023 796 5080 Judicii
831 5020 1092 5076 mortalis.
1127 5020 1263 5086 Quia
1308 5020 1596 5073 testimonia
1622 5026 1712 5071 tua
1737 5033 1826 5072 ea:-

207 5119 425 5192 quisitti.
457 5117 572 5172 Non
603 5115 774 5171 Otiose
803 5123 859 5169 et
886 5113 1286 5177 somnolentcr,
1314 5111 1406 5166 sed
1442 5121 1660 5165 strenue
1695 5110 1825 5180 vigi-

210 5213 526 5281 lanterquc.

296 5304 502 5359 Etenim
524 5305 760 5360 sederunt
786 5301 1060 5371 principes,
1086 5307 1131 5351 et
1153 5296 1422 5350 adversum
1451 5312 1528 5349 me
1548 5295 1826 5362 loqueban-

218 5414 342 5457 tur:
375 5413 549 5454 servus
587 5406 756 5451 autem
789 5405 906 5449 tuus
933 5393 1261 5448 exercebatur
1291 5390 1341 5443 in
1363 5389 1827 5462 justi/iratiouibus

214 5494 344 5550 tuis.
379 5491 531 5559 Quod
563 5493 616 5545 in
644 5489 748 5543 hoc
778 5486 1048 5541 versiculo
1083 5482 1338 5553 propheta
1373 5482 1424 5536 in
1470 5495 1530 5536 se
1568 5481 1825 5551 loquitur,

218 5586 462 5641 futurum
511 5585 562 5636 in
607 5580 868 5652 apostolis
915 5577 1246 5647 roliquhque
1291 5573 1619 5645 martyribus
1647 5571 1822 5641 videt,

219 5679 318 5752 qui
341 5678 512 5732 multa
527 5690 708 5731 coram
733 5673 946 5743 regibus
965 5680 1019 5724 et
1046 5667 1388 5740 prrsi'lihus,
1415 5667 1646 5722 Domino
1667 5667 1828 5722 etiam

221 5773 334 5828 hoc
377 5769 795 5842 praenuntiantia,
848 5764 1088 5836 perpessi
1139 5775 1264 5817 sum
1306 5759 1535 5832 (Matth.
1575 5775 1631 5830 ι,
1662 5759 1828 5815 Marc.

227 5877 350 5933 xm,
383 5873 430 5918 et
462 5860 588 5917 Luc.
627 5861 763 5932 ut).
793 5858 894 5927 Qui
927 5857 1054 5914 licet
1081 5855 1192 5913 sint
1219 5853 1452 5912 diversis
1487 5855 1664 5925 punis
1702 5855 1833 5912 atre-

2004 4739 2154 4794 Viam
2184 4739 2551 4792 mandatorum
2582 4751 2786 4794 tuorum
2817 4743 3045 4795 cucurri.
3090 4741 3317 4811 Quando
3364 4741 3532 4796 multa

1928 4834 2170 4904 patiebar
2199 4845 2418 4902 propter
2447 4832 2669 4888 verbum
2703 4834 2772 4889 ob
2812 4843 2960 4903 spem
3010 4837 3199 4889 futurus
3247 4821 3535 4888 beatitudi-

1931 4927 2032 4980 nis.
2069 4922 2204 4978 Cum
2227 4924 2472 4978 dilatares
2520 4941 2607 4979 cor
2655 4941 2840 4980 meum.
2892 4925 3025 4979 Cum
3077 4928 3127 4979 in
3178 4923 3534 4994 amplitudine

1929 5023 2236 5074 sanctarum
2268 5019 2666 5088 Scripturarum
2700 5021 3016 5089 mysterium
3049 5007 3176 5072 mihi
3219 5018 3388 5072 heatre
3415 5017 3535 5073 Tri-

1933 5113 2118 5167 nitatis
2170 5111 2492 5168 insinuares.
2541 5112 2635 5166 Vel
2684 5113 2941 5167 dilatares
2971 5125 3065 5165 cor
3097 5115 3274 5165 meum
3302 5109 3404 5165 :‘id‘
3429 5121 3534 5179 ρει,

1939 5206 1994 5261 in
2031 5205 2314 5261 latitudine
2342 5205 2642 5272 charitatis,
2675 5208 2732 5260 in"
2753 5221 2868 5276 spe,
2901 5206 2952 5258 in
2981 5203 3101 5259 lide.

2689 5315 2790 5353 HE.

2011 5392 2194 5463 Legem
2219 5403 2350 5460 pone
2379 5390 2524 5455 mihi,
2552 5389 2794 5450 Domine,
2825 5390 2956 5442 riam
2975 5389 3408 5461 justiﬁcatiouuni
3434 5398 3546 5443 tua-

1935 5501 2070 5538 rum.
2104 5483 2372 5553 Propheta
2401 5483 2453 5536 itt
2481 5497 2703 5551 persona
2737 5481 2992 5536 Ecclesia:
3015 5479 3170 5548 dicit,
3202 5480 3542 5552 Legem'pon‘c

1935 5578 2078 5631 mihi:
2114 5578 2164 5631 id
2191 5587 2296 5642 est,
2333 5577 2707 5645 temetipsum:
2740 5581 2862 5646 quia
2904 5576 2987 5629 lett
3029 5573 3280 5632 Christus
3326 5585 3429 5631 est.
3466 5574 3543 5631 A‘c

1937 5672 1980 5727 si
2010 5669 2192 5726 dicat:
2227 5665 2592 5737 Te'metipsutn
2625 5668 2753 5722 mihi
2785 5682 2943 5738 pone,
2980 5668 3080 5723 hoc
3120 5677 3223 5736 est,
3268 5669 3429 5724 dona.
3476 5667 3544 5721 Et

1941 5765 2218 5834 exquiram"
2251 5779 2364 5818 eam
2409 5775 2625 5831 semper.
2678 5761 2850 5833 Ipsam
2901 5763 3091 5832 legem,
3129 5761 3229 5818 hoc
3257 5772 3361 5829 est,
3399 5778 3550 5818 man-

1944 5854 2089 5925 datu,
2122 5857 2205 5912 vel
2237 5853 2598 5926 temetipsum.
