4008 6336
531 287 662 347 1191

1312 288 1664 348 APPENDIX
1704 288 1798 350 AD
1835 290 2086 350 TOMUM
2125 287 2576 362 SEPTIMUMS.
2619 288 3028 351 HIERONYMI.

3648 302 3759 358 “92

604 403 687 458 Du
717 403 840 458 mihi
889 403 1204 460 intellectum
1229 448 1244 473 ,
1275 415 1321 461 et
1372 409 1640 463 scrutabor
1680 408 1841 482 legem
1871 421 2032 462 tuam.
2062 407 2119 463 ld
2154 409 2199 469 Λ
2230 407 2459 464 Abt-alue
2488 407 2829 479 promisisti,
2851 411 2994 464 sicut
3019 408 3229 464 dictum
3260 417 3374 464 est.
3400 408 3454 464 In
3481 413 3665 472 semine
3688 428 3760 473 ιυυ

535 505 652 565 est,
691 503 779 551 tua
838 496 1113 550 mandata.
1155 495 1484 553 Intellectum
1511 542 1525 566 ,
1568 516 1622 554 ιιι
1675 517 1782 554 non
1830 501 1933 556 sim
1988 501 2127 556 sicut

534 605 704 661 equus
759 597 813 644 et
868 588 1077 654 mulus,
1107 590 1309 660 quibus
1341 607 1446 645 non
1481 600 1564 646 est
1609 590 1918 647 intellectus
1949 592 2122 662 (Psal.

536 682 710 754 xxxr).
739 681 982 738 Ecclesia
1010 692 1198 752 rogat,
1231 693 1290 738 ut
1320 683 1589 754 intelligat
1619 683 2011 742 discretionem
2045 686 2126 740 in-

535 784 618 831 ter
644 775 840 830 bonum
873 784 928 831 et
968 776 1202 839 malum,
1237 775 1380 831 inter
1408 777 1573 831 vitam
1603 787 1660 832 et
1688 789 1916 833 mortem
1942 819 1958 846 ,
1985 779 2127 834 inter

537 869 770 923 litteram
803 876 859 924 et
891 884 1136 924 sensum.
1185 869 1252 924 Ut
1297 867 1599 940 intelligam
1647 879 1702 926 et
1747 871 2034 941 praedicem
2073 882 2127 928 et

538 976 702 1032 opere
735 961 1010 1030 impleam.
1034 959 1099 1014 Et
1114 960 1406 1015 custodiam
1429 961 1578 1016 illam
1602 963 1654 1016 in
1679 972 1784 1017 toto
1808 963 1964 1019 corde
1991 980 2123 1020 meo.

537 1056 590 1112 ld
624 1063 740 1124 est,
767 1072 830 1112 ex
865 1065 974 1110 tota
998 1055 1315 1113 dilectione.

611 1150 792 1205 Deduc
821 1166 901 1205 me
931 1151 983 1204 in
1037 1151 1218 1204 semita
1261 1151 1623 1206 mandatorum
1653 1162 1878 1206 tuorum.
1921 1152 2128 1208 Semita

545 1246 725 1300 minor
751 1255 832 1300 est
859 1259 1017 1315 quam
1045 1244 1132 1298 via
1155 1287 1169 1312 ,
1199 1243 1298 1301 hoc
1317 1253 1430 1313 est,
1457 1256 1604 1301 arcta
1632 1287 1648 1314 ,
1680 1257 1731 1302 et
1763 1255 1988 1317 angusta
2020 1247 2123 1314 via,

542 1338 645 1395 hoc
669 1348 750 1394 est
779 1380 791 1401 ,
816 1338 1007 1392 altiora
1033 1337 1290 1393 mandata
1313 1355 1433 1410 qua:
1460 1339 1665 1397 ducunt
1684 1340 1750 1396 ad
1776 1339 1938 1395 vitam
1968 1360 1978 1394 :
2007 1342 2129 1411 quia

541 1433 648 1488 lata
665 1442 719 1489 et
739 1434 977 1504 spatiosa
998 1441 1216 1504 estquae
1237 1432 1387 1488 ducit
1415 1433 1480 1488 ad
1506 1447 1740 1490 mortem
1763 1433 1983 1506 (Matth.
2010 1433 2126 1506 vn).

545 1529 680 1597 Quia
703 1530 870 1600 ipsam
891 1529 1048 1583 volui.
1074 1528 1187 1582 Vox
1213 1527 1496 1584 Ecclesia.
1521 1529 1600 1585 Ac
1628 1530 1674 1585 si
1696 1529 1844 1586 dicat
1867 1529 2128 1585 Ecclesia:

541 1621 660 1678 Non
692 1623 984 1694 concupivi
1013 1623 1184 1688 aliud,
1221 1639 1321 1679 nec
1352 1625 1655 1680 delectatus
1687 1641 1805 1681 sum
1829 1668 1845 1693 ,
1888 1625 1993 1680 nisi
2041 1635 2130 1682 tua

540 1717 814 1774 mandata.
849 1715 976 1773 ideo
1007 1733 1140 1787 rogo
1165 1727 1223 1772 ut
1253 1733 1338 1774 me
1363 1717 1600 1775 deducas
1632 1720 1686 1775 in
1717 1728 1806 1774 tua
1835 1718 2086 1774 mandata
2113 1759 2128 1786 ,

539 1810 590 1866 id
624 1820 708 1867 est
733 1856 746 1880 ,
778 1811 1086 1882 intelligere
1114 1811 1296 1866 facias.

614 1901 824 1959 Inclina
857 1920 948 1958 cor
971 1920 1138 1958 meum
1161 1905 1212 1958 in
1242 1905 1533 1960 testimonia
1557 1915 1668 1960 tua.
1699 1905 1810 1961 Vox
1836 1906 2092 1962 Ecclesia:
2118 1924 2128 1958 :

541 1997 776 2068 Superbi
809 2013 916 2054 non
948 1999 1210 2053 inclinant
1248 2009 1341 2054 cor
1375 1999 1428 2054 in
1484 1999 1808 2055 testimoniis
1835 2000 1960 2066 Dei,
2007 2005 2134 2071 quia

540 2102 762 2166 sperant
783 2108 842 2149 se
863 2093 1086 2170 altiores
1107 2107 1229 2148 esse
1250 2133 1264 2160 ,
1291 2101 1346 2148 et
1369 2093 1562 2148 melius
1585 2093 1893 2166 intelligere
1912 2093 1979 2149 de
2005 2109 2136 2164 prm-

544 2189 717 2261 ceptis
737 2187 872 2254 Dei,
897 2202 1056 2257 quam
1092 2186 1356 2242 Ecclesia.
1384 2185 1454 2242 Et
1477 2204 1579 2242 non
1605 2188 1659 2242 in
1689 2189 1984 2243 avaritiam.
2017 2188 2134 2243 Hoc

543 2291 627 2338 est
653 2323 667 2348 ,
698 2285 991 2336 vanitatem
1022 2298 1032 2332 :
1063 2281 1192 2350 quia
1225 2279 1299 2334 illi
1330 2283 1550 2352 superbi
1592 2297 1698 2338 non
1744 2280 2009 2337 inclinant
2039 2296 2134 2337 cor

542 2375 595 2432 in
630 2372 963 2431 testimoniis
990 2373 1086 2428 Dei
1112 2389 1126 2438 ;
1159 2373 1255 2429 sed
1286 2374 1339 2428 in
1369 2374 1610 2430 vanitate
1645 2373 1728 2430 vel
1757 2374 2014 2430 avaritia.
2043 2373 2132 2427 ln-

538 2469 681 2523 clina
713 2483 813 2524 cor
844 2483 1056 2532 meum,
1086 2466 1222 2523 dicit
1247 2468 1492 2524 Ecclesia
1519 2509 1535 2534 ,
1570 2469 1622 2524 id
1654 2477 1780 2537 est,
1817 2469 1869 2522 in
1913 2467 2127 2523 humili-

543 2572 676 2629 tate,
711 2571 770 2617 ut
800 2560 930 2616 illud
962 2579 972 2613 :
1000 2560 1200 2616 Discite
1225 2575 1256 2616 a
1288 2577 1374 2617 me
1396 2561 1524 2632 quia
1561 2560 1702 2617 initis
1731 2577 1850 2617 sum
1873 2570 1928 2618 et
1958 2561 2133 2616 humi-

539 2655 606 2710 lis
631 2653 799 2710 corde
828 2653 1047 2727 (Matth.
1077 2654 1177 2727 xi).

612 2748 794 2804 Averte
813 2749 988 2802 oculos
1010 2763 1147 2803 meos
1176 2763 1236 2803 ne
1262 2748 1467 2802 videant
1496 2748 1793 2803 vanitatem.
1816 2748 1996 2804 Averte
2012 2765 2136 2804 ocu-

541 2844 616 2900 los
647 2861 806 2909 meos,
837 2843 890 2898 id
921 2852 1002 2899 est
1028 2888 1042 2912 ,
1067 2857 1260 2899 sensus
1287 2857 1438 2900 meos
1457 2890 1469 2913 ,
1499 2861 1562 2898 ne
1591 2843 1796 2900 videant
1824 2845 2132 2911 vanitatem,

543 2940 594 2995 id
621 2948 727 3002 est,
755 2937 1144 2994 defectionem.
1171 2937 1251 2994 Ac
1275 2939 1318 2993 si
1349 2939 1526 2994 dicat:
1550 2937 1624 2995 Ut
1656 2939 1708 2993 in
1742 2939 1844 2994 ista
1873 2939 2132 3006 vanitate,

542 3049 665 3104 qua:
695 3041 778 3088 est
807 3031 1051 3088 defectio
1073 3072 1088 3098 ,
1121 3047 1227 3088 non
1259 3030 1489 3088 habeam
1519 3033 1704 3088 oculos
1734 3047 1916 3097 meos,
1945 3031 1997 3087 id
2027 3041 2131 3100 est,

543 3140 737 3182 sensus
769 3140 921 3181 meos
943 3124 1174 3182 deﬁxos.
1199 3124 1308 3182 Sed
1330 3125 1457 3195 quid
1478 3166 1492 3191 ,
1514 3125 1729 3195 inquit?
1753 3123 1820 3178 In
1841 3126 1921 3178 via
1950 3133 2039 3179 tua
2063 3125 2137 3178 vi-

2228 502 2624 558 henediccntur
2651 517 2844 558 omnes
2876 503 3048 559 tribus
3078 514 3239 559 terra:
3264 502 3416 574 (Gen.
3444 506 3586 577 χιιι).

2304 597 2370 650 Et
2402 598 2724 669 respondebo
2752 597 3183 670 exprobrantibus
3215 599 3342 652 mihi
3370 599 3578 655 verbum.
3606 602 3763 662 Eccle-

2227 693 2306 747 sia
2337 692 2492 749 dicit.
2523 697 2601 748 Ac
2629 691 2674 748 si
2701 692 2849 749 dicat
2889 711 2899 745 :
2931 693 2992 750 Si
3019 695 3237 750 veneris
3274 693 3534 752 redimere
3559 712 3674 764 nos,
3694 715 3763 755 re-

2229 788 2512 858 SpOndebo
2529 788 2596 842 ad
2625 787 2746 843 illos
2759 788 2848 859 qui
2874 803 2962 844 me
2982 788 3321 856 exprobrant
3340 787 3408 844 de
3424 804 3532 844 mea
3559 791 3648 846 ﬁde
3661 808 3768 862 quo-

2232 880 2396 936 modo
2425 879 2622 945 credo,
2655 892 2709 936 et
2737 881 2930 936 dicunt
2955 899 2964 932 :
2994 880 3096 936 Ubi
3126 891 3209 936 est
3262 880 3403 935 Deus
3427 883 3616 937 vester?
3655 882 3768 940 Ecce

2229 973 2377 1030 Deus
2405 984 2614 1040 noster,
2639 974 2722 1030 vel
2755 975 2900 1029 idola
2930 973 3149 1029 illorum
3171 989 3293 1044 quae
3322 974 3522 1029 colunt.
3549 974 3664 1043 Quia
3681 994 3772 1048 spe-

2229 1067 2340 1121 ι’αυὶ
2369 1068 2423 1121 in
2468 1067 2793 1122 sermonibus
2849 1068 2972 1120 tuis.
2998 1065 3331 1122 Constanter
3352 1067 3438 1122 his
3478 1070 3772 1138 respondebo

2229 1159 2321 1230 qui
2352 1174 2544 1215 vanam
2584 1158 2775 1216 dicunt
2826 1175 2980 1231 spem
3013 1174 3190 1215 meam
3245 1175 3405 1231 quam
3454 1159 3504 1215 in
3532 1162 3769 1231 tehabeo,

2230 1252 2353 1322 quia
2377 1251 2595 1308 illorum
2621 1267 2749 1323 spes
2772 1252 2949 1308 inanis
2971 1261 3073 1308 est.

2303 1342 2372 1396 Et
2399 1362 2462 1398 ne
2485 1344 2692 1414 auferas
2714 1344 2777 1399 de
2802 1361 2891 1399 ore
2917 1361 3026 1399 meo
3046 1344 3257 1400 verbum
3283 1346 3508 1400 veritatis
3535 1364 3776 1419 usquequa-

2230 1457 2350 1512 que.
2375 1441 2490 1495 t\'on
2512 1442 2852 1497 consentiam
2876 1441 3227 1512 peccantibus
3245 1483 3260 1509 ,
3283 1457 3351 1497 ne
3371 1441 3579 1496 audiam
3603 1443 3779 1512 :Quare

2233 1541 2291 1586 tu
2319 1548 2543 1588 enarras
2567 1533 2808 1604 justitias
2861 1549 3009 1590 meas
3041 1533 3217 1607 (Psal.
3277 1534 3403 1596 ix)?
3445 1535 3574 1602 Quia
3620 1537 3668 1590 in
3713 1541 3782 1606 ju-

2241 1622 2391 1677 diciis
2440 1625 2542 1678 tuis
2565 1626 2941 1696 supersperat't'.
2970 1624 3028 1680 In
3081 1625 3166 1680 his
3219 1640 3484 1698 sperans,
3514 1641 3708 1698 semper
3731 1643 3781 1684 ea

2234 1716 2438 1785 protuli
2471 1717 2522 1772 in
2551 1717 2817 1772 Ecclesiis
2845 1717 3190 1788 populorum.

2160 1801 2206 1864 Β
2307 1805 2375 1862 Et
2393 1809 2683 1864 custodiam
2700 1808 2862 1881 legem
2887 1821 3030 1864 ruant
3051 1827 3270 1884 semper,
3293 1813 3346 1865 in
3366 1815 3606 1867 sceculum
3621 1815 3784 1868 steculi.

2236 1901 2294 1956 lu
2328 1943 2343 1968 ,
2372 1919 2594 1973 semper,
2625 1917 2787 1959 omne
2844 1912 3059 1975 tempus
3086 1907 3211 1960 vitae
3255 1906 3544 1976 praesentis
3568 1907 3789 1964 ostendit.

2237 1997 2293 2051 lu
2340 1995 2587 2052 steculum
2633 1997 2812 2052 steculi
2862 2013 2996 2054 vero
3059 1997 3299 2055 futurum
3359 1999 3613 2056 sarculum
3661 2015 3788 2056 mon-

2237 2097 2392 2145 strat.

2310 2181 2384 2236 Et
2403 2181 2739 2238 ambulabam
2767 2184 2819 2239 in
2847 2184 3143 2239 latitudine.
3168 2183 3436 2241 Dilatatus
3459 2186 3598 2241 enim
3626 2201 3726 2240 sum
3749 2186 3792 2240 in

2238 2276 2490 2332 custodia
2524 2277 2660 2348 legis
2693 2289 2816 2333 tute.
2855 2278 2991 2345 Quia
3017 2278 3267 2332 mndata
3308 2288 3398 2333 tua
3439 2279 3692 2351 exquisivi.
3719 2279 3792 2333 Di-

2242 2372 2473 2442 ligenter
2501 2387 2562 2427 ea
2588 2380 2960 2442 perscrutans.
2994 2371 3074 2428 Ad
3101 2373 3203 2429 hoc
3229 2373 3544 2444 exquisivi,
3564 2383 3618 2426 ut
3642 2371 3795 2428 crede~

2239 2481 2350 2522 rem
2376 2474 2432 2520 et
2458 2463 2844 2536 intelligerem.

2308 2557 2380 2612 Et
2411 2557 2657 2630 loquebar
2672 2559 2735 2612 de
2760 2558 3067 2614 testimoniis
3097 2558 3200 2614 tuis
3229 2559 3283 2613 in
3311 2568 3589 2630 conspectu
3618 2574 3797 2628 regunt,

2239 2664 2286 2709 et
2312 2671 2419 2708 non
2451 2653 2830 2724 confundebar.
2861 2652 3054 2710 Sciens
3083 2653 3208 2725 quia
3238 2652 3327 2722 qui
3363 2664 3417 2709 te
3449 2654 3720 2708 confitetur
3759 2651 3800 2706 in

2237 2748 2473 2815 saeculo,
2525 2745 2874 2803 conﬁteberis
2933 2762 3055 2802 eum
3107 2761 3290 2809 coram
3323 2745 3492 2802 Patre
3536 2755 3596 2812 et
3629 2744 3804 2815 angelis

2240 2841 2359 2910 ejus
2409 2839 2628 2913 (Matth.
2652 2841 2730 2910 x).
2777 2840 2888 2895 Nos
2920 2854 3052 2896 vero
3081 2840 3126 2895 si
3157 2848 3282 2896 ante
3313 2855 3478 2911 reges
3506 2849 3561 2896 et
3585 2838 3804 2910 pra-sides

2241 2946 2464 3005 prapter
2488 2933 2777 2988 Dominum
2803 2977 2818 3003 ,
2845 2935 2986 2989 sicut
3007 2942 3278 3006 martyres
3304 2933 3588 2998 iecerunt,
3612 2942 3802 3000 stemus,

2240 3028 2357 3084 sive
2381 3028 2610 3084 verbum
2641 3027 2892 3084 veritatis
2914 3027 3335 3095 annunticmus,
3366 3027 3487 3083 sive
3507 3043 3606 3099 pro
3632 3025 3805 3095 justitia

2240 3122 2590 3178 decertemus
2622 3120 2788 3194 (Ibid.
2819 3133 2866 3177 et
2899 3121 3070 3177 Marc.
3115 3123 3259 3194 xtu):
3302 3137 3412 3178 non
3457 3120 3698 3186 confusi,
3732 3117 3809 3174 sed

543 3220 694 3290 riﬁca
722 3237 818 3274 me.
846 3218 962 3275 Hoc
981 3227 1064 3275 est
1088 3261 1102 3284 ,
1136 3220 1188 3274 in
1216 3218 1523 3291 temetipso.
1552 3217 1654 3274 Vel
1688 3218 1740 3274 in
1773 3218 1879 3275 tuis
1914 3218 2137 3274 manda-
2165 3207 2207 3269 C
2242 3226 2561 3275 constantes
2591 3233 2714 3274 esse
2736 3217 3027 3274 debemus.

543 3312 615 3370 tis
647 3313 858 3369 vivilica
887 3328 974 3368 me
999 3354 1012 3377 ,
1046 3311 1096 3366 in
1131 3313 1334 3367 anima.

619 3409 956 3464 Statueservo
975 3417 1083 3462 tuo.
1102 3407 1304 3478 Populo
1317 3408 1652 3464 Christiano.
1669 3404 1952 3478 Eloquium
1967 3418 2134 3464 tuum.

548 3498 662 3556 Tua
693 3499 966 3554 mandata.
994 3498 1062 3553 In
1086 3501 1269 3555 timore
1297 3508 1406 3555 tuo.
1438 3499 1492 3556 ld
1522 3513 1638 3568 est,
1673 3510 1884 3556 sancto.

618 3592 842 3661 Amputa
895 3593 1228 3666 approbrium
1280 3611 1446 3648 meum
1494 3595 1634 3665 quod
1669 3595 1963 3667 suspicatus
2001 3611 2136 3649 sum.

548 3687 790 3745 Ecclesia
815 3685 980 3752 dicit,
1010 3686 1062 3741 id
1091 3696 1175 3742 est
1196 3729 1211 3755 ,
1239 3687 1400 3754 tolle,
1425 3687 1614 3757 capula
1631 3728 1646 3754 ,
1672 3702 1794 3743 seca
1817 3729 1831 3753 ,
1850 3686 1993 3757 quod
2022 3702 2141 3742 sus-

547 3782 761 3854 picatus
789 3796 909 3837 sum
937 3781 1004 3838 ab
1053 3783 1175 3838 aliis
1203 3782 1578 3853 opprobrium.
1612 3781 1978 3852 Opprohrium
2008 3781 2140 3837 illud

545 3873 694 3945 quod
726 3873 978 3930 dicebant
1007 3873 1279 3944 gentiles:
1310 3872 1501 3929 Cultor
1541 3890 1600 3929 es
1629 3873 1913 3929 cruciﬁxi:
1944 3873 2139 3928 adora~

549 3976 633 4023 tor
653 3982 712 4023 es
737 3968 876 4023 male
904 3967 1106 4022 mortui
1133 3984 1143 4021 :
1172 3974 1464 4024 venerator
1485 3982 1545 4023 es
1574 3967 1758 4034 occisi,
1779 3978 1830 4022 et
1856 3966 2140 4022 dicebant:

549 4059 689 4117 Ecce
734 4061 875 4116 Deus
899 4071 1112 4128 noster,
1143 4075 1305 4131 quem
1358 4075 1456 4116 vos
1486 4061 1668 4116 dicitis
1713 4060 2140 4116 maunfactilem.

553 4153 652 4211 Ubi
679 4163 764 4211 est
810 4153 955 4210 Deus
996 4155 1204 4211 vester?
1236 4153 1449 4211 Veniat.
1483 4153 1636 4222 Quod
1663 4156 1952 4228 suspicatus
2005 4171 2141 4209 sum.

553 4249 693 4318 Quid
725 4248 1147 4322 suspicabantur
1176 4249 1297 4304 illi?
1328 4247 1481 4315 Quod
1513 4249 1776 4305 fallaciam
1820 4248 2146 4305 observaret

553 4341 799 4398 Ecclesia
823 4343 1113 4413 ,quoniam
1144 4341 1422 4398 Christum
1473 4341 1757 4398 adorabat.
1791 4342 2146 4415 Quiajudicia

553 4445 644 4489 tua
665 4436 921 4505 jucunda.
954 4434 1011 4491 id
1033 4445 1146 4500 est,
1169 4436 1317 4491 clara
1343 4454 1354 4488 :
1383 4435 1503 4491 laeta
1531 4435 1597 4490 ad
1622 4435 1745 4490 illos
1767 4435 1858 4505 qui
1881 4445 2066 4490 amant
2091 4443 2146 4491 et

554 4525 900 4596 desiderant,
947 4527 998 4581 id
1029 4537 1112 4584 est
1132 4571 1145 4594 ,
1179 4542 1284 4582 non
1337 4527 1682 4595 nolentibus,
1707 4529 1804 4583 sed
1835 4526 2145 4583 volentibus

553 4620 703 4676 clara
726 4628 783 4674 et
801 4619 1040 4689 jucunda
1064 4629 1218 4676 sunt.

625 4711 762 4768 Ecce
787 4715 1059 4785 concupivi
1087 4720 1336 4770 mandata
1355 4725 1443 4770 tua
1464 4731 1481 4769 :
1500 4717 1553 4771 in
1578 4717 1816 4788 wquitate
1837 4724 1925 4770 tua
1945 4715 2146 4784 vivi/ica

553 4820 654 4861 me.
687 4803 865 4862 Unum
907 4812 994 4860 est
1015 4845 1030 4871 ,
1060 4805 1320 4874 Domine,
1354 4817 1457 4862 tua:
1503 4807 1875 4863 miserationis
1902 4808 2101 4862 donum
2129 4851 2144 4877 ,

556 4909 615 4957 ut
635 4900 851 4968 elaquia
881 4909 1068 4957 sancta
1095 4902 1501 4970 custodientes,
1528 4902 1581 4958 in
1615 4912 1704 4957 tua
1731 4902 1988 4973 aequitate
2010 4903 2147 4958 vivi-

557 4995 800 5061 ﬁcemur,
833 4995 936 5050 hoc
965 5004 1051 5051 est
1075 5037 1090 5063 ,
1122 5010 1246 5052 cum
1272 4995 1541 5067 aequalem
1566 5004 1619 5052 te
1643 4995 1788 5052 Patri
1815 4995 2152 5067 Spirituique

555 5097 748 5144 sancto
771 5085 1022 5144 fatemur.

1291 5217 1413 5258 νΑν.

629 5361 697 5417 Et
728 5363 892 5418 veniat
918 5378 1074 5435 super
1094 5380 1174 5418 me
1193 5363 1554 5420 misericordia
1583 5373 1692 5429 tua,
1708 5363 1944 5421 Domine.
1965 5364 2034 5422 Ut
2055 5365 2149 5422 dc-

555 5455 682 5513 iicta
713 5457 980 5513 remittas.
1017 5456 1082 5511 Et
1123 5457 1355 5512 salutare
1385 5467 1531 5513 tuum
1556 5459 1842 5513 secundum
1887 5460 2150 5530 eloquium

556 5562 718 5607 tuum.
775 5550 888 5606 lloc
942 5560 1029 5606 est
1055 5549 1325 5616 salutare.
1357 5551 1635 5622 eloquium
1665 5552 1808 5624 quod
1842 5568 1938 5623 per
1981 5553 2146 5609 alium

558 5643 859 5717 promisisti
892 5643 1212 5716 prophetam
1236 5687 1250 5712 ,
1285 5643 1472 5700 dicens
1499 5664 1509 5698 :
1543 5644 1679 5702 Nolo
1707 5654 1936 5702 mortem
1959 5661 2153 5717 pecca-

559 5741 722 5803 toris,
758 5738 855 5794 sed
908 5747 970 5794 ut
997 5746 1360 5795 convertatur
1409 5747 1464 5794 et
1498 5737 1643 5794 vivat
1692 5737 1909 5811 (Ezech.
1942 5742 2154 5812 χχχιιι).

561 5831 674 5889 lloc
701 5843 779 5890 est
807 5875 818 5899 ,
853 5843 913 5888 ut
943 5833 1132 5888 venias
1193 5848 1292 5888 nos
1349 5831 1617 5891 redimere
1647 5850 1658 5886 :
1689 5833 1982 5890 secundum
2009 5835 2156 5905 quod

2314 3307 2385 3363 Et
2414 3307 2708 3362 meditabar
2732 3310 2786 3362 in
2818 3309 3082 3365 mandatis
3110 3311 3212 3364 tuis
3243 3326 3360 3382 qua:
3388 3309 3581 3365 dilexi.
3613 3307 3680 3366 Ut
3703 3321 3812 3377 Opus

2245 3403 2651 3468 meditationis,
2685 3403 3003 3460 dilectionis
3032 3405 3328 3474 perﬁceret
3359 3403 3624 3461 fructum.

2315 3495 2381 3550 Et
2412 3495 2573 3550 levavi
2591 3512 2776 3550 manus
2806 3513 2969 3552 meas.
2995 3496 3051 3552 ld
3076 3507 3191 3564 est,
3221 3499 3460 3554 elevavi.
3494 3498 3579 3553 Ad
3603 3494 3814 3551 mandata

2244 3600 2334 3644 tua
2363 3605 2479 3660 qua
2509 3589 2690 3644 dilexi.
2724 3588 2771 3644 Α
2821 3601 3050 3660 peccato
3101 3591 3365 3658 mundas,
3394 3601 3452 3648 et
3481 3593 3553 3648 ab
3583 3589 3810 3647 ell'usione

2245 3683 2562 3739 innocentis
2591 3684 2875 3754 sanguinis
2903 3685 3132 3740 alienas.
3166 3685 3231 3741 Et
3260 3687 3541 3742 exercebar
3567 3686 3618 3740 in
3650 3683 3818 3758 justiﬁ-

2246 3779 2533 3835 cationibus
2556 3779 2681 3833 tuis.
2703 3778 2775 3835 Ut
2794 3795 2914 3850 quae
2945 3780 2996 3833 in
3023 3778 3107 3834 his
3134 3767 3500 3850 per'litteram
3535 3775 3817 3834 indicaban-

2247 3881 2360 3938 tur,
2389 3871 2742 3943 spiritualiter
2763 3857 2969 3944 possim
3001 3871 3312 3928 advertere.

2973 4043 3116 4084 ΖΛΙΝ.

2323 4163 2523 4218 Memor
2545 4172 2650 4218 esto
2671 4163 2809 4218 verbi
2826 4164 2901 4218 tui
2927 4179 3072 4219 servo
3091 4174 3210 4231 tuo,
3229 4162 3491 4219 Domine:
3511 4165 3568 4220 in
3593 4180 3694 4235 quo
3719 4160 3821 4216 mihi

2247 4273 2388 4326 spem
2421 4255 2628 4312 dedisti.
2654 4255 2838 4311 Talem
2870 4271 2958 4313 me
2983 4250 3224 4326 digneris
3250 4256 3507 4324 efﬁcere,
3535 4267 3596 4312 ut
3625 4257 3826 4312 idoneus

2251 4350 2455 4405 habear
2485 4351 2577 4421 qui
2605 4349 2761 4405 verbi
2792 4350 2871 4405 tui
2908 4365 3143 4416 memor,
3175 4351 3321 4406 inter
3366 4365 3666 4420 pressuras
3694 4348 3828 4417 hujus

2250 4445 2436 4499 sa‘culi
2467 4486 2482 4510 ,
2536 4461 2633 4514 per
2672 4460 2824 4515 spem
2884 4454 3220 4501 aeternorum
3273 4444 3584 4513 bonorum,
3646 4455 3830 4498 merear

2250 4537 2521 4592 consolari
2545 4578 2560 4604 ,
2591 4538 2732 4592 sicut
2761 4538 3041 4608 sequitur:

2171 4615 2228 4676 Ι)
2327 4627 2455 4683 Ilrec
2485 4645 2566 4683 me
2593 4631 2864 4685 consolare
2886 4641 2964 4686 est
2993 4631 3047 4684 in
3078 4630 3374 4684 humilitate
3399 4647 3520 4685 mea
3547 4646 3567 4686 :
3603 4630 3724 4696 quia
3746 4627 3832 4681 elo-

2251 4723 2428 4792 quium
2461 4730 2607 4775 tuum
2639 4722 2915 4790 viviﬁcabit
2948 4740 3047 4777 me.
3077 4720 3211 4776 Cum
3262 4723 3316 4777 in
3348 4722 3626 4793 angusﬁis
3654 4720 3830 4792 posito,

2253 4823 2470 4869 arterna:
2492 4815 2621 4870 vitae
2651 4815 2906 4884 pabulum
2941 4816 3347 4872 subministrat.

2326 4907 2550 4980 Superbi
2602 4909 2772 4978 inique
2823 4909 3042 4980 agebant
3091 4926 3465 4982 usquequaque.
3501 4908 3636 4976 Qui,
3667 4907 3832 4964 relicta

2254 5001 2568 5057 humilitate
2596 5001 2983 5072 praeceptionis
3011 5002 3246 5072 divinae,
3273 5005 3326 5060 in
3357 5004 3522 5074 hujus
3552 5003 3743 5060 saeculi
3762 5016 3835 5054 va-

2259 5093 2522 5150 nitatibus
2549 5095 2977 5152 extollebantur.
3011 5096 3052 5150 Α
3099 5097 3210 5170 lege
3244 5108 3415 5152 autem
3439 5107 3535 5150 tua
3563 5113 3669 5150 non
3697 5093 3836 5149 decli-

2261 5189 2398 5242 navi.
2433 5188 2573 5256 Quia
2618 5189 2731 5244 illis
2753 5187 3088 5246 damnationi
3120 5189 3724 5262 appropinquantibus,
3750 5185 3839 5243 eri-

2257 5281 2423 5352 gebar
2442 5281 2495 5335 in
2515 5295 2602 5336 ea.

2334 5371 2538 5428 Memor
2560 5373 2637 5444 fui
2655 5372 2986 5446 judiciorum
3013 5383 3242 5429 tuorum.
3269 5373 3413 5430 Nihil
3441 5373 3497 5430 in
3522 5372 3633 5430 hac
3655 5372 3753 5427 vita
3775 5369 3840 5424 in-

2261 5464 2483 5536 dignum
2500 5466 2672 5537 gessi,
2689 5475 2939 5524 metuens
2953 5484 3022 5524 ne
3042 5469 3562 5525 hiscondemnarer.
3587 5469 3635 5522 A
3649 5464 3835 5526 secula.

2263 5557 2501 5614 Domine.
2525 5559 2609 5616 Ab
2639 5561 2795 5617 initio
2817 5561 2980 5632 hujus
3005 5563 3152 5618 vitae.
3182 5561 3250 5618 Et
3279 5561 3588 5618 consolatus
3613 5579 3742 5618 sum.
3760 5557 3839 5616 Sc-

2261 5667 2451 5707 curum
2483 5667 2570 5708 me
2601 5653 2782 5709 sciens
2809 5669 2840 5709 a
2862 5654 3076 5726 judicio
3108 5656 3324 5713 mortis.
3357 5654 3680 5712 Consolatus
3705 5669 3834 5714 sum.

2259 5745 2395 5800 dicit
2423 5744 2540 5815 ipsa
2567 5746 2838 5803 Ecclesia:
2859 5748 3002 5818 quod
3025 5749 3168 5806 Deus
3184 5749 3335 5805 venit
3357 5764 3450 5806 sua
3483 5749 3736 5806 membra
3763 5760 3836 5800 re-

2260 5838 2488 5897 dimere.
2509 5840 2672 5909 Quasi
2701 5842 2882 5900 dicat:
2903 5844 2986 5899 Ab
3017 5844 3169 5902 initio
3191 5845 3424 5916 cognovi
3451 5859 3560 5914 ego
3581 5887 3595 5911 ,
3624 5852 3680 5900 et
3705 5837 3838 5896 intel'
