4008 6336
214 274 355 341 H95

1149 272 1585 336 BBEVIARIUM
1626 272 1690 331 IN
1733 267 2063 333 PSALMOS.
2107 271 2357 332 PSALM.
2398 269 2628 331 CXVIII.
2661 268 2688 327 3

3376 239 3523 332 ttat

211 389 321 446 Iexi
377 403 478 460 per
503 386 769 460 Spiritum
800 394 1085 457 sanetum,
1116 390 1260 461 quod
1296 401 1352 446 tu
1384 399 1649 448 venturus
1684 404 1809 447 eras
1835 396 1890 453 Α
1986 391 2209 447 Paratus
2237 406 2370 457 sum,
2402 397 2452 444 et
2502 405 2607 444 non
2643 403 2760 444 sum
2806 386 3058 442 turbatus.
3109 384 3335 442 Paratus
3363 403 3510 455 sum,

210 496 478 540 ηιεατηο.

278 572 519 647 Deiectio
541 577 705 632 tenuit
728 592 804 631 me
837 592 935 645 pro
958 576 1313 649 peccatoribus
1334 578 1813 649 derelinqueutibus

210 666 372 739 legem
401 679 567 724 tuam.
590 668 706 726 Vox
723 669 1006 725 Ecclesia).
1033 668 1300 727 Aﬂ'ectum
1325 669 1693 727 miserationis
1718 686 1810 727 os-

210 761 414 831 tendit,
447 768 502 817 ut
535 762 728 819 doleat
757 777 925 836 super
955 764 1440 834 praevaricationes
1467 764 1810 836 iniquorum,

204 855 366 929 juxta
418 856 553 913 illud
585 855 876 929 Apostoli:
926 856 1010 913 0b
1061 860 1223 914 unius
1277 857 1510 914 membri
1566 857 1810 915 dolorem

208 951 625 1021 compatiuntur
671 952 856 1008 omnia
896 950 1142 1007 membra
1174 949 1222 1021 (l
1253 949 1373 1006 Cor.
1406 949 1530 1022 xu).
1577 948 1815 1020 Ideoque

210 1058 322 1102 non
353 1045 474 1099 vult
505 1058 830 1115 quemquam
864 1058 1130 1114 peccare,
1155 1043 1251 1100 sed
1279 1058 1472 1099 omnes
1502 1042 1650 1115 cupit
1669 1043 1812 1099 viam

206 1138 462 1195 veritatis
486 1130 792 1208 agnoscere
815 1137 860 1212 (Ι
887 1136 1028 1192 Tim.
1059 1136 1143 1207 tt).
1432 1206 1445 1219 ί

277 1230 587 1286 Cantabiles
615 1231 744 1285 mihi
793 1240 939 1285 erant
978 1231 1391 1304 justiﬁrationes
1439 1239 1542 1287 tua:
1570 1248 1587 1285 :
1617 1232 1673 1286 in
1699 1231 1815 1286 loco

207 1325 640 1398 peregrinationis
690 1340 835 1379 mete.
889 1324 1055 1380 Docet
1107 1339 1208 1379 nos
1248 1324 1535 1395 propheta,
1568 1325 1621 1379 in
1652 1323 1814 1394 hujus

204 1417 399 1474 mundi
438 1416 897 1487 peregrinatione,
928 1414 1231 1485 spiritualia
1250 1415 1456 1474 cantica
1486 1415 1655 1471 semel
1680 1430 1815 1471 aure

204 1519 460 1582 suscepta
504 1509 911 1565 incessabiliter
938 1508 1265 1575 decantare,
1303 1509 1431 1580 quia
1459 1523 1582 1564 cum
1626 1521 1814 1563 sumus

205 1601 261 1658 in
287 1616 523 1672 corpore
542 1643 557 1669 ,
585 1602 1001 1673 peregrinamur
1021 1616 1051 1656 a
1074 1601 1304 1656 Domino
1327 1600 1392 1671 (ll
1421 1600 1543 1657 Cor.
1565 1602 1644 1671 v).

284 1697 499 1753 Memor
530 1698 609 1769 fui
631 1705 781 1752 nocte
810 1697 1034 1752 nominis
1058 1698 1168 1765 tui,
1204 1696 1454 1763 Domine,
1487 1705 1535 1751 et
1563 1695 1816 1751 custodiri

208 1794 378 1865 legem
409 1799 578 1846 tuam.
610 1789 841 1863 Oportet
871 1791 1050 1858 enim,
1093 1790 1451 1863 fragilitatem
1482 1789 1807 1857 humanam,

203 1894 267 1942 ut
284 1900 409 1941 cum
449 1900 689 1955 semper,
727 1884 1028 1955 impensius
1057 1893 1235 1949 tamen
1268 1891 1540 1938 nocturno
1561 1892 1809 1952 tempore

206 1981 536 2037 memoriam
566 1978 730 2034 faciat
760 1977 1034 2034 Dominici
1084 1977 1325 2033 nominis
1354 1976 1399 2047 (I
1425 1974 1552 2032 Cor.
1577 1977 1653 2048 v):
1681 1990 1806 2033 cum

204 2085 300 2130 aut
328 2073 713 2131 recordatione
734 2072 1049 2129 divitiarum
1082 2072 1370 2143 premitur,
1400 2080 1494 2127 aut
1522 2072 1809 2144 concupis-

209 2169 406 2225 centia:
434 2168 558 2239 igne
588 2176 900 2241 torquetur,
928 2176 986 2223 et
1017 2167 1288 2239 praecipue
1314 2165 1420 2222 hoc
1469 2182 1722 2232 exorare,
1748 2176 1805 2223 ut

201 2260 253 2318 si
281 2261 457 2333 legem
482 2260 582 2318 Dei
607 2260 888 2318 custodire
908 2260 1074 2332 cmpit
1096 2298 1113 2329 ,
1139 2275 1207 2315 ne
1232 2259 1303 2316 ab
1329 2258 1598 2316 eademin
1622 2259 1808 2331 aliquo

207 2357 525 2413 divellatur.

280 2448 409 2505 Han:
438 2449 580 2520 facta
609 2458 683 2504 est
712 2448 877 2504 mihi:
901 2448 1024 2520 quia
1041 2448 1453 2522 justiﬁcationes
1478 2456 1595 2504 tuas
1622 2449 1803 2521 exqui-

201 2543 321 2598 sivi.
354 2540 519 2597 Facta
540 2550 623 2597 est
649 2540 784 2596 mihi
812 2541 929 2597 haec
961 2542 1047 2597 lex
1069 2541 1399 2609 consolatio,
1429 2551 1483 2598 et
1511 2556 1621 2598 non
1648 2556 1809 2597 scan-

203 2632 389 2690 dalum
416 2650 431 2689 :
457 2643 515 2689 ut
537 2633 849 2705 diligentius
866 2633 1291 2700 iustificationes
1316 2644 1434 2690 tuas
1455 2634 1691 2691 scrutari
1714 2650 1807 2690 va.

201 2726 400 2783 lerem.
423 2725 534 2782 Nos
560 2741 778 2798 quoque
806 2726 1129 2797 suppliciter
1159 2740 1451 2783 exoramus
1477 2726 1802 2783 Dominum:

201 2830 266 2877 ut
294 2820 456 2876 nobis
480 2819 905 2891 iustiﬁcationes
935 2835 1064 2876 suas
1096 2821 1376 2888 insinuet,
1406 2821 1521 2876 vias
1572 2830 1803 2886 reseret,

206 2913 482 2969 mirabilia
506 2912 780 2979 declaret,
812 2922 869 2970 et
898 2914 943 2970 si
975 2913 1105 2984 quid
1134 2914 1270 2984 legis
1300 2914 1678 2971 umbraculum
1708 2930 1807 2972 oc-

208 3005 398 3072 cultet,
424 3004 710 3062 Paracleto
731 3005 1091 3074 illuminante,
1119 3006 1347 3074 revelet,
1366 3017 1427 3063 ut
1449 3007 1494 3064 si
1516 3007 1808 3065 beatitudi-

1912 487 1980 543 ad
2020 486 2431 559 praedicandum
2464 503 2477 540 :
2506 502 2610 541 non
2634 502 2748 541 sum
2776 484 3009 538 turbatus
3041 525 3057 551 ,
3087 482 3156 538 ad
3208 483 3513 540 tribulatio-

1914 598 2038 638 nem
2067 579 2443 637 sustinendam
2478 587 2705 650 propter
2747 576 3060 633 Christum.
3092 575 3162 632 Ut
3219 576 3518 631 custodiam

1912 674 2164 729 mandata
2192 682 2303 728 tua.
2326 671 2443 728 Non
2475 687 2565 729 me
2590 669 3063 728 conturbaverunt
3092 668 3276 741 iniqua
3311 683 3514 739 expro-

1916 766 2186 823 brantium
2200 766 2404 836 iacula.

1990 858 2163 915 Funes
2193 867 2523 929 peccatorum
2549 857 2890 927 circumplexi
2934 865 3053 912 sunt
3078 872 3159 911 me
3183 900 3199 925 ,
3249 865 3299 911 et
3352 857 3515 929 legem

1916 964 2060 1008 tuam
2082 970 2184 1009 non
2210 971 2327 1009 sum
2353 952 2562 1009 oblitus.
2590 952 2674 1009 Ab
2692 951 3051 1024 improperiis
3082 950 3427 1022 peccantium
3456 964 3518 1006 se

1915 1056 2238 1117 conseptum
2268 1046 2537 1118 propheta
2584 1044 2754 1111 dicit,
2786 1059 2889 1101 nec
2940 1052 3123 1100 tamen
3156 1043 3292 1115 legis
3316 1042 3520 1100 divinas

1915 1154 1977 1194 se
2004 1143 2077 1195 ait
2108 1140 2488 1196 immemorem
2516 1158 2531 1195 :
2556 1140 2739 1197 sciens
2772 1147 3031 1209 oportere
3060 1153 3163 1195 nos
3193 1153 3292 1209 per
3320 1138 3518 1194 multas

1915 1232 2303 1288 tribulationes
2335 1231 2564 1289 introire
2589 1233 2642 1288 in
2665 1248 2895 1305 regnum
2926 1231 3027 1287 Dei
3060 1232 3198 1305 (Act.
3230 1232 3368 1303 xw).

1990 1324 2168 1380 Media
2217 1334 2363 1381 nocte
2416 1327 2688 1397 surgebam
2741 1328 2811 1379 ad
2842 1324 3196 1395 conﬁtendum
3223 1325 3335 1393 tibi,
3364 1341 3518 1396 super

1910 1417 2120 1486 judicia
2138 1418 2367 1490 justitia:
2395 1427 2517 1473 tute.
2550 1417 2667 1474 Scit
2688 1418 2831 1475 enim
2862 1418 3045 1474 medio
3070 1419 3247 1474 noctis
3274 1425 3520 1489 tempore

1916 1510 2002 1566 vel
2032 1510 2274 1580 pericula
2299 1511 2441 1580 pati,
2494 1509 2581 1566 vel
2607 1511 2832 1581 praemia
2850 1525 2911 1567 se
2932 1509 3150 1582 assequi
3180 1524 3341 1581 posse
3358 1553 3373 1576 ,
3393 1508 3517 1581 quia

1918 1603 2060 1658 sicut
2077 1602 2259 1659 media
2284 1612 2449 1660 nocte
2467 1605 2735 1674 percussit
2753 1604 2982 1674 angelus
2999 1602 3297 1676 Egyptum
3317 1601 3517 1675 (Exod.

1917 1696 2017 1768 xt),
2048 1696 2121 1750 ita
2154 1695 2335 1751 media
2367 1704 2531 1753 nocte
2579 1697 2858 1764 sapientes
2887 1695 3129 1767 virgines
3157 1697 3517 1752 introducun-

1839 1784 1888 1847 B
1917 1799 2002 1845 tur
2029 1789 2097 1845 ad
2127 1805 2394 1861 sponsum
2426 1788 2609 1862 (Matt.
2635 1789 2785 1863 xxv).
2822 1789 2890 1845 Et
2947 1789 3117 1845 multa
3155 1799 3287 1845 sunt
3314 1790 3417 1846 alia
3448 1789 3521 1847 de

1913 1882 2091 1939 media
2121 1893 2282 1939 nocte
2316 1882 2648 1940 teSIimonia.
2682 1882 2811 1939 Ideo
2842 1882 2929 1940 hie
2958 1898 3026 1940 eo
3056 1892 3304 1954 tempore
3342 1882 3519 1955 surgit

1912 1990 2038 2031 cum
2062 1975 2270 2046 judicio
2293 1991 2356 2032 ac
2376 1976 2619 2047 iustitia,
2648 1985 2707 2033 ut
2727 1976 2871 2048 quod
2900 1986 3156 2048 posceret
3196 1991 3508 2049 consequa-

1913 2078 2024 2126 tur.

1981 2161 2253 2237 Particeps
2277 2179 2372 2235 ego
2401 2181 2516 2219 sum
2541 2165 2771 2220 omnium
2813 2165 3106 2220 timentium
3154 2174 3203 2221 te
3253 2173 3304 2220 et
3346 2175 3523 2221 custo-

1911 2258 2168 2313 dientium
2194 2259 2444 2313 mandata
2474 2266 2582 2314 tua.
2613 2258 2785 2314 David
2824 2260 3096 2330 particeps
3124 2267 3244 2315 erat
3275 2259 3327 2314 in
3340 2270 3520 2333 regno

1910 2350 1979 2408 ad
2009 2367 2200 2409 omnes
2249 2352 2500 2409 homines
2528 2354 2619 2425 qui
2651 2354 2998 2411 sustinebant
3054 2355 3464 2413 tribulationem
3499 2376 3514 2426 ;

1909 2446 2150 2503 etmodo
2183 2446 2432 2503 Ecclesia
2459 2447 2730 2519 particeps
2758 2456 2844 2504 est
2885 2448 2953 2505 ad
2985 2448 3108 2504 illos
3133 2449 3223 2521 qui
3246 2449 3414 2506 Deum
3451 2453 3519 2507 ti-

1909 2547 2061 2596 ment
2092 2539 2288 2596 timore
2319 2550 2537 2609 sancto,
2565 2549 2621 2595 et
2640 2556 2739 2596 sua
2781 2540 3035 2597 mandata
3066 2542 3313 2612 implent.
3340 2541 3517 2599 Parti-

1908 2648 2038 2705 ceps
2067 2642 2155 2690 est
2178 2649 2300 2689 cum
2330 2634 2443 2690 illis
2471 2634 2523 2690 in
2559 2633 2686 2702 ﬁde,
2711 2647 2832 2705 spe,
2865 2634 3154 2692 charitate.

1982 2725 2344 2782 Misericordia
2396 2725 2614 2782 Domini
2646 2727 2800 2797 plena
2843 2736 2919 2783 est
2967 2736 3126 2784 terra.
3174 2727 3309 2785 Cum
3340 2729 3514 2786 solem

1909 2834 2068 2877 suum
2096 2821 2231 2877 oriri
2258 2821 2387 2876 facit
2413 2835 2580 2892 super
2607 2821 2780 2877 bono‘s
2810 2832 2860 2877 et
2890 2823 3087 2890 malos,
3120 2831 3172 2880 et
3199 2823 3333 2895 pluit
3352 2839 3517 2892 super

1904 2913 2083 2985 justos
2103 2923 2158 2971 et
2187 2915 2422 2984 iniustos
2446 2912 2665 2984 (Matth.
2690 2914 2766 2986 v).
2809 2913 3218 2985 Justiﬁcationes
3243 2926 3362 2972 tuas
3387 2916 3515 2973 doce

1907 3007 2102 3064 me.Ne
2114 3007 2310 3064 similis
2325 3006 2451 3063 llam
2477 3008 2561 3066 his
2584 3009 2675 3080 qui
2696 3007 2963 3066 habentes
2987 3011 3232 3068 scientia:
3255 3013 3472 3070 clavem
3494 3056 3511 3082 ,

204 3098 301 3155 nis
330 3097 566 3168 palmam
597 3113 707 3154 non
735 3099 1113 3170 adipiscimur,
1136 3100 1331 3155 saltem
1353 3101 1436 3156 vel
1470 3116 1570 3172 pro
1593 3100 1807 3157 delictis
1911 3116 2091 3172 neque
2115 3101 2216 3172 ipsi
2241 3102 2541 3165 introeunt,
2568 3116 2745 3173 neque
2770 3102 2908 3159 alios
2938 3102 3169 3162 introire
3193 3105 3515 3174 permittunt

204 3190 429 3247 veniam
450 3206 867 3262 consequamur.
897 3190 1004 3247 Per
1026 3192 1315 3248 Dominum
1345 3204 1591 3249 nostrum
1614 3192 1800 3249 .Icsum
1828 3178 1875 3243 Ο
1911 3192 2062 3267 (Luc.
2096 3190 2196 3266 xt).
2224 3194 2653 3251 Misericordiam
2694 3195 2843 3265 fecit,
2868 3198 3083 3268 quando
3108 3201 3263 3257 venit
3295 3216 3394 3258 nos
3413 3217 3512 3278 re—

202 3282 510 3349 Christum,
562 3282 656 3355 qui
702 3293 784 3339 est
830 3298 953 3339 cum
1004 3294 1213 3340 aeterno
1262 3284 1424 3342 Patre
1482 3292 1540 3341 et
1587 3284 1802 3356 Spiritu
1906 3289 2293 3347 dimere.lnde
2326 3299 2410 3345 est
2437 3290 2598 3361 plena
2629 3298 2791 3357 terra,
2822 3291 2876 3348 id
2903 3303 3007 3360 est,
3032 3304 3220 3350 sancta
3244 3296 3510 3355 Ecclesia.

200 3386 422 3444 saneto,
456 3374 653 3446 honor,
671 3384 728 3433 et
756 3383 1020 3447 potestas,
1046 3386 1101 3432 et
1125 3375 1297 3448 gloria
1319 3377 1373 3432 in
1402 3378 1607 3435 saecula
1628 3391 1806 3434 saecu-

203 3467 412 3526 lorum.
443 3466 643 3523 Amen.

209 3615 214 3618 .
279 3562 750 3620 Justilicationum
767 3607 783 3633 ,
804 3562 1185 3619 mandatorum
1209 3604 1225 3631 ,
1255 3564 1433 3637 legum
1454 3607 1470 3632 ,
1489 3564 1806 3637 viarumque

202 3661 601 3719 discretionem
628 3663 740 3731 jam
770 3661 823 3715 in
848 3660 1123 3732 superiori
1149 3660 1370 3716 humilia
1411 3660 1806 3731 descripsimus

202 3754 412 3825 (homil.
443 3754 538 3827 u):
563 3768 711 3810 nunc
732 3752 802 3809 ad
831 3762 1042 3811 octavae
1075 3753 1269 3809 littera:
1294 3753 1589 3824 capitulum
1615 3769 1803 3811 rever-

200 3857 412 3905 tamur.
1676 3856 1679 3861 λ

926 3935 1090 3976 ΠΕΤΠ.

280 4037 468 4093 Portio
516 4036 664 4108 mea,
718 4035 977 4104 Domine,
1004 4037 1120 4093 dixi
1142 4038 1404 4094 custodire
1430 4036 1597 4109 legem
1633 4046 1798 4093 tuam.

202 4132 311 4199 Qui
338 4130 599 4203 relinquit
636 4130 825 4186 mundi
863 4130 1182 4203 superbiam
1205 4170 1221 4198 ,
1253 4132 1518 4186 honorum
1546 4129 1760 4200 fastigia
1785 4171 1799 4197 ,

200 4225 631 4296 divitiarumque
644 4224 961 4295 iactantiam
982 4267 997 4294 ,
1020 4234 1074 4279 et
1099 4225 1151 4280 in
1176 4224 1318 4281 coelo
1338 4224 1568 4281 collocat
1590 4225 1801 4280 thesau-

201 4334 299 4378 ros
319 4363 333 4385 ,
359 4317 519 4389 hujus
548 4318 730 4390 portio
749 4315 986 4373 efﬁcitur
1011 4316 1156 4374 Deus
1180 4333 1197 4374 :
1225 4317 1365 4373 sicut
1384 4316 1577 4373 Petrus
1607 4318 1683 4373 ait
1708 4333 1801 4386 pa-

197 4413 464 4485 ralytico:
489 4412 788 4482 Argentum
811 4418 867 4467 et
889 4425 1084 4466 aurum
1109 4425 1219 4467 non
1244 4418 1332 4467 est
1354 4410 1515 4480 mihi;
1536 4410 1633 4468 sed
1654 4411 1799 4482 quod

199 4505 418 4569 habeo,
448 4505 553 4561 hoc
582 4504 676 4561 tibi
702 4504 810 4560 do:
852 4503 911 4559 In
964 4504 1187 4561 nomine
1214 4504 1414 4560 Christi
1442 4504 1571 4560 .lesu
1599 4520 1760 4577 surge
1782 4547 1796 4573 ,

1904 3381 2317 3454 Justiﬁcationes
2339 3391 2454 3438 tuas
2474 3383 2602 3439 doce
2630 3400 2728 3440 me.
2754 3385 2869 3442 lloc
2896 3395 3000 3454 est,
3032 3398 3120 3444 tua
3148 3390 3424 3458 mandata,
3452 3400 3513 3449 ut

1906 3477 1998 3535 illa
2028 3476 2330 3551 intelligam
2355 3488 2410 3534 et
2442 3477 2752 3550 praedicem,
2777 3489 2833 3537 et
2858 3495 3028 3554 opere
3057 3482 3339 3556 impleam.

2635 3654 2800 3696 τετυ.

1977 3751 2268 3807 Bonitatem
2299 3753 2467 3825 fecisti
2493 3769 2613 3808 cum
2638 3769 2783 3809 sert-o
2813 3762 2922 3818 tuo,
2955 3754 3199 3812 Domine.
3234 3756 3350 3814 Vox
3376 3773 3504 3829 pro-

1904 3842 2086 3915 pheta:
2116 3844 2170 3899 in
2203 3859 2433 3915 persona
2461 3844 2737 3901 Ecclesia.
2758 3844 3052 3903 Bonitatem
3080 3848 3266 3919 fecisti,
3290 3852 3507 3921 quando

1904 3935 1957 3990 in
1989 3950 2154 3992 carne
2209 3937 2409 3992 venisti
2442 3979 2458 4006 ,
2507 3946 2564 3994 et
2608 3952 2710 3994 nos
2758 3938 3080 4006 redemisti;
3113 3942 3330 4011 quando
3359 3946 3505 4015 quod

1905 4029 2205 4101 promisisti
2227 4029 2297 4085 ad
2329 4028 2630 4098 Abraham,
2663 4038 2719 4087 et
2748 4030 2987 4103 reliquos
3018 4041 3199 4102 patres
3242 4035 3506 4108 adimple-

1904 4122 1997 4188 sti,
2025 4133 2081 4178 ιιι
2112 4123 2244 4178 illud
2275 4141 2292 4192 ;
2322 4131 2378 4179 et
2405 4123 2459 4178 in
2491 4122 2700 4181 semine
2752 4133 2844 4181 tuo
2872 4125 3266 4185 benedicentur
3313 4146 3505 4190 omnes

1903 4227 2093 4289 gentes
2123 4216 2277 4290 (Gen.
2311 4216 2427 4289 xx).
2456 4217 2588 4274 Cum
2614 4235 2762 4275 servo
2781 4229 2871 4275 tuo
2904 4236 2923 4276 :
2954 4222 3154 4294 populo
3178 4224 3499 4286 christiano.

1907 4308 2209 4365 Secundum
2247 4309 2455 4365 verbum
2504 4320 2669 4367 tuum.
2704 4311 2941 4369 Verbum
2984 4312 3165 4373 Patris
3208 4316 3379 4374 Filius
3398 4329 3504 4378 est.

1906 4402 2209 4458 Secundum
2250 4402 2457 4458 verbum
2514 4412 2659 4458 tuum
2690 4414 2795 4471 ;ιιι
2843 4416 3160 4477 peccantem
3192 4425 3279 4466 me
3308 4427 3418 4468 non
3446 4414 3502 4470 in

1906 4493 1984 4550 ira
2013 4495 2373 4566 punires,sed
2400 4496 2775 4553 misericordia
2804 4500 3191 4556 consolareris.
3210 4501 3501 4561 Bonitatem

198 4606 262 4655 ει
310 4597 529 4652 ambula
563 4597 701 4668 (Λα,
731 4595 833 4667 ιιι),
868 4594 915 4652 Ο
942 4612 1173 4666 magnus
1220 4594 1509 4653 thesaurus
1531 4642 1545 4667 ,
1597 4613 1631 4654 ο
1674 4598 1798 4654 teli-
1825 4587 1882 4650 D
1906 4595 1953 4642 et
1998 4587 2351 4662 disciplinam,
2381 4599 2427 4645 et
2479 4590 2747 4645 scientiam
2791 4592 2918 4647 doce
2945 4609 3047 4650 me.
3074 4594 3189 4653 v0!
3221 4595 3504 4657 Ecclesiae.

199 4690 356 4747 cium
383 4689 692 4745 divitiarum
722 4688 975 4760 egregius
999 4688 1280 4755 cumulus,
1300 4699 1360 4745 ttt
1383 4691 1473 4761 qui
1501 4690 1672 4762 legem
1700 4691 1798 4747 Dei

199 4782 481 4848 custodit.
510 4793 565 4839 et
613 4783 768 4855 cujus
817 4784 961 4839 Deus
987 4792 1073 4840 est
1111 4784 1321 4855 portio,
1368 4783 1612 4841 morbida
1645 4793 1801 4843 curet

199 4877 587 4936 inﬁrmitatum
612 4879 626 4933 !

280 4969 600 5042 Deprecatus
643 4985 758 5024 sum
793 4970 980 5039 faciem
1025 4979 1169 5024 tuam
1217 4970 1271 5024 in
1318 4979 1427 5025 toto
1455 4970 1613 5026 corde
1660 4987 1797 5027 meo.

199 5068 357 5123 Bene
410 5063 677 5135 propinata
728 5072 843 5118 ιοιο
869 5063 1035 5119 corde
1082 5062 1413 5134 deprecatur
1441 5062 1635 5120 faciem
1668 5064 1798 5132 Dei,

197 5159 300 5232 qui
328 5155 587 5213 mundum
611 5170 709 5211 cor
729 5170 789 5211 se
817 5157 967 5210 novit
989 5153 1211 5210 habere.
1247 5153 1398 5210 Beati
1424 5154 1569 5210 enim
1600 5156 1802 5212 mundo

198 5250 411 5318 corde,
439 5250 702 5322 quoniam
726 5249 829 5318 ipsi
858 5249 1029 5305 Deum
1053 5248 1319 5304 videbunt
1343 5247 1564 5319 (Matth.
1590 5247 1669 5321 v).
1700 5248 1805 5304 Mi-

198 5360 377 5402 serere
406 5345 501 5398 mei
533 5343 814 5398 secundum
842 5343 1103 5415 eloquium
1146 5351 1311 5397 tuum.
1360 5341 1466 5397 Per
1494 5345 1638 5413 quod
1673 5358 1802 5415 pro-

198 5437 408 5496 misisti
451 5448 505 5492 ut
538 5446 882 5507 peccatorem
914 5437 967 5491 in
998 5447 1176 5493 morte
1212 5451 1321 5493 non
1346 5435 1612 5492 obrueres
1638 5479 1653 5506 ,
1703 5436 1801 5495 sed

197 5529 583 5591 misericordia
622 5529 1008 5586 consolareris.

278 5621 512 5696 Cogitavi
533 5625 640 5677 vias
656 5638 817 5677 mens.
840 5621 993 5691 Quod
1010 5629 1172 5679 recta:
1195 5629 1369 5679 erant.
1390 5620 1459 5677 Et
1475 5623 1698 5677 converti
1716 5639 1804 5694 pe-

198 5720 301 5775 des
327 5732 466 5771 meos
503 5716 561 5771 in
584 5715 882 5771 testimonia
908 5725 1017 5770 tua.
1045 5714 1251 5772 Sensus
1282 5730 1436 5772 meos
1465 5715 1521 5770 in
1552 5722 1645 5770 tua
1665 5730 1807 5787 prae-

196 5819 367 5884 cepta
394 5826 407 5864 :
435 5819 493 5867 ut
521 5808 816 5866 observare
838 5808 1072 5865 debeam
1097 5851 1111 5873 ,
1139 5820 1194 5864 et
1222 5824 1388 5879 opere
1409 5809 1735 5881 compleam.

532 5906 809 5968 Ρλτιιοι..
872 5903 1100 5970 XXVI.

1912 4683 2049 4737 Ante
2074 4679 2339 4737 debuerat
2363 4681 2549 4739 dicere
2581 4682 2885 4753 scientiam,
2918 4696 2974 4742 et
3016 4697 3206 4759 postea
3261 4691 3506 4763 discipli-

1907 4791 2028 4831 nam
2061 4775 2223 4845 ;quia
2252 4792 2359 4831 non
2390 4785 2572 4847 potest
2614 4776 2780 4834 homo
2820 4779 2997 4837 bonus
3034 4796 3156 4840 esse
3185 4784 3293 4841 nisi
3320 4786 3505 4842 scien-

1908 4869 2039 4925 tiam
2073 4868 2286 4924 habeat.
2316 4869 2542 4938 Qualem
2574 4871 2868 4929 bonitatem
2894 4888 2954 4931 se
2982 4874 3109 4933 dicit
3131 4877 3346 4936 facere?
3370 4880 3508 4949 Quia

1907 4960 2001 5016 dat
2033 4960 2261 5030 pluviam
2293 4976 2457 5033 super
2488 4971 2714 5031 terram,
2746 4973 2804 5021 et
2830 4967 2958 5023 facit
2984 4969 3154 5023 solem
3186 4986 3345 5027 suum
3372 4972 3511 5029 oriri

1909 5068 2075 5125 super
2096 5055 2272 5110 bonos
2300 5064 2354 5111 et
2379 5054 2573 5127 malos,
2598 5066 2653 5112 et
2680 5057 2818 5128 pluit
2846 5075 3011 5131 super
3046 5062 3226 5131 justos
3264 5073 3321 5120 et
3367 5065 3512 5136 inju-

1912 5157 2047 5206 stos.
2077 5146 2148 5203 Et
2187 5147 2544 5219 disciplinam,
2574 5148 2682 5206 hoc
2707 5158 2793 5207 est
2814 5191 2830 5215 .
2862 5158 2921 5207 ut
2944 5153 3197 5223 primitus
3238 5156 3292 5211 in
3326 5172 3385 5213 se
3414 5157 3510 5215 de-

1911 5242 2037 5299 beat
2064 5257 2407 5309 mensurare,
2440 5251 2497 5299 et
2520 5242 2699 5300 facere
2737 5242 3106 5314 disciplinam,
3148 5255 3206 5302 et
3243 5261 3427 5319 postea
3452 5251 3508 5306 in

1913 5338 2053 5394 aliis.
2085 5337 2153 5392 Et
2170 5337 2463 5406 scientiam,
2495 5335 2597 5391 hoc
2636 5344 2741 5400 est,
2769 5344 2829 5391 ut
2871 5336 3260 5397 discretionem
3286 5342 3506 5411 habeat,

1915 5439 1972 5487 et
2000 5432 2139 5488 sciat
2161 5430 2477 5487 discernere
2498 5428 2642 5484 inter
2684 5429 2887 5484 bonum
2916 5437 2973 5486 et
3001 5432 3224 5503 malum,
3248 5434 3395 5493 inter
3436 5438 3517 5494 vi-

1912 5533 2019 5581 tam
2046 5534 2101 5581 et
2154 5532 2407 5591 mortem,
2453 5523 2599 5578 inter
2622 5536 2822 5593 corpus
2850 5531 2907 5580 et
2933 5525 3194 5584 animam.
3239 5528 3382 5586 Doce
3408 5549 3509 5602 me,

1913 5630 1973 5676 ut
2024 5619 2322 5692 intelligam
2390 5625 2482 5672 tua
2537 5616 2793 5672 mandata
2841 5632 3011 5690 opere
3068 5620 3320 5695 lmplere.
3376 5626 3514 5694 Quia

1915 5715 2173 5771 mandatis
2218 5714 2319 5769 tuis
2370 5711 2587 5768 credidi.
2612 5712 2908 5785 PrOpterea
2938 5716 3072 5776 doce
3115 5735 3225 5789 me,
3275 5721 3401 5794 quia
3458 5724 3513 5780 in

1917 5805 2026 5865 tuis
2053 5806 2343 5878 praeceptis
2364 5800 2572 5860 credidi
2599 5821 2614 5874 ;
2644 5803 2697 5862 id
2726 5816 2832 5878 εει,
2861 5823 3027 5882 opere
3050 5810 3294 5884 implevi.
