4008 6336
538 282 682 345 H95

1326 278 1675 337 APPENDIX
1712 277 1806 335 AD
1847 276 2090 335 TOMUM
2127 273 2483 335 SEPTIMUM
2521 276 2583 333 S.
2624 273 3031 333 HIERONYMI.

3663 277 3782 336 1190

608 399 924 468 Priusquam
976 394 1283 452 ltumiliarer
1322 411 1415 468 ego
1461 395 1676 464 deliqui,
1722 403 1995 466 propterea
2022 392 2133 447 elo-
2165 401 2215 461 Α
2240 393 2478 449 cundum
2499 391 2646 464 quod
2691 393 3037 462 promiserat,
3074 397 3132 446 et
3180 403 3268 445 tne
3296 389 3669 447 consolaretur.
3698 396 3789 451 Ads

540 494 725 558 auium
752 500 895 547 tuum
920 490 1193 546 custodivi.
1223 488 1578 545 Prmccdente
1624 487 1831 544 delicto
1880 484 2136 542 humilia.

542 603 689 657 mur,
723 593 780 643 et
805 600 906 657 per
935 584 1040 641 hoc
1084 583 1385 651 erudimur,
1415 592 1474 638 ut
1500 583 1715 654 eloquia
1743 581 1929 638 divina
1957 590 2141 637 custo-

539 682 775 738 diamus.

616 774 793 830 Bonus
820 791 873 828 es
895 782 970 839 tu,
1003 769 1247 827 Domine.
1276 769 1411 839 Quia
1443 784 1602 825 nemo
1629 768 1804 823 bonus
1834 767 1941 822 nisi
1969 776 2021 821 ιιι
2051 780 2142 822 so-

539 869 645 925 lus.
680 867 751 924 Et
797 868 853 922 in
904 867 1133 922 bonitate
1171 865 1299 921 doce
1336 880 1418 919 me
1444 863 1849 937 justiﬁcationes
1896 869 2032 915 luas.
2063 860 2141 915 Eo

538 965 685 1034 quod
717 961 873 1018 home
901 962 1031 1028 sint,
1054 961 1195 1015 sicut
1223 966 1277 1014 et
1306 968 1366 1013 tu
1396 956 1570 1013 bonus
1589 970 1669 1011 es.

614 1054 966 1123 Multiplicala
984 1061 1060 1107 est
1086 1067 1245 1121 super
1271 1066 1350 1103 me
1374 1049 1620 1119 iniquitas
1650 1047 1985 1119 superborum
2006 1061 2024 1111 ;
2047 1058 2141 1114 ego

537 1158 708 1205 autem
737 1151 791 1203 in
817 1156 925 1202 toto
953 1146 1108 1201 corde
1145 1162 1258 1199 meo
1286 1141 1552 1198 scrutabor
1577 1141 1829 1195 mandata
1861 1148 1970 1193 tua.
2003 1136 2139 1192 Cum

538 1244 686 1300 enim
714 1242 940 1296 verbera
972 1239 1152 1294 divina
1180 1251 1268 1293 me
1296 1243 1608 1308 arguerent,
1635 1243 1690 1289 et
1711 1230 1931 1303 superbi
1955 1229 2141 1286 saeculi

539 1335 892 1399 lacesserent,
924 1331 1173 1387 dicentes
1202 1346 1218 1384 :
1250 1327 1353 1384 Ubi
1397 1324 1682 1393 auxilium,
1727 1324 1817 1379 ubi
1866 1337 1992 1393 spes
2023 1331 2136 1389 tua,

539 1428 631 1483 ubi
673 1436 758 1483 est
824 1424 1039 1481 bonitas
1103 1422 1201 1477 Dei
1270 1421 1385 1487 tui;
1446 1435 1546 1491 ego
1615 1416 1867 1473 mandata
1921 1425 2010 1470 tua
2048 1430 2140 1471 ve-

537 1520 845 1579 hementius
895 1517 1218 1583 scrutabar,
1251 1514 1680 1571 consolationem
1741 1509 2024 1581 requirens
2082 1508 2139 1563 in

542 1616 646 1672 eis.

612 1706 959 1779 Coagulatum
998 1715 1073 1760 est
1105 1705 1240 1760 sicut
1272 1703 1353 1757 lac
1398 1716 1487 1755 cor
1515 1714 1712 1755 eorum.
1754 1697 1862 1753 an
1889 1711 2009 1751 cum
2037 1710 2137 1751 na.

2245 486 2487 556 implevit
2509 484 2653 556 quod
2685 486 2936 556 promisit
2959 500 2975 550 ;
3001 483 3123 554 quia
3147 481 3281 538 dicit
3312 482 3366 537 in
3388 482 3488 537 alio
3534 483 3643 540 loco
3667 503 3677 537 :
3705 487 3789 542 lli-

2240 579 2542 635 serationes
2564 577 2751 634 multm
2778 586 2907 633 sunt
2926 576 3070 648 apud
3111 576 3302 641 Deum,
3326 583 3380 630 et
3402 583 3578 632 nostra
3606 590 3792 647 peccata

2243 671 2413 726 multa
2435 682 2566 726 sunt
2588 669 2708 743 (Ps.
2737 671 2947 742 exuit).
2974 669 3103 726 inde
3124 669 3257 724 dicit
3281 686 3293 721 :
3326 668 3681 727 Miseratioues
3704 680 3791 729 tua

2244 761 2430 816 multae
2452 756 2598 816 sunt.
2625 760 2928 816 Secundum
2957 760 3217 831 eloquium
3261 770 3404 814 tuam
3430 772 3569 816 servo
3596 763 3790 820 tuo.Se‘

2241 854 2479 910 cundum
2530 853 2677 927 quod
2737 854 3082 926 promisisti,
3133 854 3257 910 veni
3304 852 3792 915 redimereser'vunt

2244 959 2420 1017 tuum,
2455 950 2712 1020 populum
2736 950 3138 1017 Christianum,
3168 950 3260 1021 qui
3287 950 3386 1005 tibi
3425 952 3585 1007 servit
3614 955 3793 1023 specia-

2244 1042 2387 1099 liter.
2420 1040 2547 1098 Fiat
2594 1061 2731 1100 nunc
2790 1045 3148 1099 misericordia
3187 1054 3277 1099 tua
3314 1056 3370 1099 ut
3421 1047 3692 1101 consoletur
3708 1066 3791 1116 me,

2241 1137 2523 1193 secundum
2552 1139 2813 1210 eloquium
2841 1148 2986 1193 tuum
3025 1150 3169 1193 servo
3200 1147 3311 1192 tuo.
3336 1137 3631 1194 Promisisti
3654 1142 3793 1209 enini,

2244 1239 2302 1283 ut
2330 1238 2453 1299 post
2482 1229 2844 1285 humilitatem
2867 1228 3200 1299 alllictionis,
3231 1229 3502 1287 tribueres
3527 1232 3795 1302 praesidium

2242 1322 2659 1377 consolationis.

2331 1414 2548 1469 Veniant
2601 1415 2731 1470 mihi
2754 1416 3112 1472 miserationes
3154 1426 3257 1473 tute
3283 1425 3335 1471 et
3378 1417 3563 1485 vivant,
3588 1420 3700 1489 quia
3731 1417 3800 1473 lex

2243 1516 2333 1562 tua
2354 1508 2622 1562 meditatio
2644 1526 2758 1563 mea
2784 1519 2878 1565 est.
2906 1506 3025 1564 iam
3052 1509 3227 1581 legem
3256 1519 3403 1565 tuam
3444 1510 3687 1576 meditor,
3720 1513 3800 1567 sed

2241 1598 2296 1655 in
2323 1609 2585 1656 internata
2605 1600 2771 1656 vitam
2802 1601 2993 1658 venire
3028 1618 3136 1658 non
3166 1615 3409 1674 possum,
3440 1602 3545 1658 nisi
3566 1618 3597 1657 a
3620 1612 3668 1659 te
3694 1604 3800 1659 inibi

2243 1693 2400 1750 fuero
2423 1706 2818 1751 commutatus.

538 1810 657 1857 tura
683 1812 850 1855 suave
875 1799 968 1867 sit,
1000 1804 1317 1866 corruptum
1349 1802 1528 1848 tamen
1570 1790 1703 1846 vitio
1728 1789 2046 1861 coagulatur
2084 1797 2137 1841 ct
2170 1796 2217 1860 Β
2314 1786 2717 1859 Coufundantur
2762 1786 2988 1861 superbi,
3018 1789 3144 1860 quia
3182 1789 3374 1856 iniuste
3399 1789 3703 1860 iniquitatem
3736 1789 3802 1859 [es

537 1893 759 1949 acescit.
791 1890 872 1945 Ita
901 1899 957 1946 et
985 1888 1227 1959 superbi,
1277 1887 1329 1942 id
1371 1897 1474 1953 est,
1523 1883 1788 1950 hiat-elici,
1840 1882 1999 1937 dulce
2044 1897 2138 1935 cor

538 1983 739 2040 sanctis
758 1982 1057 2053 Scripturis
1086 1981 1237 2052 prius
1267 1979 1574 2034 habuerunt
1597 1992 1614 2043 ;
1634 1976 1730 2032 sed
1762 1984 2138 2046 pervertentes

540 2091 634 2132 eas
660 2075 712 2130 in
737 2074 1001 2131 ebrietate
1046 2088 1240 2128 sensus
1268 2072 1372 2137 sui,
1403 2069 1671 2141 coagulati
1696 2080 1857 2139 atque
1883 2064 2139 2122 acerrimi

536 2170 664 2225 iacti
694 2176 840 2225 sunt.
876 2166 988 2240 Ego
1028 2183 1146 2221 vero
1173 2165 1334 2238 legem
1379 2174 1523 2219 luant
1550 2162 1826 2217 meditatus
1863 2175 2000 2215 sum.
2032 2159 2140 2216 Per

533 2280 695 2334 quam
743 2261 1012 2334 superbos
1038 2258 1318 2326 humilies,
1349 2270 1445 2328 per
1468 2271 1629 2328 quam
1681 2253 1983 2309 humilibus
2010 2266 2139 2323 gra-

544 2358 672 2414 tiam
704 2366 953 2427 praestas.

611 2447 816 2503 Bonum
837 2446 966 2503 mihi
992 2446 1133 2518 quod
1172 2445 1461 2500 humiliasti
1484 2460 1606 2511 me;
1636 2451 1692 2496 ut
1718 2441 1914 2496 discam
1932 2439 2137 2514 justiﬁ-

535 2544 760 2599 catiottes
790 2554 930 2597 luas.
963 2540 1079 2596 Vox
1110 2539 1371 2596 Ecclesia:
1419 2537 1551 2593 dicit
1580 2555 1591 2590 :
1626 2536 1832 2603 Bonum
1880 2534 2007 2589 mihi
2043 2531 2141 2588 fuit

535 2637 678 2708 quod
708 2652 795 2693 me
856 2633 1194 2699 humiliasti;
1228 2635 1352 2704 quia
1406 2647 1500 2701 per
1531 2630 1634 2685 hoc
1674 2629 1837 2684 didici
1869 2637 1959 2682 tua
1987 2641 2139 2679 man-

536 2732 661 2788 data
691 2730 921 2798 implere
950 2729 1004 2783 in
1032 2729 1373 2798 operatione.
1404 2723 1608 2778 Bonum
1634 2720 1762 2776 mihi
1789 2720 1929 2792 quod
1970 2719 2139 2774 humi-

438 2820 441 2823 ¹
537 2824 681 2879 liasti
706 2839 802 2889 me,
832 2832 890 2876 ut
920 2822 1115 2875 discam
1159 2818 1558 2889 iustiﬁcationes
1601 2824 1742 2870 tuas.
1772 2816 1907 2882 Quia
1943 2829 2050 2869 nou
2082 2813 2137 2867 in

537 2918 815 2989 superbia,
847 2915 942 2971 sed
974 2917 1027 2969 in
1070 2913 1373 2968 humilitate
1404 2910 1703 2966 discuntur.

606 3009 816 3064 Bonum
840 3008 966 3061 mihi
988 3005 1073 3061 lea:
1093 3004 1196 3060 oris
1221 3004 1321 3071 tui,
1335 3018 1488 3075 super
1508 3001 1679 3056 millia
1698 3001 1817 3054 auri
1843 3008 1891 3056 et
1913 2998 2134 3073 argenti.

537 3104 650 3158 Lex
675 3101 789 3156 oris
820 3101 916 3156 Dei
945 3098 1195 3155 Christus
1226 3105 1347 3161 est;
1390 3095 1485 3166 qui
1520 3110 1625 3150 non
1658 3095 1805 3150 venit
1831 3094 2005 3164 legem
2029 3094 2139 3147 sol-

2241 1891 2420 1935 cerunt
2451 1882 2502 1935 in
2532 1897 2631 1936 me.
2664 1880 3081 1938 Confundantur
3107 1881 3161 1937 in
3212 1883 3451 1953 peccatis
3493 1884 3620 1946 suis,
3656 1893 3705 1937 et
3728 1896 3804 1937 co-

2239 1985 2511 2048 gnoscant
2557 1990 2617 2032 se
2653 1976 2841 2048 inique
2863 1976 3104 2048 gessisse
3151 1977 3413 2033 adversus
3451 1977 3673 2047 justum.
3710 1975 3805 2046 Ego

2240 2078 2417 2125 autem
2442 2071 2715 2126 exercebar
2744 2071 2800 2125 in
2820 2071 3087 2126 modulis
3108 2073 3232 2127 tuis.
3252 2070 3563 2128 Ostendens
3600 2071 3676 2126 eis
3702 2087 3807 2143 qua:

2240 2176 2487 2238 oporteat
2516 2181 2698 2237 agere.
2730 2165 2842 2241 Ego
2869 2178 3064 2223 autem.
3098 2166 3216 2224 Vox
3238 2167 3526 2224 Ecclesiae.
3554 2167 3808 2223 Exercebat

2238 2260 2295 2314 in
2338 2260 2595 2315 mandatis
2643 2261 2765 2315 tuis.
2796 2262 2934 2316 Dum
2965 2263 3050 2316 isti
3083 2260 3380 2331 supradicti
3424 2260 3508 2318 sic
3555 2260 3809 2317 iecerunt:

2241 2370 2341 2425 ego
2370 2357 2422 2409 in
2454 2356 2560 2411 tuis
2583 2356 2869 2427 praeceptis
2900 2356 2972 2411 ibi
3001 2372 3090 2412 me
3116 2372 3372 2413 exerceo.

2313 2448 2688 2505 Convertentur
2734 2451 2862 2505 milii
2904 2455 3138 2506 timentes
3167 2461 3235 2519 te,
3269 2463 3316 2505 et
3360 2451 3451 2520 qui
3493 2460 3728 2505 noverunt
3752 2458 3811 2505 te-

2240 2541 2483 2596 slimonia
2509 2551 2618 2596 tua.
2640 2542 2753 2598 lloc
2796 2552 2882 2599 est
2908 2552 2989 2611 ut,
3018 2559 3106 2599 me
3152 2542 3410 2610 docente,
3448 2553 3813 2614 cognoscentes

2242 2649 2305 2689 ea
2333 2636 2400 2689 ad
2428 2644 2481 2690 te
2508 2637 2761 2691 conversi
2792 2636 2947 2693 ﬁant.
3390 2691 3397 2699 ,

2313 2723 2439 2780 Fiat
2453 2743 2542 2780 cor
2559 2742 2726 2781 meum
2738 2728 3130 2783 immaculatum
3150 2728 3208 2782 in
3226 2727 3690 2801 justi/icationibus
3709 2727 3812 2796 luis,

2243 2830 2298 2874 ut
2327 2837 2431 2875 non
2459 2822 2773 2891 confundor.
2807 2822 2877 2877 Et
2904 2824 3031 2894 quia
3058 2823 3125 2878 de
3172 2824 3338 2880 corde
3370 2824 3624 2894 procedit
3649 2836 3813 2878 animi

2241 2918 2439 2971 rositas
2464 2918 2719 2973 vitiorum
2744 2957 2761 2986 ,
2809 2918 2952 2975 sicut
2979 2917 3245 2975 Dominus
3289 2922 3373 2974 ait
3419 2921 3476 2975 in
3510 2918 3812 2989 Evangelia:

2241 3011 2368 3068 ideo
2423 3012 2690 3084 prepheta
2723 3014 3135 3070 immaculatum
3166 3029 3227 3070 se
3278 3014 3394 3070 ﬁeri
3422 3016 3604 3085 poscit
3654 3014 3703 3068 in
3737 3010 3815 3066 Dei

2236 3107 2823 3176 iustiﬁcationihusmt
2846 3123 2970 3163 eum
3001 3109 3057 3163 in
3084 3107 3294 3177 judicio
3321 3104 3689 3163 damnationis
3715 3121 3817 3161 sen-

539 3195 797 3258 vere.sed
819 3194 1119 3264 adimplere
1138 3188 1442 3264 (Matth.v).
1471 3189 1643 3256 Quem
1669 3187 1976 3257 praevidens
2006 3200 2132 3257 pro-

2246 3203 2408 3257 tentia
2440 3216 2544 3257 non
2601 3202 2901 3257 confundat
2955 3200 3077 3274 (Ps.
3111 3201 3325 3272 cxvut).
3387 3201 3484 3259 Sic
3512 3210 3572 3257 et
3598 3215 3692 3255 nos
3716 3213 3815 3269 pre-

535 3290 696 3361 pheta
722 3303 887 3359 super
917 3301 1109 3341 omnes
1137 3282 1421 3340 thesauros
1461 3281 1804 3352 concupiscit
1830 3296 1845 3346 ;
1869 3280 1993 3350 quia
2026 3293 2135 3333 non

536 3381 716 3438 solum
770 3379 976 3435 amicos
1028 3376 1212 3447 diligi,
1266 3373 1362 3443 sed
1403 3373 1569 3429 etiam
1616 3372 1848 3429 inimicis
1891 3371 2138 3443 praecipit

539 3472 766 3543 ignosci.

1286 3553 1395 3594 IOD.

610 3657 801 3712 Manus
851 3664 953 3710 tua:
1009 3655 1236 3725 fecerunt
1282 3664 1361 3707 me
1401 3663 1447 3707 et
1480 3651 1872 3721 plasmaverunt
1928 3666 2034 3719 me,
2065 3651 2134 3704 da

538 3748 666 3804 mihi
696 3746 1020 3803 intellectum
1045 3754 1102 3800 ut
1129 3745 1324 3799 discam
1356 3746 1607 3799 mandata
1636 3753 1745 3799 tua.
1774 3742 2022 3813 Magnum
2051 3752 2138 3798 est

536 3843 680 3898 enim
711 3853 770 3897 ut
801 3856 863 3897 se
886 3839 1052 3896 homo
1102 3839 1368 3909 intelligat
1419 3853 1584 3893 manu
1625 3839 1718 3893 Dei
1755 3838 1954 3892 lacuum
1986 3838 2133 3907 plas-

537 3947 872 4007 matutnque,
905 3946 959 3991 et
989 3935 1056 3990 ad
1108 3933 1225 4004 ejus
1257 3934 1545 4004 imaginem
1577 3948 1700 3989 esse
1745 3932 2129 4003 compositum.

538 4030 694 4099 Quod
732 4034 787 4087 si
839 4028 1188 4100 cognoverit,
1242 4028 1525 4083 scientiam
1580 4042 1809 4095 poscere
1863 4028 2043 4093 debet,
2078 4037 2138 4083 ut

539 4123 790 4177 mandata
818 4121 934 4191 ejus
963 4119 1228 4189 intelligat
1254 4128 1417 4188 atque
1438 4118 1750 4184 custodiat;
1786 4134 1852 4172 ne
1871 4118 2136 4174 recedens

541 4214 608 4269 ab
637 4214 736 4283 eis,
781 4214 872 4284 qui
904 4212 1005 4268 fuit
1036 4213 1211 4281 imago
1244 4212 1351 4265 Der
1378 4210 1598 4282 incipiat
1645 4212 1822 4282 imago
1866 4226 1990 4267 esse
2018 4211 2133 4267 dia-

538 4307 672 4362 boli.

613 4398 714 4473 Qui
734 4398 911 4453 timent
938 4406 988 4452 te
1014 4396 1257 4451 videbunt
1288 4412 1388 4463 me,
1414 4406 1461 4450 et
1514 4393 1847 4450 testabantur.
1878 4395 1995 4452 Vox
2032 4394 2137 4452 Ec-

536 4490 743 4557 clesiae,
784 4490 889 4544 hoc
918 4498 1044 4558 est,
1109 4486 1258 4543 tttilli
1286 4488 1378 4558 qui
1430 4488 1596 4542 Deum
1657 4489 1867 4550 timent.
1916 4488 2134 4545 videant

2240 3308 2391 3349 mare
2418 3292 2681 3350 debemus
2722 3293 2900 3350 varias
2952 3296 3332 3366 cogitationes,
3364 3308 3435 3350 ne
3466 3293 3628 3350 nobis
3659 3290 3819 3348 conlu-

2240 3387 2449 3443 sionem
2480 3397 2786 3459 praeparent
2812 3402 2933 3445 cum
2956 3404 3050 3445 eas
3075 3388 3569 3445 desidaraverimus
3596 3389 3816 3459 implere.

2240 3478 2363 3534 Fiat
2403 3496 2491 3535 cor
2518 3497 2688 3535 meum
2718 3482 3136 3536 immaculatum.
3172 3482 3270 3536 llic
3291 3496 3386 3537 cor
3421 3494 3525 3552 pro
3556 3482 3723 3536 anima
3743 3493 3819 3549 po-

2238 3573 2410 3629 nitur.
2441 3574 2520 3629 Ac
2544 3575 2587 3627 si
2619 3572 2815 3629 dicat:
2864 3574 2981 3630 Fiat
3036 3576 3218 3630 anima
3275 3590 3395 3631 mea
3457 3574 3581 3631 sine
3627 3581 3817 3647 peccato

2241 3665 2475 3721 mortali.
2516 3664 2583 3721 In
2621 3667 3085 3737 justiﬁcationibus
3135 3668 3237 3744 tuis
3265 3676 3322 3721 ut
3378 3682 3487 3722 non
3527 3667 3814 3738 confundat.

2239 3756 2353 3813 Hoc
2379 3767 2485 3826 est,
2516 3765 2576 3813 ut
2606 3774 2715 3815 non
2748 3759 2976 3816 habeam
3030 3761 3406 3817 confusionem
3436 3771 3719 3817 aeternam.

2964 3934 3121 3989 cura.

2310 4027 2513 4101 Defecil
2534 4032 2588 4086 in
2610 4033 2833 4088 salutari
2859 4043 2947 4089 tuo
2972 4034 3148 4089 anima
3167 4048 3301 4089 mea.
3334 4033 3392 4088 ln
3413 4032 3570 4100 ιω,
3596 4032 3721 4103 quia
3742 4040 3822 4087 ve-

2238 4123 2318 4179 nit
2346 4124 2555 4180 salvum
2588 4124 2767 4182 facere
2796 4127 3055 4197 populum
3107 4140 3262 4183 suum
3286 4143 3317 4183 a
3344 4129 3593 4198 peccatis
3633 4140 3819 4182 eorum.

2238 4216 2307 4271 Et
2337 4220 2393 4274 in
2418 4218 2627 4274 verbum
2672 4228 2817 4273 tuum
2863 4221 3244 4292 supersperavi.
3274 4219 3432 4288 Quod
3477 4222 3533 4274 in
3579 4216 3821 4290 principio

2242 4311 2385 4368 Deus
2412 4321 2532 4369 erat
2556 4313 2698 4384 apud
2727 4313 2919 4381 Deum,
2972 4323 3031 4369 ut
3056 4315 3241 4371 veniat
3285 4313 3352 4370 ad
3404 4313 3820 4386 redemptionem

2240 4406 2555 4464 humanam.
3006 4396 3027 4421 ⁸

2311 4498 2622 4571 Defecerunt
2662 4500 2803 4557 oculi
2829 4503 2932 4556 mei
2973 4503 3027 4557 in
3058 4502 3319 4573 eloquium
3344 4512 3494 4556 tuum
3524 4519 3545 4562 ε
3596 4502 3820 4564 dicentes,

539 4598 697 4638 suum
750 4581 1109 4646 intellectura,
1165 4589 1220 4635 et
1272 4579 1516 4634 laetitiam
1561 4579 1799 4635 habeant
1826 4597 1838 4634 :
1872 4581 2000 4651 quia
2032 4581 2134 4637 Ec-
2162 4598 2211 4658 ι)
2238 4592 2458 4658 Quando
2479 4594 2822 4651 como“,sz
2848 4600 2964 4652 me?
2985 4595 3240 4653 Amme_
3267 4596 3418 4654 Hanc
3438 4596 3687 4666 suscipio
3711 4608 3825 4650 eo“.

536 4675 701 4731 clesia
741 4673 959 4745 quando
989 4672 1135 4728 videt
1182 4672 1318 4727 alios
1375 4672 1626 4727 mandata
1661 4673 1755 4728 Dei
1812 4674 2126 4741 observare,

538 4784 788 4842 magnam
817 4768 1063 4823 laetitiam
1088 4765 1274 4822 habet.
1300 4767 1495 4822 Poetea
1515 4766 1751 4822 invicem
1772 4768 1851 4824 sic
1879 4768 2135 4823 laetabun-

539 4872 644 4927 tur,
673 4870 729 4917 et
750 4861 856 4929 hic,
889 4868 945 4915 et
975 4859 1026 4912 in
1056 4859 1256 4913 loturo.
1286 4858 1422 4927 Quia
1451 4859 1504 4913 in
1532 4859 1681 4913 uerbo
1725 4869 1813 4915 tuo
1859 4877 2138 4931 superrue-

535 4954 669 5021 ravi,
703 4953 753 5009 id
777 4964 881 5019 est,
908 4952 963 5008 in
990 4951 1212 5007 Christo
1245 4951 1418 5008 habeo
1449 4967 1623 5023 spem.

609 5047 854 5118 Cognovi,
890 5044 1130 5110 Domine,
1163 5044 1285 5112 quia
1313 5045 1530 5114 aequitas
1550 5043 1758 5116 judicia
1785 5054 1873 5100 tua
1901 5056 1948 5099 et
1973 5048 2026 5101 in
2048 5062 2134 5102 ve-

532 5139 685 5193 ritate
712 5147 824 5191 tua.
853 5134 1101 5207 Equitas
1140 5145 1226 5190 tua
1250 5146 1355 5199 est,
1380 5145 1438 5190 ut
1465 5147 1782 5205 peccatores
1810 5153 2007 5210 arguas
2035 5155 2132 5210 pro

533 5229 776 5285 delictis:
809 5227 1054 5291 Veritas,
1090 5238 1148 5281 ιιι
1178 5226 1445 5297 superbos
1473 5226 1726 5284 humilies
1747 5245 1776 5283 a
1804 5235 2138 5301 prasperita-

532 5321 677 5377 tibus
727 5316 861 5376 suis.
908 5318 1054 5389 Ergo
1116 5320 1242 5390 quia
1306 5336 1394 5376 me
1458 5319 1755 5376 humiliasti
1796 5361 1812 5390 ,
1867 5332 1923 5378 ut
1959 5326 2133 5381 corri-

534 5431 694 5486 geres
712 5434 725 5470 :

605 5506 729 5562 Fiat
771 5522 913 5562 nunc
944 5506 1299 5563 misericordia
1324 5515 1434 5575 tua,
1470 5515 1526 5561 ut
1555 5508 1846 5563 consoletur
1874 5526 1973 5565 me.
2015 5511 2128 5568 Vox

427 5616 430 5621 ‘
527 5599 887 5671 prophetaein
910 5613 1145 5670 persona
1176 5598 1454 5655 Ecclesiae.
1488 5599 1830 5656 Prmvidebat
1860 5603 2119 5673 propheta

526 5707 621 5764 per
648 5688 912 5762 Spiritum
960 5700 1207 5746 sanctam
1255 5692 1533 5748 Christum
1580 5703 1865 5750 venturum
1914 5699 2117 5754 essein

518 5801 705 5852 carne,
758 5778 849 5857 qui
880 5789 1002 5840 erat
1027 5783 1424 5853 misericordia,
1461 5796 1518 5841 ut
1566 5802 1666 5842 nos
1697 5788 1990 5847 redimeret
2023 5805 2111 5848 se-

2237 4685 2560 4741 solationem
2596 4697 2648 4741 te
2675 4686 2933 4745 advenire
2960 4689 3031 4745 de
3059 4689 3216 4746 caelis
3257 4690 3309 4744 in
3340 4688 3658 4745 delectione
3684 4685 3826 4757 spiri-

2241 4775 2460 4831 tualium
2493 4779 2799 4834 oculorum.
3742 4786 3747 4791 ”

2312 4869 2449 4938 Quia
2472 4875 2641 4942 [actus
2666 4890 2782 4928 sum
2811 4875 2945 4928 sicut
2965 4884 3076 4931 uter
3112 4883 3167 4929 in
3189 4876 3377 4946 pruina
3399 4891 3418 4929 :
3437 4874 3823 4947 justiﬁcatiottes

2239 4974 2356 5018 tuas
2389 4981 2495 5019 non
2535 4983 2652 5021 sunt
2677 4967 2890 5025 oblitus.
2936 4968 3197 5025 Dominus
3241 4971 3294 5025 in
3324 4969 3630 5041 Evangelia
3660 4969 3819 5023 dixit:

2235 5056 2408 5113 Nemo
2463 5061 2617 5127 ponit
2646 5061 2827 5116 vinum
2858 5077 3055 5118 novum
3107 5063 3163 5118 in
3196 5073 3344 5120 utres
3372 5075 3592 5120 veteres
3643 5062 3820 5133 (Marc.

2236 5146 2299 5220 tt)
2332 5167 2345 5203 :
2377 5149 2691 5221 significans
2715 5162 2906 5224 pectus
2940 5155 3234 5210 huntannm
3262 5155 3535 5211 diuturnis
3565 5155 3818 5226 repletum

2240 5240 2388 5295 vitiis
2417 5258 2524 5298 non
2554 5258 2715 5314 posse
2742 5247 3028 5303 continere
3057 5248 3308 5304 mandata
3339 5249 3454 5305 Dei.
3487 5249 3636 5320 Ergo
3657 5256 3711 5303 et
3737 5258 3825 5300 nos

2236 5330 2280 5386 si
2311 5332 2706 5388 incalescamus
2753 5335 2985 5390 naturali
3029 5336 3227 5393 ardore
3258 5347 3314 5392 ut
3342 5352 3637 5408 peccetnns
3667 5354 3683 5393 :
3711 5349 3820 5391 eam

2235 5423 2487 5479 mandata
2514 5424 2609 5480 Dei
2645 5426 2964 5497 accipimus,
3008 5429 3330 5500 repentinus
3355 5430 3722 5501 exstinguitur
3746 5427 3823 5482 hic

2233 5518 2403 5584 calor,
2433 5527 2486 5575 et
2526 5521 2730 5576 erimus
2766 5522 2920 5591 quasi
2951 5530 3072 5579 uter
3094 5524 3147 5579 in
3174 5522 3391 5594 pruina,
3432 5521 3820 5594 reirigeratoin

2233 5608 2389 5665 nobis
2411 5609 2607 5666 ardore
2628 5613 2858 5682 peccati.
3603 5627 3612 5634 '

2304 5702 2441 5772 Quot
2469 5715 2587 5759 sunt
2634 5705 2743 5761 dies
2772 5707 2903 5762 servi
2951 5709 3027 5763 tui
3048 5725 3068 5776 ;
3098 5709 3312 5782 quando
3342 5711 3501 5783 {acia
3540 5712 3611 5766 de
3660 5725 3819 5780 perse-

2226 5795 2496 5864 quentibus
2528 5811 2607 5853 me
2646 5797 2928 5870 judicium.
2960 5799 3124 5861 Pauci
3153 5815 3278 5861 sunt
3321 5802 3438 5862 dies
3488 5802 3657 5878 huius
3685 5804 3817 5860 vita.
