  <div class='ocr_page' id='page_1' title='image "/cluster/home/n/w/nwhite01/storage/ocr_20150623/26/hvd.32044015471402/604.png"; bbox 0 0 4008 6336; ppageno 0'>
   <div class='ocr_carea' id='block_1_1' title="bbox 198 253 337 315">
    <p class='ocr_par' dir='ltr' id='par_1_1' title="bbox 198 253 337 315">
     <span class='ocr_line' id='line_1_1' title="bbox 198 253 337 315; baseline 0.007 -1"><span class='ocrx_word' id='word_1_1' title='bbox 198 253 337 315; x_wconf 70' lang='grc'><strong>1101</strong></span> 
     </span>
    </p>
   </div>
   <div class='ocr_carea' id='block_1_2' title="bbox 1125 263 2641 336">
    <p class='ocr_par' dir='ltr' id='par_1_2' title="bbox 1125 263 2641 336">
     <span class='ocr_line' id='line_1_2' title="bbox 1125 263 2641 336; baseline 0.005 -11"><span class='ocrx_word' id='word_1_2' title='bbox 1125 263 1555 327; x_wconf 72' lang='lat' dir='ltr'><strong>BREVIARIUM</strong></span> <span class='ocrx_word' id='word_1_3' title='bbox 1592 265 1662 327; x_wconf 79' lang='lat' dir='ltr'><strong>IN</strong></span> <span class='ocrx_word' id='word_1_4' title='bbox 1699 264 2037 330; x_wconf 80' lang='lat' dir='ltr'><strong>PSALMOS.</strong></span> <span class='ocrx_word' id='word_1_5' title='bbox 2080 266 2334 331; x_wconf 74' lang='lat' dir='ltr'><strong>PSALH.</strong></span> <span class='ocrx_word' id='word_1_6' title='bbox 2371 271 2607 336; x_wconf 73' lang='lat' dir='ltr'><strong>CXVIII.</strong></span> <span class='ocrx_word' id='word_1_7' title='bbox 2638 320 2641 323; x_wconf 91' lang='lat'><strong>.</strong></span> 
     </span>
    </p>
   </div>
   <div class='ocr_carea' id='block_1_3' title="bbox 3351 284 3492 346">
    <p class='ocr_par' dir='ltr' id='par_1_3' title="bbox 3351 284 3492 346">
     <span class='ocr_line' id='line_1_3' title="bbox 3351 284 3492 346; baseline 0.014 -2"><span class='ocrx_word' id='word_1_8' title='bbox 3351 284 3492 346; x_wconf 77' lang='lat'><strong>“98</strong></span> 
     </span>
    </p>
   </div>
   <div class='ocr_carea' id='block_1_4' title="bbox 197 373 3489 475">
    <p class='ocr_par' dir='ltr' id='par_1_4' title="bbox 197 373 3489 475">
     <span class='ocr_line' id='line_1_4' title="bbox 197 373 3489 475; baseline 0.01 -46"><span class='ocrx_word' id='word_1_9' title='bbox 197 373 570 475; x_wconf 36' lang='lat' dir='ltr'><strong>Tulli-omine,</strong></span> <span class='ocrx_word' id='word_1_10' title='bbox 599 384 827 475; x_wconf 73' lang='lat' dir='ltr'><strong>contere</strong></span> <span class='ocrx_word' id='word_1_11' title='bbox 850 379 1243 475; x_wconf 76' lang='lat' dir='ltr'><strong>injndiciolno</strong></span> <span class='ocrx_word' id='word_1_12' title='bbox 1273 383 1529 441; x_wconf 81' lang='lat' dir='ltr'><strong>Satanam</strong></span> <span class='ocrx_word' id='word_1_13' title='bbox 1551 402 1672 444; x_wconf 86' lang='lat' dir='ltr'><strong>cum</strong></span> <span class='ocrx_word' id='word_1_14' title='bbox 1698 403 1784 444; x_wconf 86' lang='lat' dir='ltr'><strong>sa-</strong></span> <span class='ocrx_word' id='word_1_15' title='bbox 1816 392 1858 450; x_wconf 83' lang='grc' dir='ltr'>Α</span> <span class='ocrx_word' id='word_1_16' title='bbox 1889 387 2038 443; x_wconf 84' lang='lat' dir='ltr'><strong>davit</strong></span> <span class='ocrx_word' id='word_1_17' title='bbox 2071 405 2169 461; x_wconf 88' lang='lat' dir='ltr'><strong>per</strong></span> <span class='ocrx_word' id='word_1_18' title='bbox 2195 390 2393 464; x_wconf 78' lang='lat' dir='ltr'><strong>Legem</strong></span> <span class='ocrx_word' id='word_1_19' title='bbox 2439 403 2496 450; x_wconf 91' lang='lat' dir='ltr'><strong>et</strong></span> <span class='ocrx_word' id='word_1_20' title='bbox 2539 394 2834 465; x_wconf 71' lang='lat' dir='ltr'><strong>prophetas</strong></span> <span class='ocrx_word' id='word_1_21' title='bbox 2859 394 3171 468; x_wconf 81' lang='lat' dir='ltr'><strong>venturum,</strong></span> <span class='ocrx_word' id='word_1_22' title='bbox 3202 415 3489 475; x_wconf 70' lang='lat' dir='ltr'><strong>usqueqto</strong></span> 
     </span>
    </p>
   </div>
   <div class='ocr_carea' id='block_1_5' title="bbox 196 467 1786 551">
    <p class='ocr_par' dir='ltr' id='par_1_5' title="bbox 196 467 1786 551">
     <span class='ocr_line' id='line_1_5' title="bbox 196 467 1786 551; baseline 0.012 -31"><span class='ocrx_word' id='word_1_23' title='bbox 196 467 455 523; x_wconf 87' lang='lat' dir='ltr'><strong>tellitibus</strong></span> <span class='ocrx_word' id='word_1_24' title='bbox 481 470 615 540; x_wconf 91' lang='lat' dir='ltr'><strong>suis,</strong></span> <span class='ocrx_word' id='word_1_25' title='bbox 646 471 748 527; x_wconf 92' lang='lat' dir='ltr'><strong>sub</strong></span> <span class='ocrx_word' id='word_1_26' title='bbox 771 471 1001 543; x_wconf 79' lang='lat' dir='ltr'><strong>pedibus</strong></span> <span class='ocrx_word' id='word_1_27' title='bbox 1020 476 1226 533; x_wconf 87' lang='lat' dir='ltr'><strong>nostris</strong></span> <span class='ocrx_word' id='word_1_28' title='bbox 1245 477 1529 548; x_wconf 70' lang='lat' dir='ltr'><strong>velociter,</strong></span> <span class='ocrx_word' id='word_1_29' title='bbox 1562 480 1655 551; x_wconf 95' lang='lat' dir='ltr'><strong>qui</strong></span> <span class='ocrx_word' id='word_1_30' title='bbox 1686 495 1786 541; x_wconf 79' lang='lat' dir='ltr'><strong>nos</strong></span> 
     </span>
    </p>
   </div>
   <div class='ocr_carea' id='block_1_6' title="bbox 194 574 617 632">
    <p class='ocr_par' dir='ltr' id='par_1_6' title="bbox 194 574 617 632">
     <span class='ocr_line' id='line_1_6' title="bbox 194 574 617 632; baseline 0.002 -15"><span class='ocrx_word' id='word_1_31' title='bbox 194 574 617 632; x_wconf 84' lang='lat' dir='ltr'><strong>persequuntur.</strong></span> 
     </span>
    </p>
   </div>
   <div class='ocr_carea' id='block_1_7' title="bbox 261 652 1788 733">
    <p class='ocr_par' dir='ltr' id='par_1_7' title="bbox 261 652 1788 733">
     <span class='ocr_line' id='line_1_7' title="bbox 261 652 1788 733; baseline 0.01 -26"><span class='ocrx_word' id='word_1_32' title='bbox 261 652 625 713; x_wconf 66' lang='grc' dir='ltr'><strong>Ναί-ναυτικαί</strong></span> <span class='ocrx_word' id='word_1_33' title='bbox 650 658 779 713; x_wconf 77' lang='lat' dir='ltr'><strong>mihi</strong></span> <span class='ocrx_word' id='word_1_34' title='bbox 798 660 964 732; x_wconf 78' lang='lat' dir='ltr'><strong>iniqui</strong></span> <span class='ocrx_word' id='word_1_35' title='bbox 990 660 1470 733; x_wconf 75' lang='lat' dir='ltr'><strong>fabulationes,sed</strong></span> <span class='ocrx_word' id='word_1_36' title='bbox 1487 682 1592 721; x_wconf 90' lang='lat' dir='ltr'><strong>non</strong></span> <span class='ocrx_word' id='word_1_37' title='bbox 1618 676 1673 720; x_wconf 89' lang='lat' dir='ltr'><strong>ut</strong></span> <span class='ocrx_word' id='word_1_38' title='bbox 1703 669 1788 723; x_wconf 79' lang='lat' dir='ltr'><strong>lex</strong></span> 
     </span>
    </p>
   </div>
   <div class='ocr_carea' id='block_1_8' title="bbox 196 747 1786 829">
    <p class='ocr_par' dir='ltr' id='par_1_8' title="bbox 196 747 1786 829">
     <span class='ocr_line' id='line_1_8' title="bbox 196 747 1786 829; baseline 0.009 -28"><span class='ocrx_word' id='word_1_39' title='bbox 196 755 304 801; x_wconf 72' lang='lat' dir='ltr'><strong>tu.</strong></span> <span class='ocrx_word' id='word_1_40' title='bbox 336 747 559 805; x_wconf 80' lang='lat' dir='ltr'><strong>Audivit</strong></span> <span class='ocrx_word' id='word_1_41' title='bbox 589 749 753 805; x_wconf 85' lang='lat' dir='ltr'><strong>multa</strong></span> <span class='ocrx_word' id='word_1_42' title='bbox 771 750 841 807; x_wconf 86' lang='lat' dir='ltr'><strong>ab</strong></span> <span class='ocrx_word' id='word_1_43' title='bbox 864 750 1138 810; x_wconf 70' lang='lat' dir='ltr'><strong>haereticis</strong></span> <span class='ocrx_word' id='word_1_44' title='bbox 1162 768 1226 810; x_wconf 85' lang='lat' dir='ltr'><strong>ac</strong></span> <span class='ocrx_word' id='word_1_45' title='bbox 1251 756 1503 826; x_wconf 73' lang='lat' dir='ltr'><strong>gentibus</strong></span> <span class='ocrx_word' id='word_1_46' title='bbox 1528 773 1647 829; x_wconf 69' lang='lat' dir='ltr'><strong>quae</strong></span> <span class='ocrx_word' id='word_1_47' title='bbox 1677 774 1786 815; x_wconf 79' lang='lat' dir='ltr'><strong>non</strong></span> 
     </span>
    </p>
   </div>
   <div class='ocr_carea' id='block_1_9' title="bbox 191 841 1460 918">
    <p class='ocr_par' dir='ltr' id='par_1_9' title="bbox 191 841 1460 918">
     <span class='ocr_line' id='line_1_9' title="bbox 191 841 1460 918; baseline 0.005 -22"><span class='ocrx_word' id='word_1_48' title='bbox 191 841 531 899; x_wconf 84' lang='lat' dir='ltr'><strong>conveniunt</strong></span> <span class='ocrx_word' id='word_1_49' title='bbox 556 843 828 901; x_wconf 74' lang='lat' dir='ltr'><strong>mandatis</strong></span> <span class='ocrx_word' id='word_1_50' title='bbox 861 844 975 901; x_wconf 88' lang='lat' dir='ltr'><strong>Dei.</strong></span> <span class='ocrx_word' id='word_1_51' title='bbox 1010 845 1138 902; x_wconf 83' lang='lat' dir='ltr'><strong>Ideo</strong></span> <span class='ocrx_word' id='word_1_52' title='bbox 1177 847 1460 918; x_wconf 86' lang='lat' dir='ltr'><strong>adjungit:</strong></span> 
     </span>
    </p>
   </div>
   <div class='ocr_carea' id='block_1_10' title="bbox 260 932 1787 1010">
    <p class='ocr_par' dir='ltr' id='par_1_10' title="bbox 260 932 1787 1010">
     <span class='ocr_line' id='line_1_10' title="bbox 260 932 1787 1010; baseline 0.009 -22"><span class='ocrx_word' id='word_1_53' title='bbox 260 932 459 989; x_wconf 82' lang='lat' dir='ltr'><strong><em>Omnia</em></strong></span> <span class='ocrx_word' id='word_1_54' title='bbox 480 937 729 991; x_wconf 75' lang='lat' dir='ltr'><strong>mandata</strong></span> <span class='ocrx_word' id='word_1_55' title='bbox 779 938 894 1010; x_wconf 81' lang='lat' dir='ltr'><strong>ejus</strong></span> <span class='ocrx_word' id='word_1_56' title='bbox 933 942 1143 995; x_wconf 83' lang='lat' dir='ltr'><strong>ueritas.</strong></span> <span class='ocrx_word' id='word_1_57' title='bbox 1174 938 1331 996; x_wconf 85' lang='lat' dir='ltr'><strong>Nulla</strong></span> <span class='ocrx_word' id='word_1_58' title='bbox 1358 940 1503 997; x_wconf 90' lang='lat' dir='ltr'><strong>enim</strong></span> <span class='ocrx_word' id='word_1_59' title='bbox 1548 940 1787 1001; x_wconf 79' lang='lat' dir='ltr'><strong>falsitate</strong></span> 
     </span>
    </p>
   </div>
   <div class='ocr_carea' id='block_1_11' title="bbox 190 1028 1789 1109">
    <p class='ocr_par' dir='ltr' id='par_1_11' title="bbox 190 1028 1789 1109">
     <span class='ocr_line' id='line_1_11' title="bbox 190 1028 1789 1109; baseline 0.005 -26"><span class='ocrx_word' id='word_1_60' title='bbox 190 1028 754 1099; x_wconf 72' lang='lat' dir='ltr'><strong>cmprehenduntur.</strong></span> <span class='ocrx_word' id='word_1_61' title='bbox 796 1028 978 1097; x_wconf 83' lang='lat' dir='ltr'><strong>Iniqui</strong></span> <span class='ocrx_word' id='word_1_62' title='bbox 1005 1033 1263 1101; x_wconf 70' lang='lat' dir='ltr'><strong>persecuti</strong></span> <span class='ocrx_word' id='word_1_63' title='bbox 1296 1043 1416 1088; x_wconf 86' lang='lat' dir='ltr'><strong>sunt</strong></span> <span class='ocrx_word' id='word_1_64' title='bbox 1444 1050 1544 1102; x_wconf 89' lang='lat' dir='ltr'><strong>me,</strong></span> <span class='ocrx_word' id='word_1_65' title='bbox 1588 1034 1789 1109; x_wconf 81' lang='lat' dir='ltr'><strong>adjuva</strong></span> 
     </span>
    </p>
   </div>
   <div class='ocr_carea' id='block_1_12' title="bbox 190 1119 1788 1195">
    <p class='ocr_par' dir='ltr' id='par_1_12' title="bbox 190 1119 1788 1195">
     <span class='ocr_line' id='line_1_12' title="bbox 190 1119 1788 1195; baseline 0.003 -19"><span class='ocrx_word' id='word_1_66' title='bbox 190 1137 288 1177; x_wconf 81' lang='lat' dir='ltr'><strong>nte.</strong></span> <span class='ocrx_word' id='word_1_67' title='bbox 322 1119 528 1178; x_wconf 85' lang='lat' dir='ltr'><strong>Gravia</strong></span> <span class='ocrx_word' id='word_1_68' title='bbox 558 1120 824 1178; x_wconf 69' lang='lat' dir='ltr'><strong>adversus</strong></span> <span class='ocrx_word' id='word_1_69' title='bbox 855 1124 1193 1195; x_wconf 90' lang='lat' dir='ltr'><strong>principatus</strong></span> <span class='ocrx_word' id='word_1_70' title='bbox 1218 1132 1274 1179; x_wconf 91' lang='lat' dir='ltr'><strong>et</strong></span> <span class='ocrx_word' id='word_1_71' title='bbox 1300 1132 1601 1195; x_wconf 84' lang='lat' dir='ltr'><strong>pctestates</strong></span> <span class='ocrx_word' id='word_1_72' title='bbox 1624 1126 1788 1182; x_wconf 89' lang='lat' dir='ltr'><strong>susti-</strong></span> 
     </span>
    </p>
   </div>
   <div class='ocr_carea' id='block_1_13' title="bbox 189 1213 1788 1287">
    <p class='ocr_par' dir='ltr' id='par_1_13' title="bbox 189 1213 1788 1287">
     <span class='ocr_line' id='line_1_13' title="bbox 189 1213 1788 1287; baseline 0.001 -16"><span class='ocrx_word' id='word_1_73' title='bbox 189 1227 294 1271; x_wconf 82' lang='lat' dir='ltr'><strong>neo</strong></span> <span class='ocrx_word' id='word_1_74' title='bbox 324 1213 496 1283; x_wconf 78' lang='lat' dir='ltr'><strong>bella,</strong></span> <span class='ocrx_word' id='word_1_75' title='bbox 522 1224 579 1271; x_wconf 81' lang='lat' dir='ltr'><strong>et</strong></span> <span class='ocrx_word' id='word_1_76' title='bbox 609 1214 731 1270; x_wconf 87' lang='lat' dir='ltr'><strong>ideo</strong></span> <span class='ocrx_word' id='word_1_77' title='bbox 763 1230 871 1271; x_wconf 91' lang='lat' dir='ltr'><strong>non</strong></span> <span class='ocrx_word' id='word_1_78' title='bbox 895 1228 1044 1287; x_wconf 86' lang='lat' dir='ltr'><strong>peto,</strong></span> <span class='ocrx_word' id='word_1_79' title='bbox 1079 1226 1137 1272; x_wconf 90' lang='lat' dir='ltr'><strong>ut</strong></span> <span class='ocrx_word' id='word_1_80' title='bbox 1177 1226 1494 1273; x_wconf 86' lang='lat' dir='ltr'><strong>amoveatur</strong></span> <span class='ocrx_word' id='word_1_81' title='bbox 1534 1218 1637 1274; x_wconf 88' lang='lat' dir='ltr'><strong>hoc</strong></span> <span class='ocrx_word' id='word_1_82' title='bbox 1666 1233 1788 1274; x_wconf 90' lang='lat' dir='ltr'><strong>cer-</strong></span> 
     </span>
    </p>
   </div>
   <div class='ocr_carea' id='block_1_14' title="bbox 92 1302 1788 1380">
    <p class='ocr_par' dir='ltr' id='par_1_14' title="bbox 92 1302 1788 1380">
     <span class='ocr_line' id='line_1_14' title="bbox 92 1302 1788 1380; baseline 0.004 -18"><span class='ocrx_word' id='word_1_83' title='bbox 92 1302 95 1307; x_wconf 84' lang='grc'><em>’</em></span> <span class='ocrx_word' id='word_1_84' title='bbox 187 1315 409 1373; x_wconf 78' lang='lat' dir='ltr'><strong>tamen;</strong></span> <span class='ocrx_word' id='word_1_85' title='bbox 438 1305 536 1363; x_wconf 88' lang='lat' dir='ltr'><strong>sed</strong></span> <span class='ocrx_word' id='word_1_86' title='bbox 589 1318 647 1362; x_wconf 81' lang='lat' dir='ltr'><strong>ut</strong></span> <span class='ocrx_word' id='word_1_87' title='bbox 682 1307 939 1378; x_wconf 85' lang='lat' dir='ltr'><strong>adjuver,</strong></span> <span class='ocrx_word' id='word_1_88' title='bbox 967 1308 1147 1366; x_wconf 77' lang='lat' dir='ltr'><strong>sciens</strong></span> <span class='ocrx_word' id='word_1_89' title='bbox 1177 1310 1449 1366; x_wconf 88' lang='lat' dir='ltr'><strong>neminetn</strong></span> <span class='ocrx_word' id='word_1_90' title='bbox 1506 1327 1664 1380; x_wconf 83' lang='lat' dir='ltr'><strong>posse</strong></span> <span class='ocrx_word' id='word_1_91' title='bbox 1695 1327 1788 1369; x_wconf 84' lang='lat' dir='ltr'><strong>co-</strong></span> 
     </span>
    </p>
   </div>
   <div class='ocr_carea' id='block_1_15' title="bbox 188 1400 1225 1473">
    <p class='ocr_par' dir='ltr' id='par_1_15' title="bbox 188 1400 1225 1473">
     <span class='ocr_line' id='line_1_15' title="bbox 188 1400 1225 1473; baseline 0.003 -16"><span class='ocrx_word' id='word_1_92' title='bbox 188 1400 371 1458; x_wconf 88' lang='lat' dir='ltr'><strong>ronari</strong></span> <span class='ocrx_word' id='word_1_93' title='bbox 393 1401 501 1457; x_wconf 92' lang='lat' dir='ltr'><strong>nisi</strong></span> <span class='ocrx_word' id='word_1_94' title='bbox 529 1402 622 1472; x_wconf 90' lang='lat' dir='ltr'><strong>qui</strong></span> <span class='ocrx_word' id='word_1_95' title='bbox 650 1401 891 1473; x_wconf 69' lang='lat' dir='ltr'><strong>legitime</strong></span> <span class='ocrx_word' id='word_1_96' title='bbox 917 1405 1225 1460; x_wconf 80' lang='lat' dir='ltr'><strong>certaverit.</strong></span> 
     </span>
    </p>
   </div>
   <div class='ocr_carea' id='block_1_16' title="bbox 258 1492 1787 1571">
    <p class='ocr_par' dir='ltr' id='par_1_16' title="bbox 258 1492 1787 1571">
     <span class='ocr_line' id='line_1_16' title="bbox 258 1492 1787 1571; baseline 0.003 -23"><span class='ocrx_word' id='word_1_97' title='bbox 258 1492 439 1549; x_wconf 70' lang='lat' dir='ltr'><strong>Paulo</strong></span> <span class='ocrx_word' id='word_1_98' title='bbox 472 1494 641 1550; x_wconf 75' lang='lat' dir='ltr'><strong>minus</strong></span> <span class='ocrx_word' id='word_1_99' title='bbox 663 1505 1141 1551; x_wconf 65' lang='lat' dir='ltr'><strong>consummaverunt</strong></span> <span class='ocrx_word' id='word_1_100' title='bbox 1169 1513 1247 1552; x_wconf 84' lang='lat' dir='ltr'><strong>me</strong></span> <span class='ocrx_word' id='word_1_101' title='bbox 1279 1497 1335 1552; x_wconf 90' lang='lat' dir='ltr'><strong>in</strong></span> <span class='ocrx_word' id='word_1_102' title='bbox 1359 1505 1497 1553; x_wconf 88' lang='lat' dir='ltr'><strong>terra</strong></span> <span class='ocrx_word' id='word_1_103' title='bbox 1522 1515 1541 1564; x_wconf 86' lang='lat'><strong><em>;</em></strong></span> <span class='ocrx_word' id='word_1_104' title='bbox 1579 1515 1674 1571; x_wconf 90' lang='lat' dir='ltr'><strong>ego</strong></span> <span class='ocrx_word' id='word_1_105' title='bbox 1693 1515 1787 1552; x_wconf 85' lang='lat' dir='ltr'><strong>au-</strong></span> 
     </span>
    </p>
   </div>
   <div class='ocr_carea' id='block_1_17' title="bbox 187 1587 1789 1663">
    <p class='ocr_par' dir='ltr' id='par_1_17' title="bbox 187 1587 1789 1663">
     <span class='ocr_line' id='line_1_17' title="bbox 187 1587 1789 1663; baseline 0.003 -19"><span class='ocrx_word' id='word_1_106' title='bbox 187 1596 289 1644; x_wconf 75' lang='lat' dir='ltr'><strong>tem</strong></span> <span class='ocrx_word' id='word_1_107' title='bbox 316 1603 423 1643; x_wconf 80' lang='lat' dir='ltr'><strong>non</strong></span> <span class='ocrx_word' id='word_1_108' title='bbox 445 1587 703 1659; x_wconf 78' lang='lat' dir='ltr'><strong>dereliqui</strong></span> <span class='ocrx_word' id='word_1_109' title='bbox 738 1589 988 1644; x_wconf 81' lang='lat' dir='ltr'><strong>mandata</strong></span> <span class='ocrx_word' id='word_1_110' title='bbox 1029 1597 1140 1643; x_wconf 86' lang='lat' dir='ltr'><strong>tua.</strong></span> <span class='ocrx_word' id='word_1_111' title='bbox 1171 1590 1338 1648; x_wconf 77' lang='lat' dir='ltr'><strong>Valde</strong></span> <span class='ocrx_word' id='word_1_112' title='bbox 1368 1606 1456 1648; x_wconf 91' lang='lat' dir='ltr'><strong>me</strong></span> <span class='ocrx_word' id='word_1_113' title='bbox 1478 1594 1789 1663; x_wconf 79' lang='lat' dir='ltr'><strong>corporalia</strong></span> 
     </span>
    </p>
   </div>
   <div class='ocr_carea' id='block_1_18' title="bbox 190 1678 1791 1741">
    <p class='ocr_par' dir='ltr' id='par_1_18' title="bbox 190 1678 1791 1741">
     <span class='ocr_line' id='line_1_18' title="bbox 190 1678 1791 1741; baseline 0.004 -7"><span class='ocrx_word' id='word_1_114' title='bbox 190 1678 323 1735; x_wconf 82' lang='lat' dir='ltr'><strong>vitia</strong></span> <span class='ocrx_word' id='word_1_115' title='bbox 351 1679 408 1735; x_wconf 90' lang='lat' dir='ltr'><strong>in</strong></span> <span class='ocrx_word' id='word_1_116' title='bbox 462 1690 610 1735; x_wconf 87' lang='lat' dir='ltr'><strong>terra</strong></span> <span class='ocrx_word' id='word_1_117' title='bbox 642 1680 1024 1737; x_wconf 87' lang='lat' dir='ltr'><strong>humiliassent</strong></span> <span class='ocrx_word' id='word_1_118' title='bbox 1049 1699 1060 1733; x_wconf 88' lang='lat'><strong>:</strong></span> <span class='ocrx_word' id='word_1_119' title='bbox 1087 1682 1192 1737; x_wconf 91' lang='lat' dir='ltr'><strong>nisi</strong></span> <span class='ocrx_word' id='word_1_120' title='bbox 1240 1683 1603 1740; x_wconf 82' lang='lat' dir='ltr'><strong>custodissent</strong></span> <span class='ocrx_word' id='word_1_121' title='bbox 1636 1700 1791 1741; x_wconf 87' lang='lat' dir='ltr'><strong>man-</strong></span> 
     </span>
    </p>
   </div>
   <div class='ocr_carea' id='block_1_19' title="bbox 187 1771 545 1829">
    <p class='ocr_par' dir='ltr' id='par_1_19' title="bbox 187 1771 545 1829">
     <span class='ocr_line' id='line_1_19' title="bbox 187 1771 545 1829; baseline -0.003 0"><span class='ocrx_word' id='word_1_122' title='bbox 187 1772 314 1829; x_wconf 81' lang='lat' dir='ltr'><strong>data</strong></span> <span class='ocrx_word' id='word_1_123' title='bbox 336 1771 545 1829; x_wconf 85' lang='lat' dir='ltr'><strong>divina.</strong></span> 
     </span>
    </p>
   </div>
   <div class='ocr_carea' id='block_1_20' title="bbox 261 1865 1790 1938">
    <p class='ocr_par' dir='ltr' id='par_1_20' title="bbox 261 1865 1790 1938">
     <span class='ocr_line' id='line_1_20' title="bbox 261 1865 1790 1938; baseline 0.003 -15"><span class='ocrx_word' id='word_1_124' title='bbox 261 1865 566 1923; x_wconf 75' lang='lat' dir='ltr'><strong>Secundum</strong></span> <span class='ocrx_word' id='word_1_125' title='bbox 594 1866 1008 1922; x_wconf 85' lang='lat' dir='ltr'><strong>misericordiam</strong></span> <span class='ocrx_word' id='word_1_126' title='bbox 1028 1875 1173 1922; x_wconf 91' lang='lat' dir='ltr'><strong>tuam</strong></span> <span class='ocrx_word' id='word_1_127' title='bbox 1194 1869 1396 1938; x_wconf 73' lang='lat' dir='ltr'><strong>vivi/ica</strong></span> <span class='ocrx_word' id='word_1_128' title='bbox 1417 1886 1515 1926; x_wconf 87' lang='lat' dir='ltr'><strong>me.</strong></span> <span class='ocrx_word' id='word_1_129' title='bbox 1543 1870 1598 1926; x_wconf 93' lang='lat' dir='ltr'><strong>In</strong></span> <span class='ocrx_word' id='word_1_130' title='bbox 1621 1879 1790 1927; x_wconf 72' lang='lat' dir='ltr'><strong>teter-</strong></span> 
     </span>
    </p>
   </div>
   <div class='ocr_carea' id='block_1_21' title="bbox 197 1958 1793 2030">
    <p class='ocr_par' dir='ltr' id='par_1_21' title="bbox 197 1958 1793 2030">
     <span class='ocr_line' id='line_1_21' title="bbox 197 1958 1793 2030; baseline 0.002 -15"><span class='ocrx_word' id='word_1_131' title='bbox 197 1975 324 2015; x_wconf 85' lang='lat' dir='ltr'><strong>nam</strong></span> <span class='ocrx_word' id='word_1_132' title='bbox 354 1958 557 2024; x_wconf 87' lang='lat' dir='ltr'><strong>vitam;</strong></span> <span class='ocrx_word' id='word_1_133' title='bbox 590 1961 714 2030; x_wconf 89' lang='lat' dir='ltr'><strong>quia</strong></span> <span class='ocrx_word' id='word_1_134' title='bbox 747 1974 852 2029; x_wconf 86' lang='lat' dir='ltr'><strong>ego</strong></span> <span class='ocrx_word' id='word_1_135' title='bbox 885 1960 995 2029; x_wconf 86' lang='lat' dir='ltr'><strong>jam</strong></span> <span class='ocrx_word' id='word_1_136' title='bbox 1030 1976 1138 2014; x_wconf 90' lang='lat' dir='ltr'><strong>non</strong></span> <span class='ocrx_word' id='word_1_137' title='bbox 1188 1960 1318 2016; x_wconf 90' lang='lat' dir='ltr'><strong>mihi</strong></span> <span class='ocrx_word' id='word_1_138' title='bbox 1345 1963 1467 2017; x_wconf 89' lang='lat' dir='ltr'><strong>vivo</strong></span> <span class='ocrx_word' id='word_1_139' title='bbox 1494 1982 1504 2016; x_wconf 91' lang='lat'><strong>:</strong></span> <span class='ocrx_word' id='word_1_140' title='bbox 1540 1964 1671 2017; x_wconf 81' lang='lat' dir='ltr'><strong>vivit</strong></span> <span class='ocrx_word' id='word_1_141' title='bbox 1700 1979 1793 2019; x_wconf 88' lang='lat' dir='ltr'><strong>au-</strong></span> 
     </span>
    </p>
   </div>
   <div class='ocr_carea' id='block_1_22' title="bbox 194 2049 1788 2111">
    <p class='ocr_par' dir='ltr' id='par_1_22' title="bbox 194 2049 1788 2111">
     <span class='ocr_line' id='line_1_22' title="bbox 194 2049 1788 2111; baseline 0.003 -4"><span class='ocrx_word' id='word_1_142' title='bbox 194 2060 302 2107; x_wconf 88' lang='lat' dir='ltr'><strong>tem</strong></span> <span class='ocrx_word' id='word_1_143' title='bbox 334 2052 387 2105; x_wconf 91' lang='lat' dir='ltr'><strong>in</strong></span> <span class='ocrx_word' id='word_1_144' title='bbox 424 2067 510 2107; x_wconf 88' lang='lat' dir='ltr'><strong>me</strong></span> <span class='ocrx_word' id='word_1_145' title='bbox 537 2051 804 2107; x_wconf 84' lang='lat' dir='ltr'><strong>Christus.</strong></span> <span class='ocrx_word' id='word_1_146' title='bbox 842 2049 911 2106; x_wconf 91' lang='lat' dir='ltr'><strong>Ut</strong></span> <span class='ocrx_word' id='word_1_147' title='bbox 930 2053 1217 2106; x_wconf 85' lang='lat' dir='ltr'><strong>custodiam</strong></span> <span class='ocrx_word' id='word_1_148' title='bbox 1240 2055 1534 2109; x_wconf 86' lang='lat' dir='ltr'><strong>testimonia</strong></span> <span class='ocrx_word' id='word_1_149' title='bbox 1562 2055 1669 2111; x_wconf 86' lang='lat' dir='ltr'><strong>oris</strong></span> <span class='ocrx_word' id='word_1_150' title='bbox 1690 2057 1788 2111; x_wconf 90' lang='lat' dir='ltr'><strong>tui.</strong></span> 
     </span>
    </p>
   </div>
   <div class='ocr_carea' id='block_1_23' title="bbox 192 2143 1791 2217">
    <p class='ocr_par' dir='ltr' id='par_1_23' title="bbox 192 2143 1791 2217">
     <span class='ocr_line' id='line_1_23' title="bbox 192 2143 1791 2217; baseline 0 -16"><span class='ocrx_word' id='word_1_151' title='bbox 192 2144 291 2201; x_wconf 79' lang='lat' dir='ltr'><strong>Vel</strong></span> <span class='ocrx_word' id='word_1_152' title='bbox 317 2160 381 2201; x_wconf 86' lang='lat' dir='ltr'><strong>ea</strong></span> <span class='ocrx_word' id='word_1_153' title='bbox 411 2160 535 2217; x_wconf 69' lang='lat' dir='ltr'><strong>qua:</strong></span> <span class='ocrx_word' id='word_1_154' title='bbox 559 2145 611 2200; x_wconf 92' lang='lat' dir='ltr'><strong>in</strong></span> <span class='ocrx_word' id='word_1_155' title='bbox 645 2145 786 2215; x_wconf 83' lang='lat' dir='ltr'><strong>Lege</strong></span> <span class='ocrx_word' id='word_1_156' title='bbox 801 2143 1068 2200; x_wconf 80' lang='lat' dir='ltr'><strong>mandasti</strong></span> <span class='ocrx_word' id='word_1_157' title='bbox 1102 2161 1118 2212; x_wconf 91' lang='lat'><strong>;</strong></span> <span class='ocrx_word' id='word_1_158' title='bbox 1152 2145 1237 2201; x_wconf 92' lang='lat' dir='ltr'><strong>vel</strong></span> <span class='ocrx_word' id='word_1_159' title='bbox 1267 2146 1354 2203; x_wconf 90' lang='lat' dir='ltr'><strong>illa</strong></span> <span class='ocrx_word' id='word_1_160' title='bbox 1384 2162 1503 2216; x_wconf 69' lang='lat' dir='ltr'><strong>qua:</strong></span> <span class='ocrx_word' id='word_1_161' title='bbox 1533 2148 1586 2203; x_wconf 90' lang='lat' dir='ltr'><strong>in</strong></span> <span class='ocrx_word' id='word_1_162' title='bbox 1620 2148 1791 2202; x_wconf 78' lang='lat' dir='ltr'><strong>Evan-</strong></span> 
     </span>
    </p>
   </div>
   <div class='ocr_carea' id='block_1_24' title="bbox 187 2238 678 2311">
    <p class='ocr_par' dir='ltr' id='par_1_24' title="bbox 187 2238 678 2311">
     <span class='ocr_line' id='line_1_24' title="bbox 187 2238 678 2311; baseline -0.006 -17"><span class='ocrx_word' id='word_1_163' title='bbox 187 2239 349 2311; x_wconf 85' lang='lat' dir='ltr'><strong>gcliis</strong></span> <span class='ocrx_word' id='word_1_164' title='bbox 380 2238 678 2310; x_wconf 86' lang='lat' dir='ltr'><strong>protulisti.</strong></span> 
     </span>
    </p>
   </div>
   <div class='ocr_carea' id='block_1_25' title="bbox 909 2327 1107 2368">
    <p class='ocr_par' dir='ltr' id='par_1_25' title="bbox 909 2327 1107 2368">
     <span class='ocr_line' id='line_1_25' title="bbox 909 2327 1107 2368; baseline -0.015 0"><span class='ocrx_word' id='word_1_165' title='bbox 909 2327 1107 2368; x_wconf 70' lang='lat' dir='ltr'><strong>LAIED.</strong></span> 
     </span>
    </p>
   </div>
   <div class='ocr_carea' id='block_1_26' title="bbox 259 2422 1791 2501">
    <p class='ocr_par' dir='ltr' id='par_1_26' title="bbox 259 2422 1791 2501">
     <span class='ocr_line' id='line_1_26' title="bbox 259 2422 1791 2501; baseline 0.003 -22"><span class='ocrx_word' id='word_1_166' title='bbox 259 2422 331 2480; x_wconf 86' lang='lat' dir='ltr'><strong>In</strong></span> <span class='ocrx_word' id='word_1_167' title='bbox 359 2435 611 2481; x_wconf 66' lang='lat' dir='ltr'><strong>aeternum</strong></span> <span class='ocrx_word' id='word_1_168' title='bbox 634 2470 648 2495; x_wconf 87' lang='lat'><strong>,</strong></span> <span class='ocrx_word' id='word_1_169' title='bbox 685 2424 913 2482; x_wconf 87' lang='lat' dir='ltr'><strong>Domine</strong></span> <span class='ocrx_word' id='word_1_170' title='bbox 942 2470 958 2495; x_wconf 93' lang='lat'><strong>,</strong></span> <span class='ocrx_word' id='word_1_171' title='bbox 1001 2426 1211 2481; x_wconf 79' lang='lat' dir='ltr'><strong>uerbum</strong></span> <span class='ocrx_word' id='word_1_172' title='bbox 1253 2436 1401 2481; x_wconf 89' lang='lat' dir='ltr'><strong>tuum</strong></span> <span class='ocrx_word' id='word_1_173' title='bbox 1446 2438 1711 2501; x_wconf 82' lang='lat' dir='ltr'><strong>permanet</strong></span> <span class='ocrx_word' id='word_1_174' title='bbox 1739 2430 1791 2484; x_wconf 88' lang='lat' dir='ltr'><strong>in</strong></span> 
     </span>
    </p>
   </div>
   <div class='ocr_carea' id='block_1_27' title="bbox 189 2516 1791 2592">
    <p class='ocr_par' dir='ltr' id='par_1_27' title="bbox 189 2516 1791 2592">
     <span class='ocr_line' id='line_1_27' title="bbox 189 2516 1791 2592; baseline 0.001 -17"><span class='ocrx_word' id='word_1_175' title='bbox 189 2518 347 2575; x_wconf 67' lang='lat' dir='ltr'><strong>calo.</strong></span> <span class='ocrx_word' id='word_1_176' title='bbox 378 2516 439 2574; x_wconf 85' lang='lat' dir='ltr'><strong>in</strong></span> <span class='ocrx_word' id='word_1_177' title='bbox 466 2518 688 2575; x_wconf 85' lang='lat' dir='ltr'><strong>homine</strong></span> <span class='ocrx_word' id='word_1_178' title='bbox 712 2519 803 2575; x_wconf 90' lang='lat' dir='ltr'><strong>illo</strong></span> <span class='ocrx_word' id='word_1_179' title='bbox 830 2520 1040 2577; x_wconf 73' lang='lat' dir='ltr'><strong>cmlesti</strong></span> <span class='ocrx_word' id='word_1_180' title='bbox 1066 2520 1182 2591; x_wconf 87' lang='lat' dir='ltr'><strong>qui,</strong></span> <span class='ocrx_word' id='word_1_181' title='bbox 1214 2518 1405 2576; x_wconf 83' lang='lat' dir='ltr'><strong>relicta</strong></span> <span class='ocrx_word' id='word_1_182' title='bbox 1426 2521 1659 2592; x_wconf 78' lang='lat' dir='ltr'><strong>imagine</strong></span> <span class='ocrx_word' id='word_1_183' title='bbox 1682 2528 1791 2576; x_wconf 88' lang='lat' dir='ltr'><strong>ter-</strong></span> 
     </span>
    </p>
   </div>
   <div class='ocr_carea' id='block_1_28' title="bbox 192 2613 915 2681">
    <p class='ocr_par' dir='ltr' id='par_1_28' title="bbox 192 2613 915 2681">
     <span class='ocr_line' id='line_1_28' title="bbox 192 2613 915 2681; baseline 0 -14"><span class='ocrx_word' id='word_1_184' title='bbox 192 2628 357 2681; x_wconf 87' lang='lat' dir='ltr'><strong>rena,</strong></span> <span class='ocrx_word' id='word_1_185' title='bbox 382 2613 555 2669; x_wconf 83' lang='lat' dir='ltr'><strong>iactus</strong></span> <span class='ocrx_word' id='word_1_186' title='bbox 588 2621 674 2671; x_wconf 58' lang='lat' dir='ltr'><strong>est</strong></span> <span class='ocrx_word' id='word_1_187' title='bbox 693 2614 915 2670; x_wconf 69' lang='lat' dir='ltr'><strong>coelum.</strong></span> 
     </span>
    </p>
   </div>
   <div class='ocr_carea' id='block_1_29' title="bbox 258 2704 1791 2779">
    <p class='ocr_par' dir='ltr' id='par_1_29' title="bbox 258 2704 1791 2779">
     <span class='ocr_line' id='line_1_29' title="bbox 258 2704 1791 2779; baseline 0.001 -19"><span class='ocrx_word' id='word_1_188' title='bbox 258 2704 333 2760; x_wconf 85' lang='lat' dir='ltr'><strong>In</strong></span> <span class='ocrx_word' id='word_1_189' title='bbox 361 2708 739 2779; x_wconf 77' lang='lat' dir='ltr'><strong>generationem</strong></span> <span class='ocrx_word' id='word_1_190' title='bbox 783 2718 828 2760; x_wconf 83' lang='lat' dir='ltr'><strong>et</strong></span> <span class='ocrx_word' id='word_1_191' title='bbox 876 2709 1253 2778; x_wconf 79' lang='lat' dir='ltr'><strong>generationem</strong></span> <span class='ocrx_word' id='word_1_192' title='bbox 1302 2710 1489 2762; x_wconf 69' lang='lat' dir='ltr'><strong>veritas</strong></span> <span class='ocrx_word' id='word_1_193' title='bbox 1530 2716 1636 2762; x_wconf 91' lang='lat' dir='ltr'><strong>tua.</strong></span> <span class='ocrx_word' id='word_1_194' title='bbox 1680 2707 1791 2763; x_wconf 88' lang='lat' dir='ltr'><strong>Una</strong></span> 
     </span>
    </p>
   </div>
   <div class='ocr_carea' id='block_1_30' title="bbox 186 2797 1797 2870">
    <p class='ocr_par' dir='ltr' id='par_1_30' title="bbox 186 2797 1797 2870">
     <span class='ocr_line' id='line_1_30' title="bbox 186 2797 1797 2870; baseline -0.001 -16"><span class='ocrx_word' id='word_1_195' title='bbox 186 2798 479 2870; x_wconf 71' lang='lat' dir='ltr'><strong>generatio</strong></span> <span class='ocrx_word' id='word_1_196' title='bbox 506 2807 590 2854; x_wconf 87' lang='lat' dir='ltr'><strong>est</strong></span> <span class='ocrx_word' id='word_1_197' title='bbox 613 2797 777 2869; x_wconf 85' lang='lat' dir='ltr'><strong>Legis</strong></span> <span class='ocrx_word' id='word_1_198' title='bbox 809 2807 866 2854; x_wconf 92' lang='lat' dir='ltr'><strong>et</strong></span> <span class='ocrx_word' id='word_1_199' title='bbox 908 2797 1291 2868; x_wconf 82' lang='lat' dir='ltr'><strong>prOphetarum</strong></span> <span class='ocrx_word' id='word_1_200' title='bbox 1315 2818 1329 2853; x_wconf 87' lang='lat'><strong>:</strong></span> <span class='ocrx_word' id='word_1_201' title='bbox 1354 2799 1527 2855; x_wconf 79' lang='lat' dir='ltr'><strong>altera</strong></span> <span class='ocrx_word' id='word_1_202' title='bbox 1550 2799 1797 2870; x_wconf 71' lang='lat' dir='ltr'><strong>Evange-</strong></span> 
     </span>
    </p>
   </div>
   <div class='ocr_carea' id='block_1_31' title="bbox 185 2891 1792 2965">
    <p class='ocr_par' dir='ltr' id='par_1_31' title="bbox 185 2891 1792 2965">
     <span class='ocr_line' id='line_1_31' title="bbox 185 2891 1792 2965; baseline 0.001 -17"><span class='ocrx_word' id='word_1_203' title='bbox 185 2892 413 2950; x_wconf 86' lang='lat' dir='ltr'><strong>liorum.</strong></span> <span class='ocrx_word' id='word_1_204' title='bbox 441 2891 499 2948; x_wconf 86' lang='lat' dir='ltr'><strong>In</strong></span> <span class='ocrx_word' id='word_1_205' title='bbox 530 2893 613 2948; x_wconf 90' lang='lat' dir='ltr'><strong>bis</strong></span> <span class='ocrx_word' id='word_1_206' title='bbox 644 2894 1321 2965; x_wconf 85' lang='lat' dir='ltr'><strong>generationibusveritas</strong></span> <span class='ocrx_word' id='word_1_207' title='bbox 1355 2903 1635 2963; x_wconf 83' lang='lat' dir='ltr'><strong>permanet</strong></span> <span class='ocrx_word' id='word_1_208' title='bbox 1659 2896 1792 2950; x_wconf 86' lang='lat' dir='ltr'><strong>Dei:</strong></span> 
     </span>
    </p>
   </div>
   <div class='ocr_carea' id='block_1_32' title="bbox 188 2985 1796 3058">
    <p class='ocr_par' dir='ltr' id='par_1_32' title="bbox 188 2985 1796 3058">
     <span class='ocr_line' id='line_1_32' title="bbox 188 2985 1796 3058; baseline 0.001 -17"><span class='ocrx_word' id='word_1_209' title='bbox 188 2987 321 3058; x_wconf 85' lang='lat' dir='ltr'><strong>quia</strong></span> <span class='ocrx_word' id='word_1_210' title='bbox 353 2985 487 3041; x_wconf 83' lang='lat' dir='ltr'><strong>nihil</strong></span> <span class='ocrx_word' id='word_1_211' title='bbox 521 2986 788 3042; x_wconf 84' lang='lat' dir='ltr'><strong>mendacii</strong></span> <span class='ocrx_word' id='word_1_212' title='bbox 832 2987 1201 3057; x_wconf 84' lang='lat' dir='ltr'><strong>protulerunt.</strong></span> <span class='ocrx_word' id='word_1_213' title='bbox 1230 2985 1495 3042; x_wconf 86' lang='lat' dir='ltr'><strong>Fundasti</strong></span> <span class='ocrx_word' id='word_1_214' title='bbox 1517 2997 1727 3055; x_wconf 88' lang='lat' dir='ltr'><strong>terram,</strong></span> <span class='ocrx_word' id='word_1_215' title='bbox 1748 2997 1796 3043; x_wconf 87' lang='lat' dir='ltr'><strong>et</strong></span> 
     </span>
    </p>
   </div>
   <div class='ocr_carea' id='block_1_33' title="bbox 185 3079 1793 3150">
    <p class='ocr_par' dir='ltr' id='par_1_33' title="bbox 185 3079 1793 3150">
     <span class='ocr_line' id='line_1_33' title="bbox 185 3079 1793 3150; baseline 0.001 -16"><span class='ocrx_word' id='word_1_216' title='bbox 185 3089 481 3149; x_wconf 79' lang='lat' dir='ltr'><strong>permanet.</strong></span> <span class='ocrx_word' id='word_1_217' title='bbox 533 3079 649 3136; x_wconf 87' lang='lat' dir='ltr'><strong>Non</strong></span> <span class='ocrx_word' id='word_1_218' title='bbox 678 3080 827 3135; x_wconf 90' lang='lat' dir='ltr'><strong>illam</strong></span> <span class='ocrx_word' id='word_1_219' title='bbox 861 3096 980 3150; x_wconf 64' lang='lat' dir='ltr'><strong>quae</strong></span> <span class='ocrx_word' id='word_1_220' title='bbox 1027 3095 1148 3135; x_wconf 90' lang='lat' dir='ltr'><strong>cum</strong></span> <span class='ocrx_word' id='word_1_221' title='bbox 1205 3081 1347 3136; x_wconf 80' lang='lat' dir='ltr'><strong>ccelo</strong></span> <span class='ocrx_word' id='word_1_222' title='bbox 1392 3080 1664 3150; x_wconf 76' lang='lat' dir='ltr'><strong>pra-terit;</strong></span> <span class='ocrx_word' id='word_1_223' title='bbox 1698 3081 1793 3137; x_wconf 88' lang='lat' dir='ltr'><strong>sed</strong></span> 
     </span>
    </p>
   </div>
   <div class='ocr_carea' id='block_1_34' title="bbox 182 3173 1392 3244">
    <p class='ocr_par' dir='ltr' id='par_1_34' title="bbox 182 3173 1392 3244">
     <span class='ocr_line' id='line_1_34' title="bbox 182 3173 1392 3244; baseline -0.002 -15"><span class='ocrx_word' id='word_1_224' title='bbox 182 3173 342 3230; x_wconf 87' lang='lat' dir='ltr'><strong>illam</strong></span> <span class='ocrx_word' id='word_1_225' title='bbox 367 3174 419 3228; x_wconf 92' lang='lat' dir='ltr'><strong>in</strong></span> <span class='ocrx_word' id='word_1_226' title='bbox 446 3188 549 3244; x_wconf 85' lang='lat' dir='ltr'><strong>qua</strong></span> <span class='ocrx_word' id='word_1_227' title='bbox 581 3173 811 3230; x_wconf 82' lang='lat' dir='ltr'><strong>verbum</strong></span> <span class='ocrx_word' id='word_1_228' title='bbox 840 3174 940 3231; x_wconf 90' lang='lat' dir='ltr'><strong>Dei</strong></span> <span class='ocrx_word' id='word_1_229' title='bbox 976 3174 1392 3243; x_wconf 73' lang='lat' dir='ltr'><strong>multiplicatur.</strong></span> 
     </span>
    </p>
   </div>
   <div class='ocr_carea' id='block_1_35' title="bbox 256 3268 1791 3341">
    <p class='ocr_par' dir='ltr' id='par_1_35' title="bbox 256 3268 1791 3341">
     <span class='ocr_line' id='line_1_35' title="bbox 256 3268 1791 3341; baseline 0.001 -17"><span class='ocrx_word' id='word_1_230' title='bbox 256 3268 606 3325; x_wconf 86' lang='lat' dir='ltr'><strong>Ordinatione</strong></span> <span class='ocrx_word' id='word_1_231' title='bbox 654 3277 745 3324; x_wconf 89' lang='lat' dir='ltr'><strong>tua</strong></span> <span class='ocrx_word' id='word_1_232' title='bbox 785 3278 1073 3339; x_wconf 77' lang='lat' dir='ltr'><strong>perseverat</strong></span> <span class='ocrx_word' id='word_1_233' title='bbox 1118 3268 1228 3324; x_wconf 84' lang='lat' dir='ltr'><strong>dies</strong></span> <span class='ocrx_word' id='word_1_234' title='bbox 1270 3286 1290 3335; x_wconf 88' lang='lat'><em>;</em></span> <span class='ocrx_word' id='word_1_235' title='bbox 1330 3269 1577 3341; x_wconf 86' lang='lat' dir='ltr'><strong>quoniam</strong></span> <span class='ocrx_word' id='word_1_236' title='bbox 1618 3272 1791 3325; x_wconf 84' lang='lat' dir='ltr'><strong>omnia</strong></span> 
     </span>
    </p>
   </div>
   <div class='ocr_carea' id='block_1_36' title="bbox 185 3361 1792 3431">
    <p class='ocr_par' dir='ltr' id='par_1_36' title="bbox 185 3361 1792 3431">
     <span class='ocr_line' id='line_1_36' title="bbox 185 3361 1792 3431; baseline 0.002 -14"><span class='ocrx_word' id='word_1_237' title='bbox 185 3361 423 3417; x_wconf 77' lang='lat' dir='ltr'><strong>seruiunt</strong></span> <span class='ocrx_word' id='word_1_238' title='bbox 451 3363 566 3416; x_wconf 85' lang='lat' dir='ltr'><strong>tibi.</strong></span> <span class='ocrx_word' id='word_1_239' title='bbox 595 3362 720 3431; x_wconf 86' lang='lat' dir='ltr'><strong>Qui,</strong></span> <span class='ocrx_word' id='word_1_240' title='bbox 755 3361 962 3418; x_wconf 83' lang='lat' dir='ltr'><strong>relictis</strong></span> <span class='ocrx_word' id='word_1_241' title='bbox 993 3361 1178 3417; x_wconf 91' lang='lat' dir='ltr'><strong>mundi</strong></span> <span class='ocrx_word' id='word_1_242' title='bbox 1211 3361 1467 3430; x_wconf 82' lang='lat' dir='ltr'><strong>tenebris,</strong></span> <span class='ocrx_word' id='word_1_243' title='bbox 1500 3364 1550 3416; x_wconf 91' lang='lat' dir='ltr'><strong>in</strong></span> <span class='ocrx_word' id='word_1_244' title='bbox 1586 3361 1792 3420; x_wconf 82' lang='lat' dir='ltr'><strong>lumine</strong></span> 
     </span>
    </p>
   </div>
   <div class='ocr_carea' id='block_1_37' title="bbox 184 3453 1790 3526">
    <p class='ocr_par' dir='ltr' id='par_1_37' title="bbox 184 3453 1790 3526">
     <span class='ocr_line' id='line_1_37' title="bbox 184 3453 1790 3526; baseline 0.001 -17"><span class='ocrx_word' id='word_1_245' title='bbox 184 3453 284 3510; x_wconf 88' lang='lat' dir='ltr'><strong>Dei</strong></span> <span class='ocrx_word' id='word_1_246' title='bbox 322 3454 497 3522; x_wconf 88' lang='lat' dir='ltr'><strong>vivit;</strong></span> <span class='ocrx_word' id='word_1_247' title='bbox 531 3453 623 3510; x_wconf 91' lang='lat' dir='ltr'><strong>ille</strong></span> <span class='ocrx_word' id='word_1_248' title='bbox 654 3454 707 3510; x_wconf 91' lang='lat' dir='ltr'><strong>in</strong></span> <span class='ocrx_word' id='word_1_249' title='bbox 742 3454 936 3521; x_wconf 91' lang='lat' dir='ltr'><strong>Deum,</strong></span> <span class='ocrx_word' id='word_1_250' title='bbox 957 3456 1045 3526; x_wconf 93' lang='lat' dir='ltr'><strong>qui</strong></span> <span class='ocrx_word' id='word_1_251' title='bbox 1078 3455 1196 3511; x_wconf 90' lang='lat' dir='ltr'><strong>dies</strong></span> <span class='ocrx_word' id='word_1_252' title='bbox 1216 3470 1378 3510; x_wconf 84' lang='lat' dir='ltr'><strong>verus</strong></span> <span class='ocrx_word' id='word_1_253' title='bbox 1396 3464 1498 3521; x_wconf 84' lang='lat' dir='ltr'><strong>est,</strong></span> <span class='ocrx_word' id='word_1_254' title='bbox 1534 3469 1790 3524; x_wconf 84' lang='lat' dir='ltr'><strong>perseve-</strong></span> 
     </span>
    </p>
   </div>
   <div class='ocr_carea' id='block_1_38' title="bbox 182 3547 1790 3619">
    <p class='ocr_par' dir='ltr' id='par_1_38' title="bbox 182 3547 1790 3619">
     <span class='ocr_line' id='line_1_38' title="bbox 182 3547 1790 3619; baseline -0.002 -14"><span class='ocrx_word' id='word_1_255' title='bbox 182 3559 293 3605; x_wconf 84' lang='lat' dir='ltr'><strong>rat.</strong></span> <span class='ocrx_word' id='word_1_256' title='bbox 340 3550 408 3606; x_wconf 84' lang='lat' dir='ltr'><strong>Et</strong></span> <span class='ocrx_word' id='word_1_257' title='bbox 431 3548 614 3604; x_wconf 89' lang='lat' dir='ltr'><strong>omnia</strong></span> <span class='ocrx_word' id='word_1_258' title='bbox 646 3564 766 3619; x_wconf 69' lang='lat' dir='ltr'><strong>qua:</strong></span> <span class='ocrx_word' id='word_1_259' title='bbox 809 3563 874 3603; x_wconf 81' lang='lat' dir='ltr'><strong>ex</strong></span> <span class='ocrx_word' id='word_1_260' title='bbox 933 3547 1278 3605; x_wconf 86' lang='lat' dir='ltr'><strong>ordinatione</strong></span> <span class='ocrx_word' id='word_1_261' title='bbox 1328 3548 1449 3619; x_wconf 88' lang='lat' dir='ltr'><strong>ejus</strong></span> <span class='ocrx_word' id='word_1_262' title='bbox 1480 3547 1790 3619; x_wconf 86' lang='lat' dir='ltr'><strong>perlicit,ei</strong></span> 
     </span>
    </p>
   </div>
   <div class='ocr_carea' id='block_1_39' title="bbox 185 3639 818 3713">
    <p class='ocr_par' dir='ltr' id='par_1_39' title="bbox 185 3639 818 3713">
     <span class='ocr_line' id='line_1_39' title="bbox 185 3639 818 3713; baseline 0 -16"><span class='ocrx_word' id='word_1_263' title='bbox 185 3639 419 3713; x_wconf 84' lang='lat' dir='ltr'><strong>deputat</strong></span> <span class='ocrx_word' id='word_1_264' title='bbox 444 3641 818 3700; x_wconf 87' lang='lat' dir='ltr'><strong>serviendum.</strong></span> 
     </span>
    </p>
   </div>
   <div class='ocr_carea' id='block_1_40' title="bbox 252 3732 1786 3805">
    <p class='ocr_par' dir='ltr' id='par_1_40' title="bbox 252 3732 1786 3805">
     <span class='ocr_line' id='line_1_40' title="bbox 252 3732 1786 3805; baseline 0.001 -17"><span class='ocrx_word' id='word_1_265' title='bbox 252 3732 385 3788; x_wconf 88' lang='lat' dir='ltr'><strong>Nisi</strong></span> <span class='ocrx_word' id='word_1_266' title='bbox 409 3734 552 3805; x_wconf 89' lang='lat' dir='ltr'><strong>quod</strong></span> <span class='ocrx_word' id='word_1_267' title='bbox 599 3733 685 3790; x_wconf 79' lang='lat' dir='ltr'><strong>lex</strong></span> <span class='ocrx_word' id='word_1_268' title='bbox 712 3743 804 3790; x_wconf 89' lang='lat' dir='ltr'><strong>tua</strong></span> <span class='ocrx_word' id='word_1_269' title='bbox 856 3735 1122 3790; x_wconf 80' lang='lat' dir='ltr'><strong>meditatio</strong></span> <span class='ocrx_word' id='word_1_270' title='bbox 1171 3750 1283 3788; x_wconf 85' lang='lat' dir='ltr'><strong>mea</strong></span> <span class='ocrx_word' id='word_1_271' title='bbox 1330 3744 1426 3799; x_wconf 87' lang='lat' dir='ltr'><strong>est,</strong></span> <span class='ocrx_word' id='word_1_272' title='bbox 1485 3744 1605 3787; x_wconf 90' lang='lat' dir='ltr'><strong>tunc</strong></span> <span class='ocrx_word' id='word_1_273' title='bbox 1656 3734 1786 3803; x_wconf 82' lang='lat' dir='ltr'><strong>forte</strong></span> 
     </span>
    </p>
   </div>
   <div class='ocr_carea' id='block_1_41' title="bbox 173 3825 1785 3898">
    <p class='ocr_par' dir='ltr' id='par_1_41' title="bbox 173 3825 1785 3898">
     <span class='ocr_line' id='line_1_41' title="bbox 173 3825 1785 3898; baseline 0.001 -18"><span class='ocrx_word' id='word_1_274' title='bbox 173 3827 454 3898; x_wconf 74' lang='lat' dir='ltr'><strong>periissem</strong></span> <span class='ocrx_word' id='word_1_275' title='bbox 478 3826 531 3879; x_wconf 88' lang='lat' dir='ltr'><strong>in</strong></span> <span class='ocrx_word' id='word_1_276' title='bbox 559 3825 853 3881; x_wconf 78' lang='lat' dir='ltr'><strong>humilitate</strong></span> <span class='ocrx_word' id='word_1_277' title='bbox 873 3843 1005 3880; x_wconf 85' lang='lat' dir='ltr'><strong>mea.</strong></span> <span class='ocrx_word' id='word_1_278' title='bbox 1025 3826 1122 3880; x_wconf 87' lang='lat' dir='ltr'><strong>Dat</strong></span> <span class='ocrx_word' id='word_1_279' title='bbox 1139 3826 1469 3896; x_wconf 76' lang='lat' dir='ltr'><strong>exemplum,</strong></span> <span class='ocrx_word' id='word_1_280' title='bbox 1490 3834 1549 3880; x_wconf 94' lang='lat' dir='ltr'><strong>ut</strong></span> <span class='ocrx_word' id='word_1_281' title='bbox 1569 3826 1785 3881; x_wconf 86' lang='lat' dir='ltr'><strong>etiamsi</strong></span> 
     </span>
    </p>
   </div>
   <div class='ocr_carea' id='block_1_42' title="bbox 172 3918 1786 3990">
    <p class='ocr_par' dir='ltr' id='par_1_42' title="bbox 172 3918 1786 3990">
     <span class='ocr_line' id='line_1_42' title="bbox 172 3918 1786 3990; baseline -0.001 -15"><span class='ocrx_word' id='word_1_282' title='bbox 172 3920 230 3975; x_wconf 88' lang='lat' dir='ltr'><strong>in</strong></span> <span class='ocrx_word' id='word_1_283' title='bbox 263 3918 506 3975; x_wconf 82' lang='lat' dir='ltr'><strong>diversis</strong></span> <span class='ocrx_word' id='word_1_284' title='bbox 533 3919 1011 3990; x_wconf 87' lang='lat' dir='ltr'><strong>persccntionihus</strong></span> <span class='ocrx_word' id='word_1_285' title='bbox 1043 3918 1411 3988; x_wconf 90' lang='lat' dir='ltr'><strong>humiliemur,</strong></span> <span class='ocrx_word' id='word_1_286' title='bbox 1458 3919 1632 3990; x_wconf 87' lang='lat' dir='ltr'><strong>legem</strong></span> <span class='ocrx_word' id='word_1_287' title='bbox 1672 3932 1786 3975; x_wconf 89' lang='lat' dir='ltr'><strong>me-</strong></span> 
     </span>
    </p>
   </div>
   <div class='ocr_carea' id='block_1_43' title="bbox 171 4012 870 4083">
    <p class='ocr_par' dir='ltr' id='par_1_43' title="bbox 171 4012 870 4083">
     <span class='ocr_line' id='line_1_43' title="bbox 171 4012 870 4083; baseline -0.001 -15"><span class='ocrx_word' id='word_1_288' title='bbox 171 4012 444 4078; x_wconf 87' lang='lat' dir='ltr'><strong>ditemur,</strong></span> <span class='ocrx_word' id='word_1_289' title='bbox 467 4027 536 4067; x_wconf 93' lang='lat' dir='ltr'><strong>ne</strong></span> <span class='ocrx_word' id='word_1_290' title='bbox 565 4026 870 4083; x_wconf 84' lang='lat' dir='ltr'><strong>pereamus.</strong></span> 
     </span>
    </p>
   </div>
   <div class='ocr_carea' id='block_1_44' title="bbox 245 4103 1783 4176">
    <p class='ocr_par' dir='ltr' id='par_1_44' title="bbox 245 4103 1783 4176">
     <span class='ocr_line' id='line_1_44' title="bbox 245 4103 1783 4176; baseline 0 -16"><span class='ocrx_word' id='word_1_291' title='bbox 245 4104 317 4160; x_wconf 90' lang='lat' dir='ltr'><strong>In</strong></span> <span class='ocrx_word' id='word_1_292' title='bbox 384 4115 636 4161; x_wconf 82' lang='lat' dir='ltr'><strong>ceternunt</strong></span> <span class='ocrx_word' id='word_1_293' title='bbox 692 4121 798 4160; x_wconf 84' lang='lat' dir='ltr'><strong>non</strong></span> <span class='ocrx_word' id='word_1_294' title='bbox 846 4103 1119 4160; x_wconf 75' lang='lat' dir='ltr'><strong>obliviscar</strong></span> <span class='ocrx_word' id='word_1_295' title='bbox 1163 4104 1563 4176; x_wconf 82' lang='lat' dir='ltr'><strong>justiﬁcationes</strong></span> <span class='ocrx_word' id='word_1_296' title='bbox 1624 4112 1783 4160; x_wconf 89' lang='lat' dir='ltr'><strong>tuas:</strong></span> 
     </span>
    </p>
   </div>
   <div class='ocr_carea' id='block_1_45' title="bbox 166 4194 1784 4270">
    <p class='ocr_par' dir='ltr' id='par_1_45' title="bbox 166 4194 1784 4270">
     <span class='ocr_line' id='line_1_45' title="bbox 166 4194 1784 4270; baseline 0.001 -19"><span class='ocrx_word' id='word_1_297' title='bbox 166 4198 300 4269; x_wconf 90' lang='lat' dir='ltr'><strong>quia</strong></span> <span class='ocrx_word' id='word_1_298' title='bbox 328 4197 388 4253; x_wconf 87' lang='lat' dir='ltr'><strong>in</strong></span> <span class='ocrx_word' id='word_1_299' title='bbox 428 4198 553 4270; x_wconf 86' lang='lat' dir='ltr'><strong>ipsis</strong></span> <span class='ocrx_word' id='word_1_300' title='bbox 580 4196 844 4267; x_wconf 78' lang='lat' dir='ltr'><strong>riviﬁcasti</strong></span> <span class='ocrx_word' id='word_1_301' title='bbox 872 4212 972 4250; x_wconf 90' lang='lat' dir='ltr'><strong>me.</strong></span> <span class='ocrx_word' id='word_1_302' title='bbox 996 4194 1358 4252; x_wconf 68' lang='lat' dir='ltr'><strong>Transfereus</strong></span> <span class='ocrx_word' id='word_1_303' title='bbox 1395 4211 1482 4252; x_wconf 83' lang='lat' dir='ltr'><strong>me</strong></span> <span class='ocrx_word' id='word_1_304' title='bbox 1512 4205 1633 4265; x_wconf 74' lang='lat' dir='ltr'><strong>post</strong></span> <span class='ocrx_word' id='word_1_305' title='bbox 1662 4210 1784 4252; x_wconf 88' lang='lat' dir='ltr'><strong>cer-</strong></span> 
     </span>
    </p>
   </div>
   <div class='ocr_carea' id='block_1_46' title="bbox 169 4291 1170 4348">
    <p class='ocr_par' dir='ltr' id='par_1_46' title="bbox 169 4291 1170 4348">
     <span class='ocr_line' id='line_1_46' title="bbox 169 4291 1170 4348; baseline -0.003 0"><span class='ocrx_word' id='word_1_306' title='bbox 169 4293 385 4348; x_wconf 83' lang='lat' dir='ltr'><strong>tamina</strong></span> <span class='ocrx_word' id='word_1_307' title='bbox 416 4291 586 4347; x_wconf 89' lang='lat' dir='ltr'><strong>multa</strong></span> <span class='ocrx_word' id='word_1_308' title='bbox 612 4292 663 4347; x_wconf 93' lang='lat' dir='ltr'><strong>iu</strong></span> <span class='ocrx_word' id='word_1_309' title='bbox 696 4291 860 4346; x_wconf 87' lang='lat' dir='ltr'><strong>vitam</strong></span> <span class='ocrx_word' id='word_1_310' title='bbox 884 4301 1170 4348; x_wconf 74' lang='lat' dir='ltr'><strong>mternam.</strong></span> 
     </span>
    </p>
   </div>
   <div class='ocr_carea' id='block_1_47' title="bbox 245 4380 1781 4459">
    <p class='ocr_par' dir='ltr' id='par_1_47' title="bbox 245 4380 1781 4459">
     <span class='ocr_line' id='line_1_47' title="bbox 245 4380 1781 4459; baseline -0.002 -17"><span class='ocrx_word' id='word_1_311' title='bbox 245 4386 401 4443; x_wconf 86' lang='lat' dir='ltr'><strong>Tuus</strong></span> <span class='ocrx_word' id='word_1_312' title='bbox 430 4402 545 4442; x_wconf 89' lang='lat' dir='ltr'><strong>sum</strong></span> <span class='ocrx_word' id='word_1_313' title='bbox 594 4402 714 4459; x_wconf 85' lang='lat' dir='ltr'><strong>ego,</strong></span> <span class='ocrx_word' id='word_1_314' title='bbox 761 4384 959 4441; x_wconf 84' lang='lat' dir='ltr'><strong>solrum</strong></span> <span class='ocrx_word' id='word_1_315' title='bbox 993 4402 1072 4440; x_wconf 89' lang='lat' dir='ltr'><strong>me</strong></span> <span class='ocrx_word' id='word_1_316' title='bbox 1115 4383 1219 4456; x_wconf 82' lang='lat' dir='ltr'><strong>fac,</strong></span> <span class='ocrx_word' id='word_1_317' title='bbox 1264 4380 1506 4450; x_wconf 87' lang='lat' dir='ltr'><strong>Domine,</strong></span> <span class='ocrx_word' id='word_1_318' title='bbox 1534 4385 1781 4456; x_wconf 86' lang='lat' dir='ltr'><strong>quoniam</strong></span> 
     </span>
    </p>
   </div>
   <div class='ocr_carea' id='block_1_48' title="bbox 153 4477 1766 4556">
    <p class='ocr_par' dir='ltr' id='par_1_48' title="bbox 153 4477 1766 4556">
     <span class='ocr_line' id='line_1_48' title="bbox 153 4477 1766 4556; baseline -0.002 -19"><span class='ocrx_word' id='word_1_319' title='bbox 153 4480 575 4556; x_wconf 84' lang='lat' dir='ltr'><strong>justi/icationes</strong></span> <span class='ocrx_word' id='word_1_320' title='bbox 602 4489 718 4533; x_wconf 89' lang='lat' dir='ltr'><strong>tuas</strong></span> <span class='ocrx_word' id='word_1_321' title='bbox 748 4478 1014 4551; x_wconf 70' lang='lat' dir='ltr'><strong>exquisivi.</strong></span> <span class='ocrx_word' id='word_1_322' title='bbox 1045 4478 1156 4549; x_wconf 72' lang='lat' dir='ltr'><strong>ligo</strong></span> <span class='ocrx_word' id='word_1_323' title='bbox 1188 4486 1314 4533; x_wconf 89' lang='lat' dir='ltr'><strong>tuus</strong></span> <span class='ocrx_word' id='word_1_324' title='bbox 1345 4477 1596 4544; x_wconf 80' lang='lat' dir='ltr'><strong>famulus,</strong></span> <span class='ocrx_word' id='word_1_325' title='bbox 1624 4486 1679 4534; x_wconf 93' lang='lat' dir='ltr'><strong>et</strong></span> <span class='ocrx_word' id='word_1_326' title='bbox 1709 4487 1766 4534; x_wconf 91' lang='lat' dir='ltr'><strong>tu</strong></span> 
     </span>
    </p>
   </div>
   <div class='ocr_carea' id='block_1_49' title="bbox 1892 483 2692 560">
    <p class='ocr_par' dir='ltr' id='par_1_49' title="bbox 1892 483 2692 560">
     <span class='ocr_line' id='line_1_49' title="bbox 1892 483 2692 560; baseline 0.004 -22"><span class='ocrx_word' id='word_1_327' title='bbox 1892 483 2157 553; x_wconf 80' lang='lat' dir='ltr'><strong>procedat</strong></span> <span class='ocrx_word' id='word_1_328' title='bbox 2192 500 2290 556; x_wconf 82' lang='lat' dir='ltr'><strong>per</strong></span> <span class='ocrx_word' id='word_1_329' title='bbox 2319 486 2692 560; x_wconf 80' lang='lat' dir='ltr'><strong>Evangelium.</strong></span> 
     </span>
    </p>
   </div>
   <div class='ocr_carea' id='block_1_50' title="bbox 2584 575 2717 616">
    <p class='ocr_par' dir='ltr' id='par_1_50' title="bbox 2584 575 2717 616">
     <span class='ocr_line' id='line_1_50' title="bbox 2584 575 2717 616; baseline 0 -2"><span class='ocrx_word' id='word_1_330' title='bbox 2584 575 2717 616; x_wconf 73' lang='grc' dir='ltr'><strong>ΙΕΙ.</strong></span> 
     </span>
    </p>
   </div>
   <div class='ocr_carea' id='block_1_51' title="bbox 1963 649 3488 724">
    <p class='ocr_par' dir='ltr' id='par_1_51' title="bbox 1963 649 3488 724">
     <span class='ocr_line' id='line_1_51' title="bbox 1963 649 3488 724; baseline 0.009 -22"><span class='ocrx_word' id='word_1_331' title='bbox 1963 649 2229 715; x_wconf 81' lang='lat' dir='ltr'><strong>Quomodo</strong></span> <span class='ocrx_word' id='word_1_332' title='bbox 2258 650 2417 706; x_wconf 88' lang='lat' dir='ltr'><strong>dilexi</strong></span> <span class='ocrx_word' id='word_1_333' title='bbox 2447 651 2611 724; x_wconf 80' lang='lat' dir='ltr'><strong>legem</strong></span> <span class='ocrx_word' id='word_1_334' title='bbox 2637 662 2801 721; x_wconf 89' lang='lat' dir='ltr'><strong>tuam,</strong></span> <span class='ocrx_word' id='word_1_335' title='bbox 2836 651 3093 711; x_wconf 84' lang='lat' dir='ltr'><strong>Domine:</strong></span> <span class='ocrx_word' id='word_1_336' title='bbox 3123 666 3232 712; x_wconf 90' lang='lat' dir='ltr'><strong>tota</strong></span> <span class='ocrx_word' id='word_1_337' title='bbox 3266 657 3350 714; x_wconf 88' lang='lat' dir='ltr'><strong>die</strong></span> <span class='ocrx_word' id='word_1_338' title='bbox 3382 677 3488 716; x_wconf 84' lang='lat' dir='ltr'><strong>me-</strong></span> 
     </span>
    </p>
   </div>
   <div class='ocr_carea' id='block_1_52' title="bbox 1890 739 3489 822">
    <p class='ocr_par' dir='ltr' id='par_1_52' title="bbox 1890 739 3489 822">
     <span class='ocr_line' id='line_1_52' title="bbox 1890 739 3489 822; baseline 0.012 -29"><span class='ocrx_word' id='word_1_339' title='bbox 1890 739 2075 797; x_wconf 88' lang='lat' dir='ltr'><strong>ditatio</strong></span> <span class='ocrx_word' id='word_1_340' title='bbox 2106 759 2220 798; x_wconf 87' lang='lat' dir='ltr'><strong>mea</strong></span> <span class='ocrx_word' id='word_1_341' title='bbox 2245 754 2339 800; x_wconf 88' lang='lat' dir='ltr'><strong>est.</strong></span> <span class='ocrx_word' id='word_1_342' title='bbox 2369 744 2425 799; x_wconf 90' lang='lat' dir='ltr'><strong>In</strong></span> <span class='ocrx_word' id='word_1_343' title='bbox 2451 746 2553 801; x_wconf 91' lang='lat' dir='ltr'><strong>hoc</strong></span> <span class='ocrx_word' id='word_1_344' title='bbox 2584 757 2810 816; x_wconf 85' lang='lat' dir='ltr'><strong>apparet</strong></span> <span class='ocrx_word' id='word_1_345' title='bbox 2838 764 2957 802; x_wconf 88' lang='lat' dir='ltr'><strong>cum</strong></span> <span class='ocrx_word' id='word_1_346' title='bbox 2992 747 3192 822; x_wconf 83' lang='lat' dir='ltr'><strong>Legem</strong></span> <span class='ocrx_word' id='word_1_347' title='bbox 3225 752 3318 809; x_wconf 88' lang='lat' dir='ltr'><strong>Dei</strong></span> <span class='ocrx_word' id='word_1_348' title='bbox 3365 753 3489 811; x_wconf 88' lang='lat' dir='ltr'><strong>dili-</strong></span> 
     </span>
    </p>
   </div>
   <div class='ocr_carea' id='block_1_53' title="bbox 1888 835 3489 918">
    <p class='ocr_par' dir='ltr' id='par_1_53' title="bbox 1888 835 3489 918">
     <span class='ocr_line' id='line_1_53' title="bbox 1888 835 3489 918; baseline 0.012 -32"><span class='ocrx_word' id='word_1_349' title='bbox 1888 848 2052 902; x_wconf 85' lang='lat' dir='ltr'><strong>gere:</strong></span> <span class='ocrx_word' id='word_1_350' title='bbox 2080 835 2203 906; x_wconf 88' lang='lat' dir='ltr'><strong>quia</strong></span> <span class='ocrx_word' id='word_1_351' title='bbox 2237 852 2397 893; x_wconf 90' lang='lat' dir='ltr'><strong>omne</strong></span> <span class='ocrx_word' id='word_1_352' title='bbox 2438 847 2654 910; x_wconf 90' lang='lat' dir='ltr'><strong>tempus</strong></span> <span class='ocrx_word' id='word_1_353' title='bbox 2692 841 2815 896; x_wconf 62' lang='lat' dir='ltr'><strong>vitae</strong></span> <span class='ocrx_word' id='word_1_354' title='bbox 2850 856 2967 898; x_wconf 64' lang='lat' dir='ltr'><strong>suae</strong></span> <span class='ocrx_word' id='word_1_355' title='bbox 2991 858 3111 899; x_wconf 88' lang='lat' dir='ltr'><strong>eam</strong></span> <span class='ocrx_word' id='word_1_356' title='bbox 3139 850 3489 918; x_wconf 80' lang='lat' dir='ltr'><strong>cognoscitur</strong></span> 
     </span>
    </p>
   </div>
   <div class='ocr_carea' id='block_1_54' title="bbox 1889 926 3489 1010">
    <p class='ocr_par' dir='ltr' id='par_1_54' title="bbox 1889 926 3489 1010">
     <span class='ocr_line' id='line_1_54' title="bbox 1889 926 3489 1010; baseline 0.012 -31"><span class='ocrx_word' id='word_1_357' title='bbox 1889 926 2162 983; x_wconf 87' lang='lat' dir='ltr'><strong>meditari.</strong></span> <span class='ocrx_word' id='word_1_358' title='bbox 2197 929 2292 984; x_wconf 86' lang='lat' dir='ltr'><strong>Die</strong></span> <span class='ocrx_word' id='word_1_359' title='bbox 2319 941 2502 987; x_wconf 82' lang='lat' dir='ltr'><strong>autem</strong></span> <span class='ocrx_word' id='word_1_360' title='bbox 2538 932 2694 1001; x_wconf 80' lang='lat' dir='ltr'><strong>dixit,</strong></span> <span class='ocrx_word' id='word_1_361' title='bbox 2725 948 2824 1004; x_wconf 87' lang='lat' dir='ltr'><strong>pro</strong></span> <span class='ocrx_word' id='word_1_362' title='bbox 2852 949 2922 990; x_wconf 89' lang='lat' dir='ltr'><strong>eo</strong></span> <span class='ocrx_word' id='word_1_363' title='bbox 2947 935 3093 1006; x_wconf 89' lang='lat' dir='ltr'><strong>quod</strong></span> <span class='ocrx_word' id='word_1_364' title='bbox 3132 953 3160 991; x_wconf 91' lang='lat' dir='ltr'><strong>a</strong></span> <span class='ocrx_word' id='word_1_365' title='bbox 3192 939 3489 1010; x_wconf 84' lang='lat' dir='ltr'><strong>splendore</strong></span> 
     </span>
    </p>
   </div>
   <div class='ocr_carea' id='block_1_55' title="bbox 1889 1014 2503 1080">
    <p class='ocr_par' dir='ltr' id='par_1_55' title="bbox 1889 1014 2503 1080">
     <span class='ocr_line' id='line_1_55' title="bbox 1889 1014 2503 1080; baseline 0.005 -6"><span class='ocrx_word' id='word_1_366' title='bbox 1889 1014 2089 1075; x_wconf 62' lang='lat' dir='ltr'><strong>divinae</strong></span> <span class='ocrx_word' id='word_1_367' title='bbox 2116 1020 2248 1077; x_wconf 90' lang='lat' dir='ltr'><strong>lucis</strong></span> <span class='ocrx_word' id='word_1_368' title='bbox 2272 1023 2503 1080; x_wconf 84' lang='lat' dir='ltr'><strong>eluceat.</strong></span> 
     </span>
    </p>
   </div>
   <div class='ocr_carea' id='block_1_56' title="bbox 1964 1113 3489 1196">
    <p class='ocr_par' dir='ltr' id='par_1_56' title="bbox 1964 1113 3489 1196">
     <span class='ocr_line' id='line_1_56' title="bbox 1964 1113 3489 1196; baseline 0.01 -29"><span class='ocrx_word' id='word_1_369' title='bbox 1964 1113 2134 1186; x_wconf 86' lang='lat' dir='ltr'><strong>Super</strong></span> <span class='ocrx_word' id='word_1_370' title='bbox 2161 1116 2396 1172; x_wconf 85' lang='lat' dir='ltr'><strong>inimicos</strong></span> <span class='ocrx_word' id='word_1_371' title='bbox 2432 1134 2571 1173; x_wconf 89' lang='lat' dir='ltr'><strong>meos</strong></span> <span class='ocrx_word' id='word_1_372' title='bbox 2606 1120 2911 1192; x_wconf 85' lang='lat' dir='ltr'><strong>prudentem</strong></span> <span class='ocrx_word' id='word_1_373' title='bbox 2933 1138 3012 1177; x_wconf 89' lang='lat' dir='ltr'><strong>me</strong></span> <span class='ocrx_word' id='word_1_374' title='bbox 3038 1123 3209 1196; x_wconf 77' lang='lat' dir='ltr'><strong>fecisti</strong></span> <span class='ocrx_word' id='word_1_375' title='bbox 3244 1126 3489 1182; x_wconf 87' lang='lat' dir='ltr'><strong>mandato</strong></span> 
     </span>
    </p>
   </div>
   <div class='ocr_carea' id='block_1_57' title="bbox 1892 1210 3491 1290">
    <p class='ocr_par' dir='ltr' id='par_1_57' title="bbox 1892 1210 3491 1290">
     <span class='ocr_line' id='line_1_57' title="bbox 1892 1210 3491 1290; baseline 0.009 -30"><span class='ocrx_word' id='word_1_376' title='bbox 1892 1217 2001 1277; x_wconf 87' lang='lat' dir='ltr'><strong>tuo,</strong></span> <span class='ocrx_word' id='word_1_377' title='bbox 2032 1210 2155 1280; x_wconf 87' lang='lat' dir='ltr'><strong>quia</strong></span> <span class='ocrx_word' id='word_1_378' title='bbox 2192 1211 2244 1263; x_wconf 87' lang='lat' dir='ltr'><strong>in</strong></span> <span class='ocrx_word' id='word_1_379' title='bbox 2275 1222 2521 1266; x_wconf 68' lang='lat' dir='ltr'><strong>internum</strong></span> <span class='ocrx_word' id='word_1_380' title='bbox 2549 1214 2679 1268; x_wconf 80' lang='lat' dir='ltr'><strong>mihi</strong></span> <span class='ocrx_word' id='word_1_381' title='bbox 2700 1225 2793 1269; x_wconf 88' lang='lat' dir='ltr'><strong>est.</strong></span> <span class='ocrx_word' id='word_1_382' title='bbox 2826 1214 3036 1272; x_wconf 86' lang='lat' dir='ltr'><strong>Inimici</strong></span> <span class='ocrx_word' id='word_1_383' title='bbox 3070 1218 3367 1290; x_wconf 60' lang='lat' dir='ltr'><strong>prophetae,</strong></span> <span class='ocrx_word' id='word_1_384' title='bbox 3390 1221 3491 1277; x_wconf 83' lang='lat' dir='ltr'><strong>.lu-</strong></span> 
     </span>
    </p>
   </div>
   <div class='ocr_carea' id='block_1_58' title="bbox 1892 1298 3492 1382">
    <p class='ocr_par' dir='ltr' id='par_1_58' title="bbox 1892 1298 3492 1382">
     <span class='ocr_line' id='line_1_58' title="bbox 1892 1298 3492 1382; baseline 0.012 -28"><span class='ocrx_word' id='word_1_385' title='bbox 1892 1298 1993 1355; x_wconf 70' lang='lat' dir='ltr'><strong>dazi</strong></span> <span class='ocrx_word' id='word_1_386' title='bbox 2030 1313 2177 1372; x_wconf 89' lang='lat' dir='ltr'><strong>sunt,</strong></span> <span class='ocrx_word' id='word_1_387' title='bbox 2218 1305 2311 1374; x_wconf 91' lang='lat' dir='ltr'><strong>qui</strong></span> <span class='ocrx_word' id='word_1_388' title='bbox 2346 1304 2708 1374; x_wconf 85' lang='lat' dir='ltr'><strong>spiritualiter</strong></span> <span class='ocrx_word' id='word_1_389' title='bbox 2744 1326 2852 1365; x_wconf 91' lang='lat' dir='ltr'><strong>non</strong></span> <span class='ocrx_word' id='word_1_390' title='bbox 2894 1310 3229 1380; x_wconf 83' lang='lat' dir='ltr'><strong>intelligunt.</strong></span> <span class='ocrx_word' id='word_1_391' title='bbox 3278 1314 3492 1382; x_wconf 79' lang='lat' dir='ltr'><strong>Quibus</strong></span> 
     </span>
    </p>
   </div>
   <div class='ocr_carea' id='block_1_59' title="bbox 1892 1393 3493 1474">
    <p class='ocr_par' dir='ltr' id='par_1_59' title="bbox 1892 1393 3493 1474">
     <span class='ocr_line' id='line_1_59' title="bbox 1892 1393 3493 1474; baseline 0.009 -25"><span class='ocrx_word' id='word_1_392' title='bbox 1892 1393 2302 1466; x_wconf 88' lang='lat' dir='ltr'><strong>prudentiorem</strong></span> <span class='ocrx_word' id='word_1_393' title='bbox 2336 1400 2602 1470; x_wconf 81' lang='lat' dir='ltr'><strong>propheta</strong></span> <span class='ocrx_word' id='word_1_394' title='bbox 2633 1418 2695 1456; x_wconf 90' lang='lat' dir='ltr'><strong>se</strong></span> <span class='ocrx_word' id='word_1_395' title='bbox 2734 1401 2890 1472; x_wconf 88' lang='lat' dir='ltr'><strong>dicit,</strong></span> <span class='ocrx_word' id='word_1_396' title='bbox 2915 1404 3041 1474; x_wconf 89' lang='lat' dir='ltr'><strong>quia</strong></span> <span class='ocrx_word' id='word_1_397' title='bbox 3074 1406 3127 1461; x_wconf 91' lang='lat' dir='ltr'><strong>in</strong></span> <span class='ocrx_word' id='word_1_398' title='bbox 3155 1404 3241 1462; x_wconf 89' lang='lat' dir='ltr'><strong>bis</strong></span> <span class='ocrx_word' id='word_1_399' title='bbox 3270 1408 3493 1464; x_wconf 88' lang='lat' dir='ltr'><strong>manda-</strong></span> 
     </span>
    </p>
   </div>
   <div class='ocr_carea' id='block_1_60' title="bbox 1894 1487 3491 1560">
    <p class='ocr_par' dir='ltr' id='par_1_60' title="bbox 1894 1487 3491 1560">
     <span class='ocr_line' id='line_1_60' title="bbox 1894 1487 3491 1560; baseline 0.009 -20"><span class='ocrx_word' id='word_1_400' title='bbox 1894 1489 1959 1541; x_wconf 87' lang='lat' dir='ltr'><strong>tis</strong></span> <span class='ocrx_word' id='word_1_401' title='bbox 1991 1503 2111 1556; x_wconf 64' lang='grc' dir='ltr'><strong>ηυδε</strong></span> <span class='ocrx_word' id='word_1_402' title='bbox 2141 1487 2196 1543; x_wconf 89' lang='lat' dir='ltr'><strong>in</strong></span> <span class='ocrx_word' id='word_1_403' title='bbox 2247 1498 2511 1545; x_wconf 74' lang='lat' dir='ltr'><strong>aeternum</strong></span> <span class='ocrx_word' id='word_1_404' title='bbox 2558 1495 2819 1560; x_wconf 84' lang='lat' dir='ltr'><strong>servavit,</strong></span> <span class='ocrx_word' id='word_1_405' title='bbox 2866 1505 3152 1553; x_wconf 87' lang='lat' dir='ltr'><strong>venturum</strong></span> <span class='ocrx_word' id='word_1_406' title='bbox 3198 1496 3491 1555; x_wconf 91' lang='lat' dir='ltr'><strong>Dominum</strong></span> 
     </span>
    </p>
   </div>
   <div class='ocr_carea' id='block_1_61' title="bbox 1893 1578 2165 1649">
    <p class='ocr_par' dir='ltr' id='par_1_61' title="bbox 1893 1578 2165 1649">
     <span class='ocr_line' id='line_1_61' title="bbox 1893 1578 2165 1649; baseline 0.011 -17"><span class='ocrx_word' id='word_1_407' title='bbox 1893 1578 2165 1649; x_wconf 64' lang='lat' dir='ltr'><strong>praevidit.</strong></span> 
     </span>
    </p>
   </div>
   <div class='ocr_carea' id='block_1_62' title="bbox 1965 1672 3493 1756">
    <p class='ocr_par' dir='ltr' id='par_1_62' title="bbox 1965 1672 3493 1756">
     <span class='ocr_line' id='line_1_62' title="bbox 1965 1672 3493 1756; baseline 0.008 -28"><span class='ocrx_word' id='word_1_408' title='bbox 1965 1672 2141 1743; x_wconf 87' lang='lat' dir='ltr'><strong>Super</strong></span> <span class='ocrx_word' id='word_1_409' title='bbox 2161 1691 2337 1730; x_wconf 88' lang='lat' dir='ltr'><strong>omnes</strong></span> <span class='ocrx_word' id='word_1_410' title='bbox 2370 1677 2612 1733; x_wconf 86' lang='lat' dir='ltr'><strong>docentes</strong></span> <span class='ocrx_word' id='word_1_411' title='bbox 2635 1695 2713 1732; x_wconf 87' lang='lat' dir='ltr'><strong>me</strong></span> <span class='ocrx_word' id='word_1_412' title='bbox 2737 1678 2991 1750; x_wconf 67' lang='lat' dir='ltr'><strong>intellexi,</strong></span> <span class='ocrx_word' id='word_1_413' title='bbox 3029 1682 3153 1756; x_wconf 85' lang='lat' dir='ltr'><strong>quia</strong></span> <span class='ocrx_word' id='word_1_414' title='bbox 3196 1686 3493 1741; x_wconf 85' lang='lat' dir='ltr'><strong>testimonia</strong></span> 
     </span>
    </p>
   </div>
   <div class='ocr_carea' id='block_1_63' title="bbox 1894 1762 3495 1849">
    <p class='ocr_par' dir='ltr' id='par_1_63' title="bbox 1894 1762 3495 1849">
     <span class='ocr_line' id='line_1_63' title="bbox 1894 1762 3495 1849; baseline 0.011 -31"><span class='ocrx_word' id='word_1_415' title='bbox 1894 1775 1983 1819; x_wconf 91' lang='lat' dir='ltr'><strong>tua</strong></span> <span class='ocrx_word' id='word_1_416' title='bbox 2003 1764 2268 1821; x_wconf 84' lang='lat' dir='ltr'><strong>meditatio</strong></span> <span class='ocrx_word' id='word_1_417' title='bbox 2294 1784 2406 1822; x_wconf 87' lang='lat' dir='ltr'><strong>mea</strong></span> <span class='ocrx_word' id='word_1_418' title='bbox 2428 1779 2522 1824; x_wconf 85' lang='lat' dir='ltr'><strong>est.</strong></span> <span class='ocrx_word' id='word_1_419' title='bbox 2557 1762 2833 1826; x_wconf 84' lang='lat' dir='ltr'><strong>Docebant</strong></span> <span class='ocrx_word' id='word_1_420' title='bbox 2861 1781 2989 1829; x_wconf 88' lang='lat' dir='ltr'><strong>tunc</strong></span> <span class='ocrx_word' id='word_1_421' title='bbox 3014 1773 3206 1831; x_wconf 67' lang='lat' dir='ltr'><strong>scribae</strong></span> <span class='ocrx_word' id='word_1_422' title='bbox 3231 1787 3287 1833; x_wconf 91' lang='lat' dir='ltr'><strong>et</strong></span> <span class='ocrx_word' id='word_1_423' title='bbox 3312 1776 3495 1849; x_wconf 89' lang='lat' dir='ltr'><strong>phari-</strong></span> 
     </span>
    </p>
   </div>
   <div class='ocr_carea' id='block_1_64' title="bbox 1892 1858 3495 1941">
    <p class='ocr_par' dir='ltr' id='par_1_64' title="bbox 1892 1858 3495 1941">
     <span class='ocr_line' id='line_1_64' title="bbox 1892 1858 3495 1941; baseline 0.009 -27"><span class='ocrx_word' id='word_1_424' title='bbox 1892 1860 1990 1915; x_wconf 72' lang='lat' dir='ltr'><strong>sazi</strong></span> <span class='ocrx_word' id='word_1_425' title='bbox 2039 1858 2307 1918; x_wconf 89' lang='lat' dir='ltr'><strong>habentes</strong></span> <span class='ocrx_word' id='word_1_426' title='bbox 2336 1864 2583 1919; x_wconf 74' lang='lat' dir='ltr'><strong>scientia:</strong></span> <span class='ocrx_word' id='word_1_427' title='bbox 2611 1864 2818 1921; x_wconf 88' lang='lat' dir='ltr'><strong>clavem</strong></span> <span class='ocrx_word' id='word_1_428' title='bbox 2852 1884 2862 1918; x_wconf 94' lang='lat'><strong>:</strong></span> <span class='ocrx_word' id='word_1_429' title='bbox 2907 1867 3001 1923; x_wconf 87' lang='lat' dir='ltr'><strong>sed</strong></span> <span class='ocrx_word' id='word_1_430' title='bbox 3052 1869 3153 1925; x_wconf 85' lang='lat' dir='ltr'><strong>iste</strong></span> <span class='ocrx_word' id='word_1_431' title='bbox 3193 1887 3360 1941; x_wconf 86' lang='lat' dir='ltr'><strong>super</strong></span> <span class='ocrx_word' id='word_1_432' title='bbox 3408 1871 3495 1928; x_wconf 86' lang='lat' dir='ltr'><strong>bis</strong></span> 
     </span>
    </p>
   </div>
   <div class='ocr_carea' id='block_1_65' title="bbox 1895 1950 3573 2030">
    <p class='ocr_par' dir='ltr' id='par_1_65' title="bbox 1895 1950 3573 2030">
     <span class='ocr_line' id='line_1_65' title="bbox 1895 1950 3573 2030; baseline 0.009 -25"><span class='ocrx_word' id='word_1_433' title='bbox 1895 1950 2165 2025; x_wconf 80' lang='lat' dir='ltr'><strong>intelligit,</strong></span> <span class='ocrx_word' id='word_1_434' title='bbox 2196 1953 2286 2024; x_wconf 91' lang='lat' dir='ltr'><strong>qui</strong></span> <span class='ocrx_word' id='word_1_435' title='bbox 2325 1956 2643 2028; x_wconf 83' lang='lat' dir='ltr'><strong>mysterium</strong></span> <span class='ocrx_word' id='word_1_436' title='bbox 2678 1966 3078 2030; x_wconf 81' lang='lat' dir='ltr'><strong>tingneutorum</strong></span> <span class='ocrx_word' id='word_1_437' title='bbox 3101 2002 3115 2027; x_wconf 85' lang='lat'><strong>,</strong></span> <span class='ocrx_word' id='word_1_438' title='bbox 3148 1974 3201 2017; x_wconf 91' lang='lat' dir='ltr'><strong>et</strong></span> <span class='ocrx_word' id='word_1_439' title='bbox 3229 1963 3495 2019; x_wconf 81' lang='lat' dir='ltr'><strong>lestivita-</strong></span> <span class='ocrx_word' id='word_1_440' title='bbox 3570 1994 3573 2003; x_wconf 62' lang='grc' dir='ltr'><em>ν</em></span> 
     </span>
    </p>
   </div>
   <div class='ocr_carea' id='block_1_66' title="bbox 1895 2044 3499 2125">
    <p class='ocr_par' dir='ltr' id='par_1_66' title="bbox 1895 2044 3499 2125">
     <span class='ocr_line' id='line_1_66' title="bbox 1895 2044 3499 2125; baseline 0.009 -25"><span class='ocrx_word' id='word_1_441' title='bbox 1895 2055 2009 2100; x_wconf 88' lang='lat' dir='ltr'><strong>tum</strong></span> <span class='ocrx_word' id='word_1_442' title='bbox 2036 2057 2197 2115; x_wconf 81' lang='lat' dir='ltr'><strong>atque</strong></span> <span class='ocrx_word' id='word_1_443' title='bbox 2230 2046 2755 2119; x_wconf 79' lang='lat' dir='ltr'><strong>holocautomatum,</strong></span> <span class='ocrx_word' id='word_1_444' title='bbox 2789 2052 2841 2107; x_wconf 89' lang='lat' dir='ltr'><strong>in</strong></span> <span class='ocrx_word' id='word_1_445' title='bbox 2869 2044 3177 2125; x_wconf 79' lang='lat' dir='ltr'><strong>Evuttgeliis</strong></span> <span class='ocrx_word' id='word_1_446' title='bbox 3210 2055 3349 2112; x_wconf 86' lang='lat' dir='ltr'><strong>vidit</strong></span> <span class='ocrx_word' id='word_1_447' title='bbox 3376 2072 3499 2114; x_wconf 88' lang='lat' dir='ltr'><strong>esse</strong></span> 
     </span>
    </p>
   </div>
   <div class='ocr_carea' id='block_1_67' title="bbox 1893 2138 2297 2207">
    <p class='ocr_par' dir='ltr' id='par_1_67' title="bbox 1893 2138 2297 2207">
     <span class='ocr_line' id='line_1_67' title="bbox 1893 2138 2297 2207; baseline 0.005 -15"><span class='ocrx_word' id='word_1_448' title='bbox 1893 2138 2297 2207; x_wconf 76' lang='lat' dir='ltr'><strong>complendum.</strong></span> 
     </span>
    </p>
   </div>
   <div class='ocr_carea' id='block_1_68' title="bbox 1966 2231 3493 2312">
    <p class='ocr_par' dir='ltr' id='par_1_68' title="bbox 1966 2231 3493 2312">
     <span class='ocr_line' id='line_1_68' title="bbox 1966 2231 3493 2312; baseline 0.01 -27"><span class='ocrx_word' id='word_1_449' title='bbox 1966 2231 2136 2304; x_wconf 86' lang='lat' dir='ltr'><strong>Super</strong></span> <span class='ocrx_word' id='word_1_450' title='bbox 2174 2249 2318 2288; x_wconf 83' lang='lat' dir='ltr'><strong>senes</strong></span> <span class='ocrx_word' id='word_1_451' title='bbox 2366 2234 2639 2291; x_wconf 69' lang='lat' dir='ltr'><strong>intellexi:</strong></span> <span class='ocrx_word' id='word_1_452' title='bbox 2686 2239 2809 2308; x_wconf 88' lang='lat' dir='ltr'><strong>quia</strong></span> <span class='ocrx_word' id='word_1_453' title='bbox 2852 2240 3101 2296; x_wconf 81' lang='lat' dir='ltr'><strong>ntandata</strong></span> <span class='ocrx_word' id='word_1_454' title='bbox 3136 2251 3223 2296; x_wconf 87' lang='lat' dir='ltr'><strong>tua</strong></span> <span class='ocrx_word' id='word_1_455' title='bbox 3260 2246 3493 2312; x_wconf 73' lang='lat' dir='ltr'><strong>quaesivi.</strong></span> 
     </span>
    </p>
   </div>
   <div class='ocr_carea' id='block_1_69' title="bbox 1893 2324 3497 2405">
    <p class='ocr_par' dir='ltr' id='par_1_69' title="bbox 1893 2324 3497 2405">
     <span class='ocr_line' id='line_1_69' title="bbox 1893 2324 3497 2405; baseline 0.009 -26"><span class='ocrx_word' id='word_1_456' title='bbox 1893 2324 2068 2394; x_wconf 86' lang='lat' dir='ltr'><strong>Super</strong></span> <span class='ocrx_word' id='word_1_457' title='bbox 2093 2326 2405 2382; x_wconf 80' lang='lat' dir='ltr'><strong>sacerdotes</strong></span> <span class='ocrx_word' id='word_1_458' title='bbox 2447 2340 2501 2384; x_wconf 88' lang='lat' dir='ltr'><strong>et</strong></span> <span class='ocrx_word' id='word_1_459' title='bbox 2532 2330 2805 2399; x_wconf 75' lang='lat' dir='ltr'><strong>principes</strong></span> <span class='ocrx_word' id='word_1_460' title='bbox 2847 2341 3041 2387; x_wconf 85' lang='lat' dir='ltr'><strong>cuncta</strong></span> <span class='ocrx_word' id='word_1_461' title='bbox 3078 2333 3210 2405; x_wconf 87' lang='lat' dir='ltr'><strong>legis</strong></span> <span class='ocrx_word' id='word_1_462' title='bbox 3244 2337 3497 2393; x_wconf 87' lang='lat' dir='ltr'><strong>mandata</strong></span> 
     </span>
    </p>
   </div>
   <div class='ocr_carea' id='block_1_70' title="bbox 1897 2419 3495 2503">
    <p class='ocr_par' dir='ltr' id='par_1_70' title="bbox 1897 2419 3495 2503">
     <span class='ocr_line' id='line_1_70' title="bbox 1897 2419 3495 2503; baseline 0.009 -31"><span class='ocrx_word' id='word_1_463' title='bbox 1897 2419 2113 2489; x_wconf 79' lang='lat' dir='ltr'><strong>requiro</strong></span> <span class='ocrx_word' id='word_1_464' title='bbox 2137 2438 2147 2472; x_wconf 86' lang='lat'><strong>:</strong></span> <span class='ocrx_word' id='word_1_465' title='bbox 2174 2423 2299 2489; x_wconf 86' lang='lat' dir='ltr'><strong>quia</strong></span> <span class='ocrx_word' id='word_1_466' title='bbox 2329 2422 2382 2477; x_wconf 91' lang='lat' dir='ltr'><strong>in</strong></span> <span class='ocrx_word' id='word_1_467' title='bbox 2411 2438 2553 2478; x_wconf 73' lang='lat' dir='ltr'><strong>novo</strong></span> <span class='ocrx_word' id='word_1_468' title='bbox 2567 2423 2917 2480; x_wconf 77' lang='lat' dir='ltr'><strong>Testamento</strong></span> <span class='ocrx_word' id='word_1_469' title='bbox 2938 2425 3026 2497; x_wconf 83' lang='lat' dir='ltr'><strong>agi</strong></span> <span class='ocrx_word' id='word_1_470' title='bbox 3044 2433 3330 2499; x_wconf 67' lang='lat' dir='ltr'><strong>prmstolor</strong></span> <span class='ocrx_word' id='word_1_471' title='bbox 3350 2433 3495 2503; x_wconf 90' lang='lat' dir='ltr'><strong>quod</strong></span> 
     </span>
    </p>
   </div>
   <div class='ocr_carea' id='block_1_71' title="bbox 1895 2514 2694 2585">
    <p class='ocr_par' dir='ltr' id='par_1_71' title="bbox 1895 2514 2694 2585">
     <span class='ocr_line' id='line_1_71' title="bbox 1895 2514 2694 2585; baseline 0.005 -19"><span class='ocrx_word' id='word_1_472' title='bbox 1895 2525 2062 2567; x_wconf 88' lang='lat' dir='ltr'><strong>cerno</strong></span> <span class='ocrx_word' id='word_1_473' title='bbox 2090 2514 2142 2566; x_wconf 90' lang='lat' dir='ltr'><strong>in</strong></span> <span class='ocrx_word' id='word_1_474' title='bbox 2172 2515 2344 2568; x_wconf 83' lang='lat' dir='ltr'><strong>veteri</strong></span> <span class='ocrx_word' id='word_1_475' title='bbox 2383 2516 2694 2585; x_wconf 84' lang='lat' dir='ltr'><strong>liguiatum.</strong></span> 
     </span>
    </p>
   </div>
   <div class='ocr_carea' id='block_1_72' title="bbox 1967 2602 3497 2679">
    <p class='ocr_par' dir='ltr' id='par_1_72' title="bbox 1967 2602 3497 2679">
     <span class='ocr_line' id='line_1_72' title="bbox 1967 2602 3497 2679; baseline 0.008 -22"><span class='ocrx_word' id='word_1_476' title='bbox 1967 2602 2043 2657; x_wconf 83' lang='lat' dir='ltr'><strong>Ab</strong></span> <span class='ocrx_word' id='word_1_477' title='bbox 2067 2604 2205 2657; x_wconf 91' lang='lat' dir='ltr'><strong>omni</strong></span> <span class='ocrx_word' id='word_1_478' title='bbox 2234 2603 2314 2658; x_wconf 85' lang='lat' dir='ltr'><strong>via</strong></span> <span class='ocrx_word' id='word_1_479' title='bbox 2343 2606 2479 2659; x_wconf 83' lang='lat' dir='ltr'><strong>mala</strong></span> <span class='ocrx_word' id='word_1_480' title='bbox 2509 2604 2750 2676; x_wconf 83' lang='lat' dir='ltr'><strong>prohibui</strong></span> <span class='ocrx_word' id='word_1_481' title='bbox 2770 2607 2924 2678; x_wconf 81' lang='lat' dir='ltr'><strong>pedes</strong></span> <span class='ocrx_word' id='word_1_482' title='bbox 2950 2628 3110 2679; x_wconf 87' lang='lat' dir='ltr'><strong>meos,</strong></span> <span class='ocrx_word' id='word_1_483' title='bbox 3134 2622 3185 2665; x_wconf 90' lang='lat' dir='ltr'><strong>ut</strong></span> <span class='ocrx_word' id='word_1_484' title='bbox 3206 2615 3497 2670; x_wconf 86' lang='lat' dir='ltr'><strong>custodiant</strong></span> 
     </span>
    </p>
   </div>
   <div class='ocr_carea' id='block_1_73' title="bbox 1896 2695 3499 2779">
    <p class='ocr_par' dir='ltr' id='par_1_73' title="bbox 1896 2695 3499 2779">
     <span class='ocr_line' id='line_1_73' title="bbox 1896 2695 3499 2779; baseline 0.009 -30"><span class='ocrx_word' id='word_1_485' title='bbox 1896 2695 2048 2750; x_wconf 72' lang='lat' dir='ltr'><strong>verba</strong></span> <span class='ocrx_word' id='word_1_486' title='bbox 2077 2706 2183 2750; x_wconf 86' lang='lat' dir='ltr'><strong>tua.</strong></span> <span class='ocrx_word' id='word_1_487' title='bbox 2232 2701 2270 2750; x_wconf 84' lang='grc' dir='ltr'><strong>Λ</strong></span> <span class='ocrx_word' id='word_1_488' title='bbox 2309 2699 2607 2767; x_wconf 70' lang='lat' dir='ltr'><strong>pratcipitio</strong></span> <span class='ocrx_word' id='word_1_489' title='bbox 2635 2702 2776 2756; x_wconf 71' lang='lat' dir='ltr'><strong>omni</strong></span> <span class='ocrx_word' id='word_1_490' title='bbox 2820 2698 3114 2759; x_wconf 78' lang='lat' dir='ltr'><strong>facinorosi</strong></span> <span class='ocrx_word' id='word_1_491' title='bbox 3151 2721 3238 2761; x_wconf 87' lang='lat' dir='ltr'><strong>me</strong></span> <span class='ocrx_word' id='word_1_492' title='bbox 3278 2722 3499 2779; x_wconf 72' lang='lat' dir='ltr'><strong>semper</strong></span> 
     </span>
    </p>
   </div>
   <div class='ocr_carea' id='block_1_74' title="bbox 1897 2788 3496 2860">
    <p class='ocr_par' dir='ltr' id='par_1_74' title="bbox 1897 2788 3496 2860">
     <span class='ocr_line' id='line_1_74' title="bbox 1897 2788 3496 2860; baseline 0.011 -17"><span class='ocrx_word' id='word_1_493' title='bbox 1897 2788 2146 2859; x_wconf 89' lang='lat' dir='ltr'><strong>inhibui,</strong></span> <span class='ocrx_word' id='word_1_494' title='bbox 2188 2800 2247 2846; x_wconf 91' lang='lat' dir='ltr'><strong>ut</strong></span> <span class='ocrx_word' id='word_1_495' title='bbox 2292 2791 2507 2848; x_wconf 81' lang='lat' dir='ltr'><strong>facilius</strong></span> <span class='ocrx_word' id='word_1_496' title='bbox 2542 2794 2767 2850; x_wconf 85' lang='lat' dir='ltr'><strong>verbum</strong></span> <span class='ocrx_word' id='word_1_497' title='bbox 2804 2797 3179 2855; x_wconf 84' lang='lat' dir='ltr'><strong>mandaturum</strong></span> <span class='ocrx_word' id='word_1_498' title='bbox 3210 2803 3496 2860; x_wconf 84' lang='lat' dir='ltr'><strong>custodire</strong></span> 
     </span>
    </p>
   </div>
   <div class='ocr_carea' id='block_1_75' title="bbox 1896 2882 2156 2938">
    <p class='ocr_par' dir='ltr' id='par_1_75' title="bbox 1896 2882 2156 2938">
     <span class='ocr_line' id='line_1_75' title="bbox 1896 2882 2156 2938; baseline 0.012 -3"><span class='ocrx_word' id='word_1_499' title='bbox 1896 2882 2156 2938; x_wconf 86' lang='lat' dir='ltr'><strong>valerem.</strong></span> 
     </span>
    </p>
   </div>
   <div class='ocr_carea' id='block_1_76' title="bbox 1970 2977 3498 3064">
    <p class='ocr_par' dir='ltr' id='par_1_76' title="bbox 1970 2977 3498 3064">
     <span class='ocr_line' id='line_1_76' title="bbox 1970 2977 3498 3064; baseline 0.012 -33"><span class='ocrx_word' id='word_1_500' title='bbox 1970 2977 2014 3031; x_wconf 83' lang='grc' dir='ltr'><strong><em>Α</em></strong></span> <span class='ocrx_word' id='word_1_501' title='bbox 2031 2979 2249 3051; x_wconf 84' lang='lat' dir='ltr'><strong>judiciis</strong></span> <span class='ocrx_word' id='word_1_502' title='bbox 2278 2982 2377 3036; x_wconf 89' lang='lat' dir='ltr'><strong>tuis</strong></span> <span class='ocrx_word' id='word_1_503' title='bbox 2414 2999 2518 3037; x_wconf 91' lang='lat' dir='ltr'><strong>non</strong></span> <span class='ocrx_word' id='word_1_504' title='bbox 2539 2983 2821 3052; x_wconf 79' lang='lat' dir='ltr'><strong>declinavi,</strong></span> <span class='ocrx_word' id='word_1_505' title='bbox 2853 2989 2975 3057; x_wconf 82' lang='lat' dir='ltr'><strong>quia</strong></span> <span class='ocrx_word' id='word_1_506' title='bbox 3001 2997 3055 3043; x_wconf 85' lang='lat' dir='ltr'><strong>tu</strong></span> <span class='ocrx_word' id='word_1_507' title='bbox 3085 2990 3247 3064; x_wconf 79' lang='lat' dir='ltr'><strong>legem</strong></span> <span class='ocrx_word' id='word_1_508' title='bbox 3275 2997 3498 3064; x_wconf 80' lang='lat' dir='ltr'><strong>posuisti</strong></span> 
     </span>
    </p>
   </div>
   <div class='ocr_carea' id='block_1_77' title="bbox 1898 3070 3500 3157">
    <p class='ocr_par' dir='ltr' id='par_1_77' title="bbox 1898 3070 3500 3157">
     <span class='ocr_line' id='line_1_77' title="bbox 1898 3070 3500 3157; baseline 0.013 -33"><span class='ocrx_word' id='word_1_509' title='bbox 1898 3070 2049 3125; x_wconf 83' lang='lat' dir='ltr'><strong>mihi.</strong></span> <span class='ocrx_word' id='word_1_510' title='bbox 2090 3070 2287 3144; x_wconf 87' lang='lat' dir='ltr'><strong>Legem</strong></span> <span class='ocrx_word' id='word_1_511' title='bbox 2315 3076 2689 3131; x_wconf 85' lang='lat' dir='ltr'><strong>mandaturum</strong></span> <span class='ocrx_word' id='word_1_512' title='bbox 2721 3096 2750 3133; x_wconf 84' lang='lat' dir='ltr'><strong>a</strong></span> <span class='ocrx_word' id='word_1_513' title='bbox 2797 3093 2846 3134; x_wconf 85' lang='lat' dir='ltr'><strong>te</strong></span> <span class='ocrx_word' id='word_1_514' title='bbox 2876 3084 3090 3154; x_wconf 61' lang='lat' dir='ltr'><strong>suscepi</strong></span> <span class='ocrx_word' id='word_1_515' title='bbox 3112 3124 3127 3152; x_wconf 93' lang='lat'><strong>,</strong></span> <span class='ocrx_word' id='word_1_516' title='bbox 3176 3086 3324 3157; x_wconf 82' lang='lat' dir='ltr'><strong>quod</strong></span> <span class='ocrx_word' id='word_1_517' title='bbox 3356 3088 3399 3142; x_wconf 88' lang='lat' dir='ltr'><strong>si</strong></span> <span class='ocrx_word' id='word_1_518' title='bbox 3428 3072 3500 3145; x_wconf 81' lang='lat' dir='ltr'><strong>ah</strong></span> 
     </span>
    </p>
   </div>
   <div class='ocr_carea' id='block_1_78' title="bbox 1819 3164 3505 3247">
    <p class='ocr_par' dir='ltr' id='par_1_78' title="bbox 1819 3164 3505 3247">
     <span class='ocr_line' id='line_1_78' title="bbox 1819 3164 3505 3247; baseline 0.012 -30"><span class='ocrx_word' id='word_1_519' title='bbox 1819 3173 1865 3237; x_wconf 74' lang='grc' dir='ltr'>ο</span> <span class='ocrx_word' id='word_1_520' title='bbox 1900 3164 1984 3219; x_wconf 91' lang='lat' dir='ltr'><strong>his</strong></span> <span class='ocrx_word' id='word_1_521' title='bbox 2010 3164 2338 3222; x_wconf 87' lang='lat' dir='ltr'><strong>declinarem</strong></span> <span class='ocrx_word' id='word_1_522' title='bbox 2378 3167 2625 3238; x_wconf 84' lang='lat' dir='ltr'><strong>judiciis:</strong></span> <span class='ocrx_word' id='word_1_523' title='bbox 2673 3173 2724 3226; x_wconf 91' lang='lat' dir='ltr'><strong>in</strong></span> <span class='ocrx_word' id='word_1_524' title='bbox 2757 3182 2965 3231; x_wconf 69' lang='lat' dir='ltr'><strong>interno</strong></span> <span class='ocrx_word' id='word_1_525' title='bbox 2988 3170 3199 3247; x_wconf 82' lang='lat' dir='ltr'><strong>judicio</strong></span> <span class='ocrx_word' id='word_1_526' title='bbox 3240 3180 3505 3238; x_wconf 91' lang='lat' dir='ltr'><strong>condem-</strong></span> 
     </span>
    </p>
   </div>
   <div class='ocr_carea' id='block_1_79' title="bbox 1901 3272 2085 3314">
    <p class='ocr_par' dir='ltr' id='par_1_79' title="bbox 1901 3272 2085 3314">
     <span class='ocr_line' id='line_1_79' title="bbox 1901 3272 2085 3314; baseline 0 -1"><span class='ocrx_word' id='word_1_527' title='bbox 1901 3272 2085 3314; x_wconf 90' lang='lat' dir='ltr'><strong>narer.</strong></span> 
     </span>
    </p>
   </div>
   <div class='ocr_carea' id='block_1_80' title="bbox 1968 3350 3493 3434">
    <p class='ocr_par' dir='ltr' id='par_1_80' title="bbox 1968 3350 3493 3434">
     <span class='ocr_line' id='line_1_80' title="bbox 1968 3350 3493 3434; baseline 0.012 -30"><span class='ocrx_word' id='word_1_528' title='bbox 1968 3350 2138 3416; x_wconf 81' lang='lat' dir='ltr'><strong>Quam</strong></span> <span class='ocrx_word' id='word_1_529' title='bbox 2185 3351 2361 3407; x_wconf 76' lang='lat' dir='ltr'><strong>dulcia</strong></span> <span class='ocrx_word' id='word_1_530' title='bbox 2386 3354 2618 3425; x_wconf 79' lang='lat' dir='ltr'><strong>faucibus</strong></span> <span class='ocrx_word' id='word_1_531' title='bbox 2652 3359 2777 3412; x_wconf 82' lang='lat' dir='ltr'><strong>meis</strong></span> <span class='ocrx_word' id='word_1_532' title='bbox 2808 3360 3010 3427; x_wconf 83' lang='lat' dir='ltr'><strong>eloquia</strong></span> <span class='ocrx_word' id='word_1_533' title='bbox 3034 3360 3160 3417; x_wconf 82' lang='lat' dir='ltr'><strong>tua!</strong></span> <span class='ocrx_word' id='word_1_534' title='bbox 3190 3381 3344 3434; x_wconf 81' lang='lat' dir='ltr'><strong>super</strong></span> <span class='ocrx_word' id='word_1_535' title='bbox 3392 3369 3493 3423; x_wconf 89' lang='lat' dir='ltr'><strong>mel</strong></span> 
     </span>
    </p>
   </div>
   <div class='ocr_carea' id='block_1_81' title="bbox 1893 3447 3497 3530">
    <p class='ocr_par' dir='ltr' id='par_1_81' title="bbox 1893 3447 3497 3530">
     <span class='ocr_line' id='line_1_81' title="bbox 1893 3447 3497 3530; baseline 0.01 -31"><span class='ocrx_word' id='word_1_536' title='bbox 1893 3454 1942 3499; x_wconf 88' lang='lat' dir='ltr'><strong>et</strong></span> <span class='ocrx_word' id='word_1_537' title='bbox 1970 3447 2145 3515; x_wconf 78' lang='lat' dir='ltr'><strong>favum</strong></span> <span class='ocrx_word' id='word_1_538' title='bbox 2176 3447 2254 3499; x_wconf 85' lang='lat' dir='ltr'><strong>ori</strong></span> <span class='ocrx_word' id='word_1_539' title='bbox 2286 3463 2416 3501; x_wconf 82' lang='lat' dir='ltr'><strong>meo.</strong></span> <span class='ocrx_word' id='word_1_540' title='bbox 2451 3448 2706 3505; x_wconf 72' lang='lat' dir='ltr'><strong>Transito</strong></span> <span class='ocrx_word' id='word_1_541' title='bbox 2737 3452 2924 3515; x_wconf 88' lang='lat' dir='ltr'><strong>melle,</strong></span> <span class='ocrx_word' id='word_1_542' title='bbox 2968 3454 3057 3508; x_wconf 89' lang='lat' dir='ltr'><strong>vel</strong></span> <span class='ocrx_word' id='word_1_543' title='bbox 3096 3456 3204 3511; x_wconf 89' lang='lat' dir='ltr'><strong>alio</strong></span> <span class='ocrx_word' id='word_1_544' title='bbox 3249 3457 3370 3513; x_wconf 85' lang='lat' dir='ltr'><strong>cibo</strong></span> <span class='ocrx_word' id='word_1_545' title='bbox 3402 3476 3497 3530; x_wconf 85' lang='lat' dir='ltr'><strong>pa-</strong></span> 
     </span>
    </p>
   </div>
   <div class='ocr_carea' id='block_1_82' title="bbox 1893 3537 3494 3623">
    <p class='ocr_par' dir='ltr' id='par_1_82' title="bbox 1893 3537 3494 3623">
     <span class='ocr_line' id='line_1_82' title="bbox 1893 3537 3494 3623; baseline 0.012 -33"><span class='ocrx_word' id='word_1_546' title='bbox 1893 3537 2002 3591; x_wconf 87' lang='lat' dir='ltr'><strong>lato</strong></span> <span class='ocrx_word' id='word_1_547' title='bbox 2026 3580 2042 3605; x_wconf 93' lang='lat'><strong>,</strong></span> <span class='ocrx_word' id='word_1_548' title='bbox 2092 3539 2297 3594; x_wconf 90' lang='lat' dir='ltr'><strong>nullum</strong></span> <span class='ocrx_word' id='word_1_549' title='bbox 2331 3541 2468 3596; x_wconf 87' lang='lat' dir='ltr'><strong>ultra</strong></span> <span class='ocrx_word' id='word_1_550' title='bbox 2502 3561 2751 3612; x_wconf 69' lang='lat' dir='ltr'><strong>saporem</strong></span> <span class='ocrx_word' id='word_1_551' title='bbox 2787 3544 2980 3601; x_wconf 89' lang='lat' dir='ltr'><strong>habet:</strong></span> <span class='ocrx_word' id='word_1_552' title='bbox 3009 3548 3105 3604; x_wconf 90' lang='lat' dir='ltr'><strong>sed</strong></span> <span class='ocrx_word' id='word_1_553' title='bbox 3129 3549 3340 3621; x_wconf 83' lang='lat' dir='ltr'><strong>eloquia</strong></span> <span class='ocrx_word' id='word_1_554' title='bbox 3379 3565 3494 3623; x_wconf 85' lang='lat' dir='ltr'><strong>tua,</strong></span> 
     </span>
    </p>
   </div>
   <div class='ocr_carea' id='block_1_83' title="bbox 1893 3629 3494 3709">
    <p class='ocr_par' dir='ltr' id='par_1_83' title="bbox 1893 3629 3494 3709">
     <span class='ocr_line' id='line_1_83' title="bbox 1893 3629 3494 3709; baseline 0.012 -25"><span class='ocrx_word' id='word_1_555' title='bbox 1893 3629 2141 3699; x_wconf 90' lang='lat' dir='ltr'><strong>Domine,</strong></span> <span class='ocrx_word' id='word_1_556' title='bbox 2170 3634 2282 3687; x_wconf 89' lang='lat' dir='ltr'><strong>sive</strong></span> <span class='ocrx_word' id='word_1_557' title='bbox 2307 3630 2358 3688; x_wconf 89' lang='lat' dir='ltr'><strong>in</strong></span> <span class='ocrx_word' id='word_1_558' title='bbox 2386 3651 2480 3691; x_wconf 91' lang='lat' dir='ltr'><strong>ore</strong></span> <span class='ocrx_word' id='word_1_559' title='bbox 2505 3678 2518 3701; x_wconf 95' lang='lat'><strong>,</strong></span> <span class='ocrx_word' id='word_1_560' title='bbox 2562 3637 2678 3691; x_wconf 87' lang='lat' dir='ltr'><strong>sive</strong></span> <span class='ocrx_word' id='word_1_561' title='bbox 2711 3638 2761 3691; x_wconf 88' lang='lat' dir='ltr'><strong>in</strong></span> <span class='ocrx_word' id='word_1_562' title='bbox 2798 3639 3063 3709; x_wconf 80' lang='lat' dir='ltr'><strong>lancibus,</strong></span> <span class='ocrx_word' id='word_1_563' title='bbox 3098 3646 3183 3700; x_wconf 85' lang='lat' dir='ltr'><strong>vel</strong></span> <span class='ocrx_word' id='word_1_564' title='bbox 3211 3645 3260 3699; x_wconf 91' lang='lat' dir='ltr'><strong>in</strong></span> <span class='ocrx_word' id='word_1_565' title='bbox 3294 3662 3494 3703; x_wconf 86' lang='lat' dir='ltr'><strong>arcano</strong></span> 
     </span>
    </p>
   </div>
   <div class='ocr_carea' id='block_1_84' title="bbox 1888 3723 3489 3800">
    <p class='ocr_par' dir='ltr' id='par_1_84' title="bbox 1888 3723 3489 3800">
     <span class='ocr_line' id='line_1_84' title="bbox 1888 3723 3489 3800; baseline 0.012 -23"><span class='ocrx_word' id='word_1_566' title='bbox 1888 3723 2053 3779; x_wconf 88' lang='lat' dir='ltr'><strong>abditi</strong></span> <span class='ocrx_word' id='word_1_567' title='bbox 2079 3726 2334 3795; x_wconf 89' lang='lat' dir='ltr'><strong>pectoris,</strong></span> <span class='ocrx_word' id='word_1_568' title='bbox 2365 3743 2583 3800; x_wconf 59' lang='lat' dir='ltr'><strong>semper</strong></span> <span class='ocrx_word' id='word_1_569' title='bbox 2610 3730 2784 3785; x_wconf 89' lang='lat' dir='ltr'><strong>dulcia</strong></span> <span class='ocrx_word' id='word_1_570' title='bbox 2824 3745 2949 3788; x_wconf 80' lang='lat' dir='ltr'><strong>sunt</strong></span> <span class='ocrx_word' id='word_1_571' title='bbox 2997 3737 3383 3796; x_wconf 85' lang='lat' dir='ltr'><strong>meditantibus</strong></span> <span class='ocrx_word' id='word_1_572' title='bbox 3404 3761 3489 3798; x_wconf 74' lang='lat' dir='ltr'><strong>ea.</strong></span> 
     </span>
    </p>
   </div>
   <div class='ocr_carea' id='block_1_85' title="bbox 1888 3816 3496 3888">
    <p class='ocr_par' dir='ltr' id='par_1_85' title="bbox 1888 3816 3496 3888">
     <span class='ocr_line' id='line_1_85' title="bbox 1888 3816 3496 3888; baseline 0.012 -18"><span class='ocrx_word' id='word_1_573' title='bbox 1888 3816 2021 3871; x_wconf 87' lang='lat' dir='ltr'><strong>Nam</strong></span> <span class='ocrx_word' id='word_1_574' title='bbox 2048 3818 2189 3874; x_wconf 89' lang='lat' dir='ltr'><strong>sicut</strong></span> <span class='ocrx_word' id='word_1_575' title='bbox 2219 3820 2322 3875; x_wconf 89' lang='lat' dir='ltr'><strong>mel</strong></span> <span class='ocrx_word' id='word_1_576' title='bbox 2355 3821 2573 3876; x_wconf 88' lang='lat' dir='ltr'><strong>visibile</strong></span> <span class='ocrx_word' id='word_1_577' title='bbox 2622 3825 3043 3881; x_wconf 73' lang='lat' dir='ltr'><strong>antaritudiuem</strong></span> <span class='ocrx_word' id='word_1_578' title='bbox 3083 3842 3235 3885; x_wconf 87' lang='lat' dir='ltr'><strong>arcet</strong></span> <span class='ocrx_word' id='word_1_579' title='bbox 3278 3843 3496 3888; x_wconf 82' lang='lat' dir='ltr'><strong>nostra-</strong></span> 
     </span>
    </p>
   </div>
   <div class='ocr_carea' id='block_1_86' title="bbox 1887 3904 3489 3983">
    <p class='ocr_par' dir='ltr' id='par_1_86' title="bbox 1887 3904 3489 3983">
     <span class='ocr_line' id='line_1_86' title="bbox 1887 3904 3489 3983; baseline 0.012 -22"><span class='ocrx_word' id='word_1_580' title='bbox 1887 3922 2005 3961; x_wconf 87' lang='lat' dir='ltr'><strong>rum</strong></span> <span class='ocrx_word' id='word_1_581' title='bbox 2046 3904 2279 3963; x_wconf 79' lang='lat' dir='ltr'><strong>faucium</strong></span> <span class='ocrx_word' id='word_1_582' title='bbox 2322 3929 2332 3961; x_wconf 90' lang='lat'><strong>:</strong></span> <span class='ocrx_word' id='word_1_583' title='bbox 2377 3911 2449 3965; x_wconf 91' lang='lat' dir='ltr'><strong>ita</strong></span> <span class='ocrx_word' id='word_1_584' title='bbox 2492 3911 2727 3983; x_wconf 87' lang='lat' dir='ltr'><strong>eloquiis</strong></span> <span class='ocrx_word' id='word_1_585' title='bbox 2762 3914 3059 3973; x_wconf 86' lang='lat' dir='ltr'><strong>Dominicis</strong></span> <span class='ocrx_word' id='word_1_586' title='bbox 3093 3922 3489 3980; x_wconf 81' lang='lat' dir='ltr'><strong>amaritudines</strong></span> 
     </span>
    </p>
   </div>
   <div class='ocr_carea' id='block_1_87' title="bbox 1818 4002 2872 4074">
    <p class='ocr_par' dir='ltr' id='par_1_87' title="bbox 1818 4002 2872 4074">
     <span class='ocr_line' id='line_1_87' title="bbox 1818 4002 2872 4074; baseline 0.009 -23"><span class='ocrx_word' id='word_1_587' title='bbox 1818 4046 1823 4051; x_wconf 90' lang='lat'><strong>.</strong></span> <span class='ocrx_word' id='word_1_588' title='bbox 1887 4011 2199 4056; x_wconf 85' lang='lat' dir='ltr'><strong>nostrorum</strong></span> <span class='ocrx_word' id='word_1_589' title='bbox 2227 4002 2510 4059; x_wconf 84' lang='lat' dir='ltr'><strong>criminum</strong></span> <span class='ocrx_word' id='word_1_590' title='bbox 2541 4005 2872 4074; x_wconf 81' lang='lat' dir='ltr'><strong>mitigantur.</strong></span> 
     </span>
    </p>
   </div>
   <div class='ocr_carea' id='block_1_88' title="bbox 1957 4089 3487 4171">
    <p class='ocr_par' dir='ltr' id='par_1_88' title="bbox 1957 4089 3487 4171">
     <span class='ocr_line' id='line_1_88' title="bbox 1957 4089 3487 4171; baseline 0.012 -26"><span class='ocrx_word' id='word_1_591' title='bbox 1957 4089 2000 4146; x_wconf 83' lang='grc' dir='ltr'><em>Α</em></span> <span class='ocrx_word' id='word_1_592' title='bbox 2040 4093 2294 4149; x_wconf 78' lang='lat' dir='ltr'><strong>mandatis</strong></span> <span class='ocrx_word' id='word_1_593' title='bbox 2333 4095 2435 4150; x_wconf 90' lang='lat' dir='ltr'><strong>tuis</strong></span> <span class='ocrx_word' id='word_1_594' title='bbox 2476 4095 2740 4164; x_wconf 73' lang='lat' dir='ltr'><strong>intellexi,</strong></span> <span class='ocrx_word' id='word_1_595' title='bbox 2786 4111 3055 4171; x_wconf 86' lang='lat' dir='ltr'><strong>propterea</strong></span> <span class='ocrx_word' id='word_1_596' title='bbox 3101 4102 3241 4158; x_wconf 82' lang='lat' dir='ltr'><strong>odivi</strong></span> <span class='ocrx_word' id='word_1_597' title='bbox 3286 4122 3487 4163; x_wconf 82' lang='lat' dir='ltr'><strong>omnem</strong></span> 
     </span>
    </p>
   </div>
   <div class='ocr_carea' id='block_1_89' title="bbox 1884 4183 3484 4258">
    <p class='ocr_par' dir='ltr' id='par_1_89' title="bbox 1884 4183 3484 4258">
     <span class='ocr_line' id='line_1_89' title="bbox 1884 4183 3484 4258; baseline 0.013 -21"><span class='ocrx_word' id='word_1_598' title='bbox 1884 4183 2017 4239; x_wconf 82' lang='lat' dir='ltr'><strong>riam</strong></span> <span class='ocrx_word' id='word_1_599' title='bbox 2046 4185 2353 4254; x_wconf 80' lang='lat' dir='ltr'><strong>iniquitatis.</strong></span> <span class='ocrx_word' id='word_1_600' title='bbox 2404 4186 2785 4258; x_wconf 82' lang='lat' dir='ltr'><strong>Supradirtam</strong></span> <span class='ocrx_word' id='word_1_601' title='bbox 2822 4194 3197 4251; x_wconf 75' lang='lat' dir='ltr'><strong>inundatorum</strong></span> <span class='ocrx_word' id='word_1_602' title='bbox 3231 4198 3484 4256; x_wconf 86' lang='lat' dir='ltr'><strong>dulcedi-</strong></span> 
     </span>
    </p>
   </div>
   <div class='ocr_carea' id='block_1_90' title="bbox 1882 4278 3310 4357">
    <p class='ocr_par' dir='ltr' id='par_1_90' title="bbox 1882 4278 3310 4357">
     <span class='ocr_line' id='line_1_90' title="bbox 1882 4278 3310 4357; baseline 0.009 -25"><span class='ocrx_word' id='word_1_603' title='bbox 1882 4293 2006 4333; x_wconf 89' lang='lat' dir='ltr'><strong>nem</strong></span> <span class='ocrx_word' id='word_1_604' title='bbox 2041 4278 2313 4349; x_wconf 88' lang='lat' dir='ltr'><strong>hauriens,</strong></span> <span class='ocrx_word' id='word_1_605' title='bbox 2346 4282 2539 4353; x_wconf 72' lang='lat' dir='ltr'><strong>iniqua!</strong></span> <span class='ocrx_word' id='word_1_606' title='bbox 2570 4283 2947 4342; x_wconf 75' lang='lat' dir='ltr'><strong>attuiritudinis</strong></span> <span class='ocrx_word' id='word_1_607' title='bbox 2979 4288 3122 4344; x_wconf 85' lang='lat' dir='ltr'><strong>viam</strong></span> <span class='ocrx_word' id='word_1_608' title='bbox 3146 4289 3310 4357; x_wconf 84' lang='lat' dir='ltr'><strong>odivi.</strong></span> 
     </span>
    </p>
   </div>
   <div class='ocr_carea' id='block_1_91' title="bbox 2625 4394 2754 4434">
    <p class='ocr_par' dir='ltr' id='par_1_91' title="bbox 2625 4394 2754 4434">
     <span class='ocr_line' id='line_1_91' title="bbox 2625 4394 2754 4434; baseline 0.016 -2"><span class='ocrx_word' id='word_1_609' title='bbox 2625 4394 2754 4434; x_wconf 76' lang='lat' dir='ltr'><strong>NUN.</strong></span> 
     </span>
    </p>
   </div>
   <div class='ocr_carea' id='block_1_92' title="bbox 1956 4462 3482 4543">
    <p class='ocr_par' dir='ltr' id='par_1_92' title="bbox 1956 4462 3482 4543">
     <span class='ocr_line' id='line_1_92' title="bbox 1956 4462 3482 4543; baseline 0.012 -22"><span class='ocrx_word' id='word_1_610' title='bbox 1956 4462 2194 4522; x_wconf 86' lang='lat' dir='ltr'><strong>Lucerna</strong></span> <span class='ocrx_word' id='word_1_611' title='bbox 2223 4469 2433 4536; x_wconf 85' lang='lat' dir='ltr'><strong>pedibus</strong></span> <span class='ocrx_word' id='word_1_612' title='bbox 2466 4471 2590 4525; x_wconf 82' lang='lat' dir='ltr'><strong>meis</strong></span> <span class='ocrx_word' id='word_1_613' title='bbox 2618 4472 2824 4527; x_wconf 79' lang='lat' dir='ltr'><strong>verbum</strong></span> <span class='ocrx_word' id='word_1_614' title='bbox 2853 4482 2999 4529; x_wconf 87' lang='lat' dir='ltr'><strong>tuum</strong></span> <span class='ocrx_word' id='word_1_615' title='bbox 3023 4520 3037 4543; x_wconf 93' lang='lat'><strong>,</strong></span> <span class='ocrx_word' id='word_1_616' title='bbox 3071 4475 3313 4538; x_wconf 86' lang='lat' dir='ltr'><strong>Domine.</strong></span> <span class='ocrx_word' id='word_1_617' title='bbox 3346 4483 3401 4539; x_wconf 87' lang='lat' dir='ltr'><strong>Si</strong></span> <span class='ocrx_word' id='word_1_618' title='bbox 3431 4485 3482 4541; x_wconf 89' lang='lat' dir='ltr'><strong>in</strong></span> 
     </span>
    </p>
   </div>
   <div class='ocr_carea' id='block_1_93' title="bbox 164 4556 3486 4641">
    <p class='ocr_par' dir='ltr' id='par_1_93' title="bbox 164 4556 3486 4641">
     <span class='ocr_line' id='line_1_93' title="bbox 164 4556 3486 4641; baseline 0.001 -16"><span class='ocrx_word' id='word_1_619' title='bbox 164 4576 325 4630; x_wconf 84' lang='lat' dir='ltr'><strong>Deus</strong></span> <span class='ocrx_word' id='word_1_620' title='bbox 349 4587 524 4628; x_wconf 89' lang='lat' dir='ltr'><strong>meus.</strong></span> <span class='ocrx_word' id='word_1_621' title='bbox 548 4572 595 4628; x_wconf 80' lang='grc' dir='ltr'><strong>Α</strong></span> <span class='ocrx_word' id='word_1_622' title='bbox 630 4582 681 4629; x_wconf 89' lang='lat' dir='ltr'><strong>te</strong></span> <span class='ocrx_word' id='word_1_623' title='bbox 719 4586 880 4641; x_wconf 84' lang='lat' dir='ltr'><strong>posco</strong></span> <span class='ocrx_word' id='word_1_624' title='bbox 910 4571 1129 4636; x_wconf 83' lang='lat' dir='ltr'><strong>salvari,</strong></span> <span class='ocrx_word' id='word_1_625' title='bbox 1162 4572 1284 4639; x_wconf 86' lang='lat' dir='ltr'><strong>quia</strong></span> <span class='ocrx_word' id='word_1_626' title='bbox 1324 4582 1513 4627; x_wconf 84' lang='lat' dir='ltr'><strong>venter</strong></span> <span class='ocrx_word' id='word_1_627' title='bbox 1558 4587 1664 4625; x_wconf 81' lang='grc' dir='ltr'>ιιοιι</span> <span class='ocrx_word' id='word_1_628' title='bbox 1698 4579 1785 4627; x_wconf 74' lang='grc' dir='ltr'><strong>εει</strong></span> <span class='ocrx_word' id='word_1_629' title='bbox 1810 4567 1862 4629; x_wconf 84' lang='grc'><strong>1)</strong></span> <span class='ocrx_word' id='word_1_630' title='bbox 1890 4556 2053 4630; x_wconf 89' lang='lat' dir='ltr'><strong>hujus</strong></span> <span class='ocrx_word' id='word_1_631' title='bbox 2081 4561 2265 4616; x_wconf 70' lang='lat' dir='ltr'><strong>szeculi</strong></span> <span class='ocrx_word' id='word_1_632' title='bbox 2314 4562 2565 4618; x_wconf 85' lang='lat' dir='ltr'><strong>noctibus</strong></span> <span class='ocrx_word' id='word_1_633' title='bbox 2604 4563 2656 4619; x_wconf 91' lang='lat' dir='ltr'><strong>in</strong></span> <span class='ocrx_word' id='word_1_634' title='bbox 2692 4566 2847 4621; x_wconf 85' lang='lat' dir='ltr'><strong>nobis</strong></span> <span class='ocrx_word' id='word_1_635' title='bbox 2879 4569 3024 4624; x_wconf 83' lang='lat' dir='ltr'><strong>verbi</strong></span> <span class='ocrx_word' id='word_1_636' title='bbox 3058 4568 3151 4626; x_wconf 91' lang='lat' dir='ltr'><strong>Dei</strong></span> <span class='ocrx_word' id='word_1_637' title='bbox 3187 4571 3367 4631; x_wconf 89' lang='lat' dir='ltr'><strong>luceat</strong></span> <span class='ocrx_word' id='word_1_638' title='bbox 3397 4576 3486 4631; x_wconf 60' lang='lat' dir='ltr'><strong>lu.</strong></span> 
     </span>
    </p>
   </div>
   <div class='ocr_carea' id='block_1_94' title="bbox 159 4662 1775 4734">
    <p class='ocr_par' dir='ltr' id='par_1_94' title="bbox 159 4662 1775 4734">
     <span class='ocr_line' id='line_1_94' title="bbox 159 4662 1775 4734; baseline -0.002 -12"><span class='ocrx_word' id='word_1_639' title='bbox 159 4666 307 4722; x_wconf 90' lang='lat' dir='ltr'><strong>mihi</strong></span> <span class='ocrx_word' id='word_1_640' title='bbox 338 4665 507 4731; x_wconf 90' lang='lat' dir='ltr'><strong>Deus,</strong></span> <span class='ocrx_word' id='word_1_641' title='bbox 540 4680 641 4722; x_wconf 91' lang='lat' dir='ltr'><strong>nec</strong></span> <span class='ocrx_word' id='word_1_642' title='bbox 669 4679 787 4720; x_wconf 90' lang='lat' dir='ltr'><strong>sum</strong></span> <span class='ocrx_word' id='word_1_643' title='bbox 823 4666 965 4718; x_wconf 88' lang='lat' dir='ltr'><strong>inani</strong></span> <span class='ocrx_word' id='word_1_644' title='bbox 993 4664 1179 4734; x_wconf 78' lang='lat' dir='ltr'><strong>gloriae</strong></span> <span class='ocrx_word' id='word_1_645' title='bbox 1210 4662 1427 4719; x_wconf 84' lang='lat' dir='ltr'><strong>deditus</strong></span> <span class='ocrx_word' id='word_1_646' title='bbox 1452 4704 1468 4729; x_wconf 91' lang='lat'><strong>,</strong></span> <span class='ocrx_word' id='word_1_647' title='bbox 1515 4663 1610 4719; x_wconf 89' lang='lat' dir='ltr'><strong>sed</strong></span> <span class='ocrx_word' id='word_1_648' title='bbox 1647 4662 1775 4734; x_wconf 81' lang='lat' dir='ltr'><strong>jus-</strong></span> 
     </span>
    </p>
   </div>
   <div class='ocr_carea' id='block_1_95' title="bbox 164 4757 729 4815">
    <p class='ocr_par' dir='ltr' id='par_1_95' title="bbox 164 4757 729 4815">
     <span class='ocr_line' id='line_1_95' title="bbox 164 4757 729 4815; baseline -0.005 -1"><span class='ocrx_word' id='word_1_649' title='bbox 164 4757 573 4815; x_wconf 78' lang='lat' dir='ltr'><strong>tiﬁcationibus</strong></span> <span class='ocrx_word' id='word_1_650' title='bbox 605 4757 729 4812; x_wconf 90' lang='lat' dir='ltr'><strong>tuis.</strong></span> 
     </span>
    </p>
   </div>
   <div class='ocr_carea' id='block_1_96' title="bbox 244 4828 1779 4922">
    <p class='ocr_par' dir='ltr' id='par_1_96' title="bbox 244 4828 1779 4922">
     <span class='ocr_line' id='line_1_96' title="bbox 244 4828 1779 4922; baseline -0.001 -17"><span class='ocrx_word' id='word_1_651' title='bbox 244 4849 343 4906; x_wconf 77' lang='lat' dir='ltr'><strong>Me</strong></span> <span class='ocrx_word' id='word_1_652' title='bbox 381 4828 799 4919; x_wconf 76' lang='lat' dir='ltr'><strong>exspectaverunt</strong></span> <span class='ocrx_word' id='word_1_653' title='bbox 830 4856 1147 4922; x_wconf 82' lang='lat' dir='ltr'><strong>peccatores,</strong></span> <span class='ocrx_word' id='word_1_654' title='bbox 1185 4854 1240 4901; x_wconf 89' lang='lat' dir='ltr'><strong>ut</strong></span> <span class='ocrx_word' id='word_1_655' title='bbox 1283 4848 1551 4917; x_wconf 80' lang='lat' dir='ltr'><strong>perderent</strong></span> <span class='ocrx_word' id='word_1_656' title='bbox 1572 4862 1673 4914; x_wconf 88' lang='lat' dir='ltr'><strong>me,</strong></span> <span class='ocrx_word' id='word_1_657' title='bbox 1707 4857 1779 4903; x_wconf 86' lang='lat' dir='ltr'><strong>te-</strong></span> 
     </span>
    </p>
   </div>
   <div class='ocr_carea' id='block_1_97' title="bbox 159 4936 1780 5012">
    <p class='ocr_par' dir='ltr' id='par_1_97' title="bbox 159 4936 1780 5012">
     <span class='ocr_line' id='line_1_97' title="bbox 159 4936 1780 5012; baseline -0.002 -14"><span class='ocrx_word' id='word_1_658' title='bbox 159 4943 426 4999; x_wconf 86' lang='lat' dir='ltr'><strong>stimonia</strong></span> <span class='ocrx_word' id='word_1_659' title='bbox 452 4951 541 4995; x_wconf 91' lang='lat' dir='ltr'><strong>tua</strong></span> <span class='ocrx_word' id='word_1_660' title='bbox 566 4942 810 4996; x_wconf 86' lang='lat' dir='ltr'><strong>intellexi.</strong></span> <span class='ocrx_word' id='word_1_661' title='bbox 861 4939 1048 5012; x_wconf 84' lang='lat' dir='ltr'><strong>Longo</strong></span> <span class='ocrx_word' id='word_1_662' title='bbox 1082 4956 1167 4995; x_wconf 92' lang='lat' dir='ltr'><strong>me</strong></span> <span class='ocrx_word' id='word_1_663' title='bbox 1204 4940 1501 4995; x_wconf 89' lang='lat' dir='ltr'><strong>certamine</strong></span> <span class='ocrx_word' id='word_1_664' title='bbox 1530 4936 1780 4995; x_wconf 72' lang='lat' dir='ltr'><strong>adversa:</strong></span> 
     </span>
    </p>
   </div>
   <div class='ocr_carea' id='block_1_98' title="bbox 160 5034 1780 5111">
    <p class='ocr_par' dir='ltr' id='par_1_98' title="bbox 160 5034 1780 5111">
     <span class='ocr_line' id='line_1_98' title="bbox 160 5034 1780 5111; baseline -0.004 -14"><span class='ocrx_word' id='word_1_665' title='bbox 160 5045 482 5111; x_wconf 80' lang='lat' dir='ltr'><strong>potestates</strong></span> <span class='ocrx_word' id='word_1_666' title='bbox 511 5037 854 5108; x_wconf 82' lang='lat' dir='ltr'><strong>impugnant,</strong></span> <span class='ocrx_word' id='word_1_667' title='bbox 884 5034 977 5091; x_wconf 90' lang='lat' dir='ltr'><strong>sed</strong></span> <span class='ocrx_word' id='word_1_668' title='bbox 1008 5051 1107 5107; x_wconf 84' lang='lat' dir='ltr'><strong>ego</strong></span> <span class='ocrx_word' id='word_1_669' title='bbox 1133 5034 1435 5107; x_wconf 82' lang='lat' dir='ltr'><strong>intelligens</strong></span> <span class='ocrx_word' id='word_1_670' title='bbox 1471 5034 1780 5091; x_wconf 86' lang='lat' dir='ltr'><strong>testimonia</strong></span> 
     </span>
    </p>
   </div>
   <div class='ocr_carea' id='block_1_99' title="bbox 160 5126 1187 5198">
    <p class='ocr_par' dir='ltr' id='par_1_99' title="bbox 160 5126 1187 5198">
     <span class='ocr_line' id='line_1_99' title="bbox 160 5126 1187 5198; baseline -0.002 -13"><span class='ocrx_word' id='word_1_671' title='bbox 160 5140 288 5197; x_wconf 85' lang='lat' dir='ltr'><strong>tua,</strong></span> <span class='ocrx_word' id='word_1_672' title='bbox 316 5129 745 5186; x_wconf 87' lang='lat' dir='ltr'><strong>consolationem</strong></span> <span class='ocrx_word' id='word_1_673' title='bbox 780 5126 960 5198; x_wconf 87' lang='lat' dir='ltr'><strong>recepi</strong></span> <span class='ocrx_word' id='word_1_674' title='bbox 985 5144 1053 5182; x_wconf 79' lang='lat' dir='ltr'><strong>ex</strong></span> <span class='ocrx_word' id='word_1_675' title='bbox 1088 5128 1187 5183; x_wconf 91' lang='lat' dir='ltr'><strong>eis.</strong></span> 
     </span>
    </p>
   </div>
   <div class='ocr_carea' id='block_1_100' title="bbox 243 5218 1774 5291">
    <p class='ocr_par' dir='ltr' id='par_1_100' title="bbox 243 5218 1774 5291">
     <span class='ocr_line' id='line_1_100' title="bbox 243 5218 1774 5291; baseline -0.002 -13"><span class='ocrx_word' id='word_1_676' title='bbox 243 5222 439 5278; x_wconf 82' lang='lat' dir='ltr'><strong>Omnis</strong></span> <span class='ocrx_word' id='word_1_677' title='bbox 458 5221 909 5277; x_wconf 83' lang='lat' dir='ltr'><strong>consummationis</strong></span> <span class='ocrx_word' id='word_1_678' title='bbox 927 5218 1030 5274; x_wconf 86' lang='lat' dir='ltr'><strong>vidi</strong></span> <span class='ocrx_word' id='word_1_679' title='bbox 1052 5220 1231 5291; x_wconf 77' lang='lat' dir='ltr'><strong>finem.</strong></span> <span class='ocrx_word' id='word_1_680' title='bbox 1261 5218 1539 5275; x_wconf 55' lang='lat' dir='ltr'><strong>Christum</strong></span> <span class='ocrx_word' id='word_1_681' title='bbox 1567 5220 1774 5290; x_wconf 87' lang='lat' dir='ltr'><strong>utique,</strong></span> 
     </span>
    </p>
   </div>
   <div class='ocr_carea' id='block_1_101' title="bbox 156 5308 1773 5391">
    <p class='ocr_par' dir='ltr' id='par_1_101' title="bbox 156 5308 1773 5391">
     <span class='ocr_line' id='line_1_101' title="bbox 156 5308 1773 5391; baseline -0.004 -19"><span class='ocrx_word' id='word_1_682' title='bbox 156 5316 261 5391; x_wconf 88' lang='lat' dir='ltr'><strong>qui</strong></span> <span class='ocrx_word' id='word_1_683' title='bbox 302 5308 433 5372; x_wconf 77' lang='lat' dir='ltr'><strong>ﬁnis</strong></span> <span class='ocrx_word' id='word_1_684' title='bbox 463 5326 547 5372; x_wconf 77' lang='lat' dir='ltr'><strong>eat</strong></span> <span class='ocrx_word' id='word_1_685' title='bbox 595 5310 778 5385; x_wconf 86' lang='lat' dir='ltr'><strong>Legis,</strong></span> <span class='ocrx_word' id='word_1_686' title='bbox 823 5323 877 5369; x_wconf 90' lang='lat' dir='ltr'><strong>et</strong></span> <span class='ocrx_word' id='word_1_687' title='bbox 922 5312 1311 5384; x_wconf 89' lang='lat' dir='ltr'><strong>pr0phetarum</strong></span> <span class='ocrx_word' id='word_1_688' title='bbox 1358 5313 1773 5368; x_wconf 88' lang='lat' dir='ltr'><strong>consummatio.</strong></span> 
     </span>
    </p>
   </div>
   <div class='ocr_carea' id='block_1_102' title="bbox 154 5402 1781 5481">
    <p class='ocr_par' dir='ltr' id='par_1_102' title="bbox 154 5402 1781 5481">
     <span class='ocr_line' id='line_1_102' title="bbox 154 5402 1781 5481; baseline -0.007 -13"><span class='ocrx_word' id='word_1_689' title='bbox 154 5404 449 5481; x_wconf 83' lang='lat' dir='ltr'><strong>Propheta</strong></span> <span class='ocrx_word' id='word_1_690' title='bbox 469 5404 711 5478; x_wconf 62' lang='lat' dir='ltr'><strong>praevidit</strong></span> <span class='ocrx_word' id='word_1_691' title='bbox 735 5408 785 5461; x_wconf 84' lang='lat' dir='ltr'><strong>in</strong></span> <span class='ocrx_word' id='word_1_692' title='bbox 817 5402 1005 5476; x_wconf 86' lang='lat' dir='ltr'><strong>spiritu</strong></span> <span class='ocrx_word' id='word_1_693' title='bbox 1030 5418 1434 5461; x_wconf 87' lang='lat' dir='ltr'><strong>consummasse</strong></span> <span class='ocrx_word' id='word_1_694' title='bbox 1455 5419 1577 5460; x_wconf 89' lang='lat' dir='ltr'><strong>eum</strong></span> <span class='ocrx_word' id='word_1_695' title='bbox 1600 5404 1781 5458; x_wconf 88' lang='lat' dir='ltr'><strong>omnia</strong></span> 
     </span>
    </p>
   </div>
   <div class='ocr_carea' id='block_1_103' title="bbox 155 5494 1788 5576">
    <p class='ocr_par' dir='ltr' id='par_1_103' title="bbox 155 5494 1788 5576">
     <span class='ocr_line' id='line_1_103' title="bbox 155 5494 1788 5576; baseline -0.004 -19"><span class='ocrx_word' id='word_1_696' title='bbox 155 5518 295 5576; x_wconf 67' lang='lat' dir='ltr'><strong>quae</strong></span> <span class='ocrx_word' id='word_1_697' title='bbox 330 5502 534 5573; x_wconf 79' lang='lat' dir='ltr'><strong>scripta</strong></span> <span class='ocrx_word' id='word_1_698' title='bbox 561 5510 689 5557; x_wconf 82' lang='lat' dir='ltr'><strong>sant</strong></span> <span class='ocrx_word' id='word_1_699' title='bbox 708 5500 775 5557; x_wconf 91' lang='lat' dir='ltr'><strong>de</strong></span> <span class='ocrx_word' id='word_1_700' title='bbox 803 5516 869 5557; x_wconf 88' lang='lat' dir='ltr'><strong>eo</strong></span> <span class='ocrx_word' id='word_1_701' title='bbox 898 5502 952 5555; x_wconf 92' lang='lat' dir='ltr'><strong>in</strong></span> <span class='ocrx_word' id='word_1_702' title='bbox 975 5494 1137 5572; x_wconf 82' lang='lat' dir='ltr'><strong>Lege.</strong></span> <span class='ocrx_word' id='word_1_703' title='bbox 1156 5508 1211 5556; x_wconf 91' lang='lat' dir='ltr'><strong>et</strong></span> <span class='ocrx_word' id='word_1_704' title='bbox 1230 5497 1537 5570; x_wconf 82' lang='lat' dir='ltr'><strong>prophetis,</strong></span> <span class='ocrx_word' id='word_1_705' title='bbox 1569 5506 1624 5553; x_wconf 93' lang='lat' dir='ltr'><strong>et</strong></span> <span class='ocrx_word' id='word_1_706' title='bbox 1644 5496 1788 5568; x_wconf 88' lang='lat' dir='ltr'><strong>psal-</strong></span> 
     </span>
    </p>
   </div>
   <div class='ocr_carea' id='block_1_104' title="bbox 169 5590 1786 5667">
    <p class='ocr_par' dir='ltr' id='par_1_104' title="bbox 169 5590 1786 5667">
     <span class='ocr_line' id='line_1_104' title="bbox 169 5590 1786 5667; baseline -0.007 -13"><span class='ocrx_word' id='word_1_707' title='bbox 169 5597 313 5654; x_wconf 85' lang='lat' dir='ltr'><strong>mis.</strong></span> <span class='ocrx_word' id='word_1_708' title='bbox 351 5590 630 5665; x_wconf 87' lang='lat' dir='ltr'><strong>Siquidem</strong></span> <span class='ocrx_word' id='word_1_709' title='bbox 661 5596 780 5667; x_wconf 83' lang='lat' dir='ltr'><strong>ipse</strong></span> <span class='ocrx_word' id='word_1_710' title='bbox 811 5595 861 5648; x_wconf 91' lang='lat' dir='ltr'><strong>in</strong></span> <span class='ocrx_word' id='word_1_711' title='bbox 908 5594 1162 5664; x_wconf 84' lang='lat' dir='ltr'><strong>passione</strong></span> <span class='ocrx_word' id='word_1_712' title='bbox 1192 5593 1302 5648; x_wconf 85' lang='lat' dir='ltr'><strong>ait:</strong></span> <span class='ocrx_word' id='word_1_713' title='bbox 1347 5592 1786 5646; x_wconf 76' lang='lat' dir='ltr'><strong>(onsummatum</strong></span> 
     </span>
    </p>
   </div>
   <div class='ocr_carea' id='block_1_105' title="bbox 157 5683 1787 5763">
    <p class='ocr_par' dir='ltr' id='par_1_105' title="bbox 157 5683 1787 5763">
     <span class='ocr_line' id='line_1_105' title="bbox 157 5683 1787 5763; baseline -0.006 -15"><span class='ocrx_word' id='word_1_714' title='bbox 157 5700 261 5748; x_wconf 87' lang='lat' dir='ltr'><strong>est</strong></span> <span class='ocrx_word' id='word_1_715' title='bbox 286 5685 489 5763; x_wconf 78' lang='lat' dir='ltr'><strong>(Joan.</strong></span> <span class='ocrx_word' id='word_1_716' title='bbox 518 5686 860 5754; x_wconf 77' lang='lat' dir='ltr'><strong>xtx).Latum</strong></span> <span class='ocrx_word' id='word_1_717' title='bbox 886 5687 1189 5743; x_wconf 80' lang='lat' dir='ltr'><strong>mandatum</strong></span> <span class='ocrx_word' id='word_1_718' title='bbox 1214 5699 1356 5741; x_wconf 90' lang='lat' dir='ltr'><strong>tuum</strong></span> <span class='ocrx_word' id='word_1_719' title='bbox 1386 5685 1560 5740; x_wconf 89' lang='lat' dir='ltr'><strong>nimis.</strong></span> <span class='ocrx_word' id='word_1_720' title='bbox 1578 5683 1787 5754; x_wconf 85' lang='lat' dir='ltr'><strong>Spatio-</strong></span> 
     </span>
    </p>
   </div>
   <div class='ocr_carea' id='block_1_106' title="bbox 160 5774 1795 5865">
    <p class='ocr_par' dir='ltr' id='par_1_106' title="bbox 160 5774 1795 5865">
     <span class='ocr_line' id='line_1_106' title="bbox 160 5774 1795 5865; baseline -0.006 -24"><span class='ocrx_word' id='word_1_721' title='bbox 160 5797 304 5842; x_wconf 85' lang='lat' dir='ltr'><strong>sum</strong></span> <span class='ocrx_word' id='word_1_722' title='bbox 342 5774 493 5836; x_wconf 87' lang='lat' dir='ltr'><strong>enim</strong></span> <span class='ocrx_word' id='word_1_723' title='bbox 524 5780 772 5853; x_wconf 73' lang='lat' dir='ltr'><strong>praevidit</strong></span> <span class='ocrx_word' id='word_1_724' title='bbox 813 5789 1027 5853; x_wconf 88' lang='lat' dir='ltr'><strong>tempus</strong></span> <span class='ocrx_word' id='word_1_725' title='bbox 1057 5778 1186 5835; x_wconf 90' lang='lat' dir='ltr'><strong>illud</strong></span> <span class='ocrx_word' id='word_1_726' title='bbox 1222 5779 1293 5837; x_wconf 85' lang='lat' dir='ltr'><strong>ab</strong></span> <span class='ocrx_word' id='word_1_727' title='bbox 1320 5795 1387 5837; x_wconf 90' lang='lat' dir='ltr'><strong>eo</strong></span> <span class='ocrx_word' id='word_1_728' title='bbox 1413 5794 1521 5851; x_wconf 91' lang='lat' dir='ltr'><strong>quo</strong></span> <span class='ocrx_word' id='word_1_729' title='bbox 1551 5794 1795 5865; x_wconf 78' lang='lat' dir='ltr'><strong>seman-</strong></span> 
     </span>
    </p>
   </div>
   <div class='ocr_carea' id='block_1_107' title="bbox 1888 4656 3485 4738">
    <p class='ocr_par' dir='ltr' id='par_1_107' title="bbox 1888 4656 3485 4738">
     <span class='ocr_line' id='line_1_107' title="bbox 1888 4656 3485 4738; baseline 0.012 -29"><span class='ocrx_word' id='word_1_730' title='bbox 1888 4670 2045 4710; x_wconf 87' lang='lat' dir='ltr'><strong>men.</strong></span> <span class='ocrx_word' id='word_1_731' title='bbox 2080 4670 2189 4710; x_wconf 90' lang='lat' dir='ltr'><strong>non</strong></span> <span class='ocrx_word' id='word_1_732' title='bbox 2223 4656 2471 4712; x_wconf 90' lang='lat' dir='ltr'><strong>incidunt</strong></span> <span class='ocrx_word' id='word_1_733' title='bbox 2500 4658 2667 4728; x_wconf 88' lang='lat' dir='ltr'><strong>pedes</strong></span> <span class='ocrx_word' id='word_1_734' title='bbox 2714 4661 2891 4716; x_wconf 82' lang='lat' dir='ltr'><strong>nostri</strong></span> <span class='ocrx_word' id='word_1_735' title='bbox 2932 4663 2983 4718; x_wconf 90' lang='lat' dir='ltr'><strong>in</strong></span> <span class='ocrx_word' id='word_1_736' title='bbox 3026 4664 3249 4738; x_wconf 83' lang='lat' dir='ltr'><strong>laqueos</strong></span> <span class='ocrx_word' id='word_1_737' title='bbox 3274 4669 3485 4727; x_wconf 81' lang='lat' dir='ltr'><strong>funium</strong></span> 
     </span>
    </p>
   </div>
   <div class='ocr_carea' id='block_1_108' title="bbox 1888 4747 3482 4822">
    <p class='ocr_par' dir='ltr' id='par_1_108' title="bbox 1888 4747 3482 4822">
     <span class='ocr_line' id='line_1_108' title="bbox 1888 4747 3482 4822; baseline 0.012 -22"><span class='ocrx_word' id='word_1_738' title='bbox 1888 4761 1951 4801; x_wconf 86' lang='lat' dir='ltr'><strong>ac</strong></span> <span class='ocrx_word' id='word_1_739' title='bbox 1978 4747 2277 4818; x_wconf 70' lang='lat' dir='ltr'><strong>prmcipitia</strong></span> <span class='ocrx_word' id='word_1_740' title='bbox 2302 4747 2582 4805; x_wconf 78' lang='lat' dir='ltr'><strong>fovearum</strong></span> <span class='ocrx_word' id='word_1_741' title='bbox 2604 4793 2617 4814; x_wconf 89' lang='lat'><strong>,</strong></span> <span class='ocrx_word' id='word_1_742' title='bbox 2649 4768 2770 4822; x_wconf 75' lang='lat' dir='ltr'><strong>qua:</strong></span> <span class='ocrx_word' id='word_1_743' title='bbox 2802 4769 2993 4810; x_wconf 87' lang='lat' dir='ltr'><strong>manus</strong></span> <span class='ocrx_word' id='word_1_744' title='bbox 3024 4760 3155 4813; x_wconf 88' lang='lat' dir='ltr'><strong>artis</strong></span> <span class='ocrx_word' id='word_1_745' title='bbox 3190 4760 3482 4818; x_wconf 78' lang='lat' dir='ltr'><strong>diabolica:</strong></span> 
     </span>
    </p>
   </div>
   <div class='ocr_carea' id='block_1_109' title="bbox 1888 4838 3483 4917">
    <p class='ocr_par' dir='ltr' id='par_1_109' title="bbox 1888 4838 3483 4917">
     <span class='ocr_line' id='line_1_109' title="bbox 1888 4838 3483 4917; baseline 0.011 -22"><span class='ocrx_word' id='word_1_746' title='bbox 1888 4838 1940 4895; x_wconf 88' lang='lat' dir='ltr'><strong>in</strong></span> <span class='ocrx_word' id='word_1_747' title='bbox 1989 4841 2189 4895; x_wconf 84' lang='lat' dir='ltr'><strong>nostris</strong></span> <span class='ocrx_word' id='word_1_748' title='bbox 2220 4841 2563 4899; x_wconf 79' lang='lat' dir='ltr'><strong>ollendiculis</strong></span> <span class='ocrx_word' id='word_1_749' title='bbox 2591 4856 2924 4917; x_wconf 72' lang='lat' dir='ltr'><strong>prmparant.</strong></span> <span class='ocrx_word' id='word_1_750' title='bbox 2957 4846 3027 4905; x_wconf 86' lang='lat' dir='ltr'><strong>Et</strong></span> <span class='ocrx_word' id='word_1_751' title='bbox 3070 4851 3240 4909; x_wconf 86' lang='lat' dir='ltr'><strong>lumen</strong></span> <span class='ocrx_word' id='word_1_752' title='bbox 3284 4859 3483 4912; x_wconf 84' lang='lat' dir='ltr'><strong>semitis</strong></span> 
     </span>
    </p>
   </div>
   <div class='ocr_carea' id='block_1_110' title="bbox 1888 4930 3483 5006">
    <p class='ocr_par' dir='ltr' id='par_1_110' title="bbox 1888 4930 3483 5006">
     <span class='ocr_line' id='line_1_110' title="bbox 1888 4930 3483 5006; baseline 0.01 -19"><span class='ocrx_word' id='word_1_753' title='bbox 1888 4934 2032 4987; x_wconf 84' lang='lat' dir='ltr'><strong>meis.</strong></span> <span class='ocrx_word' id='word_1_754' title='bbox 2066 4932 2138 4989; x_wconf 84' lang='lat' dir='ltr'><strong>Ut</strong></span> <span class='ocrx_word' id='word_1_755' title='bbox 2165 4930 2270 4988; x_wconf 88' lang='lat' dir='ltr'><strong>hoc</strong></span> <span class='ocrx_word' id='word_1_756' title='bbox 2315 4935 2518 4990; x_wconf 81' lang='lat' dir='ltr'><strong>lumine</strong></span> <span class='ocrx_word' id='word_1_757' title='bbox 2557 4951 2856 5006; x_wconf 69' lang='lat' dir='ltr'><strong>prmvunte,</strong></span> <span class='ocrx_word' id='word_1_758' title='bbox 2888 4942 3016 4997; x_wconf 89' lang='lat' dir='ltr'><strong>dum</strong></span> <span class='ocrx_word' id='word_1_759' title='bbox 3048 4946 3171 4999; x_wconf 76' lang='lat' dir='ltr'><strong>vitze</strong></span> <span class='ocrx_word' id='word_1_760' title='bbox 3200 4946 3355 5002; x_wconf 78' lang='lat' dir='ltr'><strong>iSIius</strong></span> <span class='ocrx_word' id='word_1_761' title='bbox 3395 4965 3483 5003; x_wconf 81' lang='lat' dir='ltr'><strong>sr-</strong></span> 
     </span>
    </p>
   </div>
   <div class='ocr_carea' id='block_1_111' title="bbox 1890 5024 3479 5108">
    <p class='ocr_par' dir='ltr' id='par_1_111' title="bbox 1890 5024 3479 5108">
     <span class='ocr_line' id='line_1_111' title="bbox 1890 5024 3479 5108; baseline 0.009 -27"><span class='ocrx_word' id='word_1_762' title='bbox 1890 5027 2050 5081; x_wconf 78' lang='lat' dir='ltr'><strong>mitas</strong></span> <span class='ocrx_word' id='word_1_763' title='bbox 2097 5024 2374 5095; x_wconf 77' lang='lat' dir='ltr'><strong>gradiatur</strong></span> <span class='ocrx_word' id='word_1_764' title='bbox 2400 5044 2414 5081; x_wconf 90' lang='lat'><strong>:</strong></span> <span class='ocrx_word' id='word_1_765' title='bbox 2460 5026 2511 5083; x_wconf 90' lang='lat' dir='ltr'><strong>in</strong></span> <span class='ocrx_word' id='word_1_766' title='bbox 2558 5045 2677 5085; x_wconf 83' lang='lat' dir='ltr'><strong>eam</strong></span> <span class='ocrx_word' id='word_1_767' title='bbox 2704 5046 2827 5102; x_wconf 72' lang='lat' dir='ltr'><strong>qua:</strong></span> <span class='ocrx_word' id='word_1_768' title='bbox 2858 5034 2945 5088; x_wconf 89' lang='lat' dir='ltr'><strong>via</strong></span> <span class='ocrx_word' id='word_1_769' title='bbox 2976 5049 3104 5090; x_wconf 84' lang='lat' dir='ltr'><strong>vera</strong></span> <span class='ocrx_word' id='word_1_770' title='bbox 3137 5046 3241 5104; x_wconf 89' lang='lat' dir='ltr'><strong>est,</strong></span> <span class='ocrx_word' id='word_1_771' title='bbox 3272 5041 3479 5108; x_wconf 65' lang='lat' dir='ltr'><strong>perdu«</strong></span> 
     </span>
    </p>
   </div>
   <div class='ocr_carea' id='block_1_112' title="bbox 1883 5136 2089 5176">
    <p class='ocr_par' dir='ltr' id='par_1_112' title="bbox 1883 5136 2089 5176">
     <span class='ocr_line' id='line_1_112' title="bbox 1883 5136 2089 5176; baseline 0 0"><span class='ocrx_word' id='word_1_772' title='bbox 1883 5136 2089 5176; x_wconf 87' lang='lat' dir='ltr'><strong>camur.</strong></span> 
     </span>
    </p>
   </div>
   <div class='ocr_carea' id='block_1_113' title="bbox 1956 5210 3474 5290">
    <p class='ocr_par' dir='ltr' id='par_1_113' title="bbox 1956 5210 3474 5290">
     <span class='ocr_line' id='line_1_113' title="bbox 1956 5210 3474 5290; baseline 0.013 -24"><span class='ocrx_word' id='word_1_773' title='bbox 1956 5210 2146 5267; x_wconf 80' lang='lat' dir='ltr'><strong>Juravi</strong></span> <span class='ocrx_word' id='word_1_774' title='bbox 2172 5222 2217 5269; x_wconf 89' lang='lat' dir='ltr'><strong>et</strong></span> <span class='ocrx_word' id='word_1_775' title='bbox 2255 5217 2413 5269; x_wconf 85' lang='lat' dir='ltr'><strong>statui</strong></span> <span class='ocrx_word' id='word_1_776' title='bbox 2439 5217 2698 5271; x_wconf 84' lang='lat' dir='ltr'><strong>custodire</strong></span> <span class='ocrx_word' id='word_1_777' title='bbox 2717 5219 2923 5290; x_wconf 86' lang='lat' dir='ltr'><strong>judicia</strong></span> <span class='ocrx_word' id='word_1_778' title='bbox 2944 5220 3168 5290; x_wconf 70' lang='lat' dir='ltr'><strong>iustitia:</strong></span> <span class='ocrx_word' id='word_1_779' title='bbox 3198 5231 3321 5283; x_wconf 67' lang='lat' dir='ltr'><strong>mea.</strong></span> <span class='ocrx_word' id='word_1_780' title='bbox 3354 5226 3474 5284; x_wconf 86' lang='lat' dir='ltr'><strong>Pri-</strong></span> 
     </span>
    </p>
   </div>
   <div class='ocr_carea' id='block_1_114' title="bbox 1891 5310 3472 5380">
    <p class='ocr_par' dir='ltr' id='par_1_114' title="bbox 1891 5310 3472 5380">
     <span class='ocr_line' id='line_1_114' title="bbox 1891 5310 3472 5380; baseline 0.011 -17"><span class='ocrx_word' id='word_1_781' title='bbox 1891 5325 2035 5364; x_wconf 91' lang='lat' dir='ltr'><strong>mum</strong></span> <span class='ocrx_word' id='word_1_782' title='bbox 2077 5310 2299 5379; x_wconf 86' lang='lat' dir='ltr'><strong>juravit,</strong></span> <span class='ocrx_word' id='word_1_783' title='bbox 2350 5322 2401 5366; x_wconf 90' lang='lat' dir='ltr'><strong>ut</strong></span> <span class='ocrx_word' id='word_1_784' title='bbox 2448 5312 2515 5367; x_wconf 88' lang='lat' dir='ltr'><strong>ah</strong></span> <span class='ocrx_word' id='word_1_785' title='bbox 2554 5310 2653 5366; x_wconf 85' lang='lat' dir='ltr'><strong>hac</strong></span> <span class='ocrx_word' id='word_1_786' title='bbox 2684 5316 2921 5369; x_wconf 73' lang='lat' dir='ltr'><strong>custodia</strong></span> <span class='ocrx_word' id='word_1_787' title='bbox 2965 5332 3074 5372; x_wconf 88' lang='lat' dir='ltr'><strong>non</strong></span> <span class='ocrx_word' id='word_1_788' title='bbox 3120 5319 3472 5380; x_wconf 84' lang='lat' dir='ltr'><strong>dissolvatur.</strong></span> 
     </span>
    </p>
   </div>
   <div class='ocr_carea' id='block_1_115' title="bbox 1893 5403 3486 5478">
    <p class='ocr_par' dir='ltr' id='par_1_115' title="bbox 1893 5403 3486 5478">
     <span class='ocr_line' id='line_1_115' title="bbox 1893 5403 3486 5478; baseline 0.01 -20"><span class='ocrx_word' id='word_1_789' title='bbox 1893 5403 2098 5459; x_wconf 89' lang='lat' dir='ltr'><strong>Deinde</strong></span> <span class='ocrx_word' id='word_1_790' title='bbox 2150 5403 2377 5473; x_wconf 82' lang='lat' dir='ltr'><strong>statuit,</strong></span> <span class='ocrx_word' id='word_1_791' title='bbox 2434 5415 2493 5461; x_wconf 89' lang='lat' dir='ltr'><strong>ut</strong></span> <span class='ocrx_word' id='word_1_792' title='bbox 2550 5421 2671 5475; x_wconf 77' lang='lat' dir='ltr'><strong>qum</strong></span> <span class='ocrx_word' id='word_1_793' title='bbox 2704 5405 2982 5476; x_wconf 88' lang='lat' dir='ltr'><strong>juraverat</strong></span> <span class='ocrx_word' id='word_1_794' title='bbox 3030 5408 3233 5478; x_wconf 78' lang='lat' dir='ltr'><strong>ﬁrmet,</strong></span> <span class='ocrx_word' id='word_1_795' title='bbox 3304 5419 3486 5474; x_wconf 83' lang='lat' dir='ltr'><strong>sciens</strong></span> 
     </span>
    </p>
   </div>
   <div class='ocr_carea' id='block_1_116' title="bbox 1893 5494 3342 5577">
    <p class='ocr_par' dir='ltr' id='par_1_116' title="bbox 1893 5494 3342 5577">
     <span class='ocr_line' id='line_1_116' title="bbox 1893 5494 3342 5577; baseline 0.008 -27"><span class='ocrx_word' id='word_1_796' title='bbox 1893 5496 2024 5550; x_wconf 88' lang='lat' dir='ltr'><strong>nihil</strong></span> <span class='ocrx_word' id='word_1_797' title='bbox 2053 5496 2104 5549; x_wconf 91' lang='lat' dir='ltr'><strong>in</strong></span> <span class='ocrx_word' id='word_1_798' title='bbox 2134 5494 2228 5551; x_wconf 90' lang='lat' dir='ltr'><strong>Dei</strong></span> <span class='ocrx_word' id='word_1_799' title='bbox 2253 5495 2473 5563; x_wconf 85' lang='lat' dir='ltr'><strong>judiciis</strong></span> <span class='ocrx_word' id='word_1_800' title='bbox 2497 5498 2599 5551; x_wconf 83' lang='lat' dir='ltr'><strong>nisi</strong></span> <span class='ocrx_word' id='word_1_801' title='bbox 2626 5499 3014 5568; x_wconf 84' lang='lat' dir='ltr'><strong>perjustitiam</strong></span> <span class='ocrx_word' id='word_1_802' title='bbox 3049 5507 3342 5577; x_wconf 82' lang='lat' dir='ltr'><strong>propalari.</strong></span> 
     </span>
    </p>
   </div>
   <div class='ocr_carea' id='block_1_117' title="bbox 1966 5585 3486 5669">
    <p class='ocr_par' dir='ltr' id='par_1_117' title="bbox 1966 5585 3486 5669">
     <span class='ocr_line' id='line_1_117' title="bbox 1966 5585 3486 5669; baseline 0.01 -29"><span class='ocrx_word' id='word_1_803' title='bbox 1966 5585 2290 5642; x_wconf 79' lang='lat' dir='ltr'><strong>Humilialus</strong></span> <span class='ocrx_word' id='word_1_804' title='bbox 2314 5602 2430 5641; x_wconf 89' lang='lat' dir='ltr'><strong>sum</strong></span> <span class='ocrx_word' id='word_1_805' title='bbox 2477 5604 2860 5659; x_wconf 81' lang='lat' dir='ltr'><strong>usquequaque,</strong></span> <span class='ocrx_word' id='word_1_806' title='bbox 2896 5588 3149 5650; x_wconf 88' lang='lat' dir='ltr'><strong>Domine:</strong></span> <span class='ocrx_word' id='word_1_807' title='bbox 3178 5598 3378 5669; x_wconf 76' lang='lat' dir='ltr'><strong>rivi/ica</strong></span> <span class='ocrx_word' id='word_1_808' title='bbox 3406 5619 3486 5656; x_wconf 86' lang='lat' dir='ltr'><strong>me</strong></span> 
     </span>
    </p>
   </div>
   <div class='ocr_carea' id='block_1_118' title="bbox 1895 5682 3489 5762">
    <p class='ocr_par' dir='ltr' id='par_1_118' title="bbox 1895 5682 3489 5762">
     <span class='ocr_line' id='line_1_118' title="bbox 1895 5682 3489 5762; baseline 0.009 -27"><span class='ocrx_word' id='word_1_809' title='bbox 1895 5682 2177 5738; x_wconf 84' lang='lat' dir='ltr'><strong>secundum</strong></span> <span class='ocrx_word' id='word_1_810' title='bbox 2213 5683 2418 5737; x_wconf 80' lang='lat' dir='ltr'><strong>verbum</strong></span> <span class='ocrx_word' id='word_1_811' title='bbox 2474 5694 2633 5738; x_wconf 83' lang='lat' dir='ltr'><strong>tuum.</strong></span> <span class='ocrx_word' id='word_1_812' title='bbox 2687 5684 2887 5741; x_wconf 80' lang='lat' dir='ltr'><strong>Didicit</strong></span> <span class='ocrx_word' id='word_1_813' title='bbox 2931 5688 3285 5748; x_wconf 83' lang='lat' dir='ltr'><strong>humilitatem</strong></span> <span class='ocrx_word' id='word_1_814' title='bbox 3327 5708 3489 5762; x_wconf 82' lang='lat' dir='ltr'><strong>quam</strong></span> 
     </span>
    </p>
   </div>
   <div class='ocr_carea' id='block_1_119' title="bbox 1898 5776 3494 5847">
    <p class='ocr_par' dir='ltr' id='par_1_119' title="bbox 1898 5776 3494 5847">
     <span class='ocr_line' id='line_1_119' title="bbox 1898 5776 3494 5847; baseline 0.009 -18"><span class='ocrx_word' id='word_1_815' title='bbox 1898 5776 2148 5832; x_wconf 78' lang='lat' dir='ltr'><strong>Christus</strong></span> <span class='ocrx_word' id='word_1_816' title='bbox 2200 5777 2424 5833; x_wconf 88' lang='lat' dir='ltr'><strong>docuit:</strong></span> <span class='ocrx_word' id='word_1_817' title='bbox 2469 5778 2559 5847; x_wconf 87' lang='lat' dir='ltr'><strong>qui</strong></span> <span class='ocrx_word' id='word_1_818' title='bbox 2605 5779 2752 5833; x_wconf 83' lang='lat' dir='ltr'><strong>mltis</strong></span> <span class='ocrx_word' id='word_1_819' title='bbox 2804 5789 2908 5846; x_wconf 86' lang='lat' dir='ltr'><strong>est,</strong></span> <span class='ocrx_word' id='word_1_820' title='bbox 2948 5788 3001 5837; x_wconf 86' lang='lat' dir='ltr'><strong>et</strong></span> <span class='ocrx_word' id='word_1_821' title='bbox 3044 5784 3260 5840; x_wconf 86' lang='lat' dir='ltr'><strong>humilis</strong></span> <span class='ocrx_word' id='word_1_822' title='bbox 3307 5790 3494 5846; x_wconf 73' lang='lat' dir='ltr'><strong>corde.</strong></span> 
     </span>
    </p>
   </div>
  </div>
