4008 6336
258 303 376 361 1201

1114 300 1540 361 ηιιΕνιΑιιιυΜ
1582 302 1644 359 ΙΝ
1684 301 2021 360 PSALMOS.
2063 301 2312 359 PSALM.
2354 302 2585 361 CXVIII.

3383 296 3523 365 reos
3578 288 3587 299 ί

251 423 483 477 vitiorum
512 428 727 475 caterva
759 419 1102 491 persequitur
1133 438 1144 472 :
1188 420 1284 475 sed
1315 419 1360 475 si
1390 431 1640 475 mensura
1665 416 1815 489 judi-
1845 420 1894 480 Α
1922 419 2169 473 mandata
2189 429 2298 477 tua.
2343 418 2641 478 Calumuite
2670 432 2815 489 sunt,
2856 438 2978 479 cum
3026 423 3186 495 justis
3213 419 3523 478 hominibus

245 516 433 571 ciorum
477 527 539 568 ac
582 512 1025 581 justitlcatiouum
1062 513 1152 567 Dei
1202 512 1253 567 in
1286 511 1442 568 nobis
1473 521 1711 577 maneat,
1758 518 1818 566 ut

244 610 478 682 prudenti
523 608 751 664 consilio
783 623 846 664 ea
878 624 995 676 qua:
1024 608 1110 663 his
1145 606 1479 664 conveniunt
1508 605 1769 662 faciamus
1800 622 1813 661 :

242 707 419 761 horum
442 712 852 775 pet-secutorum
878 702 1124 757 manibus
1156 718 1262 758 non
1293 701 1594 759 trademur.

302 798 513 869 Suscipe
535 813 739 853 servum
767 806 910 852 tuum
927 797 981 852 in
1014 796 1317 866 bono.Quia
1343 796 1549 852 servire
1573 810 1659 851 me
1689 808 1817 865 pec-

236 900 348 948 cato
383 892 491 961 jam
544 890 750 946 nescio.
786 889 854 946 Ut
899 906 1000 945 non
1038 891 1417 945 calumnientur
1466 905 1544 943 me
1581 888 1811 961 superbi.

233 986 472 1044 Dial-olus
494 995 546 1040 et
569 986 803 1041 ministri
826 985 965 1058 ejus.
1318 1050 1323 1053 τ

298 1077 445 1132 Oculi
493 1079 591 1133 mei
619 1078 912 1150 defecerunt
940 1080 993 1134 in
1031 1080 1256 1134 salutare
1303 1087 1470 1134 tuum.
1502 1077 1559 1133 In
1601 1077 1809 1143 Jesum,

228 1170 311 1243 qui
341 1171 599 1227 Hebraice
622 1171 864 1226 Salvator
891 1172 1104 1228 dicitur.
1136 1170 1205 1225 Et
1226 1172 1282 1226 in
1306 1172 1564 1243 eloquium
1584 1169 1812 1243 justilite

227 1276 337 1321 tute.
350 1264 405 1320 lu
421 1263 656 1320 Verbum
672 1265 800 1321 illud
816 1266 959 1338 quod
973 1276 1090 1320 erat
1104 1265 1156 1320 in
1174 1264 1438 1336 principio
1452 1266 1593 1335 apud
1609 1263 1805 1318 Deum:

223 1361 305 1432 qui
338 1360 574 1430 justitias
604 1359 741 1432 legis
773 1374 880 1414 non
905 1356 1055 1413 venit
1080 1356 1318 1422 solvere,
1342 1357 1438 1412 sed
1471 1355 1718 1425 implere.

287 1449 396 1505 Fac
424 1468 543 1505 cum
582 1465 725 1507 servo
765 1460 853 1505 tuo
883 1449 1163 1505 secundum
1196 1447 1604 1503 misericordiam
1643 1454 1805 1500 luant.

220 1543 285 1602 Ut
303 1545 413 1615 ipse
436 1552 561 1599 vota
591 1558 710 1599 mea
732 1542 1004 1614 perﬁcias.
1042 1539 1110 1595 Et
1124 1541 1654 1614 justiﬁcationestuas
1684 1539 1807 1594 doce

218 1654 307 1693 me.
332 1636 402 1694 Ut
421 1652 537 1706 eas,
566 1636 707 1692 sicut
744 1635 941 1707 saepius
963 1635 1166 1706 optavi,
1190 1634 1390 1705 possim
1419 1632 1732 1688 advertere.

281 1728 473 1786 Servus
501 1739 617 1784 tuus
645 1745 760 1784 sum
785 1744 878 1803 ego
910 1743 929 1782 :
965 1728 1033 1782 da
1068 1727 1196 1782 mihi
1225 1724 1537 1781 intellectum
1569 1735 1622 1780 ut
1645 1726 1806 1780 sciam

1921 509 2129 565 crimen
2172 509 2465 581 impietatis
2493 512 2770 584 oltjicitur.
2817 515 2883 570 Et
2909 531 2979 570 ex
3018 514 3214 584 quibus
3237 530 3297 569 sc
3327 510 3520 568 redimi

1918 601 2167 670 deposcit
2192 618 2219 656 a
2250 603 2383 669 Deo,
2416 614 2473 660 ut
2502 605 2620 676 ejus
2650 607 2901 663 mandata
2928 607 3223 664 custodiat.

1990 698 2200 755 Faciem
2223 708 2364 755 tuam
2391 702 2634 758 illumina
2665 720 2818 777 super
2834 721 3033 760 servum
3060 714 3225 759 tuum.
3241 701 3514 759 Confirma

1919 807 2006 848 me
2031 792 2210 865 efﬁgie
2241 795 2486 865 imaginis
2510 796 2697 867 glori:e
2725 805 2855 852 tum.
2884 796 2953 852 Et
2994 798 3124 853 doce
3152 813 3233 852 me
3250 795 3521 869 justiﬁed-

1917 885 2080 940 tiones
2127 895 2262 939 tuas.
2309 885 2377 943 Ut
2417 886 2562 957 quod
2617 887 2673 943 in
2729 888 2834 944 illis
2862 903 3029 945 cerno
3071 903 3167 961 per
3211 886 3517 957 speculum,

1917 987 2060 1033 certa
2084 980 2535 1051 contemplatione
2560 981 2910 1053 conspiciam.

1988 1070 2178 1128 Exitus
2204 1091 2458 1145 aquarum
2486 1076 2809 1131 deduxerunt
2828 1076 2966 1131 oculi
2996 1076 3115 1131 mei:
3134 1076 3255 1147 quia
3277 1090 3379 1128 non
3403 1090 3523 1127 cus—

1914 1164 2174 1220 todierunt
2202 1166 2365 1240 legem
2395 1177 2554 1223 tuam.
2595 1168 2790 1224 Veram
2844 1184 3062 1245 semper
3102 1168 3213 1238 agit
3247 1165 3518 1236 paeniten-

1916 1258 2041 1312 tiam
2075 1259 2158 1313 hic
2186 1269 2426 1328 sanctus,
2454 1273 2509 1317 et
2550 1278 2656 1319 non
2686 1273 2866 1319 cessat
2892 1264 3114 1319 fluentis
3144 1262 3510 1334 lacrymarum

1914 1352 2132 1423 antiqua
2151 1352 2347 1409 delicta
2364 1354 2605 1412 diluere:
2634 1366 2690 1411 ut
2711 1357 3006 1429 intelligas,
3042 1356 3145 1413 ni~i
3177 1372 3362 1412 veram
3395 1370 3514 1427 pm-

1912 1444 2195 1501 nitentiam
2223 1448 2421 1518 egeris,
2454 1449 2551 1504 tibi
2576 1451 2729 1506 facile
2750 1467 2858 1506 non
2883 1450 3222 1522 dimittique:
3249 1450 3510 1522 gesseris.

1919 1536 2053 1592 \‘era
2080 1549 2162 1595 cst
2191 1538 2334 1594 enim
2359 1542 2699 1609 ptenitentia,
2720 1544 2920 1614 jugiter
2965 1544 3183 1603 fletibus
3215 1544 3507 1601 commissa

1911 1628 2122 1686 diluere
2152 1640 2208 1687 et
2237 1633 2415 1688 abluta
2441 1648 2546 1690 non
2580 1635 2801 1691 iterare.

2633 1741 2789 1784 SADB.

214 1823 501 1876 testimonia
521 1831 631 1876 tua.
663 1821 707 1876 A
738 1832 789 1877 te
815 1836 876 1876 ea
908 1818 1136 1887 discam,
1168 1829 1223 1874 et
1257 1834 1364 1874 non
1400 1819 1479 1887 ab
1511 1818 1801 1885 hacreticis,
1837 1814 1885 1876 Β
1981 1823 2165 1879 Justus
2184 1843 2258 1896 es,
2278 1824 2522 1896 Domine,
2555 1838 2604 1884 et
2624 1839 2821 1884 rectum
2842 1830 3102 1898 judicium
3141 1839 3326 1886 tuum:
3358 1847 3511 1886 man-

214 1914 295 1969 vel
323 1912 531 1969 Judmis
559 1932 571 1967 :
606 1914 731 1985 quia
764 1913 894 1968 mihi
928 1912 1138 1968 nullum
1186 1921 1395 1982 tempus
1424 1918 1510 1966 est
1535 1910 1602 1964 ab
1644 1925 1805 1966 exer-

212 2006 466 2063 citatione
490 2016 593 2062 ture
618 2005 896 2062 servitutis
919 2005 1177 2060 otiosunt.

277 2097 509 2170 Tempus
536 2098 789 2172 faciendi,
831 2096 1053 2151 Domine
1083 2113 1101 2150 :
1134 2096 1515 2167 dissipaverunt
1539 2094 1704 2166 iniqui
1730 2095 1805 2150 le-

207 2211 314 2266 gem
355 2202 523 2248 tuam.
562 2192 734 2251 Judaei
781 2193 966 2265 utique
999 2192 1091 2264 qui
1131 2207 1251 2247 eam
1281 2186 1646 2259 spiritualiter
1694 2205 1803 2244 non

208 2286 613 2343 intellexerunt.
630 2287 734 2344 Sed
753 2287 933 2343 veniet
955 2297 1163 2356 tempus
1177 2285 1396 2357 quando
1412 2285 1620 2341 occulta
1638 2281 1801 2349 illius,

205 2377 467 2436 Dominus
492 2380 651 2437 faciet
671 2381 1054 2452 prmdicatione
1088 2380 1410 2451 Evangelica
1452 2377 1708 2435 reserari.

271 2474 403 2532 Ideo
448 2478 608 2533 dilexi
634 2479 880 2533 mandata
908 2488 998 2533 tua
1025 2495 1044 2533 :
1081 2494 1239 2549 super
1264 2494 1450 2533 aurum
1473 2488 1517 2532 et
1536 2476 1799 2549 topaaion.

199 2571 351 2629 Sicut
393 2572 540 2629 enim
585 2589 776 2629 aurum
814 2584 1134 2629 cunctorum
1181 2573 1525 2629 metallorum
1573 2571 1799 2642 praecel-

203 2666 263 2721 lit
290 2667 564 2738 pretium:
595 2667 666 2721 ita
694 2668 938 2735 ῑοιιπίιιε
965 2667 1211 2724 omnium
1254 2679 1589 2738 gemmarum
1644 2663 1700 2718 in
1742 2677 1801 2718 se

195 2764 491 2819 continens
524 2764 1007 2834 pulchritudinem,
1059 2763 1302 2818 omnium
1331 2762 1501 2818 vincit
1533 2762 1793 2817 honores.

195 2854 320 2912 Ideo
345 2855 611 2926 propheta
641 2872 806 2927 super
834 2861 952 2912 hace
967 2856 1154 2912 omnia
1184 2856 1278 2912 Dei
1302 2855 1556 2911 mandata
1585 2854 1794 2925 diligit:

192 2950 318 3020 quia
351 2950 412 3004 in
451 2948 538 3004 bis
563 2949 855 3005 adventum
887 2948 1133 3015 Domini,
1166 2948 1257 3022 qui
1287 2949 1544 3004 mundum
1578 2946 1797 3004 redem-

192 3052 389 3113 pturus
417 3052 521 3112 est,
552 3044 854 3100 nuntiatum
876 3044 1152 3115 intelligit.

262 3134 555 3209 Propterea
575 3139 643 3192 ad
671 3139 845 3192 omnia
866 3137 1112 3193 mandata
1137 3146 1224 3192 tua
1249 3136 1509 3209 dirigebar
1542 3153 1559 3191 :
1591 3152 1791 3191 omnem

1910 1917 2047 1971 dasti
2064 1918 2329 1989 justitiam
2357 1922 2647 1977 testimonia
2671 1932 2783 1989 tua,
2802 1932 2851 1977 et
2876 1923 3140 1977 veritatem
3164 1933 3308 1977 luant
3330 1923 3509 1980 nimis.

1908 2007 2103 2065 Omnia
2135 2028 2254 2079 qme
2286 2013 2577 2069 mandante
2620 2022 2672 2071 te
2732 2016 2989 2086 patimur,
3020 2016 3192 2087 justa,
3250 2023 3422 2082 recta,
3448 2030 3514 2073 ac

1908 2117 2033 2159 vera
2063 2112 2188 2159 sunt
2221 2122 2233 2157 :
2270 2105 2392 2175 quia
2430 2115 2521 2160 aut
2551 2121 2646 2175 pro
2685 2108 2922 2175 peccatis
2961 2108 3158 2163 nostris
3189 2108 3445 2177 ingruunt
3490 2123 3504 2163 :

1906 2205 1998 2250 aut
2021 2205 2077 2250 ut
2105 2196 2318 2267 probati
2345 2198 2773 2265 manifestemur,
2799 2199 3076 2255 eveniunt.

1978 2290 2258 2348 Tobescere
2285 2309 2365 2347 me
2394 2294 2518 2365 fecit
2568 2294 2709 2349 zclus
2738 2292 2926 2349 domus
2958 2303 3083 2349 tuw.
3116 2294 3250 2351 Cum
3311 2293 3509 2350 domus

1909 2385 2025 2451 Dei,
2057 2386 2314 2457 spelunca
2348 2387 2615 2443 latronum
2644 2387 2882 2444 efﬁcitur
2923 2404 2952 2442 a
2984 2388 3142 2444 malis
3188 2388 3512 2445 habitatori-

1905 2480 2006 2536 bus
2033 2498 2044 2533 ε
2079 2481 2161 2537 vel
2194 2495 2318 2536 eum
2350 2481 2542 2538 videro
2570 2497 2802 2553 corpora
2836 2482 2945 2538 Deo
2984 2482 3159 2538 dicata
3199 2480 3499 2539 volutabris

1903 2571 2207 2629 facinorum
2239 2573 2534 2646 inquinari.
2591 2574 2729 2642 Quia
2769 2575 2919 2632 obliti
2956 2585 3077 2631 sunt
3107 2576 3255 2631 verba
3277 2585 3367 2630 tua
3388 2576 3499 2630 ini-

1901 2668 2022 2720 mici
2054 2669 2171 2721 mei.
2205 2667 2601 2750 Oblivisceutes
2631 2670 2774 2724 enim
2818 2678 3090 2739 praecepta
3137 2668 3317 2742 Legis,
3339 2668 3503 2725 fece—

1902 2760 2262 2815 runtdomum
2296 2770 2439 2816 tuant
2460 2760 2774 2830 speluncam
2797 2762 3093 2817 latronum.

1972 2851 2206 2924 Ignitum
2230 2854 2500 2927 eloquium
2528 2864 2677 2910 tuum
2724 2855 3062 2927 uehementer,
3095 2866 3141 2912 et
3172 2873 3347 2913 seruus
3383 2866 3504 2912 tuus

1900 2946 2079 3002 dilexit
2101 2948 2259 3002 illud.
2291 2948 2427 3018 Quia
2458 2949 2600 3007 sicut
2645 2960 2925 3020 peccatum
2957 2951 3231 3007 consumit
3272 2967 3284 3006 :
3318 2949 3390 3006 ita
3448 2960 3507 3007 et

1900 3051 2249 3113 peccantem,
2297 3042 2343 3097 si
2383 3051 2731 3099 convertatur
2771 3043 3064 3100 illuminat.

1969 3135 2361 3190 Adolescentior
2374 3152 2487 3189 sum
2511 3152 2626 3206 ego,
2649 3146 2696 3190 et
2718 3146 3035 3209 contemptus
3066 3151 3082 3190 .'
3100 3137 3500 3208 justiﬁcationes

188 3228 323 3283 riam
350 3231 589 3298 iniquam
618 3230 736 3284 odio
795 3230 970 3285 habui.
1032 3230 1173 3285 Nihil
1217 3229 1286 3285 de
1335 3230 1435 3285 viis
1487 3230 1793 3299 iniquitatis
1818 3211 1866 3277 ο
1897 3237 2015 3284 tuas
2044 3245 2146 3283 non
2166 3246 2280 3283 sum
2307 3228 2514 3284 oblitus.
2549 3230 2887 3300 Quamquam
2920 3229 3035 3285 lure
3084 3229 3247 3308 David
3272 3245 3337 3286 ex
3372 3246 3500 3301 per-

185 3323 431 3378 accessit
462 3340 473 3374 :
508 3322 603 3379 sed
625 3323 769 3379 sicut
796 3323 1167 3392 peratnhutavi
1214 3324 1427 3395 integre
1461 3343 1471 3378 :
1509 3325 1582 3379 ita
1611 3322 1791 3380 omnia

186 3429 311 3486 quae
343 3416 403 3471 in
446 3416 545 3472 viis
572 3416 879 3487 iniquitatis
903 3417 1283 3487 morabantur,
1307 3417 1475 3497 odivi.

912 3528 1064 3569 PMB.

261 3603 539 3659 Mirabilia
558 3604 849 3660 testimonia
879 3614 986 3673 tua,
1020 3605 1277 3661 Domine:
1306 3606 1423 3661 ideo
1456 3612 1689 3659 scrutata
1715 3613 1789 3658 est

183 3714 246 3753 ea
296 3698 483 3754 anima
528 3715 663 3752 mea.
698 3698 816 3755 Vidi
845 3700 897 3754 in
922 3698 1008 3755 his
1036 3700 1179 3755 aliud
1209 3703 1317 3770 agi,
1367 3700 1511 3754 aliud
1543 3698 1784 3770 figurari.

182 3789 431 3863 Ideoque
446 3791 569 3862 quia
602 3792 800 3848 mirum
824 3791 953 3847 milii
975 3800 1060 3848 est
1093 3810 1104 3844 :
1137 3793 1449 3863 diligentius
1482 3799 1791 3863 perscruta-

180 3890 296 3951 tus,
330 3893 552 3951 cuncta,
572 3894 625 3941 to
654 3883 988 3951 declarante,
1017 3899 1322 3954 cognosco:
1357 3884 1497 3940 sicut
1519 3883 1784 3953 sequitur.

258 3975 567 4032 Declaratio
593 3993 888 4051 sermonum
919 3988 1123 4033 tuorum
1158 3977 1440 4043 illuminat,
1473 3986 1520 4031 et
1557 3974 1790 4031 intellec-

178 4080 300 4125 tum
329 4072 422 4125 dat
449 4072 697 4143 paruulis.
715 4070 1009 4129 Sermones
1042 4073 1135 4128 Dei
1164 4082 1290 4128 sunt
1318 4072 1520 4143 scripta
1547 4070 1785 4140 prophe-

175 4179 309 4220 rutn
339 4174 395 4221 et
412 4165 569 4235 Legis
596 4179 719 4236 qua:
749 4166 801 4221 in
835 4166 1141 4236 Evangeliis
1190 4166 1543 4223 declarantur
1588 4183 1602 4219 :
1648 4164 1782 4220 dum

175 4258 430 4315 Verbum
445 4274 572 4315 caro
587 4259 784 4315 factum
809 4260 1078 4315 habitatio
1099 4261 1279 4326 nobis,
1294 4270 1348 4317 et
1370 4260 1553 4315 multis
1575 4258 1789 4315 virtuti-

175 4350 288 4407 bus
340 4352 507 4407 Deum
539 4353 798 4408 ostendit.
831 4351 939 4408 Sed
972 4352 1166 4408 horum
1194 4352 1506 4408 intellectus
1533 4350 1787 4421 parvitati

168 4451 511 4516 ttostras.qtti
546 4448 598 4502 in
626 4447 939 4503 innocentia
970 4445 1781 4512 renatisumus,tribuitur:Do-

169 4540 340 4596 mino
360 4541 440 4595 sic
459 4539 707 4597 dicente:
742 4541 1017 4597 Conﬁteor
1040 4541 1159 4608 tibi,
1187 4540 1437 4608 Domine,
1464 4540 1623 4595 Pater
1652 4537 1778 4595 caeli

1894 3336 2028 3377 sona
2056 3335 2151 3376 sua
2199 3320 2370 3390 dicat,
2405 3322 2497 3393 qui
2534 3320 2942 3379 adolescentior
2970 3323 3186 3379 caeteris
3238 3322 3499 3381 fratribus

1894 3414 2050 3485 quasi
2080 3423 2424 3485 contemptus
2468 3416 2536 3471 ad
2583 3431 2715 3472 oves
2745 3416 3049 3487 pascendae
3089 3418 3351 3488 directus,
3399 3418 3499 3473 tle-

1897 3508 2023 3564 hinc
2049 3507 2104 3563 in
2135 3524 2362 3579 regnum
2395 3509 2605 3566 electus
2629 3518 2713 3565 est
2748 3529 2759 3564 :
2790 3519 2969 3566 tamen
3002 3510 3118 3565 btec
3135 3509 3202 3565 ad
3232 3511 3497 3582 populum

1892 3601 2262 3659 Christianum
2303 3602 2590 3659 referenda
2624 3613 2773 3670 sunt,
2803 3603 2896 3675 qui
2927 3604 3081 3675 prius
3124 3613 3495 3677 contemptus,

1893 3697 2037 3753 etde
2079 3696 2241 3752 domo
2280 3696 2449 3767 patris
2492 3687 2721 3768 ejectus,
2773 3697 3027 3753 recolens
3072 3698 3495 3768 justiflcatioues

1897 3789 2024 3859 Dei,
2076 3791 2318 3861 acceptis
2363 3789 2564 3862 prioris
2619 3791 3031 3861 primogenitis,
3083 3790 3231 3861 prior
3268 3790 3494 3847 eﬂ'ectus

1891 3893 1996 3939 est.

1962 3977 2180 4034 Iustitia
2201 3988 2290 4034 tua
2310 3979 2524 4047 iustitia
2551 3977 2606 4033 in
2640 3986 2913 4033 retentum.
2939 3978 3111 4044 Quam
3136 3990 3243 4032 non
3285 3991 3495 4049 cogno-

1892 4071 1970 4126 vit
2001 4071 2231 4142 populus
2263 4070 2356 4127 ille
2398 4072 2549 4142 prior
2601 4084 2820 4140 semper
2857 4084 2978 4125 esse
3025 4079 3367 4139 perpetuam.
3421 4069 3491 4124 Et

1891 4162 1977 4220 lea:
1999 4174 2087 4219 tua
2120 4165 2331 4220 veritas.
2365 4163 2474 4219 Illis
2523 4164 2619 4219 fuit
2669 4164 2858 4219 umbra
2886 4179 2900 4217 :
2941 4177 3082 4217 nunc
3112 4170 3196 4216 est
3227 4160 3489 4217 Ecclesia:

1893 4256 2094 4327 popqu
2118 4257 2339 4312 veritas.
2363 4256 2472 4313 Sed
2495 4254 2756 4328 propheta
2792 4270 2888 4326 pro
2922 4254 3023 4309 hac
3056 4252 3283 4310 veritate
3314 4252 3486 4308 multa

1890 4350 2180 4424 perferens
2205 4351 2281 4407 ait
2306 4370 2320 4407 :
2846 4371 2856 4379 τ

1965 4442 2252 4499 Tribulatio
2297 4452 2347 4498 et
2377 4444 2618 4515 angustia
2639 4443 2941 4498 inuenerunt
2966 4458 3048 4497 me
3077 4458 3096 4497 :
3122 4443 3370 4498 mandata
3399 4450 3491 4497 tua

1890 4538 2153 4592 meditatio
2190 4554 2304 4592 mea
2346 4547 2443 4593 est.
2495 4535 2806 4606 Quamlibet
2850 4536 3142 4592 tribuletur
3177 4535 3231 4591 itt
3277 4537 3479 4609 panis,

169 4642 236 4689 et
286 4643 449 4688 terra:
489 4650 503 4687 :
547 4633 671 4704 quia
728 4633 1060 4690 abscondisti
1114 4633 1231 4692 haec
1268 4650 1298 4689 a
1346 4634 1684 4704 sapientibus
1730 4639 1786 4688 et
1814 4607 2196 4685 Dcoarctetur
2224 4629 2278 4684 in
2310 4629 2709 4685 vinculiszvox
2738 4641 2960 4698 semper
2988 4607 3482 4700 libera‘Deiman-

171 4726 570 4797 prudentibus,
593 4735 651 4783 et
676 4726 937 4782 revelasti
966 4742 1027 4782 ea
1054 4726 1292 4797 parvulis
1317 4724 1528 4798 (Matth.
1566 4725 1644 4797 ι).

259 4819 338 4874 0s
362 4836 531 4874 meum
558 4822 740 4892 aperui
767 4830 815 4876 et
843 4822 1037 4876 attraxi
1055 4822 1298 4890 spiritum
1329 4836 1347 4873 :
1386 4822 1510 4891 quia
1538 4821 1787 4875 mandata

167 4922 278 4968 tua
314 4912 693 4969 desiderabam.
733 4913 840 4969 Cor
864 4912 1124 4968 mundum
1166 4911 1427 4979 reserari,
1469 4921 1525 4968 et
1560 4912 1782 4984 dignum

170 5020 276 5074 me
296 5004 456 5061 effeci
498 5004 771 5062 desiderio
822 5005 1200 5062 mandatorum
1253 5015 1502 5074 tuorum,
1533 5005 1588 5063 in
1619 5022 1781 5078 quem

165 5098 423 5170 Spiritus
445 5108 669 5157 sanctus
697 5098 1111 5156 dill'underetur.

260 5191 448 5263 Aspice
471 5193 526 5246 in
574 5209 653 5246 me
680 5200 727 5246 et
753 5192 994 5248 miserere
1043 5193 1184 5248 mei:
1228 5193 1510 5249 secundum
1522 5194 1786 5267 judicium

1891 4721 2013 4778 data
2047 4721 2339 4778 meditatur
2373 4721 2615 4779 assidue.

1964 4814 2209 4887 .Equitas
2239 4815 2533 4872 testimonia
2555 4825 2644 4869 tua
2662 4815 2717 4869 in
2745 4822 2996 4869 internum
3032 4830 3051 4870 :
3080 4813 3391 4870 intellectum
3417 4813 3488 4868 ila

1890 4909 2080 4989 milti’et
2102 4908 2288 4963 uiuant.
2319 4907 2389 4964 Ut
2421 4923 2517 4978 pro
2537 4922 2727 4965 eorum
2761 4906 3136 4980 intelligentia,
3166 4908 3330 4963 vitam
3360 4920 3488 4978 pos-

1891 5000 1992 5055 sim
2021 5013 2217 5071 capere
2244 5000 2655 5072 sempiternam.

2611 5111 2769 5155 COPH.

1964 5195 2194 5252 Clamaui
2219 5197 2271 5251 in
2296 5205 2402 5253 toto
2451 5198 2608 5254 corde
2646 5215 2781 5268 meo,
2830 5198 3017 5254 exaudi
3058 5213 3161 5265 me,
3210 5195 3434 5252 Domine
3465 5212 3485 5252 :

168 5284 517 5355 diligentiam
545 5300 732 5340 nomen
756 5294 923 5340 tuum.
956 5283 1028 5341 Ut
1056 5285 1150 5340 illo
1174 5299 1260 5341 me
1285 5284 1494 5355 judicio
1528 5302 1785 5343 muneres
1881 5290 2287 5362 justiﬁcationes
2326 5299 2445 5347 tuas
2494 5291 2771 5363 requiram.
2817 5289 3052 5346 Clamavi
3079 5289 3150 5344 ad
3178 5299 3251 5358 te,
3280 5290 3487 5345 salvum

170 5394 302 5451 quo
327 5378 573 5450 reliquos
600 5379 691 5450 qui
719 5378 952 5451 diligunt
979 5394 1176 5436 nomen
1197 5388 1368 5435 tuum.

270 5469 484 5526 Gressus
536 5488 674 5527 meos
721 5471 886 5542 dirige
911 5473 1192 5528 secundum
1232 5472 1492 5543 eloquium
1520 5482 1685 5529 tuum.
1719 5473 1789 5530 Et

178 5578 307 5620 non
336 5564 632 5621 secundum
657 5578 948 5634 corporeas
977 5565 1305 5622 voluntates.
1331 5562 1402 5621 Et
1426 5582 1530 5621 non
1551 5567 1786 5624 domin‘e-

174 5670 279 5715 tur
305 5660 404 5715 mei
425 5660 590 5715 omnis
610 5658 875 5731 iniquitas.
901 5658 1035 5728 Quia
1059 5669 1150 5717 tuo
1171 5676 1290 5716 sum
1313 5659 1595 5716 famulatui
1636 5676 1787 5716 matt-

174 5752 425 5823 cipatus.

268 5844 482 5902 Redime
519 5861 601 5902 me
648 5862 680 5899 a
716 5845 989 5903 calumniis
1034 5844 1303 5903 hominum
1343 5865 1362 5904 :
1410 5857 1466 5903 ut
1501 5850 1790 5906 custodiam

1891 5401 1969 5438 me
1990 5384 2160 5455 fac,ut
2180 5385 2463 5439 custodiam
2491 5383 2737 5439 mandata
2759 5394 2868 5438 tua.
2887 5382 3037 5438 Hunc
3059 5382 3354 5439 clamorem
3376 5398 3486 5439 non

1889 5491 2168 5548 corporeae
2215 5478 2387 5544 vocis,
2438 5476 2536 5533 sed
2578 5476 2775 5533 mentis
2818 5475 3116 5546 spiritualis
3141 5490 3282 5542 esse,
3337 5490 3485 5546 saepe

1892 5569 2241 5626 monuimus:
2290 5586 2387 5641 per
2413 5567 2572 5640 quem
2594 5568 2724 5639 justi
2753 5583 2784 5624 a
2811 5568 2922 5624 Deo
2948 5567 3319 5624 exaudiuntur
3360 5568 3485 5625 :vel

1890 5663 1982 5720 ille
2015 5664 2266 5733 precibus
2291 5676 2483 5717 eorum
2515 5662 2662 5731 pium
2695 5659 2879 5731 pandit
2911 5660 3177 5716 auditum.

1962 5755 2199 5811 Prteoeni
2236 5756 2289 5810 in
2329 5755 2627 5809 maturitate
2656 5765 2704 5810 et
2741 5752 3007 5809 clamavi:
3054 5754 3177 5822 quia
3225 5752 3281 5807 in
3328 5751 3478 5806 verbo

1893 5848 1982 5906 tuo
2012 5848 2234 5921 sperari.
2272 5846 2463 5904 Vetera
2496 5846 2624 5904 vitia
2650 5846 2908 5920 pudicitia
2934 5845 3164 5916 juvenili
3196 5844 3482 5917 praevenit,
