4008 6336
430 1165 443 1170 _
535 1097 676 1151 diam
703 1107 864 1159 tuam,
886 1106 991 1150 etc.
1032 1092 1425 1148 Incessahiliter
1455 1091 1608 1144 vocis
1650 1087 1948 1159 spiritualis
1980 1088 2137 1142 cmit-

1321 323 1666 379 APPENDIX
1706 323 1795 377 AD
1835 321 2080 379 TOMUM
2121 320 2185 377 Si
2214 319 2473 377 P'I'IMUM
2514 321 2568 375 S.
2617 318 3024 375 IIIERONYMI.

2983 449 3087 489 ειη.

2318 528 2585 595 Principes
2613 529 2867 601 persecuti
2893 537 3010 581 sunt
3037 542 3118 580 me
3152 527 3337 599 gratis,
3359 535 3405 581 et
3440 544 3472 582 a
3497 527 3645 583 verbis
3686 531 3771 587 tuis

2240 623 2539 695 formidavit
2570 637 2658 676 cor
2681 637 2867 675 meum.
2924 619 3233 675 Formidnvi
3294 634 3321 673 a
3351 621 3511 676 verbo
3560 622 3645 677 illo
3688 639 3778 695 quo

2239 713 2312 767 ait
2338 728 2351 765 :
2376 711 2475 781 Qui
2508 726 2594 768 me
2639 711 2921 783 negaverit
2945 727 3128 767 coram
3174 711 3501 780 hominibus,
3528 716 3711 785 negabo
3735 727 3780 774 et

2239 822 2341 877 ego
2366 821 2487 862 eum
2518 805 2876 862 coramPatre
2907 821 3051 873 meo,
3080 808 3170 877 qui
3192 807 3340 862 estin
3354 806 3690 880 etelisﬂlatt.
3718 808 3779 883 x).

2239 900 2363 955 ideo
2395 902 2628 971 perSIitit
2658 897 2815 955 fortis
2844 899 2899 955 in
2923 900 3196 970 passione.

2309 993 2549 1050 Lwtabor
2573 1012 2666 1070 ego
2691 1012 2846 1069 super
2867 994 3072 1067 eloquia
3097 1004 3227 1050 tua:
3249 994 3378 1050 sicut
3400 995 3485 1067 qui
3506 996 3675 1051 invenit
3690 1012 3787 1069 spo-

2240 1089 2312 1144 lia
2343 1089 2525 1143 multa.
2561 1090 2791 1160 Alligato
2838 1089 2983 1155 torti,
3023 1098 3077 1145 et
3103 1089 3244 1144 vasis
3272 1090 3390 1158 ejus
3417 1088 3629 1160 direptis
3657 1089 3783 1162 (Luc.

2241 1180 2340 1251 st),
2374 1181 2529 1236 laator
2554 1181 2605 1236 in
2637 1181 2776 1236 illud
2805 1181 3077 1252 eloquium
3100 1181 3476 1255 evangelicum
3499 1182 3629 1251 quod
3650 1181 3785 1242 dicit:

2240 1273 2373 1327 Cum
2395 1286 2489 1326 vos
2515 1280 2912 1343 persequentur
2937 1282 2990 1327 et
3014 1271 3361 1339 maledicent,
3394 1281 3447 1326 et
3469 1271 3637 1327 dicent
3656 1288 3788 1331 ontne

2243 1367 2440 1421 malum
2471 1367 2760 1422 adversum
2803 1382 2899 1421 vos
2932 1376 3153 1438 propter
3192 1366 3476 1437 jusutiam,
3505 1367 3713 1438 gaudete
3746 1379 3790 1426 et

2242 1462 2512 1517 exsultate
2561 1476 2574 1516 :
2626 1461 2748 1535 quia
2801 1475 3012 1517 merces
3061 1468 3239 1517 vestra
3273 1461 3437 1516 multa
3490 1443 3644 1517 estin
3666 1462 3791 1518 cmlis

2246 1553 2427 1628 (Matt.
2459 1556 2539 1615 vl.

2316 1648 2647 1719 lniquitatem
2677 1650 2796 1704 odio
2825 1649 3007 1717 habui,
3037 1656 3083 1703 et
3111 1650 3440 1703 abominatus
3477 1665 3585 1703 sunt
3612 1665 3630 1705 :
3663 1650 3798 1722 legem

534 328 674 385 12υῆ

533 449 626 518 qui
660 464 758 518 per
780 445 1149 502 maturitatem
1176 442 1377 499 vivacis
1401 441 1591 509 animi,
1616 455 1767 513 spem
1788 454 1939 494 suam
1974 454 2131 493 nutn-
2161 440 2212 499 Α

539 556 702 609 quani
731 557 758 592 a
799 538 979 595 verbis
1009 537 1102 592 Dei
1134 534 1387 592 removit.

608 631 974 687 Prtercnerunt
998 628 1135 681 oculi
1166 627 1267 682 mei
1317 626 1385 679 ad
1410 635 1456 680 te
1492 623 1730 679 diluculo
1765 632 1858 678 :ut
1910 622 2131 678 medita-

537 741 622 781 rer
649 725 852 795 eloquia
883 732 993 776 tua.
1024 720 1140 781 Non
1175 736 1297 774 eum
1322 719 1410 774 lux
1436 727 1746 787 SultOl‘alllm
1777 716 2004 786 reperit,
2037 713 2135 770 sed

534 818 848 890 vigilantem
881 824 1125 877 strenue,
1151 814 1364 868 etcirca
1393 811 1579 867 divina
1600 809 1813 881 eloquia
1847 809 2133 864 oculorum

534 910 902 981 spiritualium
933 908 1236 962 intentione
1262 905 1634 960 meditantem;

618 1005 803 1059 Vocem
828 1020 986 1061 nteant
1008 1002 1222 1064 exaudi,
1258 998 1506 1064 Domine,
1536 996 1819 1052 secundum
1849 997 2139 1051 misericor-

3662 324 3773 381 ιω

537 1194 601 1245 tit
632 1192 913 1261 gemitum,
949 1198 1004 1243 ιιι
1043 1188 1111 1243 ab
1143 1186 1241 1240 hac
1297 1184 1629 1239 mortalitate
1675 1183 1726 1237 in
1756 1183 1920 1236 vitam
1956 1192 2139 1237 trans-

533 1282 748 1342 feratur
778 1295 1058 1338 :Btet‘natn.
1212 1270 1215 1279 ”

611 1379 650 1430 Α
659 1358 1163 1447 νρνορὶηιμιιιινετιιηι
1184 1379 1542 1445 persequentes
1558 1386 1634 1423 me
1657 1369 1950 1451 iniquitati:
1976 1384 2007 1422 a
2028 1368 2138 1440 lege

538 1478 711 1523 autem
741 1478 825 1522 tua
856 1467 1009 1538 longe
1046 1467 1174 1539 {acti
1226 1472 1365 1519 sunt.
1418 1462 1608 1519 Omnis
1646 1462 1793 1516 enim
1830 1461 1921 1531 qui
1954 1461 2138 1531 inique

538 1562 743 1618 sanctis
775 1562 1171 1631 appropinquat
1194 1567 1252 1612 ut
1274 1556 1793 1626 noceat,elongatur
1814 1571 1843 1608 a
1873 1555 1988 1623 lege
2012 1552 2134 1608 Dei.

620 1656 789 1727 Pr0pe
815 1672 868 1708 es
902 1663 976 1721 tu,
1006 1652 1227 1706 Domine
1259 1666 1275 1705 :
1304 1659 1352 1705 et
1385 1651 1558 1704 omnia
1579 1648 1825 1703 mandata
1854 1658 1943 1701 tua
1979 1647 2139 1717 tequi-

548 1764 644 1803 tas.
680 1749 797 1803 Non
830 1749 1031 1801 teneris
1078 1746 1237 1814 locis,
1272 1745 1365 1799 sed
1400 1759 1493 1813 per
1521 1746 1804 1799 veritatem
1847 1741 2137 1797 mandato-

541 1856 664 1894 rum
689 1840 947 1896 cordibus
973 1847 1280 1892 sanctorum
1303 1836 1569 1891 illaberis.
1856 1900 1861 1903 _

619 1934 693 1986 Ab
720 1933 868 1986 initio
901 1930 1113 2001 cognovi
1158 1928 1222 1983 de
1262 1927 1566 1982 testimoniis
1601 1927 1723 1982 tuis.
1765 1927 1849 1982 Alt
1884 1925 2057 1982 Adam
2089 1926 2144 1981 in

542 2026 795 2082 omnibus
832 2023 1153 2094 patriarchis
1188 2035 1251 2077 ac
1291 2021 1592 2092 prophetis.
1632 2019 1767 2086 Quia
1796 2021 1852 2075 in
1894 2030 2144 2075 teternunt

2244 1755 2415 1798 autem
2447 1754 2587 1798 tuam
2611 1743 2797 1798 dilexi.
2831 1743 2966 1798 Dum
2994 1744 3329 1815 iniquitatem
3360 1743 3497 1803 odit.
3523 1753 3573 1799 et
3600 1741 3684 1798 Dei
3706 1743 3799 1813 jus-

2174 1839 2219 1899 B
2251 1838 2420 1891 titiam
2452 1835 2629 1908 diligit
2660 1852 2674 1890 :
2710 1836 2760 1890 in
2796 1835 2988 1904 majori
3020 1850 3078 1891 se
3107 1835 3293 1889 ofﬁcio
3319 1833 3577 1901 extendit,
3606 1833 3796 1907 dicens:

2323 1931 2522 2000 .‘-'epties
2544 1930 2597 1982 in
2621 1927 2703 1982 die
2732 1926 2941 1982 laudent
2973 1927 3082 1982 dixi
3114 1926 3206 1981 tibi
3235 1944 3253 1981 :
3276 1943 3433 1999 super
3452 1925 3649 1997 judicia
3669 1925 3802 1999 justi-

2248 2024 2353 2077 tiaz.
2382 2022 2592 2091 Septies
2626 2024 2791 2077 Deum
2834 2037 2933 2092 per
2956 2020 3102 2077 diem
3136 2020 3318 2077 laudat
3351 2037 3368 2082 ;
3401 2020 3524 2091 quia
3546 2035 3684 2075 mens
3708 2020 3803 2089 eius

544 2117 780 2188 fundasti
809 2131 888 2169 ea.
927 2114 1257 2184 Evangeliis,
1294 2114 1346 2167 in
1369 2112 1567 2183 quibus
1613 2120 1671 2168 et
1698 2127 1794 2166 nos
1824 2112 2030 2168 fundati
2056 2127 2147 2167 su-
2245 2114 2301 2170 in
2351 2115 2510 2183 pleno
2548 2113 2836 2184 splendore
2867 2112 3162 2183 pe-rdurans
3185 2156 3200 2185 ,
3248 2113 3322 2167 ad
3372 2113 3522 2168 illttm
3553 2112 3801 2183 septimum

546 2225 667 2262 mus
692 2202 854 2277 supra
888 2205 1296 2261 fundamentum
1324 2214 1679 2260 memoratum
1716 2222 1728 2259 :
1760 2205 1905 2260 sicut
1940 2204 2147 2262 dixisse
2248 2205 2415 2273 diem,
2463 2205 2513 2261 id
2545 2216 2623 2262 est
2656 2207 3007 2262 sabbatorum
3039 2205 3347 2273 sabbatum,
3391 2206 3481 2277 qui
3524 2218 3601 2261 εει
3627 2204 3804 2276 requies

548 2300 772 2358 Paulum
801 2300 1104 2371 apostolum
1136 2313 1284 2367 stepe
1315 2298 1677 2353 meminimus.

1289 2408 1406 2448 RES.

2194 2298 2203 2305 “
2250 2309 2450 2355 interna
2473 2344 2488 2367 ,
2522 2299 2762 2355 festinat.

2324 2392 2443 2448 Pax
2466 2394 2629 2448 multa
2645 2392 2977 2464 diligentibus
3010 2392 3171 2465 legem
3197 2370 3363 2455 tuam.
3390 2391 3605 2447 Domine
3626 2410 3644 2447 :
3667 2402 3708 2447 et
3725 2409 3805 2447 non

629 2488 760 2543 Vide
787 2486 1128 2542 humilitatem
1178 2502 1346 2542 meam
1387 2496 1433 2539 et
1474 2486 1615 2558 eripe
1660 2501 1737 2539 me
1766 2502 1784 2539 :
1832 2485 1958 2555 quia
1985 2482 2147 2557 legem
2249 2498 2323 2542 est
2349 2487 2455 2542 illis
2481 2486 2807 2541 scandalum.
2836 2485 2939 2555 Qui
2973 2486 3141 2541 Deum
3165 2493 3328 2551 amat,
3367 2500 3553 2556 pacem
3584 2499 3695 2540 cum
3724 2482 3808 2539 lno

478 2630 491 2637 .
543 2591 684 2638 tuam
715 2598 816 2637 non
865 2599 975 2636 sum
1024 2580 1227 2635 oblitus.
1261 2578 1379 2633 Tibi
1414 2577 1688 2644 humilior,
1719 2593 1748 2633 a
1797 2586 1850 2633 te
1877 2575 2012 2645 eripi
2062 2591 2151 2633 me
2252 2579 2425 2635 trilms
2454 2592 2677 2634 necesse
2706 2584 2825 2645 est,
2856 2577 3069 2633 habeat.
3104 2576 3239 2633 Nam
3273 2577 3443 2634 Deum
3491 2576 3622 2632 falso
3660 2590 3808 2631 amore

551 2677 840 2745 deprecor.
898 2685 955 2729 ut
994 2675 1233 2729 exalter:
1287 2674 1412 2744 quia
1467 2686 1678 2726 tnetnor
1704 2685 1825 2729 sum
1859 2670 1995 2741 legis
2043 2679 2148 2725 tua:
2252 2672 2447 2742 diligit,
2477 2671 2565 2742 qui
2592 2669 2988 2725 scandalizatur
3014 2670 3067 2725 in
3101 2669 3287 2724 fratre.

551 2785 657 2839 qua
672 2769 853 2822 dixisti
875 2766 1079 2834 :Quise
1096 2761 1982 2833 ltumiliaverit,exaltabitnr(Luc.
2000 2760 2143 2832 xw).
2326 2764 2701 2839 Exspectabam
2728 2764 2956 2818 salutare
2971 2775 3137 2834 tuum,
3163 2762 3410 2827 Domine,
3428 2774 3476 2817 et
3504 2764 3809 2819 mandamus

623 2862 812 2917 Indica
828 2862 1091 2935 judicium
1115 2876 1302 2916 meum.
1331 2868 1380 2913 et
1414 2858 1605 2913 redime
1626 2873 1707 2913 me
1740 2875 1759 2912 :
1790 2867 2000 2927 prapter
2042 2855 2150 2910 elo-
2253 2860 2373 2928 feci.
2410 2857 2592 2913 lesum
2620 2857 2909 2911 Dominum
2939 2856 3181 2910 omnium
3210 2857 3456 2912 salutare
3489 2865 3810 2925 exspectans:

548 2958 730 3031 quium
760 2966 903 3011 tuum
931 2955 1131 3025 vici/ica
1152 2970 1252 3008 me.
1296 2952 1535 3009 iudicavi
1567 2968 1655 3008 me
1683 2967 1784 3017 ego
1819 2951 1950 3006 nihil
1980 2950 2147 3015 scire,
2253 2968 2313 3007 ea
2340 2968 2462 3022 qua:
2485 2954 2535 3005 in
2572 2951 2716 3019 Lege
2744 2962 2795 3004 et
2825 2950 3102 3020 prophetis
3132 2948 3383 3003 mandata
3413 2948 3639 3011 fuerant,
3669 2947 3771 3003 leti.

553 3050 657 3103 nisi
700 3048 885 3103 Jesum
915 3044 1211 3112 Christum,
1260 3046 1347 3117 qui
1392 3045 1457 3099 ad
1491 3044 1922 3111 redemptionem
1956 3041 2149 3097 mundi
2326 3044 2613 3099 Custodivit
2639 3045 2815 3097 anima
2845 3059 2957 3097 mea
3002 3042 3294 3096 testimonia
3325 3052 3441 3109 tua,
3487 3053 3532 3097 et
3576 3042 3734 3097 dilexit
3769 3056 3813 3097 tl

550 3142 740 3196 venire
772 3142 1075 3209 promissos
1107 3148 1208 3192 est.
1245 3137 1401 3193 Juxta
1439 3153 1568 3208 ergo
1612 3142 1713 3193 hoc
1748 3136 2011 3208 judicium
2043 3149 2149 3206 ego
2254 3139 2594 3193 vehementer.
2635 3135 2769 3192 Cum
2815 3137 3141 3193 strenuitate
3186 3136 3455 3191 cuSIodite
3495 3136 3710 3191 validam
3745 3135 3811 3190 di-

552 3247 582 3286 a
615 3243 669 3287 te
697 3231 942 3286 vit‘iiicer
971 3231 1022 3285 in
1053 3231 1284 3301 elitquiis
1308 3231 1437 3283 tuis.
2180 3232 2226 3297 ρ
2258 3229 2544 3287 lectionem
2569 3230 2840 3300 apposuit.

628 3324 804 3398 Longe
830 3332 903 3378 est
931 3340 964 3377 a
990 3323 1341 3393 peccatoribus
1368 3323 1512 3376 salus
1540 3338 1558 3374 :
1589 3323 1709 3390 quia
1745 3320 2150 3392 justiﬁcationes
2326 3322 2540 3379 Servavi
2572 3333 2826 3393 pra’cepta
2870 3330 2959 3376 tua
3004 3331 3051 3375 et
3092 3322 3387 3376 testimonia
3416 3331 3511 3376 tua
3538 3337 3555 3374 :
3584 3321 3695 3393 quia
3726 3335 3815 3373 on-

554 3428 673 3471 tnas
712 3433 816 3470 non
866 3415 1243 3485 exquisierunt.
1291 3414 1450 3470 Salus
1483 3425 1693 3477 nostra,
1742 3413 1997 3467 Christus
2038 3421 2145 3478 est,
2254 3432 2343 3471 nes
2373 3417 2469 3470 via:
2492 3430 2617 3469 mea
2646 3429 2821 3468 coram
2850 3424 2916 3477 te,
2953 3411 3193 3468 Domine.
3229 3414 3427 3470 Servat
3474 3426 3722 3484 praecepta
3756 3419 3818 3465 tc-

553 3510 706 3579 quia
738 3506 1136 3579 negligentibus
1174 3506 1380 3562 ludatis
1428 3507 1718 3575 elongatnr
1752 3524 1763 3558 :
1793 3520 1859 3559 eu
1901 3503 2044 3573 quod
2096 3505 2150 3559 in
2255 3510 2634 3579 stimuuiaqne,
2680 3510 2770 3577 qui
2802 3510 2914 3563 vias
2949 3509 3042 3565 Dei
3074 3509 3310 3565 incedit:
3346 3524 3454 3564 nec
3484 3508 3751 3579 quidquam
3776 3505 3816 3559 in

550 3599 1031 3671 juuilicationibus
1057 3597 1192 3667 legis
1218 3614 1325 3652 non
1357 3596 1667 3668 intelligunt
1694 3594 2007 3666 figuratum.
2255 3612 2400 3669 actu,
2431 3601 2601 3667 dictu,
2633 3602 2716 3656 vel
2762 3602 3001 3672 cogitatu
3030 3602 3161 3673 agit,
3202 3602 3348 3673 quod
3377 3600 3584 3657 divinae
3611 3608 3813 3655 euntem-

636 3694 994 3748 Miserationes
1045 3702 1148 3747 tute
1179 3689 1359 3745 multa:
1401 3698 1542 3754 sunt,
1598 3689 1840 3744 Domine.
1899 3687 2033 3757 Quia
2083 3687 2153 3744 de
2256 3694 2481 3765 plationi
2512 3694 3099 3765 habeaturindigumn.

554 3788 743 3845 multis
801 3786 1056 3858 periculis
1100 3794 1316 3841 eruunt.
1368 3784 1671 3841 Secundum
1690 3785 1957 3855 judicium
2006 3794 2153 3837 tuum
2990 3803 3115 3843 τω,

552 3881 757 3952 sivi/ica
786 3897 883 3934 me.
916 3879 992 3935 Ne
1022 3879 1329 3934 inveniatur
1356 3878 1408 3931 in
1440 3892 1525 3932 me
1551 3875 1695 3947 quod
1717 3875 1982 3945 judicium
2007 3888 2154 3930 mor-
2328 3883 2714 3955 Appropinquet
2745 3882 2914 3936 oratio
2931 3898 3044 3937 mea
3072 3883 3127 3936 in
3157 3892 3435 3951 conspectu
3463 3890 3575 3949 suo,
3601 3879 3819 3943 Domine;

556 3974 630 4029 tis
652 3975 922 4029 absumat.
2255 3974 2537 4030 secundum
2566 3973 2825 4041 eloquium
2856 3984 3000 4027 tuum
3039 3973 3110 4027 da
3138 3973 3264 4027 milii
3295 3974 3637 4028 intellectam.
3668 3970 3822 4025 Proxi-

636 4067 792 4123 Multi
823 4073 1196 4136 persequuntur
1241 4078 1319 4117 me
1343 4071 1391 4118 et
1413 4063 1663 4117 tribulam
1693 4076 1775 4115 me
1812 4076 1828 4113 :
1856 4077 1890 4114 a
1922 4060 2153 4115 testinto-
2259 4084 2401 4125 mam
2447 4067 2542 4123 tibi
2574 4068 2689 4124 ﬁeri
2716 4067 3019 4122 orationem
3077 4081 3251 4121 meam
3283 4065 3579 4135 deprecor,
3612 4064 3818 4124 Domine,

556 4164 660 4218 niis
702 4162 807 4215 tuis
857 4173 962 4213 non
1016 4158 1293 4212 declinavi.
1327 4156 1568 4213 Stevlant
1607 4153 1753 4211 odiis
1791 4172 1805 4208 :
1838 4154 2158 4225 impugnent
2261 4173 2318 4220 ιη
2362 4179 2390 4217 ιι
2437 4173 2492 4220 ιε
2523 4162 2858 4219 intellectum
2891 4160 3132 4233 capiens,
3189 4159 3320 4216 nihil
3369 4161 3519 4216 aliud
3573 4160 3668 4215 niti
3706 4154 3822 4229 quod

556 4254 772 4323 injuriis
804 4270 819 4307 :
848 4266 949 4323 ego
974 4266 1003 4303 a
1038 4249 1369 4305 testimoniis
1399 4250 1508 4305 tuis
1528 4251 1735 4320 erigor,
1761 4262 1871 4303 non
1897 4248 2151 4303 inclinor.
2259 4266 2477 4327 oportet
2502 4270 2749 4313 exorem.
3760 4305 3764 4310 ,

641 4346 761 4401 Vidi
785 4363 887 4401 non
930 4352 1193 4399 servantes
1247 4352 1485 4412 pactum,
1532 4352 1579 4398 et
1625 4343 1946 4399 tabescebat):
1986 4344 2158 4415 :quia
2331 4347 2567 4404 Introeat
2598 4347 2884 4417 postulatio
2922 4362 3035 4403 mea
3060 4347 3115 4402 in
3140 4357 3416 4415 canspectu
3451 4358 3561 4416 tuo,
3595 4344 3821 4401 Domine:

559 4439 768 4510 eloquia
800 4447 889 4492 tua
916 4452 1019 4491 non
1046 4435 1423 4491 custodiebant.
1449 4433 1672 4491 Pactum
1698 4434 1798 4490 fuit
1821 4434 2007 4491 lsraeli
2030 4450 2154 4490 cum
2258 4442 2543 4497 secundum
2581 4442 2839 4510 eloquium
2867 4449 3013 4494 tuum
3041 4442 3177 4514 eripe
3206 4457 3305 4495 nte.
3335 4440 3403 4498 Ut
3428 4454 3552 4497 eam
3582 4456 3676 4512 per
3715 4436 3825 4493 otio-

558 4532 694 4595 Deo,
738 4531 881 4600 quod
913 4531 1049 4586 dixit
1095 4530 1163 4584 ad
1207 4531 1429 4601 Moysen
1477 4545 1494 4584 t
1544 4530 1740 4585 Omnia
1793 4544 2158 4601 quaecumque
2262 4551 2376 4592 rem
2408 4537 2458 4589 in
2493 4543 2656 4590 nocte
2684 4534 2844 4604 hujus
2871 4532 3002 4589 vitae
3021 4533 3311 4605 dignanter
3330 4547 3636 4598 assumens,
3659 4532 3723 4585 ab
3747 4530 3826 4583 hac

555 4626 763 4681 dixerit
816 4623 1101 4689 Dominus,
1157 4622 1423 4678 faeiemus
1457 4621 1655 4693 (Εκοάο
1711 4625 1886 4691 ιιιν)-
1945 4622 2051 4679 Sed
2100 4631 2157 4679 et
2184 4628 2613 4698 Deorruptione
2640 4626 3100 4698 concupiscentia:
3128 4627 3363 4682 carnalis
3393 4628 3677 4698 eripiatur.

555 4731 702 4773 nunc
733 4730 831 4770 nos
862 4715 1254 4785 paciscimurin
1285 4714 1577 4785 baptismo,
1611 4721 1674 4768 ut
1710 4714 2157 4771 abreuuntiemus
2337 4721 2656 4775 Eractabunt
2706 4720 2845 4776 labia
2886 4734 2997 4775 mea
3026 4718 3273 4793 hymnum
3305 4733 3325 4772 :
3355 4736 3473 4774 cum
3513 4716 3738 4773 docueris
3765 4728 3829 4769 ste

553 4809 775 4865 diabolo
803 4815 859 4864 et
883 4807 1142 4879 operibus
1170 4807 1308 4878 ejus.
1348 4808 1452 4863 Pro
1481 4808 1982 4880 transgressorihus
2025 4824 2158 4880 ergo
2252 4816 2657 4889 justiﬁeationes
2683 4822 2817 4870 tuas.
2846 4813 2904 4871 Si
2943 4829 3039 4886 per
3068 4827 3256 4884 puram
3288 4813 3682 4868 conscientiam
3707 4821 3829 4862 resc-

554 4904 720 4974 hujus
744 4903 884 4973 pacti
930 4900 1190 4973 propheta
1223 4902 1467 4959 tabescit.
1495 4903 1563 4957 Et
1583 4902 1782 4957 Paulus
1803 4902 2153 4974 quidicebat:
2261 4921 2377 4966 rata
2407 4909 2611 4966 fuerint
2640 4923 2672 4964 a
2700 4919 2753 4965 te
2780 4909 2920 4965 labia
2950 4923 3094 4977 mea,
3128 4916 3255 4963 tunc
3280 4910 3504 4980 dignum
3536 4900 3830 4962 laudationis

552 4998 689 5067 Quis
720 4997 913 5060 uritur,
940 5007 999 5052 et
1026 5011 1128 5067 ego
1158 5012 1264 5051 non
1293 5011 1423 5051 uror
1444 4996 1515 5069 (ll
1541 4996 1664 5052 Cor.
1693 4995 1816 5069 xl)?
2264 5003 2538 5074 proteram
2584 5002 2845 5074 hymnum
2881 5020 2892 5054 :
2936 5017 3097 5074 quem
3143 5014 3174 5056 a
3227 5000 3331 5057 tuis
3371 4994 3831 5070 iustiﬁcationibas

639 5090 768 5145 Vide
785 5092 909 5162 quia
926 5089 1175 5144 mandata
1203 5099 1292 5143 tua
1319 5088 1501 5156 dilexi,
1543 5087 1766 5144 Domine
1791 5106 1808 5143 :
1839 5091 1894 5144 in
1939 5099 2027 5143 tua
2056 5090 2157 5145 mi-
2263 5095 2501 5152 imbutus
2526 5099 2779 5152 edoceor.

557 5184 844 5240 sericas-dia
869 5182 1069 5253 visi/los
1087 5198 1188 5238 me.
1221 5181 1416 5238 Dilexit
1445 5196 1508 5239 ea
1530 5200 1542 5235 :
1568 5197 1673 5238 non
1701 5198 1798 5254 per
1814 5193 2039 5248 metum,
2058 5183 2155 5239 sed
2334 5188 2703 5245 Pronuntiablt
2731 5190 2910 5262 lingua
2939 5206 3053 5244 mea
3082 5188 3289 5261 eloquia
3312 5198 3423 5255 tua,
3463 5188 3590 5258 quia
3614 5181 3832 5243 mandata

553 5290 655 5348 per
671 5275 829 5332 bona
844 5276 1140 5333 voluntatis
1161 5274 1439 5332 allectum.
1463 5275 1593 5341 Ideo
1614 5291 1681 5333 se
1704 5277 1759 5333 in
1782 5275 1867 5333 his
1889 5278 2135 5333 vivitlear

2261 5294 2351 5339 tua
2376 5283 2608 5354 aequitas.
2643 5282 2784 5338 Nihil
2814 5291 2900 5337 est
2917 5280 3063 5337 aliud
3093 5282 3148 5337 in
3178 5281 3411 5351 eloquiis
3441 5280 3571 5345 tuis,
3607 5277 3829 5342 Domine,

551 5368 822 5439 deposcit.
1864 5442 1875 5449 α
2261 5378 2365 5433 nisi
2393 5392 2514 5448 pax,
2548 5378 2649 5431 nisi
2682 5376 2932 5446 aquitas,
2968 5375 3071 5430 nisi
3102 5374 3235 5431 vita.
3268 5373 3384 5429 Hoc
3419 5372 3590 5428 corde
3615 5368 3831 5431 credam,

627 5460 950 5533 Principium
966 5460 1238 5516 verborum
1262 5470 1469 5516 tuorum
1491 5459 1776 5518 ueritasJJt
1800 5476 1972 5518 novus
1993 5461 2158 5517 homo
2262 5468 2367 5547 hoc
2398 5469 2557 5524 labiis
2582 5469 2826 5539 eloquar,
2859 5468 2961 5522 hoc
2984 5466 3160 5539 lingua
3194 5466 3560 5536 pronuntiem.

548 5562 774 5611 renatus
803 5557 857 5609 in
885 5553 1104 5609 Christe
1128 5554 1292 5608 vivat.
1329 5552 1472 5619 Etin
1492 5555 1931 5609 mternuatomnia
1944 5554 2154 5628 judicia
2300 5551 2315 5567 '
2333 5561 2459 5618 Fiat
2503 5579 2689 5617 manu.
2717 5572 2826 5629 tua,
2858 5571 2914 5617 ut
2961 5562 3123 5617 σοιυεσ
3159 5576 3238 5616 me
3269 5576 3287 5616 ε
3312 5562 3559 5634 quoniam
3607 5554 3833 5611 meum

541 5650 771 5720 justitiae
798 5658 918 5704 tua.
941 5646 1011 5705 Ut
1029 5648 1289 5718 deinceps
1312 5662 1650 5720 cognoscens
1676 5664 1736 5706 se
1765 5651 1831 5705 ad
1861 5653 2152 5723 imaginem
2258 5666 2348 5710 tuo
2367 5655 2518 5726 elegi.
2545 5652 2677 5709 Cum
2705 5654 2836 5708 dicit
2868 5651 3028 5707 :Fiat
3052 5661 3369 5719 momina,
3398 5651 3651 5722 designat
3672 5644 3832 5702 Domi-

488 5748 493 5755 '
546 5738 1067 5811 simitltudinemque
1096 5740 1194 5797 Del
1220 5751 1484 5810 creatum,
1517 5744 1653 5799 nihil
1681 5742 1904 5815 indiciis
1929 5756 1993 5799 ac
2028 5743 2142 5813 jus.
2254 5730 2383 5802 num
2415 5746 2777 5811 Salvatorem,
2807 5746 2899 5817 qui
2943 5744 3124 5801 factus
3154 5754 3236 5801 est
3268 5745 3317 5801 ei
3342 5759 3406 5801 es
3438 5743 3649 5800 semine
3676 5736 3828 5797 David

546 5832 684 5890 titiis
710 5834 829 5904 ejus
852 5842 1003 5906 gent
1042 5832 1348 5905 indignum.

2248 5839 2550 5897 secundum
2578 5850 2823 5907 carnem,
2851 5851 2949 5910 per
2975 5849 3140 5909 quem
3166 5835 3312 5896 iacta
3332 5842 3464 5895 sunt
3484 5834 3761 5907 universa,
3782 5838 3827 5887 et
