4008 6336
201 334 334 393 1203

196 454 470 518 reguntur.
508 446 727 502 Manum
759 445 847 502 hic
876 445 1138 502 debemus
1177 448 1462 502 dexteram
1517 448 1781 519 accipere.
1817 451 1858 507 Α

196 540 432 597 Postulat
461 550 643 596 autem
664 540 853 597 venire
881 540 1247 608 Salvatorem,
1281 555 1380 611 per
1408 555 1568 611 quem
1602 556 1663 595 se
1692 556 1791 596 no-

196 643 345 690 verat
387 634 731 689 salvandum.
764 633 918 702 Quod
945 640 1124 687 alitem
1154 632 1286 688 dicit
1315 650 1329 688 :
1357 634 1489 704 elegi
1518 634 1783 702 mandata,

194 732 369 787 omnia
419 745 481 787 se
525 731 766 801 pericula
819 743 1004 784 amore
1029 727 1245 784 Domini
1296 727 1670 798 postposuisse
1710 735 1792 783 te-

194 832 387 880 statur.

190 960 195 967 ,
260 915 546 989 Concupivi
571 915 801 971 salutare
831 924 998 983 tuum,
1026 912 1250 971 Domine
1270 957 1284 980 ,
1316 924 1363 969 et
1393 915 1480 970 lea:
1507 925 1599 969 tua
1621 913 1790 969 medi-

192 1015 316 1067 tatio
352 1027 467 1066 mea
494 1019 592 1066 est.
621 1011 799 1082 Ipsum
830 1011 1016 1066 videre
1060 1010 1502 1082 concupiveram,
1529 1023 1689 1080 quem
1721 1007 1789 1063 de

192 1114 346 1161 utero
373 1104 627 1176 virginali
657 1106 765 1160 illis
783 1103 959 1160 adhuc
984 1104 1324 1174 temporibus
1345 1103 1637 1158 credebam
1668 1116 1789 1158 esse

191 1206 500 1254 venturum.
523 1199 590 1253 Et
611 1206 671 1253 ut
693 1198 795 1254 sibi
827 1197 963 1252 hanc
989 1195 1271 1253 scientiam
1294 1196 1362 1252 de
1388 1194 1687 1265 Scripturis
1706 1195 1787 1250 di-

188 1292 328 1347 vinis
377 1292 695 1361 provenisse
746 1299 1093 1353 monstraret,
1124 1290 1414 1361 sequitur:
1453 1288 1517 1343 Et
1566 1288 1652 1343 lex
1696 1298 1787 1343 tua

185 1387 454 1442 meditatio
509 1403 623 1441 mea
651 1395 747 1441 est.
801 1385 857 1441 In
915 1385 1196 1456 prophetis
1227 1386 1370 1441 enim
1401 1384 1787 1455 concupiverat

186 1479 462 1536 Christum
493 1481 776 1536 Dominum
808 1478 1147 1535 nasciturum
1181 1497 1194 1533 :
1219 1479 1286 1535 de
1315 1495 1422 1551 quo
1447 1478 1559 1535 Lex
1584 1492 1640 1538 et
1661 1499 1787 1554 pro-

185 1574 366 1646 phetae
394 1574 779 1644 loquebantur.
1046 1574 1053 1583 “

264 1666 410 1721 Vivet
435 1668 613 1721 anima
653 1683 785 1735 mea,
820 1675 868 1721 et
899 1667 1131 1723 laudabit
1160 1678 1228 1736 te,
1253 1680 1303 1725 et
1317 1669 1527 1745 judicia
1556 1679 1645 1725 tua
1683 1671 1782 1725 ad-

175 1763 434 1833 iuvabunt
466 1776 569 1815 me.
600 1759 869 1831 Absorptu
901 1769 1132 1817 terrena:
1162 1764 1525 1833 corruptionis
1556 1762 1785 1818 inﬁrmi-

1107 330 1538 417 ansvitmun
1579 335 1646 393 tu
1688 332 2024 392 PSALMOS.
2071 331 2318 389 rsum.
2359 328 2522 387 cxx.

3313 407 3316 411 ,
3352 329 3490 389 tace

1964 445 2184 519 Sagittte
2237 448 2458 514 potentis
2512 456 2682 503 acutae
2729 464 2847 501 cum
2882 446 3189 503 carbonibus
3233 445 3492 503 desolato-

1890 539 2004 592 rt'is.
2037 536 2143 592 Pro
2188 537 2513 591 tlesolatoriis
2544 540 2851 593 carbonibus
2897 540 2947 593 in
2983 538 3212 595 llebraeo
3239 540 3489 616 ἀρχιυθίυ

1889 650 1994 694 νοις
2021 630 2205 686 habet.
2240 630 2610 686 Desolatorem
2644 642 2771 700 puto
2801 641 2857 687 et
2886 632 2940 687 in
2967 631 3104 688 Isaia
3139 645 3266 688 esse
3287 631 3484 689 carbo-

1890 737 2040 789 nem,
2068 723 2159 793 qui
2188 722 2255 777 ad
2284 722 2418 777 labia
2446 722 2565 794 ejus
2605 723 2848 780 defertur
2876 724 3031 797 (lsai.
3065 722 3164 795 vi),
3201 733 3258 781 ut
3291 732 3487 795 purget

1889 813 2016 868 vitia
2058 828 2179 884 qua:
2227 813 2526 884 loquendo,
2557 815 2674 871 sive
2720 815 2922 884 optima
2970 829 3197 886 quaeque
3225 815 3483 884 tacendo,

1889 915 2257 963 contraxerat.
2290 907 2356 963 Et
2386 906 2473 964 hic
2499 908 2686 979 itaque
2715 911 3008 966 carbonem
3035 910 3265 967 similem
3291 909 3490 980 depre-

1889 1008 2045 1056 catur
2075 1018 2086 1053 :
2111 1008 2170 1055 ut
2214 999 2373 1056 detur
2402 1003 2451 1056 ei
2480 1000 2646 1057 carbo
2674 1001 2743 1057 de
2770 1002 2969 1059 altario
2995 1002 3114 1068 Dei,
3164 1003 3335 1073 quiin
3363 1002 3485 1071 ejus

1889 1089 2070 1159 labiis,
2105 1102 2445 1160 peccatorum
2466 1092 2816 1151 solitudinem
2840 1094 3028 1162 iaciat,
3062 1094 3114 1155 id
3137 1104 3255 1163 est,
3278 1110 3307 1149 a
3339 1097 3486 1155 vitiis

1888 1200 2012 1243 eum
2043 1195 2261 1254 prastat
2284 1186 2541 1246 alienum.

1960 1277 2082 1333 Heu
2106 1279 2255 1349 mihi,
2278 1281 2400 1351 quia
2426 1281 2679 1340 iacolotns
2705 1299 2846 1340 meus
2868 1282 3205 1355 prolongatus
3236 1293 3331 1343 est.
3374 1282 3481 1339 Cu-

1882 1371 1973 1442 jus
1991 1375 2338 1431 conversatio
2365 1374 2419 1431 iu
2450 1376 2601 1433 cmlis
2624 1386 2729 1444 est,
2758 1376 3133 1447 peregrinatur
3152 1375 3205 1433 in
3232 1377 3335 1433 hoc
3361 1390 3486 1435 cor-

1887 1480 2040 1537 pore,
2073 1475 2126 1520 et
2149 1466 2263 1521 haec
2285 1468 2643 1538 peregrinatio
2664 1468 2819 1538 longa
2842 1468 2891 1523 ei
2917 1468 3154 1538 videtur,
3188 1469 3311 1536 quia
3331 1467 3476 1539 quod

1886 1560 2124 1630 suscepit
2148 1575 2243 1630 per
2269 1575 2442 1631 spem,
2472 1578 2579 1619 non
2601 1562 2994 1633 contemplatur
3018 1564 3071 1617 in
3100 1564 3302 1632 specie.
3328 1562 3481 1618 Ideo-

1886 1670 1994 1727 que
2023 1655 2176 1726 quasi
2199 1655 2431 1710 triticum
2460 1655 2602 1711 inter
2625 1655 2809 1725 paleas
2835 1670 3057 1731 gemens
3082 1656 3157 1709 ait
3190 1673 3204 1713 :
3244 1654 3482 1710 Habitari

1887 1767 2003 1805 cum
2025 1750 2366 1805 habitantibus
2392 1748 2580 1805 Cedar.
2597 1748 2773 1807 Cedar
2797 1751 3014 1803 tenebrae
3032 1748 3479 1822 interpretantur.

183 1864 317 1922 iam,
343 1856 529 1912 vivere
558 1869 616 1910 se
651 1854 940 1910 conﬁtetur
972 1854 1104 1923 Deo,
1148 1871 1244 1927 per
1284 1856 1611 1928 adjumrium
1637 1855 1773 1927 μιαί.
1808 1849 1856 1911 Β
1886 1842 2101 1898 Habitat
2121 1857 2249 1912 ergo
2280 1843 2381 1897 iste
2406 1857 2531 1897 cum
2557 1841 2924 1901 habitantibus
2950 1841 3225 1907 tenebras,
3247 1841 3343 1899 sed
3374 1856 3479 1898 non

182 1948 395 2005 ciorum
426 1947 566 2018 ejus.

253 2040 442 2095 Επαυὶ
463 2041 594 2095 sicut
613 2041 720 2096 ouis
737 2057 855 2113 qua:
887 2042 1130 2114 perierat,
1155 2042 1355 2112 require
1386 2057 1587 2097 servum
1611 2050 1777 2109 tuum,

178 2135 303 2206 quia
333 2134 578 2188 mandata
608 2142 696 2187 tua
718 2150 824 2187 non
850 2150 963 2188 sum
983 2134 1190 2189 oblitus.
1217 2133 1431 2203 Fuisse,
1462 2141 1517 2205 et
1534 2136 1643 2204 jam
1671 2148 1778 2189 non

177 2238 325 2290 esse,
355 2239 511 2280 ovem
542 2222 907 2278 errabundum
952 2222 1121 2280 dicit:
1148 2224 1413 2294 reportari
1441 2237 1501 2278 se
1541 2222 1779 2293 pastoris

176 2318 426 2375 humeris
470 2317 790 2389 deprecatur
822 2334 832 2369 ι
869 2326 926 2370 ut
958 2330 1102 2371 nunc
1130 2317 1336 2387 angelis
1365 2315 1434 2371 de
1461 2330 1559 2372 sua
1591 2316 1778 2370 inven-

174 2414 326 2469 tione
377 2410 570 2483 gaudia
626 2410 951 2471 tribuantur.
994 2410 1255 2471 Dominus
1289 2419 1484 2463 'autcm
1537 2422 1643 2462 non
1693 2416 1778 2463 est

173 2506 403 2572 missus,
434 2502 541 2561 nisi
568 2503 635 2563 ad
684 2518 814 2560 oves
861 2518 979 2573 qua:
1032 2503 1311 2573 perierunt
1364 2500 1559 2559 domus
1610 2500 1775 2561 Israel

169 2596 360 2669 (Matt.
390 2596 505 2665 xv).
536 2594 710 2661 Quem
747 2595 1020 2665 supplices
1046 2594 1424 2665 deprecamur.
1456 2605 1513 2651 ut
1541 2593 1774 2662 judicio-

168 2705 290 2745 rum
314 2690 435 2756 ejus
456 2687 711 2755 factores,
742 2688 1116 2742 mandatorum
1141 2685 1414 2752 custodes,
1440 2684 1773 2740 testimonio-

167 2799 402 2853 rumque
418 2790 751 2838 scrutatores
773 2779 974 2850 effecti,
1010 2791 1223 2852 reperta
1250 2781 1456 2855 perdita
1482 2796 1588 2837 ove
1615 2778 1766 2853 (Luc.

165 2876 283 2948 xv),
317 2875 583 2931 industria
605 2875 821 2947 benigni
850 2875 1082 2946 pastoris
1107 2875 1353 2930 restituta
1385 2874 1769 2930 Ecclesiastico

163 2970 301 3027 ovili
328 3012 341 3031 ,
384 2968 555 3024 sacris
583 2968 703 3039 ejus
735 2968 976 3027 humeris
1006 2971 1291 3040 reportati,
1319 2979 1633 3023 sanctorum
1665 2981 1766 3022 an-

162 3065 424 3138 gelorum
455 3078 761 3135 mereamur
801 3063 1088 3119 consortiis
1140 3062 1361 3133 gloriari
1398 3080 1411 3117 :
1443 3060 1545 3132 ipsi
1594 3062 1766 3133 gloria

161 3172 288 3215 cum
331 3167 543 3213 aeterno
572 3157 731 3212 Patre
778 3167 832 3213 et
861 3156 1062 3227 Spiritu
1095 3164 1286 3211 sancto
1331 3155 1384 3211 in
1431 3163 1623 3210 cuncta
1665 3170 1768 3211 saa-

161 3253 286 3308 cula
316 3250 668 3307 saeculorum.
702 3251 892 3306 Amen.

691 3383 1014 3443 PSALMUS
1050 3381 1242 3441 CXIX.

160 3504 434 3576 Canticum
461 3501 741 3576 graduum.
771 3497 1088 3576 Quindecim
1116 3497 1382 3567 graduum
1416 3495 1617 3576 Psalmi
1671 3509 1767 3576 per

232 3568 501 3651 quosdam
529 3568 849 3651 provectus
873 3585 971 3627 nos
999 3569 1066 3651 ad
1099 3582 1364 3651 summam
1414 3568 1720 3651 perducunt
1748 3583 1762 3622 :

210 3638 293 3713 ut
344 3646 400 3702 in
440 3638 590 3700 atriis
627 3642 838 3699 Domini
882 3643 1150 3713 pessimus
1176 3640 1357 3713 dicere
1402 3656 1431 3713 ελ
1451 3638 1590 3713 Ecce
1612 3652 1765 3713 nunc

229 3718 544 3775 benediclte
601 3709 918 3780 Dominum,
967 3726 1156 3766 omnes
1211 3711 1371 3780 servi
1410 3710 1659 3773 Domini,
1710 3709 1764 3764 in

230 3792 392 3847 atriis
416 3790 613 3844 domus
644 3786 742 3840 Dei
768 3789 882 3855 ejus
906 3779 909 3780 ⁷
935 3782 1112 3854 (Psal.
1160 3779 1407 3851 nsunt).
1463 3781 1530 3839 Et
1578 3784 1702 3850 quia
1735 3798 1764 3841 a

232 3862 509 3939 plerisque
537 3858 811 3939 super-itis
840 3858 1451 3939 latissimedisiiutatum
1484 3867 1601 3911 est:
1632 3856 1764 3909 stul-

230 3925 350 3990 ium
379 3925 465 3994 est
493 3925 867 4002 pariadicere
898 3925 1036 3983 velle
1068 3941 1167 3997 pro
1199 3929 1427 3996 magnis.

229 4095 315 4149 Ad
348 4090 636 4147 Dominum
662 4108 779 4146 cum
807 4090 1088 4147 tribularer
1128 4091 1369 4157 clamavi,
1417 4099 1464 4145 et
1504 4090 1768 4144 exaudiuit

152 4204 260 4242 me.
299 4185 440 4241 Tres
470 4185 633 4242 resin
667 4199 776 4239 uno
797 4184 1069 4241 versiculo
1099 4186 1362 4241 velociter
1387 4184 1763 4255 explicantur:

153 4280 445 4353 angustia,
478 4293 688 4349 preces,
722 4278 1004 4334 exauditio
1039 4296 1050 4331 :
1081 4283 1208 4350 quia
1250 4294 1411 4333 nemo
1454 4277 1762 4345 tribulatnr,

153 4374 262 4431 nisi
301 4372 398 4444 qui
419 4372 600 4428 vivere
634 4372 686 4426 in
709 4370 930 4427 Christo
950 4372 1035 4441 ple
1062 4370 1354 4426 desiderat.
1374 4369 1600 4439 Oportet
1632 4383 1766 4438 ergo

153 4478 216 4527 ut
268 4484 385 4524 non
415 4481 607 4523 vocum
655 4466 912 4534 elatione,
945 4465 1041 4523 sed
1079 4467 1259 4521 cordis
1308 4465 1611 4521 humilitate
1640 4478 1770 4535 pro-

154 4563 467 4621 clamemus
494 4563 561 4618 ad
589 4562 901 4627 Dominum,
935 4561 979 4616 si
1010 4562 1259 4632 cupimus
1288 4560 1559 4616 exaudiri.

1890 1934 2211 1989 obscuratur
2237 1948 2268 1988 a
2301 1934 2541 1990 tenebris
2580 1951 2594 1987 :
2627 1934 2769 1989 sicut
2797 1932 2890 1988 lux
2940 1933 3085 1988 lucet
3129 1933 3182 1987 in
3216 1932 3474 2001 tenebris,

1882 2033 1938 2080 et
1962 2025 2199 2081 tenebras
2216 2039 2334 2080 eam
2363 2040 2467 2079 non
2486 2023 3015 2094 comprehenderunt
3042 2021 3223 2094 (Joan.
3252 2026 3316 2095 ι).
3341 2022 3478 2080 Παι-

1884 2126 1992 2172 tum
2017 2118 2187 2173 incola
2225 2117 2324 2190 fuit
2365 2118 2544 2171 anima
2586 2134 2719 2174 mea.
2755 2115 3143 2173 Desiderabam
3183 2117 3328 2172 enim
3368 2116 3482 2173 dis-

1880 2210 2017 2265 solvi
2045 2218 2100 2266 et
2125 2225 2248 2267 esse
2274 2225 2401 2266 cum
2433 2210 2677 2267 Christo.

1952 2303 2083 2359 Cum
2106 2304 2287 2376 bisqui
2314 2303 2535 2358 oderunt
2555 2319 2754 2372 pacem,
2780 2318 2922 2357 eram
2942 2303 3213 2375 paciﬁcus.
3246 2302 3481 2374 lmplens

1879 2396 2010 2453 illud
2043 2397 2287 2466 Apostoli
2315 2414 2328 2451 :
2353 2395 2415 2453 Si
2445 2395 2703 2467 possibile
2733 2403 2837 2462 est,
2870 2410 2993 2450 cum
3024 2395 3278 2451 omnibus
3306 2396 3481 2451 homi-

1879 2492 2037 2555 nibus
2067 2505 2253 2560 pacem
2281 2489 2545 2546 habentes
2574 2487 2840 2561 (Philipp.
2873 2503 2915 2553 ι,
2947 2497 2994 2542 et
3026 2487 3178 2543 Rom.
3226 2487 3346 2558 sn).
3383 2489 3480 2543 Est

1876 2600 2008 2656 ergo
2032 2600 2154 2639 cum
2177 2583 2478 2639 odientibus
2506 2598 2697 2654 pacem
2723 2602 2736 2638 :
2768 2582 3028 2653 paciﬁcus
3053 2582 3280 2649 idcirco,
3310 2592 3370 2638 ut
3394 2584 3475 2639 eis

1876 2689 2063 2747 pacem
2108 2674 2335 2731 liberius
2389 2674 2729 2746 praedicaret.
2788 2673 2858 2727 Et
2897 2690 3016 2729 cum
3065 2673 3312 2745 loquebar
3340 2673 3473 2740 illis,

1873 2769 2249 2840 impugnabant
2279 2785 2357 2822 me
2385 2767 2569 2839 gratis.
2604 2767 2698 2824 Ille
2727 2766 3085 2824 annuntiabat
3118 2781 3342 2837 pacem;
3374 2768 3471 2823 sed

1873 2862 2026 2932 pacis
2054 2860 2257 2916 inimici
2285 2874 2391 2916 non
2419 2859 2594 2915 solum
2616 2874 2738 2915 eam
2770 2874 2876 2915 non
2899 2858 3257 2930 recipiebant,
3283 2873 3473 2915 verum

1873 2957 2039 3012 etiam
2074 2956 2248 3023 ipsum
2291 2954 2706 3024 praedicatorem
2738 2955 2909 3024 pacis,
2942 2953 3059 3013 suis
3087 2953 3343 3024 nequitiis
3370 2953 3472 3008 im-

1874 3046 2207 3118 pugnabant.

2401 3137 2722 3196 PSALMUS
2760 3137 2926 3195 CXX.

1791 3244 1841 3310 ο
1875 3236 2141 3292 Canticum
2166 3235 2442 3310 graduum.
2470 3233 2577 3310 iste
2598 3233 2841 3310 psalmus
2864 3231 3157 3310 secundam
3186 3230 3472 3310 ascensio-

1945 3324 2067 3363 nem
2116 3300 2392 3372 continet,
2440 3300 2611 3375 cujus
2646 3304 2832 3359 titulus
2863 3314 2948 3375 est
2991 3321 3004 3361 :
3046 3300 3318 3375 Canticum
3348 3319 3472 3374 gra-

1942 3383 2122 3434 duum.
2157 3379 2342 3433 Plures
2380 3371 2528 3432 enim
2561 3384 2709 3441 sunt,
2757 3373 3123 3445 signiﬁcantes
3154 3371 3235 3446 (ut
3258 3371 3368 3443 jam
3415 3374 3466 3446 i_n

1942 3453 2117 3521 primo
2155 3464 2346 3521 eorum
2387 3446 2639 3517 audistis)
2662 3444 2951 3521 ascensum
2982 3444 3250 3521 nostrum,
3272 3446 3379 3521 qui
3412 3444 3472 3499 iit

1943 3516 1995 3576 in
2022 3521 2186 3577 corde
2215 3520 2280 3575 ad
2312 3519 2504 3585 Deum,
2543 3533 2570 3570 a
2616 3516 2868 3573 convalle
2896 3516 3238 3588 ploratiouis,
3272 3517 3325 3571 id
3352 3524 3465 3581 est,

1943 3594 2011 3651 ab
2040 3592 2345 3651 lnnuilitate
2373 3589 2872 3649 contribulationis.

1942 3732 2128 3787 Levavi
2163 3731 2340 3786 oculos
2378 3747 2516 3785 ineos
2563 3731 2632 3784 ad
2661 3739 2879 3784 montes.
2930 3727 3254 3798 Spiritnales
3286 3729 3472 3798 utique

1868 3826 2056 3882 oculus
2081 3824 2244 3879 extuli
2269 3824 2336 3878 ad
2367 3823 2586 3878 excelsa
2610 3822 2872 3877 librorum
2902 3838 2916 3875 :
2946 3821 3340 3893 Prophetarum
3366 3823 3471 3875 sci-

1868 3916 1995 3973 licet
2024 3930 2088 3972 ac
2108 3914 2284 3986 Legis.
2321 3914 2468 3969 Unde
2496 3915 2658 3967 ueniet
2686 3912 2942 3968 auxilium
2987 3913 3132 3966 mihi.
3177 3911 3335 3969 Unde
3367 3912 3471 3967 Do-

1870 4010 2073 4068 minum
2106 4008 2481 4062 auxiliatorem
2509 4007 2747 4061 omnium
2779 4005 2972 4061 venire
3002 4004 3258 4075 suspicio.

1941 4100 2206 4155 Auxilium
2234 4115 2402 4154 meum
2424 4116 2455 4153 a
2478 4096 2701 4153 Domino
2722 4100 2811 4169 qui
2833 4099 2951 4167 fecit
2972 4097 3156 4152 coelum
3181 4107 3230 4152 et
3255 4105 3464 4151 terram.

1868 4192 1953 4249 Ab
1982 4193 2101 4264 ipso
2123 4191 2379 4249 auxilium
2419 4192 2721 4261 praestoler,
2750 4206 2846 4262 per
2886 4205 3048 4265 quem
3084 4191 3242 4244 Pater
3267 4190 3464 4247 caelum

1870 4296 2178 4363 terramque
2208 4286 2426 4342 locavit.
2456 4285 2594 4341 Hinc
2636 4284 2745 4355 jam
2792 4298 2891 4355 pro
2921 4282 3025 4339 ilde
3053 4297 3148 4338 sua
3171 4283 3258 4338 vir
3287 4283 3392 4338 iste
3438 4298 3468 4337 a

1871 4379 2075 4451 Spiritu
2100 4388 2299 4449 sancto
2326 4394 2649 4450 responsum
2683 4377 2895 4449 accepit
2919 4375 3335 4433 consolationis.
3379 4375 3471 4431 Ait

1871 4472 2013 4530 enim
2052 4493 2065 4528 :

1946 4565 2071 4620 Non
2097 4566 2181 4622 det
2208 4567 2262 4621 in
2302 4568 2694 4619 commotionem
2718 4564 2899 4638 pedem
2938 4570 3098 4617 tuum.
3129 4560 3246 4617 Non
3271 4560 3471 4637 patitur

228 4654 481 4725 Domine,
515 4655 677 4710 libera
706 4654 931 4710 animam
951 4671 1116 4708 meum
1139 4673 1169 4709 a
1199 4654 1350 4709 labiis
1376 4653 1587 4725 iniquis.
1616 4654 1655 4708 A
1675 4651 1766 4708 Ju-
1795 4641 1847 4702 Ῐ)
1876 4674 2158 4716 removere
2188 4658 2563 4725 stabilitatem,
2596 4672 2700 4728 qua
2731 4658 2786 4711 in
2814 4671 2882 4712 eo
2911 4655 3157 4712 ﬁrmatus
3182 4670 3263 4712 es.
3289 4655 3472 4727 Neque

153 4749 322 4814 dcis,
374 4748 463 4819 qui
493 4747 770 4804 Christum
805 4747 1090 4802 Dominum
1123 4762 1230 4802 non
1263 4747 1437 4802 solum
1490 4762 1595 4801 non
1646 4761 1764 4801 cre-

153 4843 325 4912 dunt,
362 4842 458 4903 sed
487 4844 652 4900 etiam
686 4840 974 4897 immundis
1028 4841 1186 4896 labiis
1236 4841 1616 4911 blasphemare
1658 4855 1766 4895 non

151 4944 442 4994 metuunt.
479 4933 544 4990 Et
591 4953 623 4991 a
654 4935 833 5007 lingua
878 4934 1080 4989 dolosa.
1118 4934 1200 4990 Ab
1251 4933 1633 4990 lnereticorum
1665 4932 1766 4987 do-

151 5032 381 5098 ctrina,
413 5030 639 5103 quinos
678 5045 710 5086 a
761 5039 905 5086 recta
959 5028 1081 5085 iidci
1137 5028 1281 5085 linea
1333 5028 1627 5085 exturbare
1680 5027 1767 5083 ni-

151 5135 379 5183 tuntur.

233 5220 388 5290 Quid
409 5220 556 5275 detur
588 5220 699 5290 tibi,
732 5229 823 5275 aut
849 5220 975 5289 quid
1000 5229 1296 5293 apponatur
1322 5219 1413 5274 tibi
1442 5220 1512 5274 ad
1539 5219 1769 5291 linguam

152 5315 448 5371 dolosam?
469 5313 550 5369 Ad
578 5330 638 5371 se
665 5313 896 5370 lidellter
927 5315 1353 5385 proclamantem
1394 5314 1630 5368 animam
1664 5314 1768 5368 Do-

148 5407 353 5465 minus
401 5406 740 5477 interrogare
772 5406 987 5476 pietatis
1028 5406 1223 5462 affectu
1263 5407 1514 5481 dignatus
1544 5416 1629 5461 est
1664 5426 1675 5459 :
1711 5418 1769 5464 ut

150 5499 295 5572 quid
331 5499 377 5553 ei
408 5499 588 5565 detur,
622 5506 716 5554 aut
752 5498 883 5568 quid
914 5510 1218 5569 apponatur
1252 5500 1318 5554 ad
1348 5499 1584 5568 linguam
1614 5499 1766 5554 dolo-

149 5606 282 5650 sam
308 5592 336 5643 ?
366 5591 563 5647 Dicunt
590 5591 744 5647 multi
787 5592 888 5647 hoc
912 5591 966 5648 in
998 5592 1118 5647 loco
1147 5600 1476 5647 commutata
1510 5593 1770 5662 praeposi-

149 5688 320 5745 tione
352 5704 364 5739 :
399 5686 540 5753 Quid
571 5686 731 5742 detur
763 5686 857 5743 tibi
887 5686 1153 5743 adversus
1200 5687 1433 5761 linguam
1471 5685 1716 5743 dolosam
1747 5686 1772 5741 τ

150 5780 359 5838 dicere
388 5779 592 5845 volunt,
629 5791 685 5835 ut
725 5780 877 5851 quasi
927 5795 992 5836 ex
1029 5779 1124 5835 Dei
1174 5779 1421 5835 doctrina
1450 5778 1630 5855 anima
1678 5777 1770 5833 illa

140 5870 380 5930 audiat.

1873 4756 2113 4811 dormitet
2147 4755 2235 4824 qui
2266 4754 2485 4808 custodit
2517 4763 2583 4807 te.
2617 4751 2762 4809 Dens
2812 4752 2956 4807 enim
2987 4753 3040 4805 in
3072 4765 3131 4807 se
3161 4758 3469 4807 manentem

1873 4849 2124 4921 pervigili
2157 4847 2403 4903 custodia
2435 4846 2668 4915 protegit
2694 4860 2756 4901 ac
2788 4854 2986 4901 tuetur.

1945 4939 2081 4995 Ecce
2128 4956 2231 4993 non
2282 4937 2580 4993 dormitabit
2630 4953 2792 5007 neque
2840 4938 3077 5003 dormiet,
3125 4936 3213 5007 qui
3252 4934 3476 4989 custodit

1874 5035 2067 5092 Israel.
2096 5034 2228 5091 Sine
2256 5033 2366 5088 ulla
2388 5041 2567 5088 autem
2603 5031 3009 5087 intermissione
3043 5047 3071 5085 a
3095 5029 3208 5084 Deo
3235 5026 3473 5084 custodi-

1875 5141 1965 5187 tur
1998 5147 2011 5184 :
2040 5129 2132 5201 qui
2158 5144 2280 5184 eum
2313 5126 2676 5199 Spiritualinm
2708 5125 2991 5183 oculorum
3018 5121 3317 5178 intentione
3349 5133 3472 5188 peu-

1872 5224 2134 5282 snexerit.
2694 5267 2701 5273 .

1940 5241 2134 5281 exerit.
2694 5267 2701 5273 .

1902 5241 2201 5372 pDominus
2242 5313 2465 5371 custodit
2493 5322 2559 5368 te.
2605 5313 2725 5381 Ipse
2753 5312 2843 5383 qui
2875 5309 3073 5365 coelum
3102 5306 3232 5364 fecit
3276 5314 3333 5362 et
3362 5315 3473 5362 tero

1871 5427 2010 5479 ram,
2043 5411 2164 5482 quia
2202 5409 2278 5463 dii
2319 5408 2410 5479 qui
2440 5422 2560 5462 eam
2586 5421 2694 5461 non
2727 5404 2995 5469 iecerunt,
3026 5409 3255 5472 pereunt
3282 5415 3349 5456 ex
3380 5414 3462 5455 ca.

1948 5504 2200 5559 Dominus
2231 5501 2478 5572 proiectio
2517 5507 2645 5552 tua:
2676 5512 2832 5569 super
2857 5510 3066 5553 manum
3088 5493 3313 5548 dexteris
3345 5500 3468 5545 tute.

1876 5597 1972 5652 Ille
1999 5605 2052 5651 te
2083 5594 2345 5664 protegit,
2387 5606 2457 5645 ne
2497 5603 2635 5659 opus
2665 5596 2813 5643 tuum
2851 5585 3122 5652 dextrum,
3153 5583 3207 5639 id
3230 5592 3335 5652 est,
3370 5583 3469 5638 bo-

1878 5705 2005 5746 num
2040 5704 2161 5763 pars
2181 5685 2435 5756 impediat
2457 5682 2701 5738 inimica.

1953 5779 2058 5835 Per
2094 5782 2227 5834 diem
2256 5779 2335 5834 sol
2363 5793 2467 5832 non
2504 5782 2619 5830 uret
2669 5785 2740 5842 te,
2771 5789 2934 5847 neque
2982 5773 3108 5827 luna
3136 5787 3226 5845 per
3250 5778 3473 5828 noctem.

1881 5872 2070 5931 Justus
2097 5888 2198 5929 nec
2227 5874 2280 5928 in
2312 5869 2586 5943 prosperis
2610 5867 2815 5925 elevari
2841 5875 3020 5939 potest
3049 5884 3065 5922 ι
3097 5881 3199 5925 nec
3219 5865 3275 5923 in
3303 5862 3482 5921 tristi-
