4008 6336
530 293 672 353 1207

1328 284 1678 347 APPENDIX
1718 283 1811 342 AD
1848 281 2092 340 TOMUM
2132 278 2487 338 SEPTIMUM
2529 278 2585 337 S.
2629 273 3034 336 HIERONYMI.

3653 272 3770 333 l208

531 410 633 466 bus
661 406 846 480 dejiei.
874 405 1030 476 Quod
1058 405 1112 462 in
1141 402 1230 462 die
1254 410 1310 460 et
1335 410 1516 468 nocte,
1538 399 1640 456 hoc
1664 407 1720 456 et
1748 399 1801 454 in
1819 397 1935 454 sole
1955 396 2126 468 signi-
2155 398 2210 460 Α
2233 395 2404 466 diligit
2450 412 2461 446 :
2509 393 2627 465 ipse
2670 390 2996 448 abundantia
3045 388 3309 446 bonorum
3351 386 3632 445 cmlesdum
3670 406 3773 462 per-

529 502 745 571 ﬁcatur,
779 511 835 558 et
863 502 1015 556 luna.

601 593 855 650 Dominus
883 593 1103 648 custodit
1125 601 1172 648 te
1191 592 1255 647 ab
1280 591 1420 645 omni
1450 589 1613 645 malo.
1645 588 1729 644 Ab
1758 585 2012 642 omnibus
2045 585 2127 642 in-

528 685 682 742 sidiis
710 687 935 743 inimici.
967 684 1236 740 Custodiat
1286 683 1511 739 animam
1540 692 1681 736 tuam
1730 678 2002 735 Dominus.
2047 677 2126 733 Ne

529 781 579 836 ei
611 796 738 853 pars
760 780 1070 836 dominetur
1093 779 1380 850 potestatis
1410 775 1674 833 adversm.

602 873 860 929 Dominus
898 871 1158 928 custodiat
1199 873 1470 925 introitum
1515 880 1680 924 tuum.
1730 870 1832 924 Per
1859 883 2017 938 quem
2047 868 2128 922 in-

528 983 752 1039 gressus
781 983 841 1022 es
863 967 929 1022 ad
954 963 1389 1037 cognoscendum
1419 964 1652 1018 Patrem.
1680 961 1747 1016 Et
1769 962 1962 1018 exitum
1984 971 2126 1016 tuum

525 1080 594 1120 ea:
624 1064 722 1119 hoc
745 1081 880 1119 nunc
920 1075 967 1119 et
997 1079 1155 1134 usque
1181 1063 1235 1115 in
1281 1061 1548 1115 saxulum.
1578 1059 1648 1115 Ut
1683 1073 1806 1114 cum
1837 1073 1866 1111 a
1896 1072 2128 1127 corpore

531 1159 856 1225 recesseris,
890 1173 986 1214 sua
1029 1155 1275 1212 custodia
1310 1153 1610 1225 protegaris
1644 1169 1656 1206 :
1694 1167 1761 1207 ne
1793 1152 1845 1205 in
1871 1152 2036 1205 chaos
2065 1149 2130 1204 il-

528 1252 622 1308 lud
659 1251 1040 1322 praecipiteris,
1082 1249 1171 1304 ubi
1209 1247 1362 1303 dives
1407 1243 1738 1315 conspicitur
1766 1242 1998 1308 ardens,
2033 1241 2128 1296 sed

533 1351 588 1404 in
632 1350 754 1405 sinu
774 1346 1012 1403 Abrahae
1052 1361 1173 1401 cum
1202 1343 1408 1399 Lazaro
1437 1340 1766 1412 sempiterna
1796 1337 1981 1408 requie
2009 1350 2130 1408 per-

528 1441 733 1497 fruaris
765 1440 918 1512 (Luc.
951 1437 1086 1512 xvr).

1063 1557 1379 1616 PSALMUS
1415 1555 1605 1614 CXXI.

532 1678 804 1752 Canticum
843 1678 1125 1752 graduum.
1162 1675 1271 1730 Iste
1309 1669 1549 1752 psalmus
1591 1673 1782 1752 tertius
1825 1682 1909 1727 est
1945 1685 2132 1752 ascen-

605 1751 774 1805 sionis
825 1743 1044 1819 g'radus.
1095 1762 1283 1819 vocem
1313 1743 1554 1819 hominis
1601 1745 1884 1800 continens
1929 1743 2128 1814 :eujus

610 1817 952 1878 conversatio
982 1820 1211 1875 habetur
1240 1817 1294 1873 in
1321 1818 1496 1874 caelis.

608 1977 843 2033 Ltetatus
867 1993 984 2032 sunt
1011 1977 1060 2032 in
1089 1977 1169 2031 his
1191 1991 1306 2047 quw
1330 1975 1468 2030 dicta
1497 1985 1616 2030 sunt
1643 1973 1788 2028 mihi.
1821 1973 1970 2028 Dicta
2004 1971 2136 2027 mihi

536 2073 760 2130 fuerant
804 2088 901 2143 per
939 2071 1171 2144 Legem,
1212 2080 1268 2126 et
1304 2069 1602 2141 prophetas
1639 2078 1802 2138 atque
1837 2065 2135 2137 apostolos.

539 2167 649 2223 Sed
671 2175 727 2222 et
759 2181 860 2238 ego
885 2165 1008 2222 dico
1043 2181 1104 2220 ea
1139 2180 1262 2234 qua:
1299 2178 1394 2234 per
1433 2162 1709 2233 speculum
1738 2162 2140 2229 contemplatus

541 2260 750 2315 fueram
769 2301 784 2327 ,
815 2268 871 2314 et
897 2274 1040 2313 nunc
1066 2257 1203 2313 facie
1231 2256 1299 2313 ad
1334 2257 1521 2313 faciem
1551 2256 1708 2311 video
1756 2253 1816 2326 (I
1841 2252 1959 2310 Cor.
1989 2250 2141 2323 xui).

540 2353 611 2406 Et
631 2367 902 2422 quamam,
931 2349 1145 2421 inquis?
1176 2348 1244 2403 In
1267 2350 1477 2403 domum
1502 2344 1715 2403 Domini
1740 2345 2140 2400 ambulabinius.

538 2445 600 2502 Id
639 2455 755 2514 est,
793 2446 846 2501 in
884 2445 1162 2501 ccelestem
1196 2443 1529 2512 Jerusalem,
1568 2450 1629 2498 ut
1662 2442 1810 2499 cives
1847 2440 2144 2497 efficiamur

541 2551 855 2597 sanctorum
884 2547 939 2596 et
963 2538 1245 2594 domestici
1281 2538 1394 2595 Dei.
1799 2531 1808 2540 ”

615 2635 831 2691 Stantes
858 2643 1004 2689 erant
1032 2631 1191 2702 pedes
1221 2632 1402 2697 nostri,
1428 2631 1481 2686 in
1510 2631 1660 2684 atriis
1684 2629 1807 2696 tuis,
1832 2626 2143 2683 Jerusalem.

545 2729 717 2784 Firml
757 2730 812 2784 in
847 2725 1205 2798 amplitudine
1235 2726 1376 2797 ejus.
1415 2723 1526 2781 Sed
1561 2739 1628 2780 nc
1669 2722 1831 2778 istam
1875 2731 2146 2777 terrenam

548 2828 794 2892 putares,
821 2820 948 2876 audi
975 2818 1105 2890 quid
1135 2819 1398 2888 subjecit:

618 2913 934 2982 Jerusalem,
956 2928 1072 2984 quae
1092 2910 1391 2983 aediﬁcatur
1409 2920 1466 2964 ut
1489 2909 1690 2964 civitas.
1717 2906 1932 2972 Adhuc,
1956 2905 2148 2976 inquit,

547 3023 657 3064 non
689 3018 771 3063 est
798 3007 1073 3077 expletum
1103 3005 1389 3062 aedificium
1421 3001 1659 3058 civitatis
1681 3001 1839 3072 hujus
1861 3018 1871 3052 :
1893 2999 1988 3054 sed
2018 3011 2155 3068 quo-

549 3103 682 3160 tidie
711 3101 1008 3158 aedificatur
1028 3100 1096 3156 de
1114 3099 1383 3171 lapidibus
1401 3099 1538 3156 vivis
1559 3112 1722 3170 super
1744 3096 2148 3151 fundamentum

2227 487 2449 543 fruitur.

2300 581 2425 636 Fiat
2445 597 2547 654 pas:
2578 581 2629 635 in
2656 581 2838 634 virtute
2863 589 2969 633 tua.
3025 577 3283 632 Dominus
3320 576 3558 633 Christus
3585 587 3660 634 est
3690 597 3774 648 pax

2228 685 2413 732 nostra
2448 696 2458 728 :
2493 675 2584 747 qui
2622 690 2720 730 nos
2751 675 2804 728 in
2837 688 2947 728 uno
2976 672 3193 726 vinculo
3215 670 3493 726 charitatis
3522 672 3772 742 astringit:

2228 769 2382 840 cujus
2403 769 2605 838 virtus,
2645 769 2689 824 si
2728 765 3072 823 convalescat
3101 765 3152 820 in
3180 765 3362 830 nobis,
3384 773 3439 819 et
3464 765 3572 834 ipse
3599 781 3778 837 quoque

2229 863 2546 934 pectoribus
2570 861 2772 917 nomis
2799 861 3064 916 illabitur.
3092 857 3159 915 Et
3185 859 3499 913 abundantia
3518 860 3566 912 in
3587 859 3779 914 turribus

2230 956 2351 1012 tuis.
2392 955 2450 1010 ln
2491 955 2574 1009 his
2616 953 3010 1009 abundantiam
3057 951 3320 1006 bonorum
3362 949 3646 1005 cmlesdum
3683 949 3782 1008 ﬁeri

2228 1050 2491 1121 propheta
2519 1049 2784 1119 deposcit,
2821 1048 2911 1120 qui
2942 1049 3417 1117 supereininentes
3442 1047 3644 1108 merito,
3671 1056 3783 1100 tam-

2229 1160 2388 1214 quam
2441 1154 2615 1200 turrcs
2647 1143 2976 1210 fortissiinze,
3030 1141 3170 1197 hanc
3219 1140 3493 1196 civitatem
3535 1148 3586 1196 et
3617 1140 3786 1198 virtute

2231 1239 2502 1301 muniunt,
2531 1249 2584 1292 et
2617 1237 2945 1307 proceritate
2977 1234 3260 1291 decorant.

2304 1328 2530 1400 Propter
2548 1331 2732 1399 fratres
2765 1347 2901 1384 meos
2931 1339 2978 1384 et
3008 1331 3273 1401 proximos
3301 1343 3438 1382 meos
3466 1326 3689 1397 loquebar
3713 1344 3788 1399 pa-

2233 1441 2340 1480 cem
2377 1425 2442 1478 de
2473 1433 2541 1478 te.
2574 1423 2646 1479 Ut
2683 1423 2928 1488 scilicet,
2959 1434 3015 1478 et
3064 1423 3166 1493 ipsi
3205 1422 3273 1478 ad
3310 1421 3789 1478 consummationem

2234 1519 2396 1589 hujus
2427 1517 2640 1575 rediticii
2667 1532 2728 1573 se
2760 1516 3034 1589 perfectos
3064 1516 3380 1572 exhibeant.

2305 1612 2528 1680 Propter
2562 1611 2770 1666 domum
2810 1609 3022 1666 Domini
3065 1608 3165 1663 Dei
3208 1609 3403 1672 nostri,
3454 1607 3649 1678 qntzsiri
3685 1607 3792 1661 bona

2235 1706 2345 1760 tibi.
2376 1703 2732 1761 I’raedicando
2756 1717 2943 1774 pacem
2971 1701 3226 1773 proximis
3257 1699 3536 1766 fratribus,
3557 1698 3638 1769 qui
3660 1698 3796 1755 efﬁcit

2162 1797 2210 1858 Β
2235 1813 2331 1855 eos
2357 1798 2628 1855 civitatem
2657 1797 2803 1868 regis
2831 1796 3022 1852 aeterni
3048 1837 3063 1862 ,
3092 1795 3178 1850 cui
3219 1794 3336 1848 ha-e
3373 1793 3514 1848 bona
3543 1790 3792 1863 qumsivit:

2240 1897 2302 1944 ut
2339 1889 2408 1943 ab
2440 1887 2794 1944 universitate
2825 1887 3055 1943 civitatis
3080 1927 3095 1952 ,
3133 1887 3186 1941 in
3224 1901 3386 1940 unam
3429 1885 3548 1953 ejus
3581 1883 3800 1938 transiret

2241 1979 2635 2037 habitationem
2657 2021 2671 2045 ,
2703 1980 2792 2050 qui
2823 1980 2896 2033 ait
2929 1998 2939 2032 :
2975 1977 3168 2044 Pater,
3201 1993 3334 2049 rogo
3361 1987 3418 2032 ιιι
3447 1976 3534 2031 ubi
3556 1989 3649 2046 ego
3674 1989 3796 2039 sum,

2241 2084 2296 2130 et
2324 2074 2399 2128 illi
2431 2072 2541 2128 sint
2572 2087 2807 2128 mecum.
2843 2070 2956 2142 Ego
2989 2071 3041 2126 in
3072 2069 3206 2135 illis,
3231 2079 3288 2126 et
3325 2079 3381 2124 tu
3414 2069 3468 2124 in
3507 2084 3588 2122 me
3621 2086 3630 2119 :
3665 2076 3714 2121 ut
3738 2066 3802 2119 vi-

2243 2167 2406 2223 deant
2433 2167 2662 2238 gloriam
2699 2180 2877 2221 meam
2909 2184 2920 2218 :
2954 2165 3081 2236 quia
3107 2164 3350 2220 dilexisti
3381 2178 3470 2220 me
3495 2169 3614 2217 ante
3632 2159 3803 2229 conati:

2243 2260 2507 2316 tutionem
2531 2257 2717 2314 mundi
2748 2257 2945 2331 (Joan.
2971 2257 3134 2329 xvii).

2794 2399 3117 2455 PSALMUS
3155 2397 3372 2454 CXXII.

2249 2491 2518 2548 Canticum
2549 2492 2831 2563 graduum.
2873 2491 2985 2547 Iste
3026 2491 3268 2560 psalmus
3306 2499 3562 2559 quartum
3596 2487 3809 2563 Cantico-

2323 2580 2443 2619 rum
2489 2560 2753 2631 graduum
2805 2566 2993 2632 pandit
3030 2578 3316 2617 ascensum
3351 2581 3361 2614 :
3394 2566 3450 2616 in
3496 2578 3600 2628 quo
3633 2562 3707 2614 vir
3743 2560 3812 2613 ille

2323 2636 2522 2700 fidelis,
2556 2638 2643 2701 qui
2678 2631 2881 2690 dudum
2923 2636 2988 2689 ad
3029 2647 3240 2689 montes
3274 2634 3600 2688 sustollebat
3630 2631 3811 2693 oculos.

2318 2723 2462 2762 nunc
2513 2706 2805 2775 proﬁt-iens
2837 2708 2951 2775 jam
2985 2709 3036 2760 in
3075 2720 3328 2771 ascensu,
3359 2706 3428 2760 ad
3467 2706 3638 2776 ipsum
3672 2702 3807 2758 cado-

2331 2795 2448 2834 rum
2482 2778 2838 2834 habitatorem
2865 2793 2961 2833 eos
2989 2777 3172 2849 erigit,
3200 2777 3390 2832 dicens
3427 2796 3437 2829 :

2322 2918 2402 2972 Ad
2443 2927 2490 2972 te
2525 2917 2688 2972 levavi
2716 2919 2895 2973 oculos
2932 2934 3092 2986 meos,
3130 2919 3217 2987 qui
3247 2917 3456 2972 habitas
3484 2919 3537 2972 in
3567 2918 3696 2972 creto.
3723 2913 3811 2970 No-

2253 3010 2472 3065 tandum
2523 3010 2668 3082 quod
2727 3025 2824 3082 per
2881 3011 3126 3082 singulos
3181 3013 3419 3082 psalmos
3471 3013 3678 3082 quidam
3721 3023 3817 3081 gra-

2253 3104 2420 3160 duum
2470 3113 2596 3159 sunt
2640 3106 2934 3174 profectus.
2981 3105 3083 3173 Qui
3131 3107 3184 3161 in
3226 3106 3404 3176 primo
3457 3105 3662 3162 dixerat
3708 3102 3816 3158 :Ad

549 3195 924 3266 3P03l010l‘um
954 3205 1010 3250 εί
1036 3196 1459 3264 prophetarum.
1499 3192 1566 3246 ab
1602 3193 1719 3260 ipso
1747 3204 1961 3245 5|"an
1991 3203 2158 3258 3||8||-
2186 3190 2232 3254 C
2265 3197 2555 3252 Dominum
2604 3211 2725 3252 cum
2780 3197 3074 3253 tribularer
3109 3198 3378 3266 clamavi,
3420 3208 3478 3253 et
3526 3199 3579 3254 in
3621 3195 3820 3252 secundo

547 3290 650 3346 lari
694 3290 871 3362 lapide
909 3287 1128 3345 Christo
1165 3289 1292 3344 Jesu
1338 3285 1555 3358 (Ephes.
1597 3284 1672 3355 tv)
1698 3303 1708 3336 :
1737 3285 1879 3339 sicut
1905 3284 1981 3337 ait
2006 3283 2153 3353 Apo-

549 3384 744 3439 stolus.
779 3381 947 3454 Cujus
979 3381 1312 3452 participatio
1333 3382 1444 3451 ejus
1473 3381 1527 3434 in
1548 3379 1794 3449 idipsum.
1831 3377 1890 3433 In
1920 3392 2028 3433 uno
2055 3377 2157 3434 Ec-

554 3475 737 3532 clesia:
765 3489 1014 3544 corpore,
1040 3489 1141 3546 per
1160 3473 1460 3529 Christum.

630 3566 772 3622 Illuc
801 3569 939 3623 enim
972 3569 1322 3622 ascenderunt
1351 3566 1534 3634 tribus,
1569 3564 1727 3619 tribus
1765 3563 1996 3618 Domini.
2041 3563 2156 3618 Non

554 3667 779 3731 peccato
811 3659 1100 3727 obnoxiae,
1141 3657 1267 3723 sed,
1311 3659 1476 3713 tribus
1517 3656 1728 3711 Domini
1759 3672 1776 3709 :
1809 3671 1927 3727 qua:
1961 3669 2159 3726 cogno-

555 3762 771 3810 scentes
817 3752 1105 3808 Dominum
1153 3750 1304 3822 sequi
1350 3764 1458 3806 non
1507 3748 1874 3804 distulerunt:
1905 3747 2048 3818 quod
2090 3747 2154 3802 ad

555 3855 746 3918 gentes
781 3855 866 3902 est
898 3845 1263 3903 referendum.
1309 3841 1678 3898 Testimonium
1713 3839 1904 3895 Israel.
1940 3839 2004 3896 Ut
2033 3855 2156 3895 eum

519 3942 924 4020 \condemnet:
955 3942 1076 4012 quia
1110 3940 1200 3995 ille
1231 3953 1352 3995 eum
1393 3938 1447 3992 in
1483 3936 1668 3992 multis
1695 3946 1970 3992 ostensum
1996 3936 2160 3990 mira-

558 4034 695 4091 culis
717 4049 826 4090 non
848 4032 1123 4104 cognovit.
1147 4031 1341 4087 Tribus
1360 4044 1494 4085 vero
1513 4029 1751 4099 gentium
1772 4029 1952 4082 statim
1975 4027 2158 4098 cogni-

560 4134 675 4182 tum
704 4131 1049 4196 receperunt.
1093 4122 1183 4179 Sic
1210 4131 1264 4177 et
1292 4121 1474 4191 regina
1502 4119 1716 4188 Austri,
1750 4119 1834 4174 vel
1875 4119 2154 4185 Ninivitae,

559 4221 615 4276 in
645 4220 806 4291 hujus
837 4217 1129 4274 testimonii
1149 4215 1351 4286 judicio
1373 4223 1618 4285 surgent,
1643 4222 1696 4268 et
1723 4212 2159 4269 condemnabunt

559 4328 683 4370 eum
723 4312 876 4385 (Luc.
906 4309 1016 4382 ιιι).
1048 4309 1128 4365 Ad
1157 4307 1506 4378 conﬁtendum
1530 4307 1728 4362 nomini
1758 4317 1847 4361 tuo
1868 4349 1882 4372 ,
1910 4304 2152 4362 Domine.

558 4405 905 4461 Confitentur
941 4403 1117 4472 enim,
1162 4403 1286 4473 quia
1326 4403 1380 4458 in
1417 4402 1637 4458 nomine
1677 4411 1769 4456 tuo
1805 4416 1973 4457 omne
2015 4417 2156 4471 genu

559 4496 808 4553 ﬂectetur
831 4495 1158 4563 caelestium,
1185 4494 1525 4550 terrestrium
1547 4503 1601 4548 et
1631 4492 1972 4548 infernorum
2001 4491 2157 4560 (Plii-

2261 3293 2448 3349 oeulos
2488 3291 2556 3347 ad
2604 3299 2818 3348 montes
2861 3307 2922 3348 se
2965 3292 3210 3348 elevasse
3259 3291 3820 3348 narraveratzlaztatus

2260 3401 2476 3459 quoque
2505 3385 2708 3451 fuerat,
2747 3385 2871 3455 quia
2914 3385 3014 3440 sibi
3048 3385 3325 3456 ingressus
3353 3386 3404 3439 in
3436 3385 3602 3439 domo
3630 3384 3709 3439 Dei
3733 3380 3820 3436 fue-

2263 3490 2346 3535 rat
2387 3479 2748 3550 rcpromissus
2791 3496 2801 3530 :
2849 3492 2995 3533 nunc
3034 3477 3100 3532 ad
3149 3475 3326 3544 majus
3371 3475 3639 3544 profecit,
3683 3483 3734 3529 ut
3769 3471 3821 3526 ad

2262 3571 2436 3642 ipsum
2466 3570 2637 3626 Deum
2661 3569 2845 3625 oculos
2868 3569 3029 3625 levet.
3059 3569 3158 3636 Qui
3181 3567 3382 3623 habitas
3404 3570 3460 3622 in
3483 3569 3628 3622 caelo.
3656 3566 3821 3620 Ascen-

2263 3663 2398 3721 dens
2429 3680 2538 3735 quo
2566 3665 2848 3719 levaturus
2877 3671 2996 3718 erat
3024 3661 3235 3726 oculos,
3258 3661 3362 3717 nisi
3387 3661 3525 3717 illuc
3546 3673 3650 3730 quo
3671 3656 3822 3714 tende-

2262 3755 2371 3821 bat,
2408 3755 2705 3811 ascendere
2736 3754 3118 3810 desiderabat?

2336 3848 2469 3905 Ecce
2506 3852 2638 3904 sicut
2673 3849 2808 3902 oculi
2841 3864 3105 3904 servorum
3152 3848 3206 3902 in
3254 3847 3497 3901 manibus
3537 3846 3820 3901 dominorum

2261 3959 2492 4008 suorum,
2515 3952 2562 3998 et
2587 3941 2719 3996 sicut
2743 3942 2880 3996 oculi
2904 3940 3114 3995 ancilla:
3136 3943 3187 3995 in
3210 3941 3448 3995 manibus
3470 3941 3690 3995 domina
3707 3952 3822 3992 sum:

2261 4037 2334 4089 sic
2367 4036 2506 4090 oculi
2544 4035 2708 4089 nostri
2750 4039 2819 4087 ad
2857 4032 3142 4088 Dominum
3178 4032 3344 4088 Deum
3383 4043 3624 4088 nostrum
3655 4028 3823 4102 quoad-

2263 4144 2425 4198 usque
2450 4127 2757 4182 misereatur
2784 4126 2968 4180 nostri.
3012 4125 3078 4182 Et
3112 4125 3256 4181 servi
3298 4140 3491 4180 Sumus
3511 4167 3528 4192 ,
3561 4134 3616 4181 et
3649 4122 3823 4178 ancillae

2259 4233 2448 4275 sumus
2482 4238 2492 4272 :
2528 4219 2618 4275 ille
2649 4218 2910 4274 Dominus
2961 4227 3016 4274 et
3053 4219 3271 4274 domina
3308 4227 3412 4274 est.
3447 4218 3702 4275 Attendat
3724 4215 3826 4272 cha-

2260 4312 2392 4366 ritas
2416 4321 2614 4367 vestra.
2646 4311 2763 4366 Non
2792 4311 2989 4366 mirum
3021 4312 3064 4365 si
3096 4309 3242 4366 servi
3268 4324 3457 4365 sumus
3481 4320 3538 4366 et
3571 4310 3656 4365 ille
3680 4306 3824 4363 Domi-

2260 4418 2362 4458 nus
2384 4413 2496 4467 est;
2531 4403 2625 4457 sed
2658 4403 2854 4457 mirum
2888 4404 2929 4456 si
2959 4401 3171 4457 ancilla:
3201 4417 3410 4467 sumus,
3445 4413 3501 4458 et
3526 4402 3620 4458 ille
3641 4399 3824 4457 domina

2260 4504 2363 4551 est.
2391 4496 2497 4552 Sed
2530 4511 2704 4566 neque
2731 4496 2835 4551 hoc
2865 4497 3083 4562 mirum,
3110 4495 3231 4566 quia
3264 4495 3479 4550 ancilla:
3507 4510 3711 4561 sumus,
3738 4492 3822 4548 Ec-

556 4591 650 4661 lip.
685 4589 760 4661 ιι)
794 4600 883 4644 :et
915 4589 1039 4660 quia
1070 4597 1126 4643 tu
1148 4628 1166 4656 ,
1203 4587 1432 4645 Domine
1457 4585 1585 4643 Jesu
1617 4585 1864 4654 Christe,
1896 4586 1951 4642 in
1987 4585 2155 4656 gloria
2183 4589 2238 4652 D
2261 4587 2424 4645 clesia
2457 4589 2604 4644 enim
2645 4603 2832 4644 sumus
2863 4607 2874 4642 :
2905 4604 3002 4645 nec
3045 4588 3180 4644 illud
3220 4589 3450 4654 mirum,
3485 4589 3614 4660 quia
3650 4598 3700 4644 et
3729 4585 3822 4656 ipse

555 4698 617 4741 es
646 4683 742 4740 Dei
769 4681 965 4738 Patris.

631 4777 767 4846 Quia
787 4776 900 4831 illic
924 4775 1167 4831 sederunt
1196 4777 1340 4832 sedes
1363 4777 1415 4831 in
1424 4775 1656 4850 judicio.
1687 4774 1856 4832 Sedes
1879 4774 1998 4842 Dei,
2023 4789 2154 4845 apo-

553 4871 684 4930 stoli
709 4880 836 4928 sunt
860 4889 871 4924 :
897 4884 1062 4940 super
1083 4885 1222 4941 quos
1249 4869 1506 4924 Dominus
1528 4869 1842 4938 requiescit.
1877 4867 1972 4922 Hie
1994 4868 2152 4923 sedes

551 4966 825 5024 sedebant
849 4979 1014 5037 super
1038 4965 1197 5021 sedes
1213 4963 1523 5030 duodecim,
1541 4963 1846 5032 judicantes
1867 4961 2152 5018 duodecim

552 5059 722 5116 tribus
750 5059 914 5115 lsrael
939 5077 950 5112 :
982 5059 1121 5115 sicut
1151 5058 1266 5126 ipse
1285 5059 1361 5112 ait
1392 5057 1442 5111 in
1475 5055 1772 5127 Evangelio
1799 5055 1979 5126 (Matt.
2009 5054 2146 5124 xix).

557 5154 722 5210 Sedes
751 5170 905 5226 super
933 5153 1144 5207 domum
1173 5150 1363 5206 David.
1405 5151 1579 5220 Super
1609 5150 1910 5207 Ecclesiam
1941 5149 2148 5206 Christi

547 5247 916 5318 gubernantes
964 5255 1128 5317 atque
1183 5252 1469 5301 monentes
1515 5259 1634 5301 eam
1687 5243 2150 5315 praeceptionibus

621 5432 824 5505 Rogato
855 5449 970 5504 quia
997 5435 1066 5488 ad
1090 5449 1270 5504 pacem
1303 5440 1423 5489 sunt
1451 5431 1766 5488 Jerusalem.
1809 5415 2147 5504 lnterrogate

545 5540 668 5596 quae
707 5525 774 5581 ad
817 5541 1002 5597 pacem
1038 5525 1351 5596 pertineant
1379 5525 1617 5582 civitatis
1646 5524 1807 5594 hujus
1829 5566 1844 5591 ,
1876 5534 1931 5581 et
1956 5525 2141 5596 sequi-

545 5619 678 5674 mini
705 5633 826 5674 eam
859 5636 870 5671 :
905 5626 964 5673 ut
992 5633 1089 5686 per
1119 5617 1469 5674 dilectionem
1507 5617 1656 5689 pacis
1682 5615 1918 5673 fructum
1949 5632 2144 5674 conse-

543 5709 786 5780 quamini
817 5718 1036 5764 zelernze
1070 5707 1444 5765 beatitudinis.
1477 5709 1542 5764 Et
1574 5708 1890 5764 abundantia
1920 5710 2142 5781 diligen-

539 5800 676 5854 tibus
717 5809 788 5855 te.
828 5799 950 5869 Qui,
978 5799 1188 5858 relictis
1227 5801 1486 5868 caducis,
1537 5801 1707 5859 Deum
1755 5817 1920 5872 super
1960 5803 2138 5860 omnia

2255 4681 2475 4738 domina
2503 4692 2585 4738 est
2619 4699 2632 4736 :
2663 4683 2790 4754 quia
2821 4683 2991 4738 virtus
3027 4692 3083 4738 et
3121 4683 3388 4754 sapientia
3428 4683 3528 4738 Dei
3566 4691 3669 4738 est.
3707 4679 3823 4735 Audi

2254 4793 2384 4848 ergo
2414 4777 2738 4848 Apostolum
2772 4776 3046 4832 dicentem
3079 4794 3092 4830 :
3126 4775 3236 4832 Nos
3271 4786 3451 4832 autem
3494 4775 3824 4847 praedicamus

2253 4869 2528 4927 Christum
2571 4869 2894 4924 crucifixum
2943 4887 2954 4920 :
2989 4867 3193 4923 Judaeis
3235 4868 3454 4937 quidem
3495 4867 3820 4928 scandalum,

2252 4964 2502 5036 gentibus
2529 4973 2709 5019 autem
2740 4964 3025 5019 stultitiam
3059 4979 3071 5017 :
3099 4963 3229 5034 ipsis
3247 4978 3380 5019 vero
3403 4963 3614 5017 vocatis
3644 4959 3822 5017 Judzeis

2252 5069 2305 5116 et
2332 5058 2557 5125 Cra-cis,
2589 5058 2866 5114 Christum
2897 5057 2992 5112 Dei
3019 5057 3297 5123 virtutem,
3321 5065 3376 5112 et
3404 5057 3496 5111 Dei
3525 5055 3821 5127 sapientiam

2250 5151 2295 5225 (l
2319 5151 2442 5206 Cor.
2477 5149 2540 5222 t).
2563 5150 2699 5206 Cum
2724 5150 2907 5206 multis
2936 5149 3376 5220 persecutionum
3403 5147 3699 5218 generibus
3716 5142 3822 5200 sub—

2245 5246 2484 5316 jiciinur,
2508 5252 2727 5314 oportet
2757 5257 2857 5298 nos
2887 5257 3104 5311 semper
3131 5243 3185 5296 in
3217 5241 3309 5296 Dei
3336 5240 3543 5296 auxilio
3565 5240 3822 5295 oculorum

2250 5339 2609 5396 intentionem
2625 5339 2741 5394 sine
2766 5339 2876 5392 ullo
2894 5337 3028 5391 vitio
3041 5337 3324 5392 continere
3347 5335 3606 5402 defixam,
3632 5331 3820 5404 quosd-

2248 5449 2422 5504 usque
2454 5433 2608 5489 nobis
2635 5431 3061 5488 misericordiam
3087 5431 3367 5502 largiatur.

2322 5527 2376 5581 Μ
2385 5509 2570 5582 ἱεὲνενε
2591 5527 2772 5592 nostri,
2803 5525 3042 5592 Domine,
3069 5526 3309 5580 miserere
3339 5523 3520 5593 nostri,
3548 5524 3673 5596 quia
3698 5520 3816 5576 mul-

2247 5628 2355 5674 tum
2395 5619 2577 5689 repleti
2618 5635 2797 5674 sumus
2841 5627 3158 5685 contemptu.
3205 5618 3258 5673 Id
3296 5627 3404 5683 est,
3435 5616 3814 5688 desperatione,

2245 5715 2370 5786 quia
2401 5711 2573 5766 sancti
2601 5711 2974 5782 despiciuntur
3001 5725 3031 5764 a
3061 5710 3221 5766 malis
3253 5709 3588 5766 hominibus.

2321 5803 2643 5874 Multumque
2678 5804 2874 5874 repleta
2913 5813 2984 5859 est
3025 5803 3202 5857 anima
3245 5813 3462 5860 nostra:
3492 5801 3816 5873 opprobrium
