4008 6336
258 364 281 420 I
295 358 397 419 209

249 470 631 533 abundantibus
653 510 667 536 ,
702 476 749 523 et
787 461 1042 538 despectio
1077 458 1330 531 superbis.

251 570 454 628 divitiis
491 567 657 630 dicit,
688 562 783 619 sed
813 575 908 617 eos
947 558 1041 630 qui
1083 553 1360 611 abundant
1402 552 1457 605 in
1505 545 1731 610 malitia,
1762 541 1844 598 illi

252 662 560 733 despiciunt
583 670 849 729 pauperes
883 650 1110 708 Christi.
1145 647 1350 703 Divites
1369 640 1679 713 despiciunt.
1710 652 1845 708 pau-

250 770 410 828 peres
428 799 442 823 ,
468 760 529 807 et
554 748 777 821 superbi
815 747 913 828 des

250 848 421 906 multa
448 842 742 918 approbria
773 828 966 897 conti'a
996 843 1237 893 sanctam
1272 828 1597 887 Ecclesiam.

757 948 1076 1010 PSALMUS
1112 944 1348 1004 CXXIII.

255 1054 528 1111 Canticum
555 1049 833 1126 graduum.
864 1044 1239 1126 Iste_psalm_ns
1260 1039 1476 1126 quintus
1502 1028 1847 1126 ascensionis

326 1105 660 1195 animus,
683 1124 919 1195 edocens
941 1105 1113 1195 virum
1140 1105 1293 1195 illum
1315 1109 1529 1195 ﬁdelem
1557 1105 1843 1195 prolijcere,

325 1177 415 1269 qui
438 1177 547 1269 cper
567 1177 927 1269 elevationem
949 1185 1309 1269 spiritualium
1334 1180 1630 1269 ocullnriun.
1646 1177 1710 1232 ad
1736 1189 1849 1258 cm-

327 1248 511 1325 lorum
520 1248 893 1321 habitatorem
924 1248 1184 1317 evincens
1214 1267 1405 1310 clunes
1434 1250 1713 1305 diabolica:
1748 1248 1847 1317 irp-

326 1340 603 1397 missionis
631 1337 877 1401 insidias,
908 1334 980 1387 ita
1012 1328 1294 1387 exorditur
1320 1326 1511 1380 dicens
1544 1339 1558 1376 :

329 1455 453 1511 Nisi
472 1454 598 1527 quia
632 1451 878 1506 Dominus
900 1454 1009 1503 erat
1037 1446 1092 1500 in
1118 1442 1264 1498 nobis
1287 1456 1305 1496 :
1327 1440 1467 1495 dicat
1494 1451 1627 1492 nunc
1651 1432 1843 1489 Israel.

257 1553 404 1609 Bene
430 1551 483 1607 in
516 1550 673 1606 nobis
704 1546 965 1602 Dominus
987 1541 1220 1605 habitat,
1250 1537 1297 1593 si
1322 1551 1446 1593 eum
1469 1540 1666 1589 sanctae
1700 1546 1851 1586 men-

258 1646 329 1703 tis
369 1641 837 1713 contemplatione
880 1636 1227 1708 suspicimus.
1268 1631 1391 1690 Nisi
1426 1629 1551 1702 quia
1596 1626 1851 1682 Dominus

257 1742 449 1797 eratin
484 1738 648 1805 nobis,
673 1752 788 1791 cum
818 1738 1149 1803 exsurgerent
1185 1725 1414 1781 homines
1440 1724 1493 1778 in
1521 1737 1614 1776 nos
1647 1737 1664 1774 :
1695 1719 1853 1791 [orsi-

1165 336 1597 403 BREVIAIIIUM
1634 334 1704 395 IN
1744 327 2078 391 PSAIAIOS.
2119 322 2370 383 PSALM.
2410 318 2624 378 CXXV.

1378 454 1494 511 Non
1544 460 1748 507 tantum
1788 448 1843 502 in
1870 452 1927 510 Α
2022 451 2184 507 tatur,
2215 447 2293 507 ut,
2326 437 2537 511 relictis
2555 432 2905 511 smcularibus
2924 426 3129 496 causis,
3153 423 3210 511 in
3226 423 3395 480 Deum
3426 430 3542 479 tan-

3400 301 3539 362 1210

2020 523 2131 570 ιυω
2161 497 2375 569 omnem
2404 506 2791 565 conﬁdentiam
2818 502 3139 571 habeamus,
3158 497 3350 555 dicens
3383 512 3398 551 :

2021 627 2122 695 Qui
2145 625 2410 698 conﬁdunt
2437 624 2491 678 in
2513 621 2739 676 Domino
2756 619 2891 674 sicut
2914 633 3058 672 mons
3082 613 3214 671 Sion
3236 628 3252 666 :
3276 627 3379 667 non
3400 623 3546 664 corn-

957 745 1126 801 iciunt
1151 738 1410 804 humiles,
1436 709 1493 791 et
1524 732 1629 806 ipsi
1657 732 1848 788 dicunt
1947 722 2230 779 movebitur
2257 721 2310 774 in
2341 729 2616 775 internum.
2651 715 2814 778 Sion,
2858 709 3096 769 Ecclesia
3122 726 3137 764 :
3168 721 3325 763 mons
3354 712 3541 760 autem

1942 816 2103 889 juxta
2142 812 2448 877 Danielem,
2476 809 2729 865 Christus
2758 805 3025 862 Dominus
3069 800 3245 875 (Dan.
3275 798 3369 868 tt).
3402 796 3543 867 Ergo

1947 888 2039 982 qui
2070 910 2124 965 in
2145 922 2269 983 eum
2294 915 2462 962 totam
2484 918 2635 976 spem
2660 907 2889 972 ponunt,
2917 912 3026 952 non
3052 900 3462 953 commoventur
3484 888 3542 944 in

1951 980 2270 1074 perpetuum
2301 1017 2315 1054 :
2339 998 2461 1070 quia
2492 992 2806 1052 coniormes
2832 988 3147 1046 efﬁciuntur
3171 980 3392 1053 corpori
3420 980 3544 1051 glo—

1950 1070 2208 1166 ritcvejus.
2245 1091 2346 1160 Qui
2390 1090 2586 1145 habitat
2618 1088 2671 1141 in
2705 1075 3038 1140 Jerusalem.’
3058 1080 3116 1135 In
3148 1079 3263 1146 ipsa
3294 1070 3537 1130 Ecclesia

1951 1198 2125 1247 matre
2151 1197 2361 1255 nostra,
2388 1200 2509 1259 qute
2531 1198 2743 1239 sursum
2773 1188 2880 1247 est,
2904 1178 3079 1233 libera
3102 1172 3303 1247 (Galat.
3334 1169 3436 1240 tv).

2025 1282 2229 1338 Montes
2254 1282 2309 1336 in
2333 1281 2557 1335 circuitu
2588 1280 2723 1351 ejus.
2760 1271 3035 1331 Custodise
3078 1280 3419 1331 sanctorum,
3445 1275 3545 1317 an-

1951 1376 2218 1449 gelorum,
2243 1375 2655 1445 prophetarum,
2680 1368 3181 1438 apostolorumqne,
3204 1375 3327 1432 quae
3346 1358 3398 1412 in
3430 1369 3549 1412 mo-

1952 1471 2079 1527 dum
2118 1467 2459 1541 proceritatis
2498 1473 2769 1520 montana:
2813 1458 3221 1530 superetttinent
3245 1448 3458 1508 cunctis
3488 1446 3544 1503 in

1954 1563 2261 1623 sanctitate.
2294 1560 2359 1615 Et
2387 1558 2638 1613 Dominus
2674 1556 2727 1610 in
2763 1553 2979 1609 circuitu
3011 1546 3194 1622 populi
3220 1545 3328 1613 sui,
3356 1558 3422 1598 ea;
3448 1542 3546 1595 ltoc

1956 1674 2090 1714 nunc
2113 1666 2163 1713 et
2188 1671 2352 1728 usque
2382 1656 2438 1709 in
2464 1651 2733 1708 sacculum.
2764 1648 2914 1706 Sicut
2944 1648 3060 1718 ipse
3087 1640 3329 1716 polliceri
3359 1637 3552 1708 digna-

1957 1761 2045 1809 tus
2082 1760 2185 1820 est,
2221 1750 2408 1806 dicens
2435 1765 2448 1804 :
2474 1746 2616 1802 Ecce
2654 1759 2755 1816 ego
2791 1742 3071 1798 vobiscum
3116 1750 3238 1793 sum
3279 1746 3448 1804 usque
3490 1730 3546 1786 in

256 1844 348 1890 tan
370 1834 509 1888 viros
531 1830 869 1902 deglutissent
904 1841 1017 1880 nos.
1060 1823 1175 1879 Non
1212 1833 1404 1876 carnes
1439 1824 1654 1873 nostras
1681 1815 1851 1870 devo-
1886 1853 1931 1914 Β
1958 1815 2484 1901 consummationem
2510 1815 2905 1908 smeuuqua“.
2940 1831 3085 1902 ut”.

260 1942 384 1983 rare
410 1926 593 1983 conati
616 1932 744 1980 sunt
765 1920 948 1992 impii;
979 1916 1074 1974 sed
1099 1915 1307 1971 animas
1329 1927 1424 1981 per
1451 1909 1854 1981 instigationem

259 2019 528 2077 scelerum
555 2016 850 2089 deglutire;
882 2011 976 2069 sed
1006 2009 1180 2081 erepti
1204 2020 1393 2065 sumus
1413 2005 1480 2061 ab
1504 2004 1588 2059 his
1613 2018 1708 2074 per
1730 2017 1854 2056 eum

261 2115 353 2185 qui
383 2120 505 2169 erat
526 2112 578 2167 in
601 2110 778 2166 nobis.
811 2107 907 2165 Cui
936 2105 1005 2160 ob
1026 2104 1130 2160 hoc
1149 2103 1340 2174 gratia:
1366 2097 1666 2156 referendae
1692 2104 1823 2153 sunt
1842 2108 1879 2148 ε’

261 2205 391 2279 quia
416 2204 588 2277 gratia
618 2203 736 2274 ejus
763 2200 954 2259 salvati
974 2213 1183 2255 sumus.

336 2295 466 2353 Cum
493 2299 800 2353 irasceretur
829 2296 1030 2349 animus
1060 2308 1238 2348 eorum
1266 2290 1514 2346 adversus
1543 2305 1638 2345 nos
1662 2306 1682 2345 :
1707 2288 1861 2362 forsi-

264 2403 354 2449 tan
385 2402 440 2447 ut
462 2408 599 2463 aqua
622 2390 1003 2446 absorbuissent
1030 2403 1143 2442 nos.
1167 2382 1576 2441 Commotiones
1598 2383 1861 2438 malarum

265 2486 557 2549 mentium.
581 2486 673 2558 qui
703 2492 923 2539 sanctos
952 2481 1047 2539 Dei
1077 2480 1373 2536 absorbere
1405 2486 1675 2547 quaerunt,
1706 2476 1861 2547 aquis

266 2587 691 2652 comparantur;
724 2576 819 2635 sed
845 2576 1122 2633 habitante
1152 2573 1206 2629 in
1238 2570 1442 2628 sanctis
1468 2569 1733 2637 Domino,
1764 2571 1865 2626 tle-

267 2688 456 2731 orsum
489 2672 729 2729 deﬂuunt
759 2681 813 2727 et
838 2670 1154 2727 decurrunt.

340 2766 642 2822 Torrentem
669 2764 993 2837 pertransivit
1019 2764 1194 2817 anima
1221 2772 1418 2818 nostra.
1447 2759 1638 2816 Melius
1669 2761 1723 2813 in
1754 2758 1864 2813 Ile-

271 2863 422 2918 Ιπωο
444 2862 648 2918 habet:
680 2859 907 2916 Torrens
948 2858 1281 2931 pertransivit
1321 2872 1473 2928 super
1505 2855 1732 2910 animant
1772 2870 1867 2908 no-

270 2968 435 3012 stram
468 2972 487 3011 :
522 2953 666 3025 quod
697 2952 909 3010 scilicet
938 2951 1094 3008 multi
1122 2949 1480 3006 tentatiouum
1507 2948 1750 3004 turbines
1774 2962 1869 3003 su-

270 3065 374 3122 per
416 3048 655 3103 animam
696 3046 816 3116 ejus
866 3045 1231 3108 transierunt,
1267 3057 1369 3098 nec
1406 3048 1703 3111 potuerunt
1745 3053 1867 3095 eam

246 3134 494 3205 'uecare,
520 3139 668 3210 justo
695 3137 912 3196 dicente
943 3156 956 3194 :
988 3136 1109 3192 Nisi
1135 3137 1257 3208 quia
1287 3134 1543 3191 Dominus
1563 3144 1676 3188 erat
1701 3134 1753 3188 in
1775 3149 1872 3187 no-

2035 1938 2173 2007 Quia
2201 1952 2306 1991 non
2328 1933 2579 2003 relinquet
2602 1929 2857 1987 Dominus
2876 1927 3072 1999 virgam
3104 1929 3429 1993 peccatorum
3464 1932 3552 1971 su-

1963 2048 2057 2104 per
2082 2039 2269 2087 sortem
2294 2030 2582 2102 justorum.
2617 2023 2723 2079 Pro
2750 2023 2896 2093 uirga
2923 2020 2974 2073 in
3006 2016 3265 2080 Hebraeo,
3297 2020 3555 2082 sceptrum

1963 2102 2146 2182 habet.
2183 2125 2296 2179 lIoc
2325 2130 2411 2178 est
2442 2135 2577 2190 ergo
2606 2116 2747 2189 quod
2790 2114 3024 2186 petimus
3057 2129 3069 2163 :
3101 2124 3170 2164 ne
3201 2119 3303 2163 nos
3332 2102 3557 2160 inducas

1962 2220 2017 2276 in
2047 2217 2427 2280 teutationem,
2461 2228 2620 2284 quam
2650 2208 2882 2265 suﬁ‘erre
2905 2220 3010 2261 non
3042 2200 3332 2273 possimus.
3369 2194 3437 2252 Ut
3457 2210 3559 2251 non

1962 2302 2241 2368 extendant
2252 2308 2385 2381 justi
2407 2307 2477 2360 ad
2499 2303 2830 2375 iniquitatem
2859 2314 3045 2354 manus
3065 2311 3209 2353 suas.
3239 2290 3312 2350 Ut
3341 2306 3447 2346 non
3472 2302 3561 2345 co-
3665 2354 3679 2359 ξ

1963 2407 2134 2479 gitent
2165 2423 2177 2457 :
2208 2403 2336 2476 quid
2368 2401 2499 2463 mihi
2529 2398 2755 2472 prodest
2784 2394 2929 2467 quod
2958 2393 3139 2465 justus
3165 2403 3311 2455 sum,
3339 2386 3384 2441 si
3414 2399 3561 2442 sem-

1964 2517 2063 2574 per
2095 2507 2497 2573 persequantur
2529 2511 2619 2552 me
2647 2493 2856 2564 iniqui?
2886 2489 2954 2547 Ut
2990 2506 3095 2544 non
3132 2485 3432 2550 extendant,
3456 2481 3563 2537 hoc

1966 2606 2070 2662 est,
2103 2605 2164 2650 ut
2187 2592 2487 2648 sustineant
2516 2590 2712 2657 malos,
2734 2596 2789 2644 et
2821 2601 2929 2643 non
2953 2583 3153 2640 iaciant
3179 2579 3343 2637 mala.

2040 2688 2299 2754 Benefac,
2343 2686 2597 2753 Domine,
2644 2683 2793 2740 bonis
2835 2691 2886 2736 et
2922 2680 3074 2735 rectis
3112 2676 3290 2732 corde.
3330 2672 3432 2743 Qui
3475 2669 3564 2728 vel

1969 2787 2095 2843 boni
2122 2794 2251 2842 sunt
2277 2785 2331 2840 in
2360 2798 2547 2855 opere,
2573 2781 2659 2837 vel
2685 2779 2819 2836 recti
2845 2777 3119 2834 habentur
3141 2776 3192 2829 in
3218 2772 3345 2828 ﬁde.

2040 2879 2371 2934 Declinantcs
2391 2887 2567 2932 autem
2595 2876 2651 2931 in
2672 2873 3010 2947 obligationes
3032 2868 3255 2923 adducet
3286 2856 3564 2921 Dominus.

1969 2975 2077 3031 Pro
2103 2972 2550 3045 Obligalionibus,
2579 2979 2605 3007 α
2635 2968 2827 3040 Aquila
2857 2965 3139 3025 διαπλοκὰς
3178 2962 3564 3028 interpretatus

1971 3078 2056 3126 est
2081 3086 2092 3121 :
2115 3064 2475 3140 Symmachus
2505 3063 2862 3128 σκολιότητας,
2885 3058 3071 3130 quinta
3097 3054 3263 3112 editio
3287 3052 3568 3133 διεστραμ-

1973 3164 2120 3235 μένα.
2145 3160 2275 3215 Cum
2297 3156 2628 3227 operantibus
2652 3155 2992 3225 iniquitatem.
3025 3149 3088 3205 lIi
3109 3150 3202 3220 qui
3226 3162 3256 3202 a
3279 3144 3566 3218 praeceptis

272 3236 349 3290 bis
376 3250 396 3290 :
426 3234 567 3289 dicat
605 3249 742 3288 nunc
777 3230 963 3287 Israel.
1013 3228 1256 3285 Forsitan
1292 3228 1653 3298 pertransisset
1692 3227 1866 3281 anima
1973 3227 2067 3309 hei
2108 3250 2413 3317 declinant,
2445 3248 2790 3304 adducumur
2817 3259 2939 3301 cum
2970 3242 3053 3298 his
3082 3241 3173 3312 qui
3203 3239 3375 3295 Deum
3405 3238 3565 3307 ίΒηο-

269 3336 453 3384 nostra
503 3343 692 3400 aquam
753 3324 1147 3381 intolerabilem.
1205 3322 1442 3379 Verbum
1500 3322 1867 3378 ἀνυπόστντον

270 3420 413 3493 apud
444 3419 665 3477 Grazcos
685 3418 994 3491 ambiguum
1018 3427 1101 3473 est
1130 3434 1145 3472 :
1173 3424 1228 3473 et
1262 3421 1444 3487 potest
1468 3428 1691 3481 sonare,
1724 3412 1867 3484 quod

268 3514 557 3579 subsistat,
588 3521 644 3569 et
667 3510 812 3585 quod
845 3510 1189 3567 intolerabile
1215 3510 1308 3575 sit,
1334 3508 1437 3564 hoc
1464 3517 1569 3574 est,
1592 3507 1735 3579 quod
1767 3522 1868 3563 ne-

269 3624 364 3666 mo
395 3607 541 3664 l'erre
569 3615 751 3678 queat.
786 3605 894 3662 Pro
921 3620 1027 3677 quo
1057 3612 1112 3661 et
1138 3602 1336 3675 Aquila
1374 3611 1430 3659 et
1471 3600 1864 3675 Symmachus,

269 3711 329 3760 et
362 3701 696 3767 Theodotio,
729 3706 786 3756 et
824 3713 1015 3756 omnes
1056 3698 1385 3768 interpretes
1425 3695 1539 3767 pari
1567 3710 1702 3750 voce
1736 3708 1869 3749 con-

269 3797 523 3854 sentiunt
547 3813 559 3848 :
583 3793 846 3866 superbas
865 3806 1034 3864 aquas
1055 3802 1109 3848 et
1131 3799 1435 3863 arrogantes
1459 3803 1557 3860 pro
1571 3789 1868 3846 ἀνυπόστα-

269 3915 363 3950 τον
390 3890 798 3949 transferentes.

344 3984 655 4040 Benedictus
680 3980 960 4048 Dominus,
983 3980 1074 4053 qui
1097 3995 1200 4034 non
1228 3978 1374 4033 dedit
1395 3993 1488 4032 nos
1515 3976 1569 4031 in
1599 3983 1866 4046 capturum

270 4078 511 4154 dentibus
538 4093 733 4132 eorum.
767 4076 973 4132 Horum
1003 4074 1324 4131 torrentium
1357 4073 1581 4139 dentes,
1613 4085 1869 4125 numero-

269 4173 408 4230 sitas
434 4179 518 4228 est
544 4171 822 4240 vitiorum,
851 4184 881 4225 a
913 4169 1114 4242 quibus
1136 4183 1205 4225 ne
1234 4167 1546 4239 capiamur,
1574 4165 1747 4239 gratia
1773 4165 1867 4221 Dei

270 4280 540 4322 ernumur.

345 4359 537 4414 Anima
558 4366 754 4426 nostra,
793 4356 928 4412 sicut
956 4371 1153 4429 passer,
1185 4362 1360 4428 erepta
1389 4362 1464 4408 est
1494 4351 1557 4407 de
1579 4352 1761 4422 laqueo
1785 4367 1870 4406 ve-

268 4453 535 4509 nantium.
567 4450 889 4508 Tenduntur
924 4448 1080 4505 uobis
1107 4449 1285 4519 laquei
1324 4448 1378 4501 in
1407 4446 1869 4517 concupiscentiis

269 4561 340 4603 ac
359 4545 589 4600 diversis
630 4542 919 4599 diabolicae
942 4542 1155 4597 astutia:
1180 4540 1358 4608 dolis;
1390 4539 1486 4597 sed
1507 4540 1747 4594 contrito
1768 4538 1868 4595 Sa-

1970 3353 2115 3412 rant,
2160 3350 2220 3398 ut
2242 3341 2410 3397 simili
2432 3339 2703 3396 sententia
2735 3336 3019 3392 feriantur.
3057 3331 3177 3386 Pas:
3198 3347 3355 3403 super
3376 3327 3565 3384 Israel.

1967 3436 2217 3494 Christus
2244 3436 2506 3491 Dominus
2531 3441 2616 3491 est
2648 3430 2749 3501 pax
2781 3440 2966 3486 nostra
2996 3426 3216 3501 (Ephes.
3246 3427 3329 3496 tt),
3355 3424 3447 3497 qui
3470 3438 3569 3478 au-

1968 3531 2149 3589 ferens
2184 3530 2478 3586 maceriam
2516 3526 2814 3583 inimicitia:
2846 3522 2916 3580 de
2955 3520 3135 3578 medio
3167 3518 3477 3575 .ludzeorum
3506 3528 3570 3571 ac

1966 3626 2232 3698 gentium,
2263 3622 2390 3680 fecit
2429 3631 2662 3693 utraque
2718 3632 2885 3673 unum
2905 3658 2920 3686 ,
2954 3612 3102 3687 quod
3131 3622 3248 3670 erat
3277 3618 3403 3668 ante
3430 3606 3573 3666 divi-

1968 3735 2110 3775 sum.
2471 3803 2792 3863 PSALMUS
2831 3797 3048 3857 CXXV.

1969 3926 2240 3983 Canticum
2268 3922 2549 3996 graduum.
2583 3916 2957 3996 Iste_psa|mus
2987 3912 3249 3995 septimus
3274 3907 3566 3996 gradatim,

2042 3979 2568 4068 profertvcanticum
2622 3979 2731 4068 ‘vel'
2779 3979 3070 4068 ascensum
3133 3982 3185 4037 in
3236 3979 3344 4065 quo
3377 3979 3571 4068 'l‘idel'is

2040 4050 2521 4125 animaadversus
2556 4062 2843 4118 criminum
2873 4055 3246 4129 captivitatem
3291 4051 3347 4107 in
3377 4050 3567 4106 Domi-

2043 4157 2171 4197 num
2205 4138 2463 4203 exsultat,
2492 4144 2549 4191 et
2576 4133 2707 4190 dicit
2743 4151 2753 4185 :

2045 4252 2113 4308 In
2141 4249 2480 4308 convertenda
2515 4246 2774 4303 Dominus
2800 4241 3149 4316 captivitatem
3180 4237 3333 4295 Sion.
3365 4236 3569 4294 Perva-

1973 4358 2123 4406 serat
2148 4348 2294 4405 enim
2326 4345 2642 4401 universum
2690 4337 2949 4395 mundum
2990 4344 3151 4391 vetus
3177 4332 3466 4403 captivitas
3495 4330 3575 4385 vi-

1973 4442 2199 4503 tiorum;
2230 4439 2327 4495 sed
2356 4439 2671 4495 lncescente
2708 4432 2866 4488 nobis
2895 4430 3011 4486 sole
3043 4425 3297 4497 justitize,
3336 4423 3568 4495 eﬁ‘ugata

1975 4548 2082 4596 est.
2096 4537 2186 4593 Sic
2205 4544 2258 4592 et
2280 4532 2550 4599 Ecclesia,
2565 4545 2686 4600 qua:
2706 4525 3023 4599 specialiter
3044 4520 3178 4579 Sion
3202 4526 3572 4589 nuncupatur,

274 4647 401 4694 lana
423 4636 525 4693 sub
548 4636 773 4707 pedibus
792 4634 1019 4702 nostris,
1040 4633 1180 4689 sicut
1204 4646 1392 4704 passer
1413 4648 1443 4689 a
1464 4632 1718 4704 capiente
1739 4647 1869 4688 evo—
1897 4652 1950 4714 ι)
1973 4630 2242 4701 apparuit.
2278 4624 2436 4681 Facti
2458 4639 2633 4680 sumus
2662 4620 2793 4677 sicut
2839 4615 3110 4674 consolati.
3146 4615 3255 4670 Pro
3295 4610 3572 4679 consolati,

271 4732 454 4787 lamus
473 4731 542 4787 ab
568 4729 693 4786 illis.
721 4730 811 4786 Sic
836 4728 981 4785 enim
1011 4730 1290 4800 sequitur:

349 4822 585 4895 Laqueus
606 4825 858 4879 contritus
878 4830 974 4891 est,
997 4830 1045 4876 et
1067 4838 1160 4877 nos
1182 4822 1383 4878 liberati
1409 4838 1606 4877 sumus.
1638 4821 1694 4878 Si
1722 4822 1868 4877 enim

273 4917 538 4975 Dominus
560 4916 767 4973 habitet
793 4917 847 4971 in
871 4915 1027 4971 nobis
1054 4933 1067 4971 :
1092 4914 1209 4985 ipse
1232 4913 1314 4988 (ut
1332 4914 1613 4989 diximusi
1632 4912 1732 4969 hos
1760 4913 1869 4970 dis-

272 5019 491 5081 rumpet
522 5014 762 5081 laqueos,
790 5025 857 5064 ne
887 5023 988 5064 nos
1016 5006 1337 5079 impediant.

346 5104 678 5176 Adjutorium
713 5110 947 5157 nostrum
986 5102 1042 5157 in
1081 5102 1286 5156 nomine
1325 5098 1539 5154 Domini
1572 5114 1591 5155 :
1619 5099 1706 5169 qui
1746 5099 1868 5168 fecit

272 5196 458 5251 caelum
479 5205 525 5250 et
554 5205 765 5250 terram.
800 5193 913 5249 Hoc
933 5203 1019 5249 est
1040 5207 1236 5248 nomen
1255 5192 1400 5263 quod
1418 5201 1501 5247 est
1521 5206 1684 5263 super
1705 5207 1866 5248 omne

274 5303 498 5345 nomen.
531 5288 701 5360 llujus
730 5285 966 5343 nominis
1005 5285 1315 5357 adiutorio,
1358 5282 1551 5339 mortis
1581 5284 1872 5342 vincuntur

274 5382 478 5453 laquei,
507 5382 552 5439 si
579 5381 635 5437 in
658 5382 753 5438 illo
779 5395 1099 5437 maneamus
1126 5379 1300 5436 aﬁixi.

776 5491 1099 5550 PSALMUS
1135 5490 1377 5549 CXXIV.

274 5588 547 5664 Canticum
580 5587 858 5664 graduum.
897 5586 1012 5664 Iste
1040 5588 1279 5657 psalmus
1317 5594 1509 5664 sextus
1553 5586 1786 5664 habetur
1815 5585 1870 5642 in

347 5658 892 5733 canticis'graduum,
923 5659 1015 5730 qui
1037 5674 1107 5716 ex
1129 5674 1266 5716 voce
1299 5660 1580 5730 prophetas
1609 5671 1708 5713 nos
1735 5658 1867 5713 hor-

1973 4739 2164 4782 omnes
2213 4722 2412 4791 pariter
2457 4717 2751 4783 editiones,
2793 4713 3110 4769 somniantes
3154 4705 3571 4764 transtulerunt.

1974 4824 2041 4880 Et
2070 4820 2295 4892 pulchre
2323 4815 2695 4881 somniantes;
2729 4810 2971 4868 nondum
3001 4818 3084 4864 est
3113 4807 3261 4863 enim
3296 4804 3452 4876 plena
3482 4801 3576 4857 la:-

1973 4917 2110 4981 titia,
2140 4915 2193 4971 in
2218 4911 2530 4983 captivitate
2558 4905 2787 4975 reliquis
2813 4901 3147 4961 constitutis.

2043 5006 2193 5063 Tunc
2230 5005 2477 5077 repletum
2517 5008 2591 5057 est
2636 4999 2831 5074 gaudio
2881 5014 2936 5051 os
2985 5002 3217 5050 nostrum
3250 5007 3268 5044 :
3299 4998 3347 5044 et
3392 4987 3574 5059 lingua

1973 5108 2152 5156 nostra
2189 5096 2554 5153 exsultatione.
2606 5092 2653 5148 A
2691 5088 2962 5163 Spirituali
3004 5096 3060 5143 et
3108 5084 3316 5140 inﬁnita
3358 5080 3573 5137 laetitia.

1979 5193 2079 5250 Vel
2107 5208 2168 5248 os
2198 5199 2464 5255 nostrum,
2489 5189 2573 5245 vel
2601 5189 2781 5259 lingua
2815 5184 3056 5255 repletur
3086 5198 3098 5233 :
3128 5180 3252 5251 quia
3283 5191 3391 5233 non
3419 5174 3575 5231 sufﬁ-

1978 5288 2053 5344 cit
2079 5295 2254 5343 tantas
2282 5285 2556 5355 esplicare
2586 5280 2776 5337 Iaudes
2808 5292 2905 5349 pro
2936 5274 3107 5346 gratia
3137 5285 3244 5344 qua
3275 5269 3571 5325 salvamnr.

2048 5380 2193 5436 Tunc
2222 5380 2393 5434 dicent
2430 5378 2563 5433 inter
2588 5382 2783 5448 gentes,
2816 5367 3171 5440 Magnificam
3203 5362 3462 5418 Dominus
3489 5361 3573 5431 fa-

1979 5492 2092 5532 cere
2114 5492 2227 5529 cum
2253 5473 2381 5529 illis.
2402 5471 2457 5528 Si
2486 5470 2655 5533 enim,
2684 5463 2890 5522 relictis
2915 5459 3268 5525 transitoriis,
3287 5470 3439 5528 apem
3461 5454 3575 5510 col-

1977 5569 2221 5626 locemus
2264 5568 2317 5622 in
2350 5559 2727 5633 sempiternis,
2773 5566 2902 5613 tunc
2944 5554 3148 5612 dicitur
3173 5551 3300 5624 quia
3348 5561 3576 5619 magnos

1978 5676 2077 5718 nos
2092 5660 2214 5717 fecit
2242 5657 2528 5721 Dominus,
2550 5651 2867 5725 captivitate
2892 5648 3141 5719 depulsa,
3162 5654 3218 5702 et
3238 5644 3381 5701 sicut
3399 5654 3577 5713 quon-

348 5835 377 5864 ι
409 5824 521 5880 Hoc
548 5823 668 5879 loco
695 5837 802 5879 non
822 5831 1115 5894 potuerunt
1139 5821 1410 5879 editiones
1439 5831 1652 5879 veteres
1681 5821 1972 5880 restituere
2006 5836 2167 5880 voces
2198 5822 2551 5894 interpretum
2575 5832 2897 5890 graecorum,
2932 5829 3053 5887 quas
3081 5813 3338 5885 leguntur
3360 5810 3411 5865 in
3438 5823 3571 5865 mss.

274 5895 555 5957 codicibus
579 5895 781 5952 nostris
805 5893 1077 5967 paululum
1103 5894 1416 5965 depravata.
1447 5894 1630 5953 Mur.
1696 5963 1704 5968 η
