4008 6336
469 284 605 345 1211

1258 283 1606 348 APPENDIX
1645 285 1735 345 AD
1773 284 2019 346 TOMUM
2057 282 2414 345 SEPTIMUM
2457 286 2513 347 8.
2558 286 2961 350 HIERONYMI,

3594 303 3717 365 ιω

472 408 597 465 dam
627 416 819 480 gentes
856 408 1054 466 timore
1079 410 1279 465 territa
1317 409 1386 465 de
1412 408 1708 465 Israelitico
1749 406 1952 479 populo
1988 404 2069 461 lo-
2096 404 2143 470 Α
2174 403 2556 465 humiliatione
2583 407 2890 479 quiescitis,
2935 408 3253 479 elevamini,
3293 427 3386 473 vos
3412 415 3497 484 qut
3522 417 3571 475 in
3604 434 3711 491 pec.

472 502 780 575 quebantur
818 502 1064 560 dicentes
1098 522 1111 559 :
1152 503 1390 561 Sireavlt
1434 504 1574 560 Deus
1613 518 1783 574 aquas
1822 501 1989 557 maris
2018 509 2073 556 et

472 593 729 652 Jordauis
755 595 821 651 ad
854 596 1155 667 ingressum
1194 596 1429 653 filiorum
1465 596 1628 653 Israel
1660 593 1860 670 (Iosue
1890 595 1969 665 tt).
2012 592 2070 648 in

473 689 578 745 hoc
598 705 728 761 ergo
751 690 947 761 gaudio
967 691 1313 747 confitemur.

550 783 683 851 Quia
715 784 1064 858 magniﬁcanit
1104 783 1358 839 Dominus
1387 785 1555 855 facere
1585 782 1856 837 nobiseum
1888 796 1907 836 :
1945 779 2076 853 facti

472 894 652 933 sumus
681 879 934 933 laetantes.
962 877 1353 935 Serviebamus
1385 879 1534 950 prius
1558 875 1852 947 Pharaoni,
1888 876 1939 931 id
1965 882 2073 943 est,

470 972 878 1028 exterminatori
910 972 961 1027 in
991 971 1143 1027 duris
1168 972 1428 1042 operibus
1462 989 1475 1026 :
1506 987 1650 1029 nunc
1689 982 1874 1027 autem
1899 969 2073 1026 servi-

476 1080 598 1120 mus
639 1064 755 1136 regi
800 1065 1009 1122 cmlesti
1034 1108 1048 1133 ,
1088 1064 1248 1136 cujus
1289 1067 1475 1137 jugum
1515 1080 1679 1121 suave
1713 1073 1798 1125 est
1838 1072 1895 1120 et
1933 1077 2074 1121 onus

475 1156 598 1214 leve
630 1156 814 1230 (Matt.
848 1157 951 1227 ιι).

550 1248 815 1315 Converte,
854 1252 1095 1323 Domine,
1142 1254 1493 1323 captivitatem
1536 1260 1788 1307 nostram.
1818 1248 2075 1306 Commu-

478 1358 603 1399 nem
628 1358 688 1400 se
712 1344 1087 1415 captivitatem
1110 1345 1315 1401 habere
1335 1360 1459 1400 cum
1489 1343 1703 1415 reliquo
1726 1341 1927 1412 populo
1949 1355 2075 1412 pro-.

474 1437 638 1509 pheta
671 1437 866 1493 fatetur
901 1457 912 1491 :
946 1439 1071 1510 quia
1095 1439 1429 1509 compatitur
1451 1452 1614 1492 unum
1641 1436 1947 1491 membrum
1970 1449 2075 1490 cae.

477 1531 611 1587 teris
652 1532 932 1587 membris.
983 1531 1132 1588 Sicut
1171 1541 1371 1586 torrens
1402 1532 1457 1584 in
1499 1538 1695 1584 austro.
1731 1527 1884 1584 Sicut
1926 1526 2073 1583 enim

477 1621 645 1679 ﬂante
670 1632 856 1679 austro
886 1624 1170 1680 solventur
1198 1623 1431 1695 glacies;
1463 1633 1517 1678 et
1546 1609 1788 1693 impletis
1819 1619 2077 1676 torrenti.

476 1714 604 1784 bus,
650 1718 829 1773 omnis
889 1716 1087 1771 horror
1130 1732 1254 1772 cum
1297 1716 1497 1787 impetu
1545 1730 1651 1770 suo
1702 1712 1888 1770 deﬂuit
1940 1731 1952 1765 :
1996 1714 2075 1769 sic

2176 500 2334 562 catis,
2366 498 2450 557 vel
2500 508 2657 559 natus
2694 515 2850 567 esse.
2879 501 2963 557 vel
3004 501 3188 561 vivere
3218 505 3553 577 meministis,
3590 522 3637 573 et
3660 515 3717 577 ad

2176 594 2344 653 Deum
2383 595 2620 651 transire
2647 595 2998 655 desideratis.
3028 596 3160 666 Vel,
3192 599 3281 670 qui
3311 602 3615 661 utendueatis
3636 625 3719 679 μ.

2175 704 2290 743 nem
2315 686 2535 747 doloris.
2570 688 2676 744 Pro
2700 688 2902 757 dotare.
2936 689 3242 751 Theodotio
3275 702 3332 749 et
3371 695 3550 768 quinta
3577 699 3720 758 editio

2172 781 2314 835 idola
2336 782 2675 854 interpretati
2701 792 2830 841 sunt
2859 803 2872 841 :
2906 794 3065 843 sexta
3093 768 3248 854 iero,
3277 804 3518 845 errorem.
3544 792 3727 855 Sensus

2175 876 2358 948 itaque
2380 876 2535 947 juxta
2560 878 2865 949 simplicem
2900 878 3320 953 intelligentiam
3345 882 3443 937 iste
3471 895 3547 940 εει
3577 901 3590 938 :
3617 885 3726 945 Sine

2175 984 2340 1025 causa
2369 970 2613 1027 diluculo
2643 972 2711 1026 ad
2745 974 3009 1044 templum
3038 974 3288 1043 curritis,
3319 985 3374 1035 et
3420 975 3580 1038 Deum
3612 980 3725 1037 δάος

2175 1080 2298 1122 rare
2328 1081 2424 1121 vos
2449 1066 2703 1137 creditis,
2732 1068 2826 1139 qui
2858 1068 3005 1126 idola
3034 1070 3244 1141 pariter
3273 1069 3532 1139 adoratis,
3569 1083 3618 1131 et
3638 1074 3722 1131 im-

2176 1158 2382 1214 mundo
2413 1160 2713 1239 vescimini,
2729 1176 2894 1232 pane.

2243 1250 2375 1306 Cum
2391 1251 2591 1307 dederit
2618 1251 2822 1313 dilectis
2843 1254 2952 1311 suis
2979 1270 3220 1314 somnum
3253 1272 3267 1312 ε
3297 1257 3449 1327 quasi
3468 1257 3643 1331 aliquis
3658 1258 3729 1317 in-

2176 1353 2529 1416 terrogasset,
2553 1345 2771 1418 quando
2798 1348 2899 1401 hoc
2931 1346 2998 1402 sit
3031 1347 3256 1419 factum,
3288 1349 3338 1405 ei
3371 1350 3559 1406 dicitur
3588 1351 3730 1411 :Cttm

2174 1436 2374 1492 dederit
2405 1438 2605 1493 dilectis
2633 1439 2739 1493 suis
2768 1456 3031 1505 somnum.
3068 1439 3268 1497 Dilecti
3298 1443 3470 1498 sancti
3500 1453 3635 1512 sunt,
3655 1446 3729 1515 qui

2176 1538 2297 1599 post
2328 1544 2581 1586 somnum
2612 1531 2901 1602 prmsentis
2932 1532 3080 1600 vitaz,
3116 1531 3206 1588 hic
3248 1533 3544 1591 dormitare
3569 1536 3732 1593 viden-

2176 1634 2262 1680 tur
2294 1641 2307 1677 :
2343 1634 2401 1679 ut
2429 1625 2480 1681 in
2510 1628 2923 1682 resurrectione
2944 1627 3011 1681 ad
3037 1626 3202 1681 vitam
3228 1635 3489 1684 aeternam
3515 1645 3733 1686 merean-

2178 1730 2264 1774 tur
2286 1718 2592 1790 pervenire.
2616 1718 2752 1775 Ecce
2771 1719 3046 1775 ttaereditas
3066 1718 3283 1775 Domini
3305 1722 3402 1792 ﬁlii
3422 1739 3600 1778 merces
3614 1723 3735 1795 {ruc-

477 1808 643 1865 ﬂante
666 1809 869 1881 Spiritu
897 1817 1110 1875 saneto,
1136 1809 1423 1865 solvuntur
1446 1817 1662 1878 peccata
1694 1819 1881 1864 nostra
1919 1826 1930 1861 :
1963 1807 2072 1863 sci—
2102 1801 2151 1869 Β
2178 1823 2256 1866 tus
2276 1814 2486 1868 ventris.
2514 1811 2647 1867 Cum
2673 1814 2844 1867 sancti
2869 1812 2939 1869 ab
2963 1813 3066 1869 hoc
3090 1814 3298 1870 sacculo
3319 1828 3538 1887 accepto
3562 1817 3735 1888 quietis

476 1904 625 1972 licet,
659 1914 737 1971 ut,
779 1914 1000 1976 accepta
1041 1904 1388 1972 remissione,
1435 1902 1528 1958 liat
1561 1902 1719 1967 nobis
1757 1901 1894 1958 illud
1925 1900 2071 1973 quod
2174 1920 2367 1962 somno
2397 1905 2781 1972 discesserint,
2836 1915 2968 1962 tunc
3007 1906 3139 1962 (ient
3176 1906 3473 1964 hzcreditas
3511 1907 3731 1980 Domini,

479 1998 743 2068 scriptum
767 2006 850 2053 est
879 2018 889 2051 :
917 1997 1071 2055 Sicut
1095 1998 1296 2069 glacies
1321 1997 1372 2052 in
1398 2011 1617 2062 sereno,
1640 1996 1924 2053 solvuntur
1948 2008 2077 2065 pec-l-
2176 2000 2301 2071 quia
2328 2001 2440 2069 jam
2488 2016 2597 2056 non
2629 2000 2922 2069 subjacent
2962 2000 3381 2057 tentationibus.
3426 2002 3528 2058 Sed
3566 2012 3615 2058 et
3639 2001 3736 2072 ipse

481 2102 601 2148 cata
634 2102 722 2147 tua
755 2090 946 2165 (Eccti.
979 2092 1083 2164 ιιι).
2178 2098 2442 2153 Dominus
2467 2108 2623 2153 natus
2646 2114 2711 2153 ex
2732 2098 2982 2169 Virgine,
3008 2100 3184 2156 iactus
3205 2109 3288 2155 est
3309 2099 3515 2156 fructus
3534 2098 3735 2153 ventris.

557 2184 661 2251 Qui
688 2186 947 2241 mittant
970 2187 1023 2241 in
1051 2185 1318 2258 lacrumis,
1343 2186 1398 2239 in
1432 2184 1623 2257 gaudio
1645 2191 1867 2250 malent:
1896 2190 2074 2238 euntes
2178 2187 2345 2261 Cujus
2378 2200 2656 2261 assumpta
2678 2190 2989 2247 humanitas
3012 2190 3154 2247 hanc
3179 2191 3401 2263 accepit
3426 2189 3735 2247 mercedem:

480 2279 625 2334 ibant
649 2288 697 2332 et
732 2277 944 2349 ﬂebant,
982 2280 1239 2333 mittentes
1278 2278 1476 2333 sentina
1519 2294 1636 2331 sua.
1676 2275 1861 2332 Sancti
1913 2275 2078 2346 igitur
2181 2292 2239 2336 ut
2267 2290 2457 2352 gentes
2481 2293 2688 2337 vocatae
2715 2283 2771 2337 in
2804 2281 2950 2351 tiliis,
2980 2282 3091 2338 sint
3124 2283 3425 2339 haereditas
3450 2282 3583 2354 ejus.
3608 2280 3740 2336 Dedit

484 2370 582 2427 Dei
611 2372 1022 2426 seminaverunt
1044 2370 1096 2426 in
1121 2370 1377 2444 lacrymis
1406 2370 1797 2436 conteSsiunis,
1828 2377 1884 2425 et
1914 2370 1966 2424 in
1995 2368 2079 2424 di-
2179 2374 2280 2435 eis,
2317 2375 2512 2444 inquit,
2545 2382 2869 2445 potestatem
2904 2374 3044 2430 lilios
3076 2376 3168 2431 Dei
3202 2376 3317 2431 ﬂeri
3344 2374 3437 2447 qui
3463 2374 3675 2431 credunt
3696 2374 3740 2427 in

483 2465 660 2521 versis
685 2464 1040 2533 cruciatibus,
1075 2466 1126 2521 in
1165 2466 1414 2537 gentibus
1461 2466 1684 2521 verbum
1718 2463 1809 2520 Dei
1845 2483 1856 2518 ε
1886 2474 2082 2525 euntes

487 2569 544 2616 et
564 2560 760 2616 ﬂentes
788 2552 953 2632 super
980 2560 1237 2616 duritiam
1279 2560 1461 2615 cordis
1488 2576 1701 2624 eorum,
1734 2558 1877 2630 quod
1910 2559 1962 2614 in
1992 2556 2078 2613 lu-

484 2662 611 2711 turo
645 2669 767 2717 cum
809 2655 1213 2726 manipulorum
1242 2654 1504 2715 fructibus
1527 2655 1841 2725 portabunt,
1865 2654 2081 2709 dicente

489 2747 556 2803 ad
587 2762 683 2803 eos
708 2747 939 2804 Domino
971 2767 982 2802 :
1013 2747 1187 2804 Amen
1216 2748 1343 2804 dico
1381 2748 1564 2814 vobis,
1591 2749 1714 2820 quia
1757 2746 1956 2803 ﬂebitis
1984 2763 2082 2805 vos

489 2854 546 2901 et
577 2843 940 2899 lamentabilis
975 2861 989 2899 :
1021 2843 1253 2899 mundus
1283 2852 1461 2899 autem
1504 2842 1784 2914 gaudebit,
1825 2841 1919 2898 sed
1950 2840 2081 2898 tris-

488 2935 607 2991 titia
637 2947 816 2992 vestra
842 2935 896 2991 in
924 2935 1179 3009 gaudium
1208 2946 1562 2993 convertetur
1591 2936 1772 3010 (Joan.
1806 2938 1943 3008 xvr).
1976 2936 2079 3007 igis

493 3041 582 3086 tur
609 3041 661 3088 et
692 3047 790 3087 nos
814 3032 866 3086 in
899 3033 1250 3089 tribulatione
1270 3033 1598 3099 clamantes,
1625 3034 1904 3090 elevemus
1930 3048 2086 3089 men-

2183 2467 2405 2524 nomiue
2434 2469 2550 2539 ejus
2579 2468 2761 2541 (Joau.
2796 2467 2863 2541 ι).
2956 2482 2959 2485 '

2256 2559 2405 2617 Sicut
2442 2562 2643 2635 sagittw
2678 2564 2730 2617 in
2774 2580 2931 2617 manu
2976 2563 3231 2636 potentis,
3276 2563 3353 2617 ita
3398 2563 3495 2632 ﬁlii
3535 2577 3747 2616 mussa-

2180 2669 2318 2708 rum.
2347 2655 2645 2719 Exeussos,
2688 2656 2975 2726 expeditos
3021 2668 3073 2712 et
3116 2655 3402 2714 accinctos
3432 2654 3499 2710 ad
3528 2653 3744 2725 praelium

2186 2755 2365 2811 vocat,
2395 2748 2535 2817 quod
2561 2749 2785 2804 verbum
2812 2756 2869 2805 et
2894 2749 2959 2817 in
2994 2747 3189 2804 Esdra:
3228 2747 3390 2804 libris
3420 2747 3748 2820 Septuaginta

2184 2839 2509 2910 interpretes
2537 2841 2957 2896 transmierunt.
3750 2860 3755 2865 ’

2256 2930 2445 2986 Beatus
2490 2934 2568 2987 vir
2611 2933 2699 3005 qui
2732 2932 2969 3004 implevit
3008 2932 3322 2988 desiderium
3351 2949 3507 2987 suum
3546 2947 3605 2986 ea:
3639 2929 3743 2984 illis.

2186 3028 2295 3083 Pro
2333 3028 2589 3083 desiderio
2629 3027 2684 3083 in
2718 3028 2973 3100 Hebraeo,
3005 3028 3308 3101 pharetram
3340 3027 3523 3083 habet.
3553 3024 3621 3082 Ut
3641 3024 3767 3095 quia,

490 3123 561 3180 tis
585 3124 774 3183 oculos
796 3125 863 3180 ad
894 3127 1280 3183 auxiliatorem
1314 3128 1501 3195 Deum,
1528 3136 1588 3183 ut
1612 3137 1769 3183 eruat
1798 3143 1895 3183 nos
1918 3143 1946 3181 a
1978 3143 2084 3183 sas.
2187 3124 2416 3194 sagittas
2447 3124 2783 3194 praemiserat
2819 3124 2870 3178 in
2920 3121 3399 3193 comparationem
3444 3128 3748 3191 sanctorum,

492 3214 576 3270 vis
607 3215 860 3272 dentibus
900 3217 1206 3275 invidorum
1246 3238 1257 3272 :
1295 3218 1505 3275 auferat
1545 3235 1573 3273 a
1609 3220 1770 3275 nobis
1800 3228 2082 3291 sceptrum
2110 3195 2157 3263 Ct
2188 3228 2595 3288 consequenter
2618 3217 2933 3288 pharetram
2956 3215 3177 3288 sagittis
3210 3215 3418 3270 inierat
3439 3211 3747 3284 explendam.

492 3309 883 3369 dominationis
928 3312 1146 3381 inique,
1194 3320 1252 3367 ut
1279 3313 1434 3368 solita
1472 3314 1827 3369 miseratione
1859 3314 2080 3384 largita,

493 3403 624 3460 dum
673 3422 701 3465 a
741 3405 1058 3474 captivitate
1103 3406 1363 3485 vitiorum
1408 3408 1742 3463 absolvimur
1787 3426 1799 3461 :
1846 3408 2086 3465 scelestis

494 3497 794 3555 Jerusalem
844 3498 1073 3556 aediﬁcio
1111 3509 1386 3573 tamquam
1437 3502 1543 3557 vivi
1587 3501 1798 3573 lapides
1845 3517 2084 3561 connec-

495 3599 693 3646 tamur.

989 3686 1307 3763 PSALMUS
1347 3686 1585 3743 cxxvr.

494 3798 763 3855 Canticum
812 3799 1067 3868 graduum
1119 3800 1440 3855 Salomonis.
1482 3799 1625 3869 ideo
1680 3799 1922 3869 psalmus
1984 3800 2088 3856 iste

568 3870 877 3927 Salomonis
914 3871 1074 3927 titulo
1117 3881 1447 3941 pramotatur
1482 3868 1500 3925 ':
1548 3881 1605 3929 ut
1640 3873 1755 3942 ipse
1796 3871 2090 3935 fabricator

563 3943 749 4011 templi
787 3944 980 4000 doceat
1032 3958 1092 3999 se
1132 3959 1244 4016 non
1289 3946 1469 4000 valere
1506 3943 1922 4003 :cditicationetn
1966 3944 2089 4016 ejus

567 4028 951 4075 consummare
975 4016 1095 4073 sine
1127 4015 1344 4071 Domini
1376 4016 1604 4075 auxilio.

570 4148 693 4203 Nisi
721 4146 974 4204 Dominus
997 4150 1326 4221 cediﬁcaverit
1358 4151 1600 4220 domum,
1627 4151 1680 4205 in
1713 4168 1903 4206 vanum
1935 4151 2086 4207 labo-

496 4254 614 4299 rant
637 4246 724 4313 qui
741 4245 1001 4315 aediﬁcant
1021 4262 1154 4299 eam.
1173 4246 1281 4302 Nos
1296 4260 1503 4313 sumus,
1530 4246 1828 4303 secundum
1856 4244 2090 4319 Aposto-

496 4334 630 4403 ium,
659 4334 754 4390 Dei
787 4338 1046 4409 templum
1081 4357 1092 4390 :
1124 4338 1214 4409 qui
1245 4338 1347 4393 nisi
1390 4355 1485 4407 per
1517 4338 1805 4394 Dominum
1843 4349 2088 4394 nostrum

496 4427 683 4485 Jesum
707 4429 984 4485 Christum
1010 4429 1348 4486 acditicemur
1369 4446 1531 4502 super
1570 4430 1918 4495 fundamenta
1958 4446 2091 4501 apo-

497 4522 763 4578 stolorum
793 4533 842 4578 et
879 4523 1270 4597 prophetarum
1297 4524 1363 4597 (li
1385 4525 1504 4580 Cor.
1525 4524 1622 4596 vt),
1640 4527 1821 4583 inanis
1841 4526 1947 4582 erit
1968 4525 2087 4597 phl-

2188 3307 2310 3364 Non
2338 3310 2685 3381 confundetur
2719 3326 2836 3364 cum
2858 3310 3096 3377 loquetur
3137 3309 3370 3364 inimicis
3398 3309 3507 3363 suis
3534 3309 3583 3361 in
3607 3315 3748 3380 porto.

2186 3406 2373 3471 Porta,
2397 3403 2563 3474 jnttua
2594 3403 2708 3458 sive
2729 3404 2967 3459 ostium:
3002 3404 3118 3473 ipse
3137 3411 3223 3458 est
3252 3400 3348 3471 qui
3377 3402 3455 3456 ait
3484 3419 3495 3454 ε
3529 3400 3634 3469 Ego
3652 3411 3751 3451 sum

2187 3500 2410 3554 ostium'
2437 3513 2530 3568 per
2555 3512 2642 3552 me
2658 3499 2699 3550 si
2722 3496 3147 3568 quisintroierit,
3174 3491 3668 3566 salvabltur(.loan.
3686 3490 3765 3560 ι).⁶

2192 3593 2330 3661 Ergo
2370 3593 2459 3661 qui
2508 3591 2575 3647 dc
2613 3590 2735 3645 (iliis
2765 3603 3123 3645 CXCUSSOI'IIIII
3159 3587 3295 3644 “XIIS
3342 3588 3398 3642 in
3432 3586 3639 3644 Christo
3663 3592 3748 3650 cst,

2190 3699 2295 3740 non
2335 3682 2708 3738 confundetur
2749 3680 2803 3735 ln
2834 3679 2925 3734 die
2960 3678 3153 3751 judicii
3187 3698 3199 3732 :
3229 3694 3354 3735 cum
3382 3672 3757 3749 exprobraverit

2191 3774 2424 3830 inimicis
2452 3774 2614 3846 Legis
2642 3773 2738 3828 Dei
2768 3770 3218 3837 inohedientiam,
3253 3778 3310 3827 et
3338 3769 3750 3842 peruersitatem,

2190 3872 2272 3928 vel
2296 3886 2508 3928 omnem.
2541 3870 2796 3926 malitiam
2829 3870 3097 3939 ipsorum.

2677 3981 2759 4041 PS
2772 3980 2998 4039 .iLMUS
3030 3979 3287 4037 CXXVII.

2190 4075 2459 4151 Canticum
2485 4074 2766 4151 graduum.
2794 4074 3168 4151 istepsalmus
3272 4087 3423 4151 notio
3444 4069 3752 4151 ascensitntis

2263 4147 2454 4218 gradu,
2486 4141 2571 4202 'vei
2602 4141 3134 4218 cantico,gtimorem
3171 4144 3634 4215 dilectionetnque
3666 4141 3755 4196 Do-

2264 4216 2521 4274 ininicam
2550 4218 2810 4285 insinuat,
2834 4216 3055 4272 dicens:

2262 4334 2412 4389 Beati
2440 4350 2614 4388 omnes
2646 4333 2737 4403 qui
2760 4334 2938 4388 timent
2969 4330 3273 4400 Dominum,
3312 4333 3404 4404 qui
3439 4330 3689 4387 ambulant
3711 4328 3754 4382 in

2189 4428 2282 4482 viis
2309 4430 2442 4501 ejus.
2467 4426 2568 4496 Qui
2593 4441 2715 4480 cum
2743 4426 2938 4480 timore
2963 4425 3260 4497 jungentes
3281 4441 3341 4481 se
3362 4425 3466 4482 Dei
3487 4421 3756 4487 dilectioni,

2192 4528 2520 4576 exercentur
2550 4519 2601 4573 In
2632 4518 2715 4575 his
2759 4534 2879 4589 quae
2909 4519 3209 4590 propheta,
3251 4518 3512 4591 apostoli,
3554 4527 3756 4585 evange-

496 4614 851 4687 losophorum
900 4627 958 4672 et
1010 4618 1346 4690 reliquorum
1395 4621 1738 4677 sa'cularium
1789 4621 2082 4679 doctorum

2196 4608 2329 4670 llatae
2355 4613 2807 4685 prmdicaverunt.

497 4707 806 4765 aedificatio.

569 4802 692 4857 Nisi
716 4800 976 4859 Dominus
1005 4804 1305 4861 custodierit
1334 4806 1610 4874 ciuitatem,
1644 4808 1699 4861 in
1724 4821 1913 4860 uanum
1940 4806 2089 4861 labo-

493 4904 737 4950 raverunt
761 4897 851 4966 qui
890 4896 1188 4952 custodiunt
1229 4913 1363 4952 eam.
1404 4897 1615 4953 Fidelis
1655 4898 1858 4967 anima,
1893 4898 2087 4954 civitas

496 4989 761 5060 accipitur
804 4989 995 5047 reternl
1030 4990 1213 5063 Regis,
1243 5004 1366 5063 quae
1405 4991 1620 5047 civibus
1663 4991 1844 5058 bonis,
1887 4990 1940 5045 id
1970 5000 2085 5058 est,

497 5082 743 5140 honestis
773 5083 1016 5140 muribus
1046 5084 1444 5159 frequentatur,
1474 5098 1635 5156 quam
1665 5083 1870 5139 nullius
1899 5091 2085 5155 potest

498 5178 637 5232 tueri
660 5177 935 5246 custodia,
969 5176 1073 5235 nisi
1099 5176 1245 5233 illius
1263 5177 1355 5249 qui
1380 5191 1488 5233 non
1520 5175 1825 5232 dormitans
1852 5173 2083 5247 protegit

496 5268 688 5327 israei.

576 5362 781 5418 Vanum
803 5372 879 5419 est
896 5363 1035 5419 vobis
1059 5373 1177 5419 ante
1198 5364 1363 5419 lucem
1382 5377 1615 5436 surgere.
1639 5361 1743 5430 Qui
1766 5371 1892 5417 ante
1910 5360 2086 5415 lucem

495 5457 695 5527 surgit,
729 5465 1026 5511 nocturnas
1049 5456 1308 5513 tenebras
1326 5456 1529 5528 palpat.
1566 5454 1858 5526 Sicetqui,
1890 5452 2088 5509 relicto

492 5545 776 5619 Evangelii
807 5548 1033 5615 lumine,
1055 5548 1122 5604 ad
1154 5550 1408 5619 superius
1442 5549 1649 5605 dictum
1680 5547 1875 5618 dogma
1908 5554 2091 5601 trans-

495 5644 658 5711 ierit,
703 5648 756 5700 iu
799 5646 1038 5701 tenebris
1078 5643 1494 5702 commoratur:
1527 5659 1628 5702 nec
1678 5653 1862 5715 potest
1904 5643 2087 5699 Domi-

491 5738 630 5794 nicas
661 5737 1082 5793 resurrectionis
1116 5739 1317 5815 perfrui
1356 5724 1631 5794 claritate.
1682 5737 1899 5813 Surgite
1945 5745 2090 5815 post-

493 5846 652 5901 quam
680 5830 933 5897 sederitis,
964 5831 1055 5901 qui
1083 5832 1410 5886 manducetis
1437 5849 1621 5902 panem
1650 5831 1870 5886 doloris.
1901 5829 2001 5898 Qui
2032 5829 2086 5885 in

2259 4706 2485 4762 Labor-es
2526 4709 2788 4778 fructuum
2828 4712 3036 4761 tuorum
3066 4704 3403 4761 manducabis
3433 4721 3455 4760 :
3495 4705 3663 4760 beatus
3697 4715 3757 4765 es,

2186 4810 2236 4857 et
2267 4800 2392 4856 bene
2421 4800 2510 4854 tibi
2540 4801 2656 4855 erit.
2700 4798 2945 4854 Labores
2971 4797 3241 4853 fructuum
3272 4809 3420 4866 sunt,
3463 4813 3584 4853 cum
3623 4795 3762 4850 homo

2189 4904 2473 4953 exercetur
2501 4891 2554 4948 in
2583 4891 2807 4958 mundo,
2836 4900 2897 4947 ut
2925 4891 2989 4946 ad
3024 4891 3352 4947 aeternitatis
3392 4891 3626 4945 fructum
3655 4898 3761 4957 pos-

2189 4989 2262 5044 sit
2291 4985 2571 5043 accedere.
2598 4985 2732 5040 Nam
2758 4983 3036 5039 laboriose
3066 4998 3164 5054 per
3191 4983 3290 5038 has
3317 4983 3411 5039 Dei
3438 4984 3554 5037 vias
3587 4975 3765 5035 incedi-

2192 5090 2315 5149 tur,
2369 5079 2511 5134 sicut
2560 5079 2674 5148 lpse
2723 5077 2842 5132 ait:
2890 5079 3048 5131 Arcta
3102 5084 3159 5132 et
3203 5088 3509 5130 aerumnosa
3566 5074 3646 5127 via
3694 5078 3765 5125 est

2192 5188 2312 5246 qua:
2333 5171 2479 5228 ducit
2506 5171 2571 5225 ad
2596 5171 2758 5226 vitam
2788 5168 3005 5242 (Matth.
3038 5167 3154 5240 vn).
3187 5168 3297 5226 Sed
3332 5168 3419 5223 hic
3447 5165 3600 5221 labor
3624 5173 3762 5218 reter-

2193 5267 2279 5322 nis
2320 5265 2588 5321 fructibus
2632 5262 2985 5333 adlmpletur,
3016 5277 3137 5318 cum
3179 5260 3346 5317 homo
3387 5275 3533 5337 pane
3559 5259 3647 5313 illo
3673 5269 3766 5311 cte-

2197 5361 2317 5418 lesti
2348 5359 2724 5430 locupletutur.
2760 5356 2874 5413 Huc
2914 5355 3059 5412 enim
3088 5355 3385 5420 desiderio,
3418 5363 3476 5410 et
3508 5352 3598 5409 ille
3636 5364 3765 5405 com-

2198 5455 2556 5528 pungebatur,
2596 5454 2687 5524 qui
2728 5451 2986 5507 dicebat:
3020 5450 3223 5507 Beatus
3249 5450 3340 5521 qui
3379 5440 3767 5504 manducaverit

2195 5565 2388 5622 panem
2419 5549 2471 5604 in
2491 5562 2660 5620 regno
2687 5544 2787 5603 Dei
2819 5544 2972 5619 (Luc.
3000 5543 3138 5616 xiv).

2271 5641 2424 5698 Uxor
2454 5650 2544 5696 tua
2572 5640 2704 5694 sicut
2736 5639 2853 5693 uitis
2894 5637 3169 5693 abundans
3194 5653 3213 5691 :
3235 5637 3289 5691 in
3326 5634 3573 5691 lateribus
3606 5631 3766 5686 domus

2196 5743 2315 5793 tute.
2369 5733 2517 5791 Uxor
2542 5733 2697 5811 juxta
2726 5732 3079 5795 Salomonem
3112 5728 3313 5803 (Prov.
3339 5745 3409 5785 vn
3436 5725 3490 5807 ),
3528 5722 3768 5805 sapientia

2193 5828 2483 5903 accipitur,
2520 5843 2640 5903 qua:
2674 5828 2728 5891 in
2755 5825 2955 5890 animae
2982 5824 3291 5893 emundata:
3320 5824 3489 5889 domo
3521 5830 3770 5894 umquam
