4008 6336
248 320 389 376 1215

1140 316 1568 375 ΒΙὶΕῊΛΒΙυΜ
1607 317 1672 373 ΙΝ
1712 317 2046 375 PSALMUS.
2094 318 2335 376 PSALM.
2379 316 2597 375 CXXX.

3397 321 3536 378 i2“

242 437 496 508 speciosa
527 433 654 491 vitis
689 432 940 499 adducta,
973 434 1025 487 in
1064 431 1325 490 lateribus
1361 449 1585 506 Operum
1616 442 1817 489 nostro-
1857 437 1912 498 Α
1936 434 1981 492 si
2036 434 2262 491 multum
2302 433 2575 503 dedisset,
2619 436 2933 508 manipulos
2968 436 3176 494 refert:
3208 436 3350 493 sicut
3373 435 3532 493 vidua

244 545 363 586 rum
391 527 729 585 extenditur.

316 619 450 677 Filii
476 621 553 676 tui
576 621 707 677 sicut
735 616 953 674 novella:
989 618 1265 688 olivarum,
1294 619 1349 674 in
1387 619 1607 674 circuitu
1645 633 1838 675 mensa!

244 728 366 774 tute.
414 714 585 772 Actus
612 714 882 771 bonorum
927 713 983 767 in
1024 713 1253 770 circuitu
1291 712 1553 769 doctrina:
1593 712 1833 770 etelestis

241 810 582 877 assistentes,
631 823 752 864 cum
782 804 1110 878 pinguedine
1139 805 1288 878 pacis
1328 818 1384 863 et
1412 806 1833 863 obumbratione

242 905 484 961 virtutis.

318 999 453 1055 Ecce
474 1000 550 1054 sic
575 999 902 1054 benedicetur
929 996 1103 1067 homo,
1122 998 1211 1070 qui
1232 997 1373 1053 timet
1404 995 1710 1052 Dominum.
1737 995 1834 1052 His

241 1093 434 1166 utique
462 1092 826 1165 locupletatur
855 1089 1083 1146 divitiis.

312 1184 601 1243 Benedicat
628 1194 677 1239 te
704 1183 960 1238 Dominus
977 1199 1044 1237 ea:
1069 1181 1221 1238 Sion.
1254 1181 1356 1249 Qui
1384 1181 1439 1236 in
1470 1175 1718 1236 Ecclesia
1750 1193 1836 1235 re-

240 1289 389 1352 gnat.
421 1277 489 1333 Et
513 1278 685 1334 videas
709 1292 826 1349 qua
852 1278 983 1331 bona
1003 1286 1122 1331 sunt
1144 1272 1434 1330 Jerusalem
1461 1272 1696 1328 omnibus
1719 1272 1837 1329 die—

242 1374 334 1430 bus
365 1373 482 1429 vita:
510 1383 630 1428 tum.
668 1370 727 1426 In
769 1371 859 1426 illa
892 1370 1099 1427 caelesti
1150 1382 1346 1438 matre,
1379 1368 1449 1424 de
1472 1384 1579 1440 qua
1628 1369 1681 1422 in
1710 1367 1835 1423 aliis

241 1467 595 1540 exposuimus
623 1465 849 1537 psalmis
880 1481 894 1521 :
929 1464 1108 1535 inqua
1136 1463 1261 1519 vita:
1282 1472 1558 1535 perpetua:
1588 1463 1728 1517 bona
1753 1459 1833 1515 vi-

239 1562 355 1618 suri
379 1570 508 1616 sunt
536 1561 735 1617 sancti.

313 1654 383 1710 Et
406 1655 581 1710 rideas
608 1654 747 1725 filios
767 1653 997 1725 ﬁliorum
1028 1661 1256 1707 tuorum.
1278 1648 1717 1706 Retributionem
1746 1662 1837 1701 ca-

239 1760 458 1823 ptantes
479 1764 701 1819 operum
747 1749 1038 1803 bonorum.
1084 1744 1277 1800 Paccm
1314 1760 1468 1816 super
1500 1740 1689 1797 Israel.
1721 1740 1832 1796 Pax

1936 527 2003 584 de
2028 528 2240 584 duobus
2271 528 2489 584 minutis
2522 527 2719 601 (Marc.
2755 527 2876 603 xu).

2007 618 2079 677 Et
2096 638 2200 676 non
2228 620 2471 676 dixerunt
2498 622 2588 693 qui
2610 622 2938 695 prwteribant
2958 639 2978 678 :
2996 621 3298 679 Benedictio
3325 620 3542 680 Domini

1935 732 2086 790 super
2113 734 2221 773 vos.
2246 716 2364 773 Non
2385 730 2481 774 eos
2510 717 2904 774 benedixerunt
2944 718 3116 774 sancti
3144 719 3239 774 Dei
3276 735 3287 771 :
3314 720 3404 799 qui
3436 732 3535 791 pro

1936 810 2107 866 nihilo
2148 810 2411 867 habentes
2457 810 2598 867 hunc
2648 810 2948 882 mundum,
2998 812 3423 883 pertranslerunt
3466 811 3534 869 ad

1936 904 2178 960 cmlestia
2200 914 2254 961 et
2282 916 2506 961 aeterna.
2543 903 2913 963 Beuediximus
2942 906 3081 960 vobis
3113 907 3168 961 in
3200 907 3400 962 nomine
3427 902 3536 961 Do-

1936 996 2083 1051 mini.
2118 996 2208 1067 Ut,
2240 997 2441 1055 relictis
2469 998 2818 1056 inlructuosis
2856 998 3134 1075 aridisque
3164 997 3440 1068 operibus,
3465 1011 3531 1055 ea

1935 1092 2129 1149 seratis
2155 1136 2169 1161 ,
2219 1109 2337 1163 qua:
2364 1104 2417 1151 et
2448 1109 2747 1150 messorum
2780 1109 2994 1150 manum
3021 1135 3037 1163 ,
3074 1105 3129 1150 et
3167 1093 3533 1175 colligentium

1939 1187 2267 1260 manipulos,
2298 1189 2538 1262 repleant
2560 1190 2759 1245 sinum.

2440 1327 2752 1387 PSALMUS
2788 1326 3032 1385 CXXIX.

1939 1415 2215 1492 Canticum
2248 1419 2529 1492 graduum.
2565 1420 2682 1491 Ipse
2717 1421 2957 1492 psalmus
2993 1420 3334 1484 undecimttm
3378 1418 3537 1481 nobis

2011 1491 2344 1567 ascensionis
2361 1490 2598 1567 gradum
2621 1490 2822 1567 pandit,
2838 1504 2893 1549 et
2908 1496 3178 1567 canticum
3201 1510 3214 1548 :
3239 1495 3329 1567 qui
3360 1492 3535 1548 fidelis

2012 1563 2204 1616 anima:
2243 1572 2494 1618 conatum
2527 1564 2593 1618 ad
2625 1563 2820 1619 altiora
2857 1566 3163 1619 tendentem
3208 1563 3529 1633 proferens:

2011 1634 2139 1707 dum
2163 1647 2222 1688 se
2254 1634 2306 1689 in
2330 1634 2595 1707 profundo
2613 1635 2771 1705 quasi
2799 1636 3112 1693 immeritum
3139 1637 3407 1707 queritur,
3438 1649 3539 1699 nos

2013 1705 2078 1761 ad
2103 1705 2449 1777 intelligenda
2477 1706 2718 1764 (celestis
2750 1716 3028 1779 provocat,
3061 1705 3246 1767 dicens
3278 1726 3289 1761 :

242 1854 456 1912 nostra,
483 1842 641 1901 Iesus
661 1843 936 1910 Christus,
960 1841 1165 1915 jugiter
1195 1854 1356 1913 super
1389 1855 1475 1894 me
1502 1849 1627 1895 :tem
1658 1853 1718 1894 se
1751 1839 1827 1894 vi-
1864 1838 1913 1898 Β
2014 1839 2091 1895 De
2137 1843 2409 1915 profundis
2468 1843 2684 1898 clamavi
2740 1844 2810 1898 ad
2856 1853 2935 1915 te,
2990 1844 3251 1901 Domine:
3282 1842 3535 1915 Domine,

241 1938 461 1994 dentem
491 1935 741 2009 aspiciat.

714 2027 1032 2086 PSALMUS
1069 2023 1360 2083 CXXVIII.

241 2145 528 2221 Canticum
538 2144 819 2221 graduum.
840 2143 956 2221 Iste
977 2143 1221 2215 psalmus
1245 2142 1517 2221 decimum
1550 2140 1706 2196 nobis
1726 2154 1842 2210 pro-

316 2215 847 2282 fertvel'cantienm,
874 2216 960 2270 vel
983 2229 1294 2275 ascensum.
1327 2215 1416 2284 qui
1451 2228 1520 2269 ex
1547 2228 1683 2267 voce
1716 2227 1839 2282 pro-

323 2287 535 2358 phetica
577 2289 840 2343 inchoans
883 2287 1043 2343 docet
1089 2288 1428 2342 incessanter
1462 2287 1721 2340 resistere
1745 2299 1843 2339 ne-

316 2360 504 2432 quitiis
526 2359 990 2431 impugnantibus,
1020 2373 1091 2415 ne
1121 2372 1223 2414 nos
1247 2367 1585 2426 expugnent.

319 2497 474 2571 Saepe
501 2509 922 2572 expugnaverunt
962 2515 1041 2554 me
1070 2516 1103 2554 a
1121 2499 1393 2571 juventnte
1436 2513 1571 2552 mea.
1611 2497 1753 2555 Dicit
1780 2512 1841 2555 se

244 2592 552 2665 impugnari
578 2593 648 2649 ab
678 2592 835 2648 initio
858 2593 1032 2647 aetatis
1058 2608 1171 2647 sua:
1197 2592 1432 2658 viriste;
1458 2592 1553 2647 sed
1585 2606 1613 2645 a
1644 2591 1842 2662 quibus

176 2730 183 2735 .
241 2686 613 2758 impugnetur,
642 2685 769 2741 silet
804 2703 817 2739 :
852 2695 911 2740 ut
941 2683 1277 2755 intelligatur
1304 2684 1425 2755 quia
1462 2700 1633 2755 pugna
1666 2700 1695 2738 a
1727 2682 1840 2739 dia-

240 2776 374 2834 bolo
404 2776 658 2833 mittitur.
687 2776 900 2833 Poteris
928 2778 1012 2833 vel
1044 2778 1110 2831 de
1142 2776 1460 2847 probatione
1491 2776 1617 2841 Job,
1650 2776 1737 2833 vel
1770 2775 1838 2832 de

242 2873 540 2928 traditione
568 2870 767 2928 Christi
796 2889 822 2925 a
850 2872 984 2928 Juda
1015 2871 1229 2927 facilius
1256 2871 1361 2927 hoc
1389 2872 1701 2928 advertere.

325 2965 477 3021 Dicat
506 2981 639 3021 nunc
664 2964 854 3031 Israel,
871 2963 1024 3037 Stepe
1048 2973 1473 3038 expugnaverunt
1500 2981 1578 3018 me
1602 2981 1633 3018 a
1648 2967 1840 3036 juven-

240 3069 356 3117 tute
379 3077 513 3129 mea,
544 3058 731 3114 etenim
759 3074 866 3112 non
889 3067 1164 3129 potuerunt
1194 3056 1342 3111 mihi.
1379 3056 1522 3127 Ergo
1548 3056 1637 3128 qui
1670 3055 1840 3112 Israel

239 3165 350 3222 εει,
383 3151 470 3207 ille
491 3150 894 3223 potestdicere.
925 3151 1050 3222 quia
1076 3152 1426 3221 impugnatur
1454 3149 1706 3203 omnibus
1725 3149 1840 3205 die-

1942 1935 2130 1988 exaudi
2156 1936 2437 1989 orationem
2459 1952 2643 1990 meum.
2672 1935 2746 1992 De
2774 1934 3050 2008 profundis
3078 1937 3293 2003 clamat,
3325 1936 3416 2006 qui
3440 1937 3543 1991 scit

1942 2027 2287 2083 altitudinem
2305 2027 2615 2082 divitiarum
2639 2029 2914 2100 sapientia:
2936 2028 3033 2085 Dei
3059 2047 3071 2083 :
3098 2030 3187 2101 qui
3215 2029 3543 2099 persecutio-

1944 2135 2040 2175 nes
2072 2119 2271 2191 patitur
2299 2137 2312 2174 :
2344 2122 2434 2194 qui
2464 2136 2590 2176 eum
2617 2121 2955 2178 misericordi
2994 2120 3227 2195 suspirio
3275 2122 3538 2194 depreca-

1944 2223 2053 2271 tur.

2016 2305 2177 2363 Fiant
2200 2325 2351 2364 aures
2377 2318 2481 2364 tua:
2508 2310 2827 2366 intendentes
2852 2328 2868 2365 :
2893 2312 2945 2366 in
2978 2313 3261 2368 orationem
3282 2313 3417 2368 servi
3446 2312 3543 2369 tui.

1941 2402 2058 2460 Non
2099 2402 2186 2459 hic
2225 2406 2497 2461 carnalem
2528 2421 2715 2461 aurem
2754 2404 3017 2477 prepheta
3050 2407 3284 2478 postulat
3315 2425 3326 2459 :
3360 2405 3540 2463 sciens

1942 2499 2111 2556 Deum
2136 2500 2511 2579 incorporeum
2536 2514 2657 2555 esse
2684 2520 2693 2553 :
2716 2499 2809 2556 sed
2827 2500 3075 2557 virtutem
3102 2515 3204 2579 qua
3226 2513 3354 2557 suos
3373 2516 3538 2561 exau-

1943 2594 2059 2649 dire
2089 2593 2360 2666 dignatur,
2391 2594 2655 2665 exposcit.
3128 2578 3133 2581 Ἴ

2017 2688 2078 2742 Si
2109 2687 2402 2759 iniquitates
2430 2686 2771 2743 observaveris
2791 2729 2804 2752 ,
2843 2686 3061 2742 Domine
3091 2703 3111 2742 :
3145 2684 3393 2752 Domine,
3426 2685 3541 2759 quis

1942 2780 2247 2835 sustinebit?
2276 2780 2331 2836 Si
2363 2782 2504 2837 enim
2537 2780 2943 2853 transgrediens
2970 2780 3119 2853 leges
3151 2790 3296 2849 tuas,
3322 2779 3540 2852 generis

1943 2871 2162 2927 humani
2198 2874 2455 2944 fragilitas
2498 2875 2702 2931 ultione
2739 2884 2827 2930 tua
2865 2874 3106 2946 protinus
3135 2874 3379 2953 feriatur,
3417 2875 3538 2947 quis

1942 2966 2171 3021 evadere
2202 2966 2437 3039 poterit?

2020 3058 2154 3127 Quia
2176 3058 2319 3129 apud
2345 3068 2393 3112 te
2412 3060 2713 3132 propitiatio
2734 3069 2826 3136 est.
2880 3059 2960 3115 Tu
2987 3060 3129 3117 enim
3161 3075 3257 3115 nos
3289 3057 3539 3116 reconci-

1946 3150 2099 3204 liabis
2150 3150 2294 3206 Patri
2329 3167 2422 3220 per
2447 3165 2686 3206 crucem.
2721 3148 2790 3206 Et
2819 3160 3033 3224 propter
3059 3152 3219 3225 legem
3251 3161 3391 3206 tuam
3417 3167 3539 3208 sus-

240 3220 347 3302 bus
376 3220 509 3300 vitai
529 3259 662 3300 sure.
697 3243 805 3301 Sed
838 3220 955 3299 non
971 3242 1023 3300 ei
1047 3244 1306 3315 prmvalet
1331 3243 1447 3297 time
1480 3258 1689 3314 pugna:
1715 3242 1838 3314 quia
1866 3220 1909 3282 (ἶ
1946 3244 2075 3298 tinui
2116 3254 2197 3314 te,
2250 3244 2493 3300 Domine.
2541 3244 2651 3300 Lex
2681 3220 2982 3316 spirituaiis
3018 3220 3132 3309 est:
3172 3251 3226 3300 et
3254 3243 3541 3301 continens

240 3337 507 3394 Dominus
532 3346 735 3408 pugnat
770 3351 867 3405 pro
894 3350 980 3390 eo.

320 3431 498 3501 Supra
523 3429 735 3485 dorsum
763 3444 934 3482 meum
966 3427 1346 3500 fabricaverunt
1372 3436 1684 3494 peccatores,
1719 3442 1839 3497 pro-

240 3526 584 3597 longaverunt
630 3522 960 3589 iniquitatem
999 3519 1118 3575 sibi.
1158 3519 1368 3594 iugiter
1404 3521 1470 3574 ad
1518 3521 1686 3576 Deum
1720 3535 1840 3576 cur-

238 3622 388 3677 renti
446 3626 503 3675 et
542 3617 608 3675 ad
651 3617 917 3689 ampliora
960 3616 1202 3673 tendenti
1254 3616 1590 3673 fabricantur
1628 3635 1652 3669 a
1690 3625 1841 3687 tergo

240 3711 613 3785 nequitiarum
655 3711 943 3781 macltinm,
983 3711 1107 3782 quia
1152 3712 1204 3767 in
1246 3720 1468 3782 aSpectu
1501 3711 1701 3780 exponi
1734 3724 1839 3767 non

243 3814 497 3880 possunt.
529 3804 641 3861 Sed
671 3820 793 3860 cum
825 3804 890 3859 ad
920 3804 1173 3859 enectum
1217 3819 1324 3858 non
1356 3802 1701 3874 perveniunt,
1737 3802 1840 3858 sibi

240 3899 351 3971 ipsi
384 3898 709 3970 prolongant
742 3916 755 3952 :
796 3897 867 3953 ob
896 3896 947 3951 id
982 3895 1307 3959 invidendo,
1354 3902 1639 3966 peccatum
1680 3894 1841 3950 ultio-

241 4006 485 4061 nemque
515 3989 747 4046 divinam
790 3990 846 4046 in
887 4004 947 4045 se
987 3999 1304 4060 provocant.
1350 3988 1609 4059 Sequitur
1641 3989 1788 4045 enim
1826 4008 1840 4045 :
1890 4006 1895 4009 ‘

321 4083 579 4139 Dominus
605 4087 782 4159 justus
825 4082 1061 4138 concidet
1097 4083 1316 4138 cervices
1348 4091 1695 4152 peccatorum.
1737 4079 1843 4138 Pro

240 4176 531 4234 cervicibus
561 4179 612 4232 in
633 4177 862 4233 Hebraeo
888 4176 1073 4244 habet,
1101 4177 1326 4243 vincula,
1350 4176 1435 4231 vel
1462 4184 1669 4231 catenas
1694 4185 1753 4231 ut
1774 4176 1845 4231 sit

240 4284 446 4329 sensus
479 4287 492 4324 :
525 4269 610 4325 Illi
641 4269 733 4341 qui
763 4286 851 4326 me
880 4268 993 4325 suis
1020 4269 1257 4337 insidiis,
1291 4269 1417 4324 hinc
1448 4269 1576 4324 inde
1605 4268 1840 4324 vallave—

237 4371 395 4433 rant,
427 4364 587 4419 etiam
635 4362 875 4418 vinctum
902 4362 1190 4430 tenebant;
1235 4362 1364 4434 sed,
1407 4364 1705 4420 auxiliante
1734 4363 1841 4419 Do-

237 4459 423 4523 mino,
456 4472 647 4514 omnes
679 4472 851 4512 nexus
876 4457 1038 4514 soluti
1069 4467 1214 4513 sunt.

315 4549 718 4622 Confundautur
748 4561 796 4607 et
832 4560 1193 4608 convertantur
1228 4562 1506 4609 retrorsum
1548 4568 1725 4607 omnes
1757 4550 1845 4623 qui

1945 3336 2107 3391 verba
2138 3335 2262 3391 vita:
2296 3354 2306 3389 :
2335 3352 2496 3408 quam
2529 3338 2798 3394 suStinere
2828 3336 3117 3403 debemus,
3160 3351 3226 3393 ne
3255 3347 3540 3408 peccantes

1944 3428 1997 3484 in
2021 3445 2138 3484 eam
2171 3445 2264 3500 per
2288 3429 2461 3501 legem
2492 3429 2855 3500 dijudicetnur
2885 3429 3064 3502 (Rom.
3106 3427 3225 3500 VII).

2022 3522 2279 3578 Sustinuit
2327 3524 2506 3578 anima
2546 3541 2659 3578 mea
2705 3522 3024 3593 Dominum,
3069 3535 3175 3579 etc.
3230 3524 3273 3577 A
3308 3526 3541 3587 custodia

1942 3619 2198 3673 matutina
2225 3635 2383 3689 usque
2412 3618 2481 3672 ad
2510 3632 2729 3674 noctem.
2757 3618 2838 3673 Ali
2868 3620 2955 3674 illa
2985 3618 3240 3674 matutina
3276 3617 3405 3672 liora
3434 3632 3538 3689 qua

1945 3714 1997 3768 in
2018 3714 2229 3767 vineam
2257 3710 2588 3769 Dominicam
2613 3722 2697 3768 est
2720 3713 2946 3776 locatus,
2973 3728 3122 3782 spem
3148 3726 3297 3766 suam
3318 3712 3371 3765 in
3394 3711 3538 3766 illam

1945 3806 2131 3863 defixit
2166 3807 2354 3861 horam
2393 3826 2403 3860 :
2439 3823 2541 3878 qua
2580 3805 2862 3861 denarium
2904 3805 3172 3863 mercedis
3211 3804 3456 3875 accipiat.
3493 3808 3536 3869 Α

1945 3902 2126 3974 vigilia
2156 3904 2437 3957 matutina.
2484 3901 2671 3971 Speret
2710 3897 2878 3955 Israel
2907 3900 2959 3953 in
3004 3898 3299 3953 Dominum.
3362 3898 3443 3952 Ab
3470 3911 3552 3953 eo-

1946 3993 2090 4066 quod
2115 3993 2165 4048 ei
2192 3992 2375 4049 lumen
2402 3992 2643 4047 veritatis
2674 3992 2870 4059 illuxit,
2900 3989 3275 4047 indelicienter
3295 3990 3540 4046 coelestia

1945 4086 2361 4157 contempletur.

2022 4178 2158 4247 Quia
2184 4177 2323 4251 apud
2361 4175 2639 4230 Dominum
2675 4174 3047 4229 misericordia.
3086 4172 3221 4228 Cum
3261 4188 3356 4244 pro
3384 4170 3539 4229 nobis

1947 4271 2111 4326 homo
2138 4271 2250 4325 fieri
2270 4268 2521 4340 dignatus
2545 4277 2643 4323 est.
2670 4265 2737 4321 Et
2767 4268 2974 4341 copiosa
2993 4267 3135 4342 apud
3156 4265 3323 4320 Deum
3352 4274 3429 4320 est
3458 4281 3540 4320 re-

1946 4362 2192 4436 demmio.
2220 4360 2354 4418 Cum
2379 4378 2485 4417 non
2518 4375 2671 4427 auro,
2694 4374 2869 4431 neque
2891 4369 3139 4431 argento,
3171 4358 3266 4415 sed
3298 4355 3539 4430 pretioso

1948 4470 2047 4512 nos
2076 4456 2335 4527 sanguine
2365 4453 2615 4510 redemit.

2018 4548 2088 4604 Et
2138 4560 2247 4623 ipse
2298 4550 2513 4604 redimet
2566 4547 2731 4603 Israel
2783 4563 2845 4602 ea:
2899 4546 3133 4602 omnibus
3190 4545 3542 4621 iniquitatibus

235 4650 465 4707 oderunt
498 4651 651 4709 sto".
698 4654 993 4711 Ecclesia.“
1016 4698 1031 4723 ,
1062 4671 1185 4729 qua;
1216 4664 1301 4712 εει
1341 4671 1540 4728 θοι-ρης
1586 4654 1787 4712 Christi
1820 4693 1836 4721 ,
1867 4623 1922 4686 Ῑ)
1944 4658 2143 4699 eorum.
2185 4642 2307 4715 Ipse
2332 4643 2476 4698 enim
2506 4641 2701 4710 Filius,
2723 4641 3031 4698 introeunte
3060 4641 3391 4713 plenitudine
3409 4654 3541 4712 gen-

117 4750 125 4757 '
230 4746 401 4815 cuius
427 4760 527 4803 nos
555 4747 798 4803 membra
822 4761 1031 4805 sumus.

316 4839 479 4897 Fiant
522 4843 654 4896 sicut
721 4845 896 4914 fenum
944 4844 1285 4915 wdiﬁciorum
1314 4862 1333 4900 :
1358 4846 1499 4917 quod
1537 4846 1845 4919 priusquam

229 4932 518 5002 avellatur,
538 4935 747 4999 arescit.
774 4933 895 4997 Non
925 4935 1043 4997 haec
1072 4935 1142 4995 de
1167 4935 1414 4995 aediliciis
1444 4937 1496 4993 in
1520 4947 1668 5008 petra
1695 4938 1843 4995 loca-

226 5027 310 5093 tis
350 5025 625 5096 dicuntur,
655 5026 751 5093 sed
783 5027 870 5086 bis
905 5044 1027 5101 quae
1061 5030 1216 5102 quasi
1246 5029 1408 5089 citius
1441 5033 1648 5091 ruitura
1678 5046 1844 5102 super

224 5135 467 5185 arenam
500 5133 775 5197 ponuntur
807 5140 820 5181 z
854 5122 998 5191 quod
1043 5123 1110 5179 ad
1149 5137 1314 5192 opera
1350 5124 1529 5181 carnis
1567 5124 1790 5195 respicit
1821 5142 1838 5187 ι

224 5217 290 5273 in
325 5215 525 5287 quibus
563 5230 668 5277 non
708 5215 871 5278 modo
907 5215 1112 5277 nullum
1144 5229 1370 5289 granum
1405 5216 1665 5273 bonitatis
1692 5219 1840 5283 inve-

223 5310 391 5368 nitur
420 5327 431 5363 :
463 5324 649 5365 verum
677 5311 838 5371 etiam
869 5316 1157 5379 antequam
1199 5308 1266 5365 ad
1311 5309 1703 5369 incrementum
1733 5310 1839 5366 ali-

221 5401 388 5476 quod
417 5403 659 5470 veniant,
684 5401 1053 5459 exsiccautur.

308 5492 393 5550 De
432 5510 533 5564 quo
571 5509 674 5549 non
712 5494 940 5567 implevit
973 5510 1182 5549 manum
1220 5509 1368 5548 suam
1396 5493 1484 5564 qui
1518 5501 1690 5549 mctet.
1735 5492 1837 5563 Qui

220 5587 653 5649 retributionem
691 5586 907 5663 dignam
938 5587 1119 5657 aperis
1147 5587 1231 5645 sui
1260 5586 1571 5645 mercedem
1604 5603 1710 5647 non
1748 5602 1839 5649 re-
1892 5658 1897 5663 '

219 5683 403 5754 cepit.
438 5681 549 5741 Nec
572 5680 745 5743 sinunt
768 5698 917 5741 suum
935 5682 1023 5753 qui
1045 5682 1343 5753 manipulos
1364 5680 1591 5752 colliget.
1613 5679 1716 5750 Qui
1743 5695 1842 5752 per

219 5773 590 5833 conscientia
618 5774 910 5843 puritatem
934 5813 950 5839 ,
979 5782 1036 5829 et
1072 5771 1119 5829 si
1151 5773 1329 5829 minus
1359 5772 1545 5843 habet,
1593 5773 1842 5829 voluntt-

215 5876 355 5927 tem
382 5876 559 5926 tamen
589 5865 790 5926 bonam
809 5865 1075 5927 adhibuit.
1099 5864 1334 5941 ideoque
1363 5883 1393 5926 a
1420 5867 1531 5928 Deo
1564 5877 1839 5942 tamquam

1946 4734 2102 4801 tium,
2127 4735 2393 4817 reliquum
2424 4735 2609 4805 israel,
2646 4735 2872 4791 remissa
2895 4734 3202 4807 iniquitate,
3233 4733 3481 4791 salvabit.

2459 4875 2776 4943 ΡεΑωωε
2813 4876 3030 4937 CXXX.

1946 4967 2223 5043 Canticum
2242 4971 2521 5043 graduum.
2557 4972 2661 5035 iste
2684 4972 2923 5043 psalmus
2948 4971 3299 5043 duodecimae
3344 4968 3396 5027 in
3438 4967 3544 5043 itas

2017 5042 2339 5099 ascensiOne
2362 5085 2377 5108 .
2426 5044 2506 5099 vel
2543 5042 2738 5124 cautim
2764 5086 2779 5111 ,
2803 5045 2899 5124 .vei
2928 5044 3126 5124 gradus
3157 5042 3543 5124 lmbeturkqui

2019 5128 2117 5169 nos
2145 5130 2211 5169 ex
2242 5128 2471 5179 persona
2502 5116 2782 5185 proliheta:
2803 5111 3160 5185 humilitatem
3192 5126 3355 5181 quam
3384 5111 3542 5170 Chri-

2016 5194 2132 5241 stus
2154 5184 2208 5240 in
2238 5198 2404 5241 carne
2421 5183 2730 5257 gestaturus
2753 5195 2869 5241 erat
2887 5185 3099 5253 edocet,
3128 5183 3317 5240 dicens
3353 5201 3367 5238 :

2018 5295 2257 5367 Domine,
2277 5315 2380 5353 non
2410 5306 2485 5354 est
2507 5297 2789 5354 exaltatum
2810 5314 2898 5352 cor
2920 5312 3110 5353 meum.
3136 5296 3241 5353 Sed
3266 5297 3318 5352 in
3340 5297 3549 5355 contri-

1945 5393 2093 5449 tione
2119 5405 2169 5450 et
2204 5393 2584 5449 itumiliatione
2624 5393 2743 5463 ejus
2770 5391 2935 5449 obtuli
2969 5391 3065 5448 tibi
3094 5390 3414 5448 sacrificium
3455 5407 3558 5449 ae-‘

1944 5486 2232 5557 ceptabiie.
2268 5486 2450 5559 Neque
2485 5486 2608 5541 elati
2645 5494 2766 5539 sunt
2802 5485 2938 5540 oculi
2966 5484 3084 5541 mei.
3128 5483 3196 5542 Ut
3233 5483 3543 5542 transitoria

1943 5582 2395 5653 concupiscerent
2421 5590 2477 5636 et
2503 5579 2736 5635 caduca.

2013 5676 2199 5755 Neque
2239 5675 2502 5737 ambulavi
2546 5676 2601 5732 in
2642 5674 2886 5749 magnis:
2918 5690 3078 5746 neque
3120 5674 3174 5730 in
3221 5673 3547 5742 mirabilibus

1940 5772 2047 5832 tuis
2069 5788 2226 5843 super
2251 5771 2498 5840 amona:
2520 5785 2715 5849 magna
2741 5768 3013 5827 mirabilis
3033 5770 3355 5826 videbantur
3370 5769 3545 5837 humi.

1945 5868 2124 5939 nibus,
2154 5868 2207 5927 tu
2231 5867 2317 5930 bis
2338 5884 2446 5929 non
2474 5867 2697 5948 incessi,
2732 5866 3330 5949 nc_me.0pprimerent.
