4008 6336
483 300 624 360 IIIS

1246 298 1617 357 'APPENDIX
1657 300 1747 358 AD
1785 298 2032 358 TOMUM
2073 298 2427 362 SEPTIMUM
2466 302 2526 361 S.
2570 301 2980 361 [HERONYML

3622 303 3743 363 1216

550 419 613 478 Si
652 436 754 477 non
811 419 1077 475 humiliter
1105 416 1384 475 sentiebam
1410 431 1430 473 :
1452 417 1544 471 sed
1582 416 1805 472 exaltavi
1851 419 2077 472 animam
2104 416 2158 477 Α
2181 414 2343 473 domo
2373 418 2669 486 Ecclesiae,
2704 435 2802 490 per
2827 418 3117 475 Dominum
3155 431 3523 490 aggregamnr.
3560 419 3742 476 Adera-

480 530 667 571 menm.
708 514 939 570 Humilis
964 512 1179 584 quidem
1208 518 1293 569 est
1319 510 1520 575 corde,
1567 510 1662 566 sed
1703 511 1952 569 excelsus
1993 517 2079 565 est

481 623 665 665 sensu.
705 607 994 663 Humililer
1030 605 1329 662 sentiebam
1362 604 1415 660 in
1441 603 1643 661 saeculo
1676 604 1809 660 :sed
1840 603 2076 659 animam

486 714 661 758 meam
688 698 917 755 exaltavi
950 698 1001 753 in
1028 697 1187 755 oculo.

546 793 697 849 Sicut
716 793 804 864 qui
820 792 1103 848 ablactalus
1118 799 1192 846 est
1221 808 1253 847 a
1284 798 1448 847 matre
1471 806 1568 845 sua
1596 807 1614 845 :
1642 790 1719 846 ita
1748 788 1997 845 retribues
2024 789 2078 843 in

476 885 707 941 animam
726 901 914 942 meam.
941 883 1084 940 Nihil
1106 882 1161 939 in
1188 898 1248 940 se
1275 883 1483 953 puerile
1508 882 1670 938 sentit
1701 900 1714 937 :
1748 882 1871 952 quia
1897 880 2078 937 cibum

479 980 638 1038 lactis
668 982 973 1047 excedens,
1014 980 1082 1037 ad
1124 980 1425 1052 perfectura
1463 979 1708 1050 pervenit
1733 979 1951 1034 virum:
1985 977 2079 1034 illo

481 1090 623 1132 nunc
648 1090 806 1144 pane,
835 1076 928 1147 qui
951 1075 1019 1131 de
1046 1074 1198 1132 caelis
1228 1072 1467 1142 advenit,
1502 1072 1573 1129 ali
1602 1082 1812 1129 exorat.

555 1169 737 1243 Speret
769 1166 938 1223 Israel
969 1169 1022 1223 in
1060 1167 1282 1222 Domino
1318 1182 1336 1221 :
1369 1183 1431 1221 ea:
1459 1166 1555 1221 hoc
1592 1181 1729 1220 nunc
1754 1175 1800 1220 et
1826 1181 1987 1234 usque
2022 1164 2077 1219 in

481 1263 748 1318 sarculum.
800 1262 966 1317 Docet
1007 1267 1067 1315 ut
1109 1260 1259 1315 nullo
1298 1258 1403 1315 line
1447 1259 1709 1328 temporis
1738 1271 1864 1327 spes
1896 1264 2079 1311 nostra

480 1355 763 1413 claudatur
797 1374 810 1409 :
845 1362 903 1410 nt
942 1370 1039 1426 per
1066 1369 1218 1426 spem
1260 1353 1545 1425 prmsentis
1574 1353 1696 1408 vitae
1727 1351 1868 1407 bona
1912 1348 2079 1408 futuri

484 1447 668 1506 saeculi
696 1447 996 1520 capiamus.

984 1562 1301 1620 PSALMUS
1337 1561 1579 1619 CXXXI.

481 1661 755 1719 Canticum
798 1661 1074 1732 graduum.
1106 1660 1211 1715 Iste
1252 1659 1489 1732 psalmus
1518 1657 1745 1732 habetur
1771 1655 1822 1710 in
1854 1654 2081 1732 canticis

557 1729 882 1788 tredecimus
902 1732 1164 1803 graduum
1200 1748 1239 1803 L
1246 1730 1336 1803 qui
1382 1745 1480 1803 per
1499 1730 1870 1784 ascensionem
1900 1729 2084 1803 prole-

2181 509 2349 566 bimus
2377 513 2433 566 in
2456 513 2566 567 loco
2596 513 2683 567 ubi
2710 521 2955 567 steterunt
2980 513 3133 582 pedes
3160 515 3292 586 ejus.
3318 511 3373 568 lu
3394 528 3498 583 quo
3520 514 3745 578 pradica-

2181 601 2355 658 tiones
2377 601 2704 671 Apostoiicae
2730 603 3024 659 audiuntur
3051 622 3065 659 :
3094 619 3218 676 qua:
3244 613 3302 659 ut
3324 603 3485 676 pedes
3504 606 3745 664 sustinent

2183 701 2354 749 totum
2384 709 2581 766 corpus
2606 695 2887 754 Ecclesiae.

2252 787 2508 862 Exsurge,
2542 790 2778 856 Domine,
2802 791 2855 845 in
2879 790 3102 863 requiem
3121 800 3285 846 tuam.
3310 790 3426 847 Jam
3448 792 3747 865 explesliju-

2179 894 2484 939 ramentum
2511 925 2526 949 ,
2574 884 2859 940 reddidisti
2891 892 3073 941 votum
3111 886 3261 957 :jam
3309 885 3556 942 invenisti
3592 886 3747 944 locum

2185 974 2295 1031 Deo
2314 975 2451 1046 :jam
2476 976 2775 1046 produxisti
2799 993 2867 1032 ex
2890 977 3057 1033 latere
3085 988 3176 1043 tuo
3196 977 3491 1033 Ecclesiam
3515 996 3528 1034 :
3548 993 3749 1051 exsurge

2181 1084 2324 1123 nunc
2350 1069 2419 1124 ab
2449 1069 2669 1138 inferis,
2700 1080 2977 1127 revertere
3018 1072 3071 1126 in
3106 1070 3509 1127 tabernaculum
3542 1089 3556 1126 :
3586 1071 3748 1129 abiens

2181 1161 2235 1218 in
2266 1160 2508 1235 reqttiem
2540 1181 2554 1219 :
2584 1165 2651 1219 de
2680 1165 2875 1234 quibus
2920 1164 3169 1234 superius
3213 1180 3272 1219 es
3312 1164 3543 1219 locutus.
3571 1164 3632 1220 Et
3658 1180 3749 1222 non

2180 1256 2355 1312 solum
2390 1267 2466 1325 ltt,
2499 1257 2591 1313 sed
2611 1301 2624 1324 ,
2654 1256 2735 1313 Tu
2760 1267 2810 1313 et
2832 1276 2956 1312 arca
2978 1258 3407 1328 sanctiﬁcationis
3430 1268 3549 1312 tute.
3565 1255 3750 1328 Corpus

2180 1350 2391 1406 scilicet
2425 1359 2757 1421 assumptum
2781 1393 2796 1417 ,
2835 1367 2946 1423 quo
2971 1351 3229 1408 divinitas
3260 1351 3556 1422 tegebatur.
3594 1349 3634 1406 Α
3658 1367 3751 1422 quo

2180 1445 2344 1501 verba
2376 1446 2531 1511 vitaz,
2562 1460 2592 1500 a
2632 1461 2738 1517 quo
2765 1447 3007 1504 caelestis
3037 1446 3218 1518 panis,
3247 1460 3279 1500 a
3307 1460 3415 1518 quo
3446 1446 3558 1512 via,
3580 1430 3775 1502 veritas.

2182 1546 2237 1594 et
2264 1539 2372 1594 vita
2404 1539 2563 1594 nobis
2588 1546 2807 1595 ostensa
2836 1550 2942 1596 est.

2255 1631 2566 1686 Sacerdotes
2587 1631 2662 1685 tui
2682 1630 2968 1686 induantur
2987 1630 3221 1705 justitia.
3252 1629 3324 1686 Ut
3355 1628 3581 1700 jnstitia:
3608 1628 3755 1684 lorica

2183 1724 2378 1792 induti,
2414 1740 2519 1781 non
2548 1726 2860 1781 sancientur
2881 1741 2909 1778 a
2928 1725 3127 1795 jacnlis
3158 1722 3386 1780 inimici.
3420 1722 3489 1777 Et
3512 1724 3668 1780 sancti
3694 1724 3759 1781 ini

551 1815 774 1876 ctunm,
810 1803 880 1859 de
907 1800 1156 1876 'adventu
1203 1801 1325 1858 Filii
1365 1802 1456 1858 Dei
1499 1817 1565 1857 ex
1586 1815 1717 1857 voce
1756 1800 2071 1872 prophetica
2102 1814 2152 1875 Β
2176 1817 2453 1874 amnem.
2482 1816 2539 1873 ιη
2563 1817 2889 1876 calcamus
2916 1817 3093 1874 bonis_

553 1891 654 1933 nos
683 1875 896 1942 edocet,
920 1874 1114 1931 dicens
1145 1887 1159 1929 :

555 2007 838 2078 Memento,
869 2009 1106 2076 Domine,
1141 2008 1331 2064 David.
1350 2009 1518 2065 Filius
1539 2009 1928 2080 omnipotentis
1958 2006 2073 2074 Dei,

487 2113 870 2174 assumpturus
896 2118 1112 2160 carnem
1135 2119 1233 2175 pro
1259 2103 1633 2175 redemptione
1662 2103 1884 2175 populi,
1909 2102 2077 2159 David

484 2210 545 2252 se
571 2196 743 2251 voluit
769 2195 1066 2266 nuncupari
1098 2213 1109 2248 :
1143 2195 1261 2266 ejus
1281 2196 1492 2252 scilicet
1520 2197 1740 2251 nomine
1768 2195 2039 2253 vocitatus
2061 2237 2079 2261 ,

484 2286 553 2344 de
579 2288 734 2358 cujus
759 2302 956 2359 genere
981 2298 1359 2358 assumpturus
1385 2298 1504 2345 erat
1530 2299 1585 2344 et
1614 2303 1834 2359 corpus.
1868 2286 1938 2342 Et
1969 2304 2079 2342 om-

486 2383 566 2436 nis
598 2380 1006 2436 mansuetudinis
1030 2382 1161 2452 ejus.
1191 2380 1309 2436 Non
1329 2381 1644 2447 contendit,
1679 2397 1853 2453 neque
1878 2381 2082 2437 clama-

486 2475 566 2530 vit
595 2491 607 2529 :
639 2473 734 2530 sed
785 2474 927 2529 sicut
969 2489 1140 2546 agnus
1190 2485 1509 2531 mansuetus
1553 2474 1820 2532 deductus
1871 2483 1955 2531 est
2010 2474 2079 2531 ad

486 2564 759 2623 victimam
794 2565 949 2637 (Isai.
974 2568 1116 2637 Lm).

558 2660 706 2716 Sicut
732 2660 930 2733 juravil
968 2659 1190 2716 Domino
1222 2678 1242 2716 :
1268 2670 1442 2716 votum
1466 2662 1598 2716 vovit
1624 2659 1737 2717 Deo
1758 2660 1945 2717 Iacob.
1988 2660 2083 2717 Ju-

490 2761 798 2809 ramentum
841 2768 905 2809 ac
940 2763 1125 2810 votum
1175 2764 1400 2825 prapter
1462 2754 1770 2810 firmitatem
1829 2755 2083 2811 dictionis

491 2846 693 2917 posuit,
729 2861 797 2901 ne
826 2862 927 2902 nos
957 2847 1325 2903 dubitaremus
1355 2850 1505 2920 sequi
1539 2867 1549 2901 :
1575 2848 1671 2905 sed
1703 2847 1833 2920 quid
1864 2848 2080 2905 interim

494 2939 755 3007 voluerit,
790 2938 1011 3011 dignum
1050 2949 1134 2997 est
1179 2941 1447 2998 contueri.
1496 2940 1789 3007 Memento,
1833 2939 2078 3010 Domine,

494 3029 688 3101 David,
711 3044 760 3088 et
781 3036 946 3089 omnis
970 3036 1381 3091 mansuetudinis
1406 3036 1540 3107 ejus.
1574 3035 1724 3093 Sicut
1741 3037 1936 3109 jnravil
1969 3034 2083 3091 Do-

494 3128 653 3179 mino.
673 3125 779 3181 Pro
804 3140 870 3182 eo
896 3126 1037 3199 quod
1071 3136 1174 3193 est,
1201 3128 1332 3182 sicut
1363 3143 1382 3183 :
1409 3127 1463 3182 in
1495 3127 1721 3183 Hebraeo
1750 3129 1938 3195 habet,
1958 3131 2085 3199 qui:

2253 1910 2477 1981 Propter
2525 1910 2699 1966 David
2744 1927 2948 1983 servum
2995 1920 3143 1966 tuum
3194 1926 3295 1964 non
3345 1922 3552 1965 avertas
3597 1909 3763 1980 facient

2181 2003 2375 2060 Christi
2395 2004 2729 2074 tui.Propter
2750 2004 2899 2059 illum
2921 2004 3013 2076 qui
3035 2020 3102 2059 es
3128 2002 3338 2059 semine
3362 2002 3528 2057 David
3556 2002 3760 2057 formam

2180 2099 2430 2155 servilem
2475 2099 2716 2170 suscepit
2746 2116 2763 2155 :
2793 2112 2900 2153 non
2936 2106 3212 2153 avertatur
3256 2096 3482 2152 claritas
3533 2095 3762 2166 imaginis

2182 2199 2290 2247 tua:
2319 2206 2349 2245 a
2380 2193 2602 2256 sanctis,
2639 2192 2691 2246 in
2722 2190 2918 2262 quibus
2947 2188 3063 2261 ipse
3090 2188 3341 2245 Christus
3369 2185 3653 2253 inhabitat,
3681 2185 3764 2242 sed

2181 2284 2456 2340 illnmiuet
2482 2298 2599 2340 eos.

2251 2374 2455 2430 Iuravit
2473 2375 2722 2431 Dominus
2751 2374 2920 2431 David
2940 2377 3221 2443 veritatem,
3249 2384 3298 2430 et
3319 2392 3424 2429 non
3448 2374 3764 2447 frustrabitur

2182 2487 2320 2526 eum.
2354 2470 2466 2527 Deo
2508 2470 2717 2527 homini
2747 2472 2908 2527 Pater
2933 2471 3081 2542 jurat
3110 2473 3393 2527 veritatem
3424 2512 3443 2537 ,
3488 2484 3641 2541 quam
3671 2483 3764 2524 non

2181 2574 2407 2621 evacuat
2431 2608 2447 2634 ,
2479 2564 2575 2621 sed
2601 2564 2860 2635 adimplet
2893 2564 3083 2621 dicens
3120 2582 3132 2617 :
3162 2563 3242 2619 De
3271 2567 3447 2635 fructu
3480 2562 3662 2617 ventris
3700 2561 3767 2617 tui

2185 2676 2378 2729 ponam
2404 2675 2562 2730 super
2589 2659 2760 2714 sedem
2794 2668 2958 2713 luant.
2986 2656 3097 2714 Nos
3128 2671 3321 2712 sumus
3351 2654 3563 2710 fructus
3583 2655 3766 2710 ventris

2184 2752 2322 2822 ejus,
2350 2767 2487 2822 quos
2515 2750 2870 2820 spirituaiiter
2901 2761 3173 2821 tamquam
3202 2764 3272 2806 ex
3302 2758 3461 2804 utero
3490 2748 3764 2820 generavit.

2183 2846 2284 2915 Qui
2308 2847 2351 2902 si
2376 2847 2657 2917 sequentia
2676 2844 3068 2910 custodiamus,
3088 2843 3398 2902 sedebimus
3420 2858 3589 2911 super
3604 2841 3767 2897 sedem

2185 2940 2305 3009 ejus
2329 2981 2345 3007 ,
2388 2950 2439 2995 et
2474 2954 2581 2993 non
2606 2937 2780 2993 solum
2810 2953 2907 2994 nos
2927 2979 2943 3005 ,
2967 2952 3155 2994 verum
3188 2938 3351 2992 etiam
3381 2944 3439 2993 et
3478 2935 3573 2991 lilii
3595 2934 3767 2991 nostri.

2189 3034 2280 3089 Ait
2307 3034 2451 3087 enim
2489 3050 2502 3086 :
3254 3084 3259 3087 _

2261 3125 2325 3181 Si
2347 3124 2689 3179 custodierinl
2721 3124 2819 3180 lilii
2843 3125 2918 3178 tui
2940 3131 3304 3179 testamentum
3338 3139 3536 3187 meum,
3568 3130 3613 3176 et
3642 3119 3770 3176 testi-

496 3226 555 3272 ut
582 3218 653 3273 sit
679 3234 872 3275 sensus
905 3238 915 3272 :
948 3219 1248 3286 Memento,
1285 3220 1539 3285 Domine,
1583 3220 1752 3274 David
1773 3260 1789 3288 ,
1820 3230 1875 3276 et
1906 3221 2084 3276 omnis
2112 3204 2158 3269 C
2188 3221 2363 3275 monia
2385 3236 2495 3275 mea
2520 3219 2632 3273 haac
2657 3234 2775 3289 qua:
2803 3217 2994 3273 docebo
3024 3234 3133 3286 eos,
3168 3226 3215 3273 et
3234 3216 3335 3287 ﬁlii
3360 3233 3547 3271 eorum
3567 3214 3769 3286 usqucin

496 3313 927 3370 mansuetudinis
960 3313 1110 3385 ejus,
1152 3314 1242 3385 qui
1270 3313 1737 3384 juravitDomiuo
1758 3354 1774 3379 ,
1815 3323 1869 3371 et
1903 3322 2085 3370 votum

495 3404 628 3460 fecit
657 3405 767 3461 Deo
792 3404 980 3460 Jacob.

571 3496 634 3553 Si
658 3498 901 3553 introiere
932 3499 985 3552 in
1007 3498 1393 3555 tabernaculum
1422 3500 1606 3556 domus
1635 3516 1761 3556 mea:
1788 3515 1807 3555 :
1832 3502 1878 3556 si
1907 3516 2089 3555 ascen-

497 3590 625 3644 ἀετο
664 3589 719 3644 in
757 3590 947 3645 lectum
994 3591 1140 3645 strati
1161 3592 1300 3647 mei:
1328 3592 1373 3646 si
1411 3592 1598 3648 dedero
1644 3609 1883 3649 somnum
1924 3592 2089 3648 oculis

500 3685 656 3751 meis,
703 3693 792 3739 aut
826 3684 1089 3757 palpebris
1126 3688 1249 3741 meis
1290 3687 1737 3755 dormitationem,
1776 3698 1825 3743 et
1865 3688 2091 3758 requiem

499 3781 807 3850 temporibus
841 3783 968 3837 meis
998 3798 1015 3836 :
1046 3783 1207 3838 donec
1231 3784 1489 3838 inveniam
1517 3785 1687 3839 locum
1721 3782 1979 3850 Domino,
2013 3793 2090 3837 ta—

497 3874 830 3930 bernaculum
879 3873 987 3931 Deo
1041 3873 1226 3931 Iacob.
1258 3875 1676 3932 Tabernaculum
1706 3877 1888 3932 domus
1917 3875 2085 3933 etule-

494 3978 636 4041 stem
667 3967 852 4025 sedem
893 3969 1092 4026 indicat
1125 3989 1138 4025 :
1175 3971 1227 4026 in
1258 3978 1431 4026 strato
1463 3986 1594 4026 vero
1624 3970 1786 4039 lecti,
1824 3970 1878 4026 in
1904 3971 2091 4026 oculo-

497 4077 616 4118 rum
658 4077 892 4130 somno,
936 4064 989 4118 in
1027 4063 1412 4121 dormitatione
1436 4064 1858 4135 palpebrarum,
1904 4063 1989 4118 vel
2033 4063 2086 4118 in

497 4164 802 4228 temporum
830 4157 1042 4226 requie,
1069 4165 1327 4213 mternam
1352 4157 1614 4226 quietem,
1647 4172 1770 4228 quae
1796 4169 2088 4226 numquam

496 4251 859 4321 abrumpitur,
891 4250 1308 4307 demonstravit.
1340 4249 1398 4305 ln
1431 4249 1629 4321 quibus
1659 4264 1766 4304 non
1799 4264 1859 4304 se
1889 4247 2093 4304 reditu-

452 4340 468 4363 '
495 4359 616 4401 rum
667 4344 952 4414 pollicetur
984 4359 998 4397 :
1031 4344 1134 4399 nisi
1179 4344 1328 4414 prius
1370 4345 1422 4399 in
1453 4342 1676 4398 homine
1715 4342 1936 4414 dignum
1982 4342 2092 4397 Deo

494 4437 647 4495 Patri
680 4438 860 4494 locum
882 4439 968 4494 vel
996 4438 1253 4494 Ecclesiae
1276 4437 1751 4509 congregationem
1783 4449 1883 4492 sna
1911 4448 2093 4491 resur-

495 4532 737 4588 rectione
767 4539 1131 4588 construeret.

2187 3314 2437 3369 uetulum
2458 3311 2657 3379 saeculi,
2688 3313 2931 3367 sedebant
2954 3326 3105 3384 super
3124 3311 3292 3365 sedem
3324 3326 3519 3366 meam.
3538 3309 3595 3365 Si
3626 3317 3772 3363 testa-

2189 3414 2432 3462 mentum
2465 3406 2583 3477 ejus
2614 3405 3012 3473 custodiamus,
3049 3404 3244 3461 sedere
3272 3419 3371 3459 nos
3400 3403 3569 3459 faciet
3596 3404 3644 3457 in
3673 3415 3770 3455 caa-

2190 3500 2416 3557 lesdbus
2449 3519 2461 3554 :
2495 3502 2637 3555 sicut
2675 3500 2752 3554 ait
2780 3498 3074 3571 Apostolus
3112 3497 3341 3572 (Ephes.
3376 3497 3433 3570 ι)
3470 3516 3483 3550 :
3518 3495 3775 3554 Sedebunt

2191 3607 2355 3665 super
2382 3593 2567 3649 sedem
2595 3592 2731 3663 ejus.
2764 3591 2869 3647 Sed
2896 3601 2952 3648 et
2981 3593 3084 3662 ipsi
3117 3591 3383 3648 sedebant
3410 3605 3582 3660 super
3603 3587 3771 3644 sedem

2191 3685 2310 3756 ejus
2347 3686 2543 3757 quibus
2591 3685 2792 3740 dictum
2836 3694 2919 3741 est
2950 3702 2963 3738 :
2994 3683 3269 3740 Sedebitis
3307 3697 3479 3752 super
3510 3680 3773 3737 duodecim

2191 3777 2376 3846 sedes,
2388 3776 2698 3848 indicantes
2716 3776 3004 3832 duodecim
3030 3776 3207 3831 tribus
3232 3774 3397 3831 Israel
3419 3774 3638 3847 (Matth.
3654 3770 3771 3841 sit).

2190 3871 2469 3930 Sedebnnt
2498 3882 2555 3929 et
2595 3872 2686 3927 lilii
2730 3872 2942 3937 nostri,
2984 3870 3087 3926 hoc
3114 3879 3194 3926 est
3221 3910 3237 3936 ,
3283 3867 3780 3925 rememorabnntnr

2192 3980 2359 4037 opera
2393 3966 2532 4021 bona
2558 4006 2571 4029 ,
2604 3980 2724 4035 quae
2754 3964 2827 4020 ob
2853 3978 3093 4019 amorem
3133 3962 3276 4019 illius
3313 3962 3528 4032 Operati
3566 3972 3776 4025 sumus,

2194 4060 2247 4116 in
2270 4068 2563 4129 conspectu
2586 4059 2723 4130 ejus.
3744 4110 3747 4113 .

2270 4155 2528 4223 Quoniam
2572 4154 2722 4225 elegit
2760 4152 3017 4207 Dominus
3057 4152 3187 4207 S:on
3216 4166 3233 4205 :
3263 4150 3531 4223 praeelegit
3582 4163 3689 4202 eam
3732 4145 3779 4199 in

2194 4247 2563 4302 habitationem
2593 4246 2706 4302 sibi.
2729 4244 3162 4302 Cancordantem
3191 4243 3294 4298 sibi
3317 4252 3601 4298 catervam
3626 4240 3785 4296 eccle-

2195 4340 2502 4405 siasticam,
2557 4339 2645 4395 vel
2683 4337 3048 4395 sanetilicatas
3103 4334 3444 4391 sacramentis
3506 4330 3782 4389 ctelestibus

2196 4442 2291 4498 tibi
2322 4442 2551 4498 animas.

2269 4547 2397 4604 Htec
2425 4546 2624 4618 requies
2664 4561 2777 4599 mea
2815 4546 2870 4599 in
2909 4542 3157 4600 tusculum
3194 4539 3415 4597 surculi:
3436 4540 3526 4595 hic
3557 4536 3781 4594 habitabo

566 4620 1026 4720 Εθίθβίίέίυίηδω
1052 4639 1163 4720 ἔξω
1199 4620 1761 4720 ίη-Ερὴνωαχβέείο
1810 4619 2086 4720 βείωθῇω
2116 4601 2170 4662 D
2193 4601 2435 4720 quoniam
2466 4601 2601 4720 elegi
2633 4663 2771 4702 eam.
2799 4644 3053 4702 Animam
3079 4660 3203 4716 qua:
3232 4644 3282 4700 ei
3312 4659 3410 4715 per
3439 4640 3783 4699 resurrectio-

493 4729 664 4785 usque
710 4714 868 4770 hodie
911 4715 1215 4786 appellatur
1243 4714 1504 4785 Ephrata.
1557 4714 1728 4786 Hujus
1758 4714 1834 4770 rei
1873 4722 1930 4770 et
1968 4714 2089 4769 alia:

492 4807 787 4878 Scriptum
817 4815 983 4863 testes
1024 4815 1166 4863 sunt.
1218 4806 1458 4877 Ephrata
1501 4807 1614 4878 ipsa
1657 4816 1743 4862 est
1787 4805 2085 4863 Bethleem.

495 4898 599 4957 Ubi
623 4901 853 4971 primum
887 4899 1127 4956 Ecclesia
1159 4910 1243 4956 est
1268 4898 1469 4969 audita,
1502 4900 1552 4955 id
1579 4908 1682 4966 est,
1715 4900 1767 4954 in
1796 4915 1901 4970 qua
1931 4897 2093 4954 Chri-

494 5003 611 5048 stus
657 4994 913 5050 Dominus
953 5007 1172 5049 carnem
1217 4993 1531 5063 assumpsit.
1576 4991 1635 5047 ln
1664 4992 1767 5047 hac
1803 4999 1858 5046 et
1886 4991 2090 5046 Rachel

494 5095 658 5154 Israel
688 5097 883 5153 dilecta
913 5096 1144 5169 quiesrit
1173 5095 1326 5170 (Gen.
1360 5097 1521 5169 xxxv)
1548 5139 1563 5165 ,
1594 5112 1715 5167 quae
1748 5109 1932 5170 typum
1964 5110 2092 5167 ges-

492 5191 564 5246 sit
597 5191 871 5248 Ecclesiai.
901 5190 1198 5247 Invenimus
1226 5206 1338 5246 eam
1368 5192 1421 5246 in
1448 5192 1645 5261 campis
1669 5189 1845 5263 sylvas.
1874 5190 1931 5246 In
1960 5204 2093 5261 gen-

496 5283 639 5340 tibus
667 5325 682 5351 ,
714 5298 833 5355 qua:
857 5285 1009 5354 prius
1037 5282 1235 5341 diaboli
1261 5291 1416 5342 erant
1441 5283 1639 5340 cubilia
1672 5301 1687 5339 :
1728 5298 1871 5340 nunc
1911 5292 2091 5339 autem

495 5376 695 5447 Campi,
724 5378 1007 5434 Dominum
1034 5377 1289 5456 colentes-
1306 5376 1589 5456 fructiferi.

564 5469 886 5528 Intrabimus
933 5472 988 5526 in
1031 5453 1417 5528 tabernaculum
1447 5469 1566 5527 Dei.
1604 5470 1714 5527 Nos
1761 5471 1934 5542 quiin
1990 5485 2094 5527 una

563 5648 591 5679 ι
632 5637 806 5695 Verus
854 5638 1245 5711 Hieronymus,
1292 5639 1496 5709 Quiest.
1542 5639 1593 5694 in
1633 5639 1831 5711 Genes.
1859 5652 2038 5694 c.xr.v
2072 5655 2083 5690 :

491 5711 634 5801 Licet
659 5712 711 5764 in
743 5711 1002 5801 plerisque
1029 5710 1289 5801 cadicibus
1319 5727 1412 5794 pro
1435 5710 1593 5801 viguit
1618 5753 1633 5773 ,
1678 5710 1777 5801 hqc
1797 5719 1942 5801 Lest‘,‘
1990 5726 2085 5801 pro

494 5789 663 5869 χήρα,
693 5783 937 5866 nonnulli
959 5783 1133 5909 legant
1162 5784 1316 5855 θήραν
1345 5823 1360 5847 ,
1387 5783 1441 5836 in
1466 5781 1517 5836 Η
1525 5782 1690 5837 ebrtea
1722 5781 1870 5836 habet
1902 5781 2045 5865 Seda
2065 5821 2084 5850 ,

490 5857 548 5910 td
578 5865 691 5923 est,
726 5854 943 5909 cibaria.
1040 5863 1057 5908 t
1097 5858 1269 5931 χήραν
1300 5851 1519 5924 quidem
1558 5868 1681 5909 cum
1717 5853 2090 5910 Alexandrino

2194 4754 2278 4809 nis
2301 4750 2531 4824 gloriam
2568 4759 2623 4805 et
2647 4747 3088 4806 emnodationem
3118 4747 3346 4819 peccati,
3375 4746 3577 4803 domus
3615 4758 3679 4799 ac
3703 4756 3781 4798 re-

2192 4854 2345 4925 quies
2375 4853 2511 4908 facta
2547 4860 2650 4908 est.

2206 4982 2215 4991 ε
2270 4956 2496 5011 Viduam
2536 4956 2646 5028 ejus
2690 4954 2988 5010 benedicens
3027 4953 3322 5010 benedicam
3350 4968 3367 5006 :
3391 4967 3650 5026 pauperes
3686 4951 3784 5022 ejus

2192 5057 2433 5112 saturabo
2460 5056 2697 5126 panibus.
2732 5055 2838 5111 Pro
2867 5056 3044 5121 vidua,
3072 5056 3128 5110 id
3152 5064 3248 5122 est,
3279 5059 3448 5133 χήρα,
3479 5063 3541 5111 et
3569 5053 3784 5109 Hebrus

2193 5160 2466 5217 volumina
2492 5204 2506 5229 ,
2538 5168 2591 5215 et
2623 5167 2650 5196 ει
2677 5157 2780 5229 ipsi
2821 5157 3175 5230 Septuaginta
3216 5160 3370 5234 θήραν
3410 5156 3622 5212 habent
3651 5170 3668 5212 :
3697 5151 3786 5210 sed

2196 5269 2420 5335 propter
2439 5260 2737 5316 novitatem
2767 5258 2939 5323 verbi,
2971 5269 3022 5313 et
3056 5258 3216 5313 unius
3245 5258 3439 5313 litterae
3463 5255 3786 5312 demutatio—

2196 5380 2344 5434 nem,
2370 5363 2636 5435 paulatim
2667 5360 2875 5417 obtinui
2894 5404 2910 5429 ,
2945 5369 3003 5416 nt
3032 5376 3129 5430 pro
3158 5361 3288 5437 θήρα
3315 5358 3593 5430 legeretur
3620 5362 3782 5435 χήρα,

2199 5467 2438 5526 maxime
2465 5465 2590 5538 quia
2622 5464 2675 5519 in
2704 5463 2949 5534 sequenti
2972 5462 3247 5519 versiculo
3286 5475 3559 5534 pauperes
3597 5471 3783 5531 seque-

2194 5632 2442 5705 qiuedam
2483 5630 2596 5705 alia;
2628 5628 2961 5705 exemplaria
2994 5627 3195 5705 habent
3219 5671 3235 5695 ,
3279 5636 3333 5683 et
3364 5625 3422 5682 S.
3449 5624 3701 5705 Hilarius
3734 5625 3783 5678 in

2192 5697 2337 5763 hunc
2363 5705 2540 5759 locum
2584 5697 2870 5757 lectionem
2906 5700 3152 5754 eamdem
3183 5713 3253 5754 ex
3296 5697 3659 5752 translationis
3697 5713 3785 5749 an-

2193 5778 2428 5837 ctoritate
2478 5774 2681 5829 laudat.
2723 5772 2860 5827 Vide
2909 5770 3210 5839 Quaestion.
3264 5770 3317 5823 in
3369 5768 3616 5840 Cenes,
3669 5768 3782 5825 loco

2198 5850 2417 5907 laudato
2450 5864 2461 5899 :
2494 5855 2555 5904 et
2574 5859 2695 5916 quas
2722 5858 2826 5900 nos
2850 5842 2925 5900 ibi
2949 5844 3323 5900 observamus.
