4008 6336
250 300 382 366 Hl‘f

1152 299 1581 362 BRI'JVIARIUM
1623 299 1688 359 IN
1731 294 2068 361 PSALMOS.
2114 295 2362 359 PSALM.
2405 293 2664 357 CXXXII.

3406 293 3545 359 1918

249 417 469 473 bantur.
515 420 643 497 θήρα
668 413 1028 489 Symmachus
1057 426 1110 472 ct
1139 418 1336 488 Aquila
1359 418 1554 473 cibaria
1585 419 1850 488 interpre-
1877 415 2030 478 Ales
2065 433 2074 468 :
2122 415 2213 487 qui
2257 430 2352 470 sua
2397 415 2585 486 utique
2627 411 2942 484 negligant,
2985 408 3085 465 alia
3129 425 3236 464 non
3275 419 3550 482 quatrunt.

247 521 340 565 tati
377 522 526 565 sunt.

323 603 637 658 Sacerdotes
694 607 803 677 ejus
856 604 1070 657 induam
1113 605 1379 671 salutari,
1423 615 1470 659 ct
1521 603 1685 658 sancti
1735 606 1848 676 ejus

244 698 596 752 exsultatione
627 697 975 752 exsultabant.
1012 697 1130 768 Ipse
1159 701 1302 754 enim
1334 714 1432 754 nos
1453 699 1536 754 vel
1559 697 1848 769 justitiam,

244 789 328 845 vel
354 789 594 844 salutare
625 789 798 844 induit
829 809 840 842 :
874 805 997 844 cum
1031 805 1128 846 nos
1165 789 1478 846 conformes
1503 789 1719 860 corpori
1751 803 1849 843 suo

245 882 414 939 efficit
445 901 460 938 :
494 884 581 955 qui
619 891 705 939 est
741 882 948 954 justitia
980 885 1236 956 salusque
1266 894 1450 940 nostra
1477 924 1494 951 ,
1536 895 1851 955 przeparans

249 977 410 1033 nobis
441 977 790 1033 tabernacula
819 979 1173 1048 sempiterna.

320 1069 460 1126 Illuc
511 1072 797 1140 producam
855 1089 1016 1126 cornu
1072 1071 1261 1127 David.
1322 1074 1564 1144 Regnum
1615 1072 1849 1141 Christi,

245 1164 388 1235 quod
425 1165 478 1218 in
524 1164 631 1220 illis
673 1164 1002 1232 ostenditur,
1053 1166 1256 1236 quibus
1293 1165 1494 1222 dictum
1537 1174 1621 1222 est
1653 1182 1667 1220 :
1701 1165 1851 1221 Beati

243 1271 514 1330 pauperes
547 1256 740 1327 spiritu
772 1277 785 1313 :
813 1258 1068 1327 quoniam
1102 1259 1341 1328 ipstirum
1368 1269 1452 1313 est
1483 1274 1710 1328 regnum
1742 1273 1852 1313 cce-

241 1351 418 1406 Iorum
476 1349 702 1422 (Matth.
763 1351 848 1422 ν).
905 1350 1096 1405 Paravi
1141 1350 1406 1405 lucernam
1457 1349 1666 1406 Christo
1716 1367 1848 1405 meo.

241 1444 482 1502 Joannes
511 1445 748 1515 Baptista
803 1446 918 1500 sive
963 1461 1266 1514 prmcursor
1308 1445 1526 1500 Domini
1573 1458 1625 1500 et
1664 1445 1880 1501 Salva-'

245 1539 383 1592 toris
416 1537 583 1592 nostri
617 1553 644 1589 a
679 1537 789 1592 Deo
829 1537 989 1592 Patre
1019 1538 1216 1592 dicitur
1246 1547 1548 1608 prmparata
1583 1537 1799 1592 lucerna
1836 1552 1846 1588 :

240 1629 332 1700 qui
359 1645 482 1684 eum
527 1629 579 1683 in
609 1629 769 1700 hujus
810 1630 998 1684 mundi
1032 1630 1285 1685 tenebras
1319 1640 1608 1684 venturum
1636 1645 1849 1685 annun-

243 1719 396 1776 tiavit
433 1741 442 1773 :
478 1721 568 1777 Sic
597 1725 739 1777 enim
773 1733 825 1777 et
868 1723 984 1793 ipse
1031 1723 1290 1778 Dominus
1328 1728 1529 1778 vocitat
1559 1739 1681 1779 eum
1711 1765 1726 1788 ,
1766 1723 1851 1778 di-

1952 506 2109 562 Sicut
2140 519 2192 563 et
2227 507 2460 578 legimus
2503 507 2553 559 in
2585 505 2810 561 Actibus
2840 505 3214 576 apostolorum
3253 520 3265 556 :
3298 503 3551 573 quoniant

1949 601 2318 656 multitudinis
2358 599 2702 656 credentium
2739 608 2860 654 erat
2902 613 2997 652 cor
3044 612 3242 665 unum,
3289 607 3342 651 et
3373 595 3555 650 anima

1949 706 2056 746 una
2091 691 2229 762 (Act.
2260 693 2359 764 tv).
2401 691 2468 746 Et
2498 699 2686 757 erant,
2721 690 2927 760 inquit,
2963 688 3080 743 illis
3103 687 3286 744 omnia
3315 701 3557 743 comnm-

1950 786 2059 841 nia.
2106 785 2275 842 Recte
2315 794 2476 842 erant
2521 785 2604 841 eis
2639 783 2824 841 omnia
2855 782 3200 848 communia,
3248 781 3337 851 qui
3387 796 3552 835 unum

1952 875 2230 934 Christum
2262 878 2634 949 possidebant.
2661 876 2827 932 Multa
2855 877 3110 942 diximus,
3137 874 3232 931 sed
3258 873 3324 930 ad
3349 873 3551 945 reliqua

1952 969 2294 1028 festinemus.

2027 1062 2175 1118 Sicut
2188 1073 2509 1135 unguentum
2529 1065 2579 1117 in
2597 1064 2768 1137 capite
2785 1078 2804 1119 :
2820 1061 2958 1134 quod
2976 1061 3236 1118 descendit
3249 1061 3302 1116 in
3316 1059 3550 1129 barbam,

1955 1156 2168 1212 barbam
2195 1159 2396 1214 Aaron.
2425 1159 2470 1214 0
2500 1159 2547 1213 si
2575 1169 2722 1214 esset
2746 1167 2985 1228 tempus,
3016 1169 3076 1214 ut
3099 1159 3166 1214 de
3192 1158 3419 1228 singulis
3442 1157 3552 1214 dis-

1954 1258 2302 1320 putaremus,
2348 1249 2469 1306 dies
2513 1250 2670 1307 nobis
2702 1249 2955 1306 sufficere
2987 1266 3093 1306 non
3127 1260 3357 1322 poterat.
3396 1249 3553 1320 chi~

1951 1357 2070 1397 mus
2127 1344 2177 1396 itt
2235 1343 2460 1411 Exodo,
2513 1343 2794 1413 quomodo
2841 1343 3165 1399 conficiatur
3211 1355 3546 1414 unguentum

1953 1435 2292 1490 sacerdotale
2324 1434 2524 1507 (Exod.
2561 1453 2695 1504 xxv,
2727 1435 2880 1509 xxx).
2915 1436 3125 1492 Deinde
3154 1438 3384 1508 legimus
3411 1452 3550 1508 quo-

1953 1530 2116 1585 modo
2144 1530 2292 1584 aliud
2324 1539 2660 1601 unguentum
2693 1546 2800 1601 quo
2831 1531 3177 1602 ungebanlur
3205 1545 3359 1602 reges
3385 1572 3400 1597 ,
3433 1538 3552 1586 erat

1953 1621 2100 1677 aliud
2129 1631 2468 1692 unguentum
2502 1639 2607 1692 quo
2633 1623 2978 1694 angebantur
3008 1621 3305 1696 prophetat.
3334 1623 3400 1679 Et
3421 1623 3550 1695 quid

1955 1716 2111 1786 plura
2135 1715 2365 1786 loquar?
2392 1717 2588 1772 Omnia
2613 1726 2888 1786 unguenta
2913 1715 3186 1773 habebant
3207 1718 3552 1774 diversitates

240 1828 371 1870 cens
405 1831 417 1868 :
452 1815 546 1868 Ille
577 1825 695 1869 erat
721 1815 942 1870 lucerna
971 1814 1170 1870 ardens
1197 1815 1384 1887 (Jonn.
1421 1817 1502 1885 v),
1536 1826 1588 1872 et
1616 1818 1842 1888 reliqua.
1878 1811 1926 1872 B
1951 1817 2007 1864 et
2036 1809 2292 1881 mysteria
2319 1824 2439 1864 sua.
2466 1810 2733 1866 Miramur
2754 1811 2822 1867 de
2844 1812 3084 1866 sanctis?
3111 1813 3384 1883 Leprosus
3405 1822 3554 1885 post-

314 1903 565 1967 Inimicos
596 1909 709 1978 ejus
735 1906 952 1960 induam
980 1908 1305 1978 confusione.
1340 1907 1559 1963 Judzeos
1594 1925 1702 1963 non
1730 1925 1850 1965 crc-

239 1997 434 2055 dentcs
485 2014 607 2054 cum
651 1999 891 2055 viderint
940 2000 1228 2056 Dominum
1281 2001 1335 2056 in
1391 2003 1675 2071 majestate
1724 2019 1845 2059 sua.

240 2091 417 2164 Super
462 2094 634 2164 ipsum
691 2105 861 2148 autent
915 2094 1118 2165 ﬂorebit
1161 2096 1509 2166 sanctiﬁcatio
1558 2113 1690 2151 mea.
1748 2098 1852 2154 Pro

241 2189 679 2258 sanctiﬁcatione,
712 2205 878 2243 mesen
902 2190 1040 2261 ("ut
1069 2190 1120 2244 in
1151 2190 1386 2246 Ilebrwo
1411 2190 1642 2246 habetur
1669 2209 1678 2244 :
1708 2191 1850 2262 quod

240 2283 438 2355 Aquila
474 2293 826 2338 consecratum
859 2285 1271 2354 interpretatur,
1306 2296 1361 2341 et
1389 2286 1661 2358 signiﬁcat
1694 2289 1849 2344 Iami-

243 2393 372 2435 nam
417 2393 482 2432 ex
525 2393 688 2443 auro,
732 2394 850 2448 qua:
899 2378 951 2432 in
987 2379 1161 2434 fronte
1201 2381 1476 2449 pontificis
1525 2381 1794 2454 Iigabatur
1835 2401 1848 2438 :

243 2473 518 2544 sculptum
549 2471 751 2528 habens
776 2487 973 2528 nomen
1000 2473 1235 2528 Domini.

742 2607 1055 2666 PSALMUS
1101 2609 1363 2666 CXXXII.

757 2720 1028 2778 Canticum
1058 2726 1335 2796 graduum.

322 2834 457 2892 Ecce
493 2852 646 2907 quam
679 2834 866 2890 bonum
897 2846 947 2893 et
974 2855 1127 2910 quam
1157 2839 1453 2911 jucundum
1481 2840 1714 2898 habitare
1738 2843 1851 2913 fra—

249 2939 353 2985 tres
374 2931 425 2984 in
453 2947 629 2984 unum.
660 2931 774 2986 Duo
800 2932 932 2987 dicit
961 2951 975 2987 :
1003 2933 1204 2988 bonum
1228 2936 1620 3004 etjucundum.
1649 2937 1852 2992 Bonum

247 3032 338 3081 est
373 3027 722 3096 martyrium,
759 3026 852 3081 sed
884 3041 991 3082 non
1025 3039 1109 3083 est
1143 3029 1439 3099 jucundum
1474 3049 1485 3083 :
1520 3031 1683 3087 habet
1708 3035 1852 3089 enim

249 3120 516 3190 supplicia
549 3129 604 3175 et
647 3134 834 3190 pmnas
859 3163 873 3187 ,
917 3131 972 3177 et
1013 3137 1231 3193 semper
1264 3125 1318 3180 in
1347 3126 1672 3182 cruciatibus
1697 3127 1855 3183 dolor

1954 1916 2116 1972 quam
2148 1911 2410 1972 purgatus
2439 1902 2642 1968 fuerit,
2678 1915 2963 1975 postquam
2998 1904 3233 1976 ltySSOpO
3273 1907 3438 1962 fuerit
3467 1920 3554 1962 as-

1952 2009 2169 2066 persus.
2194 2006 2247 2051 et
2269 1997 2533 2066 sanguine
2557 1999 2800 2068 gallinm,
2826 2008 2884 2054 et
2906 1999 3203 2055 dimittitur
3226 2015 3328 2055 una
3352 2001 3551 2072 gallina

1953 2087 2004 2142 in
2035 2103 2302 2156 ercmum,
2334 2099 2390 2145 et
2417 2091 2533 2160 ipse
2559 2090 2719 2148 habet
2743 2105 3074 2162 unguentum
3106 2093 3407 2166 proprium.
3433 2094 3549 2152 Non

1953 2183 2324 2239 sanctificatur
2351 2183 2581 2253 aliquid,
2613 2186 2717 2240 nisi
2746 2200 2842 2256 per
2869 2198 3228 2253 unguentum.
3255 2188 3552 2260 Propterea

1953 2274 2146 2330 dicunt
2200 2284 2256 2331 et
2306 2275 2735 2332 adulescentula:
2790 2277 2842 2332 in
2889 2281 3115 2334 Cantico
3161 2281 3550 2337 canticorum:

1954 2370 2300 2440 Unguentum
2323 2372 2663 2428 exinanitum
2690 2389 2888 2429 nomen
2919 2386 3088 2431 tuum.
3112 2375 3238 2430 Post
3263 2387 3313 2432 te
3342 2377 3393 2432 in
3420 2378 3555 2433 odo-

1954 2481 2069 2522 rem
2094 2476 2498 2535 unguentorum
2527 2483 2812 2524 curremus
2839 2468 3020 2541 (Cant.
3053 2468 3114 2540 t).
3147 2469 3294 2526 Sicut
3320 2488 3555 2544 unguen-

1955 2567 2064 2612 tunt
2087 2561 2136 2613 in
2163 2561 2328 2631 capite
2345 2563 2483 2632 quod
2506 2563 2770 2617 descendit
2792 2565 2844 2617 in
2863 2564 3098 2633 barbam,
3125 2565 3334 2621 barbam
3355 2567 3554 2625 Aaron.

1955 2650 2190 2706 Pulchre
2225 2651 2390 2720 dixit,
2432 2654 2486 2708 in
2536 2655 2722 2727 capite,
2765 2657 2902 2726 quod
2945 2656 3207 2715 descendit
3253 2660 3306 2714 in
3347 2661 3557 2715 barbam

1955 2745 2150 2798 Aaron.
2180 2743 2352 2800 Barba
2384 2745 2658 2804 virilitatis
2686 2748 2947 2806 indicium
2971 2761 3075 2807 est.
3104 2753 3379 2809 Mulierem
3409 2755 3554 2812 enim

1955 2845 2014 2891 et
2046 2838 2224 2892 virum
2258 2837 2361 2894 hoc
2391 2838 2550 2910 signo
2594 2853 2786 2898 natura
2829 2842 3114 2916 distinguit
3147 2865 3157 2898 :
3199 2846 3364 2903 barba
3399 2848 3559 2920 igitur

1957 2930 2234 2986 virilitatis
2264 2932 2523 2988 indiciunt
2554 2943 2660 2991 est.
2687 2936 2861 3008 Caput
2889 2953 3018 3009 ergo
3047 2939 3306 2996 divinitas
3334 2941 3555 3010 dicitur,

1960 3021 2062 3077 hoc
2090 3032 2207 3089 est,
2253 3023 2448 3080 deitas.
2492 3026 2665 3081 Barba
2695 3043 2829 3083 vero
2873 3031 3046 3085 virum
3080 3032 3303 3088 indicat.
3341 3033 3445 3105 Ut,
3480 3036 3562 3090 iu-

1958 3117 2093 3188 quit,
2128 3119 2510 3186 perveniamus
2542 3120 2592 3174 in
2622 3120 2796 3176 virum
2828 3124 3154 3194 perfectum,
3177 3127 3268 3197 qui
3299 3139 3383 3183 est
3405 3127 3562 3184 Chri-

253 3221 374 3279 est,
409 3223 463 3266 et
506 3213 691 3283 utique
739 3215 794 3269 in
833 3214 1029 3272 dolore
1071 3233 1178 3271 non
1221 3228 1300 3273 est
1341 3219 1674 3287 iucunditas.
1725 3220 1856 3276 Ecce

1965 3222 2075 3267 stus
2105 3211 2331 3284 (Cotoss.
2363 3213 2426 3285 ι).
2456 3214 2594 3270 Vide
2617 3230 2748 3286 ergo
2779 3218 2908 3287 quid
2932 3218 3080 3275 dicat
3110 3238 3120 3274 :
3153 3222 3303 3277 Sicut
3326 3239 3568 3295 unguen-

252 3321 414 3377 quam
450 3307 636 3360 bonum
680 3316 732 3360 et
759 3324 910 3378 quam
943 3309 1259 3379 jucundum.
1313 3310 1545 3366 Rursum
1607 3313 1857 3384 voluptas

248 3399 490 3471 jucunda
523 3409 628 3456 est.
664 3402 741 3455 Ac
764 3401 808 3455 si
840 3400 987 3456 dicat
1019 3419 1030 3454 :
1065 3403 1256 3458 Cibum
1283 3404 1498 3461 dulcem
1529 3407 1854 3478 comedere,

253 3493 478 3548 videtur
504 3493 801 3562 jucundum
827 3509 970 3562 esse,
996 3497 1276 3566 compellit
1297 3499 1440 3553 enim
1465 3499 1529 3553 ad
1557 3501 1854 3557 libidinem.

256 3585 358 3642 Hic
401 3602 530 3656 ergo
576 3585 684 3641 duo
728 3589 930 3657 posuit,
981 3597 1036 3643 et
1080 3590 1221 3660 quod
1263 3591 1372 3645 sibi
1408 3591 1699 3649 videbatur
1737 3609 1860 3650 esse

258 3683 598 3740 contrarium
629 3726 642 3751 ,
679 3683 878 3738 bonum
909 3684 1122 3739 scilicet
1146 3685 1558 3756 etjucundum,
1598 3705 1704 3742 uno
1746 3704 1862 3744 ser-

259 3792 426 3834 mone
445 3777 747 3844 conjunxit.
779 3776 911 3832 Ecce
930 3794 1086 3849 quam
1111 3777 1298 3833 bonum
1315 3788 1362 3834 et
1383 3782 1858 3853 quamjucundum,

261 3867 498 3922 habitare
545 3871 731 3939 fratres
779 3869 829 3922 in
863 3886 1045 3924 unum.
1091 3870 1309 3926 Fratres
1340 3883 1551 3936 mente,
1599 3890 1706 3928 non
1737 3889 1860 3929 cor-

261 3977 418 4034 pore.
456 3962 596 4016 Iisau
627 3971 681 4016 et
717 3961 884 4018 Jacob
927 3963 1122 4019 fratres
1155 3966 1374 4020 fuerunt
1399 4007 1412 4030 ,
1456 3976 1510 4021 et
1547 3966 1672 4037 quia
1702 3967 1864 4022 simul

263 4054 608 4122 habitabant,
637 4055 734 4110 fuit
761 4056 842 4112 eis
863 4072 1023 4112 causa
1054 4059 1368 4114 discordiae.
1397 4061 1540 4132 Ergo
1560 4063 1704 4132 quod
1727 4062 1865 4119 dixit

264 4147 382 4211 hic,
418 4147 614 4204 fratres
645 4166 658 4204 :
701 4165 807 4204 non
843 4150 1038 4208 fratres
1070 4152 1201 4208 dicit
1227 4169 1495 4223 corpore,
1544 4155 1638 4210 sed
1668 4155 1864 4212 fratres

264 4241 601 4310 epiritttales.
641 4239 866 4297 Fratres
905 4242 972 4297 de
1003 4244 1202 4313 quibus
1236 4245 1559 4316 loquebatur
1583 4258 1636 4302 et
1679 4247 1866 4304 Salva-

266 4339 382 4402 tor,
423 4343 473 4388 et
504 4334 724 4390 dicebat
753 4336 817 4390 ad
849 4337 1105 4393 mulieres
1147 4353 1162 4392 :
1204 4337 1301 4404 Ite,
1333 4339 1576 4396 nuntiate
1609 4338 1867 4397 fratribus

267 4429 411 4486 meis
434 4427 649 4500 (Matth.
678 4429 889 4500 xxvm).
924 4431 1057 4486 Ecce
1084 4449 1238 4501 quam
1281 4433 1470 4488 bonum
1498 4443 1546 4487 et
1582 4451 1734 4503 quant
1767 4438 1865 4508 jn-

270 4525 522 4589 cundum,
557 4524 789 4580 habitare
832 4526 1022 4596 fratres
1052 4527 1103 4580 in
1143 4545 1326 4584 unum.
1373 4527 1598 4598 Pr0prie
1628 4529 1868 4600 psalmus

1961 3315 2090 3370 tum,
2123 3308 2264 3362 sicut
2287 3307 2595 3364 benedictio
2620 3311 2882 3380 unguenti
2905 3311 2973 3368 de
2999 3315 3198 3385 capite,
3230 3315 3334 3372 hoc
3354 3329 3458 3384 est,
3495 3317 3562 3374 de

1961 3399 2264 3457 divinitatis
2293 3418 2549 3458 sermone
2579 3403 2865 3460 descendit
2899 3410 2951 3460 iu
2990 3407 3244 3475 barbam,
3277 3410 3566 3469 descendit

1963 3496 2016 3551 in
2045 3496 2217 3550 virum
2246 3497 2566 3564 perfectum,
2594 3497 2685 3569 qui
2713 3509 2796 3554 est
2817 3499 3088 3571 Christus,
3114 3514 3300 3574 postea
3340 3505 3565 3564 descen-

1962 3589 2043 3645 dit
2079 3590 2254 3660 ipsutn
2292 3600 2625 3662 unguentum
2661 3593 2711 3646 in
2750 3608 2902 3649 oram
2945 3596 3256 3672 vestimenti
3290 3601 3428 3669 ejus.
3472 3600 3565 3659 Sic

1963 3680 2300 3748 benedictio,
2323 3692 2377 3737 ct
2408 3698 2500 3737 ros
2533 3684 2732 3740 montis
2763 3684 3000 3741 Hermon
3026 3687 3308 3745 descendit
3337 3692 3386 3744 in
3412 3685 3566 3749 mon-

1967 3784 2072 3831 tem
2121 3777 2275 3832 Sion.
2321 3776 2664 3847 Unguentum
2711 3794 2843 3834 vero
2897 3779 2986 3834 hic
3038 3796 3134 3851 pro
3179 3783 3561 3844 benedictione

1967 3869 2207 3940 ponitur.
2245 3869 2500 3925 Dilexisti
2526 3867 2818 3939 juSIitiam,
2849 3871 3048 3942 inquit,
3081 3883 3132 3928 et
3165 3875 3328 3931 odisti
3360 3877 3560 3949 iniqui-

1969 3971 2133 4018 tatem
2168 3982 2178 4016 :
2212 3974 2504 4033 propterea
2532 3963 2686 4018 unxit
2721 3973 2771 4019 te
2802 3963 2968 4032 Deus,
3001 3965 3142 4022 Deus
3169 3976 3291 4023 tuus
3315 3970 3437 4026 oleo
3465 3987 3562 4027 ex-

1967 4057 2276 4114 sultationis
2305 4073 2414 4128 pra:
2442 4055 2801 4127 participibus
2832 4059 2937 4113 tuis
2966 4057 3137 4127 (Psal.
3170 4062 3336 4134 κων).
3371 4062 3560 4123 Videte

1968 4150 2093 4221 quid
2127 4150 2308 4206 dicat:
2344 4150 2613 4216 Dilexisti,
2643 4148 2837 4220 inquit,
2860 4150 3151 4220 justitiam,
3185 4162 3239 4210 et
3264 4155 3427 4211 odisti
3454 4157 3559 4213 itii-

1969 4247 2254 4316 quitatem.
2287 4243 2404 4299 Non
2435 4244 2634 4300 sufficit
2667 4243 2893 4316 diligere
2922 4246 3227 4316 justitiam,
3271 4252 3364 4307 sed
3399 4269 3565 4310 econ-

1972 4337 2142 4393 trario
2192 4336 2374 4392 odisse
2422 4335 2785 4407 iniquitatem.
2839 4336 3029 4394 Videte
3069 4340 3196 4410 quid
3239 4341 3382 4399 dicat
3429 4361 3444 4400 :
3496 4345 3563 4403 Et

1970 4429 2134 4486 odisti
2165 4428 2525 4498 iniquitatem.
2559 4429 2667 4486 Pro
2699 4429 2782 4486 bis
2807 4429 3118 4502 virtutibus,
3151 4435 3281 4504 quid
3311 4441 3563 4514 accepit?

1971 4525 2267 4596 Propterea
2299 4525 2455 4580 unxit
2501 4533 2552 4580 te
2594 4526 2736 4580 Detts
2760 4567 2775 4591 ,
2828 4525 2976 4582 Deus
3015 4537 3136 4584 tuus
3167 4529 3290 4586 oleo
3329 4537 3566 4591 exsulta-

270 4617 381 4674 iste
405 4617 669 4673 cmnobiis
697 4627 751 4673 et
781 4620 1130 4676 monasteriis
1153 4621 1428 4677 convenit.
1457 4622 1614 4679 Licet
1641 4624 1785 4680 enim
1814 4631 1868 4680 et
1894 4614 1948 4675 D
1975 4620 2136 4676 tionis
2169 4635 2280 4689 prae
2309 4616 2671 4688 participibus
2702 4617 2828 4673 tuis.
2883 4619 2994 4676 lIoc
3023 4620 3088 4676 ad
3121 4621 3397 4680 Christum
3429 4628 3567 4685 dici~

271 4705 344 4764 dc
374 4709 630 4764 Ecclesiis
658 4709 1016 4781 intelligatur,
1040 4712 1135 4768 sed
1164 4713 1238 4767 ibi
1269 4716 1530 4786 propositi
1553 4715 1868 4772 diversitate

274 4817 387 4857 non
420 4802 630 4857 videtur
658 4817 780 4859 esse
813 4813 957 4858 tanta
991 4805 1306 4860 concordia.
1349 4807 1480 4874 Quae
1510 4817 1596 4863 est
1622 4808 1765 4864 enint
1799 4809 1872 4863 ibi

274 4897 640 4953 fraternitas?
682 4897 880 4968 Utique
925 4899 1062 4953 alius
1104 4899 1169 4953 ad
1215 4900 1435 4955 domum
1483 4901 1562 4956 ire
1605 4901 1871 4958 festinat:

277 4990 421 5045 alius
449 4990 514 5044 ad
542 4991 778 5059 circum,
810 4991 948 5047 alius
981 4993 1032 5047 in
1066 4993 1310 5048 Ecclesia
1340 4993 1409 5049 de
1447 4995 1627 5051 usuris
1651 4995 1870 5067 cogitat.

278 5080 340 5138 In
376 5083 719 5140 monasteriis
746 5095 924 5140 autem
951 5085 1088 5140 sicut
1134 5101 1298 5140 unum
1332 5088 1705 5158 propositum,
1737 5105 1876 5144 unus

281 5187 338 5234 et
379 5178 588 5233 animus
623 5186 726 5234 est.
759 5177 895 5233 Ecce
923 5195 1075 5250 quam
1106 5179 1294 5234 bonum
1330 5190 1377 5235 et
1412 5199 1564 5252 quam
1585 5185 1880 5252 jucundum

287 5271 524 5324 habitare
566 5273 752 5343 fratres
792 5272 843 5325 in
877 5289 1056 5327 unum.
1094 5272 1232 5329 Vere
1258 5273 1458 5329 bonum
1487 5321 1500 5344 ,
1537 5293 1664 5333 vere
1689 5280 1880 5349 jucun-

285 5364 436 5420 dum.
474 5363 648 5420 Unum
681 5364 903 5422 fratrem
933 5365 1238 5422 dimisimus
1259 5410 1274 5434 ,
1307 5378 1362 5424 et
1389 5386 1519 5427 ecce
1546 5383 1776 5443 quantos
1803 5375 1883 5428 in-

284 5461 558 5513 venimus.
590 5457 784 5514 Frater
811 5475 966 5515 mens
1000 5469 1023 5496 ³
1050 5461 1331 5518 saecularis
1355 5463 1521 5535 (quod
1554 5464 1627 5521 de
1655 5480 1776 5521 meo
1805 5466 1884 5551 ξο-

286 5567 452 5622 quor,
501 5551 568 5607 de
611 5551 842 5622 singulis
888 5552 1104 5624 loquor)
1157 5570 1266 5610 non
1319 5566 1528 5611 tantum
1571 5573 1658 5614 me
1703 5569 1882 5628 amat,

291 5660 456 5718 quam
485 5645 841 5702 substantiam
874 5662 1073 5703 meam.
1108 5647 1379 5707 Caeterum
1406 5650 1603 5708 fratres
1631 5652 1887 5726 spiritua-

1977 4720 2066 4766 tur
2097 4729 2110 4766 :
2142 4710 2270 4766 Ideo
2303 4719 2359 4764 tu
2389 4720 2584 4765 unctus
2615 4725 2697 4776 es,
2731 4719 2788 4764 ut
2817 4721 3053 4768 caeteros
3082 4729 3333 4785 ungeres.
3366 4717 3574 4778 Unctus

1980 4822 2039 4863 es
2078 4805 2201 4862 oleo
2230 4803 2618 4861 exsultationis
2644 4819 2756 4874 pra:
2788 4806 3142 4878 participibus
3171 4814 3298 4876 tuis,
3330 4811 3432 4868 hoc
3463 4825 3568 4886 est,

1981 4899 2264 4970 plusquam
2316 4895 2560 4966 Apostoli
2601 4895 2698 4952 tui.
2741 4896 2821 4952 Tu
2862 4899 3004 4953 enim
3039 4902 3297 4972 unguenti
3337 4902 3573 4964 habuisti

1983 4994 2186 5049 fontem
2229 5009 2244 5045 :
2279 4991 2354 5046 illi
2385 4990 2563 5046 stillas
2602 4990 2928 5048 habuerunt.
2981 4993 3128 5048 Sicut
3162 5008 3483 5066 unguentum
3522 5002 3575 5057 in

1986 5087 2173 5156 capite.
2207 5084 2506 5140 Prtestctet
2531 5084 2686 5140 nobis
2709 5085 2968 5141 Dominus
2997 5085 3100 5140 hoc
3126 5101 3458 5160 unguentum
3491 5094 3576 5150 di-

1985 5179 2232 5235 vinitatis
2263 5195 2275 5232 :
2327 5180 2466 5250 quod
2494 5179 2628 5233 venit
2669 5179 2725 5233 in
2756 5178 2965 5233 barbam
2987 5220 3000 5244 ,
3034 5178 3136 5232 hoc
3171 5191 3252 5235 est
3273 5223 3287 5248 ,
3321 5184 3372 5238 in
3403 5185 3578 5244 virum

1995 5271 2294 5344 perlectum
2336 5272 2517 5326 Aaron
2544 5313 2558 5338 ,
2592 5270 2644 5327 in
2676 5271 2857 5326 Aaron
2889 5269 3252 5328 sacerdotem.
3283 5276 3457 5333 Aaron
3488 5295 3584 5335 an-

1992 5375 2100 5422 tem
2137 5367 2527 5436 interpretatur
2575 5372 2881 5417 montanus.
2932 5362 3139 5420 Videtis
3178 5370 3435 5438 quoniant
3481 5374 3586 5430 iste

1993 5460 2251 5518 sacerdos
2279 5475 2385 5516 non
2417 5468 2503 5516 est
2540 5457 2608 5513 de
2643 5455 2906 5524 vallibus,
2946 5457 3039 5513 sed
3077 5457 3144 5514 de
3175 5463 3448 5520 montibus
3478 5477 3583 5523 est.

1993 5557 2202 5624 Barba,
2233 5555 2436 5626 inquit,
2479 5553 2683 5609 Aaron.
2725 5549 2882 5620 Quod
2922 5565 3258 5623 unguentum
3291 5557 3344 5612 in
3375 5563 3586 5632 capite,

1995 5652 2145 5710 venit
2172 5649 2224 5707 in
2269 5648 2527 5717 barbam,
2557 5660 2588 5701 a
2635 5643 2817 5702 Verbo
2849 5646 2958 5702 Deo
2996 5649 3146 5704 venit
3181 5650 3246 5708 ad
3280 5650 3586 5727 hominem,

369 5834 394 5863 ι
435 5824 568 5881 Vide
609 5823 881 5896 praefixam
927 5823 1054 5880 huic
1101 5826 1242 5884 libro
1293 5829 1718 5892 admonitionem
1760 5844 2020 5893 nostram.
