4008 6336
1299 263 1645 325 APPENDIX
1682 264 1776 324 AD
1814 262 2057 324 TOMUM
2096 260 2451 323 SEPTIMUM
2489 262 2546 323 S.
2588 259 2991 322 HIERONYMI.

3628 267 3749 329 W20

507 398 668 455 quem
700 389 786 441 est
814 382 1066 457 dignatus
1092 397 1398 443 assumere.
1432 386 1501 442 Et
1531 386 1658 458 quid
1692 385 1850 442 nobis
1876 383 2098 456 prodest
2131 390 2174 448 Α
2209 392 2317 449 tur,
2348 382 2493 455 quod
2528 382 2724 443 habeat
2746 380 3049 449 femoralia,
3070 385 3131 437 ut
3156 377 3524 453 quodcumque
3548 380 3600 439 in
3618 387 3751 445 nobis

505 475 674 532 barba
707 479 807 533 ista
849 488 1039 543 uncta.
1072 488 1128 535 et
1169 480 1256 535 vir
1298 479 1405 536 iste
1447 479 1761 552 perlectus?
1804 476 2102 535 Videamus

502 583 646 640 quos
705 571 978 639 prolectus
1034 571 1252 628 habent.
1309 572 1463 640 Quod
1517 571 1798 629 descendit
1842 572 1894 628 in
1949 585 2099 627 oram

503 660 817 718 vestimenti
844 663 983 732 ejus.
1015 661 1129 719 Nos
1158 664 1203 719 si
1230 664 1615 722 vestimentum
1643 662 1849 720 Christi
1875 678 2062 720 sumus
2082 700 2099 733 ,

503 754 804 810 nuditatem
857 755 980 828 ejus
1020 766 1205 814 nostra
1248 757 1512 815 vestitnus
1562 758 1690 813 lide.
1742 757 1881 815 Ecce
1926 756 2103 815 nudus

501 847 766 918 pependit
792 848 844 904 in
866 864 1035 907 cruce
1060 868 1074 907 :
1108 850 1423 907 scandalum
1446 850 1668 918 Judteis,
1691 850 1944 923 gentibus
1966 849 2102 905 stul-

503 930 617 994 titia
647 938 703 1014 (l
736 939 857 996 Cor.
889 943 940 1013 ι)
968 985 983 1009 ,
1016 952 1070 998 et
1107 951 1287 999 tamen
1317 953 1503 1000 nostra
1537 945 1643 1001 ﬁde
1680 955 1736 1001 et
1766 960 2020 1002 sermone
2049 950 2105 1000 et

500 1033 849 1091 confessione
880 1036 1128 1092 VEellﬂll’.
1155 1037 1272 1093 Noe
1301 1038 1356 1093 in
1388 1037 1553 1094 domo
1579 1054 1678 1092 sua
1711 1038 1889 1094 nudus
1908 1037 2100 1107 jacuit,

497 1134 553 1184 et
592 1129 842 1198 apparuit
871 1128 1171 1200 iguominia
1202 1130 1362 1201 ejus:
1407 1132 1583 1201 major
1630 1130 1771 1186 ﬁlius
1819 1129 2010 1197 irrisit,
2049 1136 2106 1184 et

503 1221 682 1276 minor
714 1223 847 1277 texit
873 1221 1028 1291 (Gen.
1068 1225 1176 1293 rx).
1208 1225 1268 1279 Et
1302 1223 1407 1280 hoc
1435 1234 1609 1279 totum
1646 1239 1815 1294 quare
1845 1222 2013 1279 dico?)
2034 1220 2107 1279 Ut

500 1313 793 1372 ostendam
822 1317 1210 1373 vestimentum
1244 1334 1341 1373 nos
1381 1333 1505 1375 esse
1535 1316 1759 1373 Christi.
1804 1316 1939 1373 Rem
1980 1316 2103 1373 dico

503 1407 660 1464 vobis
691 1425 886 1464 novam
917 1426 930 1464 :
965 1410 1133 1485 immo
1163 1427 1269 1467 non
1301 1426 1521 1478 novam,
1554 1412 1651 1466 sed
1683 1411 1751 1465 de
1780 1409 2101 1478 Scripturis.

499 1500 610 1558 Nos
636 1504 1022 1560 vestimentum
1045 1505 1245 1561 Christi
1271 1522 1484 1571 sumus,
1508 1515 1711 1561 etcum
1739 1505 1887 1560 illum
1915 1513 2103 1559 nostra

494 1594 837 1652 confessione
888 1597 1231 1653 vestierimus
1260 1639 1275 1665 ,
1330 1613 1545 1653 rursum
1599 1600 1774 1667 ipsum
1824 1596 2101 1652 Christum

499 1687 795 1744 induimus.
832 1689 973 1745 Dicit
999 1690 1143 1745 enim
1173 1701 1228 1747 et
1262 1690 1559 1761 Apostolus
1581 1732 1596 1758 ,
1627 1689 1775 1760 quod
1808 1689 2104 1745 vestimen-

2204 476 2629 547 iguotniniosum
2679 485 2764 532 est
2801 486 2858 531 et
2903 474 3185 531 sordidum
3212 516 3227 542 ,
3259 474 3414 546 quasi
3443 475 3540 532 hoc
3571 479 3756 549 cingulo

2204 570 2500 627 mundetur
2537 580 2592 626 et
2628 569 3011 628 mortiﬁcetur.
3034 571 3262 628 Deinde
3302 570 3496 627 dicitur
3521 574 3651 644 quod
3673 576 3757 631 dt-

2205 662 2433 721 beamus
2481 663 2685 720 habere
2727 663 3028 736 perierem,
3077 664 3222 735 quod
3264 673 3422 719 ornet
3449 666 3590 736 quasi
3619 668 3759 737 pedes

2204 768 2455 816 nostros.
2489 758 2547 814 lu
2578 760 2697 829 ipso
2728 758 2934 829 pedere
2963 752 3161 831 diversi
3184 756 3347 814 ﬂores
3375 767 3537 813 sunt:
3566 761 3760 818 suntilti

2205 851 2602 923 malogranata,
2633 859 2761 906 sunt
2800 850 2872 906 ibi
2895 850 3061 906 etiam
3090 849 3335 906 ﬁmbriae.
3367 850 3479 921 Ego
3499 859 3617 923 puto
3641 852 3762 923 quod

2206 941 2293 998 illa
2330 943 2526 997 mulier
2552 942 2819 1014 sanguine
2858 941 3033 999 ﬂuens
3059 942 3222 1017 istam
3251 942 3513 999 ﬁmbriam
3536 944 3760 1018 tetigerit,

2207 1045 2263 1090 et
2307 1046 2497 1089 sanata
2528 1044 2613 1089 est
2662 1034 2880 1104 (Hattlt.
2924 1034 3025 1105 ts).
3076 1030 3285 1092 Deinde
3326 1044 3381 1090 et
3411 1038 3523 1090 haec
3549 1036 3767 1094 conside-

2206 1136 2325 1182 rate
2356 1144 2368 1179 :
2401 1127 2656 1197 quoniam
2691 1128 2757 1181 ad
2809 1138 3092 1183 extremos
3122 1127 3323 1197 pedes,
3357 1125 3497 1183 inter
3534 1129 3767 1199 malogra-

2208 1230 2335 1275 nata
2362 1230 2519 1275 erant
2549 1230 2602 1276 et
2634 1220 2968 1286 tintinnulte,
3000 1230 3057 1277 et
3084 1238 3194 1276 non
3225 1220 3627 1290 ingrediebatur
3656 1238 3766 1293 pon-

2207 1314 2340 1369 tifex
2389 1314 2441 1369 in
2495 1325 2684 1370 sancta
2734 1324 3092 1383 sanctorum,
3142 1315 3243 1371 nisi
3302 1315 3394 1371 illa
3448 1316 3768 1375 tintinnabula

2206 1416 2581 1477 personarent.
2651 1407 3039 1463 Tintinuabula
3108 1416 3164 1463 et
3225 1406 3315 1462 illa
3384 1408 3766 1481 malogranata,

2207 1500 2554 1555 diversitates
2580 1501 2841 1555 virtutum
2873 1510 3001 1555 sunt
3042 1515 3164 1572 qum
3209 1500 3414 1556 habent
3443 1501 3655 1571 singulae
3693 1518 3771 1558 vo-

2205 1608 2298 1650 ces
2326 1608 2473 1661 suas,
2509 1603 2563 1649 et
2591 1608 2845 1665 egressus
2876 1594 2991 1663 ipse
3029 1594 3198 1648 sancti
3238 1601 3551 1649 sanctorum
3592 1595 3770 1651 vocalis

2206 1695 2309 1743 est.
2343 1686 2471 1751 Sive
2508 1685 2653 1740 enim
2683 1684 3075 1740 manducemus
3096 1725 3112 1751 ,
3147 1687 3264 1741 sive
3298 1682 3545 1741 bibamus
3569 1727 3584 1750 ,
3614 1686 3771 1742 omnia

497 1788 613 1834 tum
643 1792 913 1852 nostrum,
938 1778 1190 1836 Christus
1217 1784 1289 1837 sit
1321 1780 1526 1853 (Galat.
1553 1784 1657 1854 ut).
1693 1781 1921 1850 Quando
1950 1780 2096 1837 enim
2131 1784 2177 1844 Β
2206 1781 2257 1836 in
2285 1782 2505 1837 nomine
2531 1779 2749 1835 Domini
2779 1779 3001 1833 facimus
3030 1778 3076 1851 (l
3103 1776 3229 1836 Cor.
3262 1777 3342 1851 ι).
3368 1779 3573 1834 Minora
3600 1780 3774 1850 promi-

495 1870 857 1943 baptizamur,
905 1872 1121 1929 Christo
1171 1875 1444 1929 induimur
1495 1883 1551 1931 et
1595 1876 1881 1932 vestitnur.
1927 1872 2099 1928 Vultis

491 1968 635 2022 scire
663 1967 935 2038 quomodo
957 1968 1253 2024 vestiatnus
1279 1969 1611 2025 Dominum?
1639 1969 1898 2040 Legimus
1929 1970 1982 2024 in
2007 1970 2100 2025 Je-

498 2059 668 2113 remia
702 2076 715 2113 :
742 2058 963 2130 Accipe,
999 2061 1188 2131 inquit,
1219 2061 1312 2115 tibi
1340 2062 1607 2126 lumbare,
1638 2070 1694 2115 et
1718 2061 1878 2127 vade,
1904 2060 2094 2131 inquit,

497 2149 564 2206 ad
599 2150 911 2220 Euphraten
936 2194 950 2216 ,
982 2162 1032 2207 et
1070 2167 1211 2223 pone
1257 2154 1387 2209 illud
1418 2156 1471 2208 in
1507 2153 1775 2210 foramine
1806 2163 1994 2223 petras.
2033 2154 2100 2209 Et

500 2244 627 2311 feci,
658 2245 854 2317 inquit,
884 2246 1024 2316 quod
1049 2259 1384 2318 praeceperat
1407 2245 1536 2303 mihi
1570 2247 1851 2302 Dominus.
1881 2247 1947 2301 Et
1973 2255 2099 2319 post

494 2336 611 2393 dies
644 2338 859 2410 aliquos
902 2354 1156 2395 reversus
1187 2355 1307 2395 sum
1338 2341 1404 2394 ad
1439 2339 1758 2411 Euphraten
1781 2382 1797 2405 ,
1834 2351 1888 2395 et
1926 2354 2056 2396 ecce
2077 2372 2095 2407 ο

495 2431 711 2504 inquit,
764 2443 1050 2503 pulruerat
1091 2434 1365 2503 lumbare,
1410 2435 1556 2505 quod
1607 2435 1739 2489 nulli
1784 2436 1904 2491 usui
1951 2443 2099 2491 esset

494 2525 651 2579 utile.
699 2523 765 2579 Et
806 2526 1017 2582 locutus
1047 2535 1164 2592 est,
1198 2524 1403 2597 inquit,
1434 2525 1692 2582 Dominus
1722 2526 1789 2582 ad
1814 2541 1900 2581 me
1930 2544 1942 2581 :
1976 2525 2099 2581 dili-

494 2626 687 2687 genter
734 2618 1149 2693 animadvertite
1201 2637 1214 2673 :
1264 2618 1442 2690 Sicut,
1494 2619 1692 2690 inquit,
1745 2630 1799 2675 tu
1851 2620 2097 2676 lumbare

496 2706 731 2766 habuisti
766 2712 910 2767 circa
943 2713 1156 2769 lumbos
1196 2723 1319 2768 tuos
1345 2755 1360 2780 ,
1394 2712 1468 2768 ita
1500 2723 1555 2766 et
1579 2728 1681 2785 ego
1728 2712 1889 2767 habui
1921 2728 2094 2782 popu-

491 2802 602 2859 lum
631 2803 791 2858 istum
816 2806 963 2861 circa
990 2820 1098 2874 me,
1130 2805 1266 2862 dicit
1293 2806 1557 2862 Dominus
1581 2805 1796 2877 (Jercm.
1821 2806 1958 2877 xui).
1982 2805 2095 2862 Hoc

492 2902 667 2953 totum
708 2913 878 2968 quare
917 2897 1067 2954 dixi?
1110 2898 1177 2955 Ut
1220 2900 1562 2956 ostenderem
1604 2900 1890 2955 credentes
1931 2898 2089 2953 vesti-

494 3002 735 3048 mentum
765 3008 888 3049 esse
915 2992 1142 3049 Christi.
1175 2994 1331 3063 Quod
1358 2994 1637 3050 descendit
1671 2995 1723 3048 in
1754 3009 1905 3050 oram
1931 2994 2094 3048 vesti-

492 3086 662 3141 menti
715 3080 833 3158 ejus
891 3087 1100 3159 :-quod
1152 3086 1415 3142 descendit
1467 3089 1521 3142 in
1570 3086 1828 3155 barbam,
1884 3087 2093 3141 barbam

2202 1875 2397 1939 simus,
2420 1884 2478 1929 et
2506 1874 2711 1943 majora
2745 1864 3007 1928 diximus.

2276 1965 2427 2021 Sicut
2474 1982 2561 2020 ros
2605 1963 2837 2029 Heruteu
2873 1965 2965 2037 qui
2995 1963 3262 2020 descendit
3302 1966 3357 2019 in
3384 1972 3603 2019 montem
3643 1963 3774 2021 Sion.

2207 2059 2312 2116 Rus
2337 2060 2594 2116 Hernton.
2622 2058 2877 2130 Legimus
2907 2058 2961 2113 in
2988 2058 3224 2129 quodam
3248 2057 3391 2115 libro
3421 2067 3451 2094 ³
3471 2059 3773 2129 apocrypha,

2202 2172 2269 2212 eo
2302 2166 2548 2227 tempore
2585 2171 2692 2225 quo
2724 2153 3137 2209 descendebant
3169 2152 3262 2207 ﬁlii
3294 2152 3389 2208 Dei
3430 2152 3499 2207 ad
3537 2152 3665 2208 ﬁlias
3696 2142 3777 2207 ho-

2202 2251 2433 2318 tninum,
2467 2249 2825 2305 descendisse
2855 2248 2977 2305 illos
3008 2249 3061 2302 in
3088 2259 3328 2302 montem
3356 2247 3612 2311 Hermou,
3639 2254 3688 2301 et
3714 2242 3773 2299 ibi

2203 2345 2372 2401 inisse
2401 2353 2638 2415 pactum,
2667 2342 2939 2414 quomodo
2963 2342 3220 2398 venirent
3241 2341 3306 2397 ad
3332 2341 3477 2397 ﬁlias
3500 2341 3774 2409 hominum,

2200 2447 2255 2494 et
2299 2438 2401 2494 sibi
2440 2453 2533 2492 eas
2579 2437 2874 2491 sociarent.
2916 2435 3393 2499 Manilestissimus
3434 2435 3569 2489 liber
3596 2444 3696 2497 est,
3731 2441 3776 2488 et

2200 2531 2344 2587 inter
2374 2529 2718 2602 apocryphos
2743 2538 3117 2600 computatur.
3148 2538 3203 2583 et
3230 2539 3451 2583 veteres
3480 2528 3777 2596 interpretes

2200 2625 2267 2681 de
2302 2625 2423 2694 ipso
2466 2624 2629 2679 locuti
2668 2628 2794 2678 sunt
2826 2640 2841 2677 :
2876 2616 3140 2678 nonnulla
3174 2628 3355 2676 autem
3388 2637 3493 2674 nos
3522 2617 3771 2675 diximus:

2200 2733 2307 2774 non
2338 2718 2390 2772 in
2420 2716 2835 2782 auctoritatem,
2870 2715 2965 2771 sed
2997 2716 3053 2770 in
3082 2713 3674 2771 commemorationem.
3702 2709 3775 2765 Si-

2199 2822 2284 2867 cut
2310 2830 2395 2866 ros
2428 2811 2656 2866 Hermon
2675 2855 2690 2880 ,
2738 2811 2828 2879 qui
2854 2809 3116 2864 descendit
3144 2809 3199 2863 in
3226 2816 3451 2862 montem
3481 2806 3625 2863 Sion.
3660 2801 3768 2873 Legi

2201 2902 2225 2942 δ
2272 2906 2323 2958 in
2365 2903 2650 2975 cujusdam
2683 2904 2857 2968 libro,
2894 2902 2964 2958 de
2996 2904 3099 2957 isto
3133 2902 3273 2957 libro
3306 2897 3621 2972 apocrypha
3646 2910 3776 2952 suam

2199 2998 2448 3055 haeresim
2488 2998 2884 3056 conﬁrmantis.
2931 2998 3071 3066 Quid
3107 2997 3252 3054 enim
3292 2996 3472 3051 dicit?
3528 2993 3669 3059 Filii,
3706 2993 3774 3047 in-

2198 3097 2358 3168 quit,
2400 3096 2492 3152 Dei
2539 3096 2629 3167 qui
2676 3095 2744 3152 de
2781 3095 2939 3153 ctBlis
2968 3092 3375 3150 descendebant
3402 3132 3418 3156 ,
3456 3098 3707 3148 venerunt
3729 3088 3774 3145 iu

493 3176 690 3233 Aaron.
740 3178 854 3233 Non
897 3189 980 3235 est
1033 3179 1193 3251 hujus
1248 3180 1506 3250 temporis
1552 3180 1621 3237 de
1661 3180 2095 3238 sacerdotalibus
2121 3179 2167 3244 C
2200 3187 2474 3254 Ηειιιηοη,
2513 3197 2570 3244 ut
2614 3188 3013 3258 concupierunt
3059 3187 3200 3243 ﬁlios
3235 3185 3542 3240 hominum.
3584 3179 3771 3253 Angeli.

493 3270 678 3327 dicere
726 3270 1085 3328 vestimentis.
1130 3272 1411 3343 Siquidem
1462 3274 1707 3344 poutilex
1758 3283 1883 3328 octo
1932 3270 2092 3327 habet

492 3366 707 3434 Species
745 3363 1212 3420 vestimentorum.
1248 3365 1491 3436 Longum
1524 3376 1605 3421 est
1638 3381 1782 3421 nunc
1813 3366 1997 3421 dicere
2022 3366 2092 3422 de

490 3455 705 3528 ephod,
739 3457 807 3513 de
853 3458 1062 3514 tunica.
1098 3457 1342 3530 Longum
1379 3468 1465 3515 est
1491 3458 1673 3516 dicere
1710 3460 1775 3515 de
1808 3458 2090 3527 rationali,

492 3549 563 3605 de
592 3548 1151 3619 manifestationibus,
1180 3552 1246 3607 de
1268 3551 1534 3608 catenulis
1556 3593 1571 3619 ,
1603 3552 1673 3608 de
1703 3569 1869 3620 zona,
1899 3552 1969 3609 de
2012 3554 2091 3610 le-

493 3643 791 3699 moralibus
817 3688 832 3712 ,
869 3642 937 3699 de
965 3643 1196 3701 ﬁmbriis
1222 3690 1236 3714 ,
1277 3644 1346 3701 de
1371 3645 1504 3701 resti
1530 3687 1543 3710 ,
1578 3647 1645 3702 de
1675 3646 2049 3702 tintinnabulis
2074 3678 2089 3714 ,

492 3737 694 3809 quibus
724 3737 1014 3795 virtutibus
1052 3738 1309 3795 sacerdos
1349 3739 1549 3797 debeat
1584 3740 1789 3812 ingredi
1828 3741 2090 3812 templum

493 3827 746 3898 Domini,
790 3840 846 3886 et
887 3831 939 3886 in
971 3840 1152 3887 sancta
1182 3842 1513 3889 sanctorum.
1544 3834 1609 3889 Et
1636 3849 1736 3890 nos
1761 3849 1896 3906 ergo
1922 3837 1968 3891 si
1999 3852 2094 3890 vo-

492 3922 673 3977 lumus
701 3922 773 3979 de
804 3924 1130 3980 vestimento
1164 3940 1286 3981 esse
1313 3926 1677 3995 sacerdotali,
1709 3937 1800 3983 aut
1824 3928 2093 3997 superbu-

492 4014 696 4071 merale
725 4031 937 4085 sumus,
974 4018 1119 4089 quod
1151 4018 1541 4089 interpretatur
1570 4019 1771 4090 ephod,
1805 4032 1862 4076 ut
1891 4022 2092 4078 hahea-

494 4124 616 4165 mus
647 4110 784 4166 bona
818 4127 1011 4183 opera,
1043 4121 1097 4168 et
1124 4112 1177 4167 in
1208 4112 1448 4170 humeris
1476 4118 1678 4171 uestris
1706 4116 1909 4173 Christi
1939 4135 2091 4174 man-

490 4203 615 4259 data
645 4217 927 4275 portemus
951 4247 965 4273 ,
996 4215 1092 4261 aut
1117 4216 1268 4264 certe
1301 4209 1483 4264 tunica
1512 4209 1777 4266 debemus
1802 4227 1924 4268 esse
1950 4212 2091 4268 inte-

489 4294 604 4353 rior
637 4317 648 4351 :
683 4315 804 4370 qua:
849 4300 1029 4356 tunica
1061 4302 1251 4358 stricta
1283 4311 1405 4371 est,
1451 4312 1506 4360 et
1545 4306 1786 4362 adhaeret
1826 4308 2041 4378 corpori
2072 4326 2087 4363 ε

491 4408 600 4448 non
639 4401 726 4449 est
754 4394 871 4450 laxa
908 4414 920 4450 :
957 4412 1062 4451 non
1094 4395 1363 4465 funditur,
1395 4399 1487 4453 sed
1519 4394 1690 4456 haret
1719 4410 1831 4457 tota
1866 4402 1934 4457 ad
1961 4418 2087 4459 cor-

494 4499 616 4553 pus.
652 4481 817 4540 Vides
844 4501 978 4558 ergo
1006 4487 1262 4557 quoniam
1294 4488 1621 4560 quicumque
1650 4489 1879 4547 interior
1904 4503 2008 4559 est,
2035 4502 2090 4549 et

2196 3283 2371 3355 inquit
2396 3325 2411 3347 ,
2444 3292 2569 3338 sunt
2599 3281 2669 3337 de
2694 3280 3011 3338 cmlestibus
3042 3278 3444 3336 descendentes
3466 3319 3482 3343 ,
3518 3284 3571 3332 et
3601 3276 3773 3330 anima

2195 3394 2313 3447 qua:
2343 3375 2793 3432 desideraverunt
2818 3388 3068 3443 corpora.
3102 3370 3381 3440 Siquidem
3412 3382 3638 3439 corpora
3667 3364 3772 3421 ﬁlia

2196 3469 2474 3525 hominum
2506 3479 2652 3525 sunt.
2698 3468 2927 3525 Vidistis
2968 3463 3241 3535 quomodo
3289 3462 3575 3518 Manicba-i
3605 3458 3772 3530 dogma

2196 3562 2518 3635 consurgit?
2560 3562 2715 3620 Sicut
2741 3561 2886 3617 enim
2920 3556 3205 3614 Manichrei
3238 3555 3435 3612 dicunt
3465 3554 3670 3611 animas
3695 3549 3772 3605 de-

2195 3657 2467 3714 siderasse
2495 3670 2722 3726 corpora
2750 3654 3007 3719 humana,
3032 3661 3087 3707 et
3109 3649 3348 3706 societas
3377 3661 3511 3703 esse
3538 3639 3771 3714 voluptati

2194 3766 2485 3819 corporum
2522 3767 2533 3801 :
2567 3750 2646 3805 sic
2675 3759 2730 3805 et
2762 3748 2850 3803 isti
2873 3746 2966 3818 qui
2995 3744 3186 3802 dicunt
3205 3743 3437 3813 angelos
3462 3738 3774 3797 desiderasse

2194 3860 2448 3916 corpora,
2473 3845 2576 3901 hoc
2601 3853 2710 3909 est,
2734 3842 2875 3897 ﬁlias
2901 3842 3208 3905 hominum,
3233 3853 3418 3893 nonne
3442 3837 3597 3892 vobis
3614 3833 3772 3888 viden-

2196 3947 2286 3994 tur
2317 3939 2549 4008 itlipsum
2590 3937 2776 3994 dicere
2806 3935 2950 4007 quod
2988 3943 3043 3990 et
3076 3931 3411 3989 Manichaei?
3442 3929 3679 4000 Longum
3704 3930 3773 3980 est

2194 4046 2339 4085 nunc
2367 4039 2553 4086 centra
2588 4028 2713 4084 illos
2741 4027 2923 4083 dicere
2963 4045 2977 4081 :
3024 4024 3122 4083 sed
3155 4022 3532 4080 tantummodo
3557 4018 3773 4092 judicare

2194 4122 2369 4187 volui,
2402 4123 2469 4178 de
2493 4139 2602 4194 qtto
2631 4120 2911 4178 volumine
2937 4119 3089 4191 quasi
3126 4133 3221 4189 per
3244 4117 3594 4174 occasionem
3618 4112 3769 4175 istius.

2191 4229 2351 4272 suum
2391 4215 2582 4286 dogma
2611 4213 2957 4270 conﬁrmant.
2993 4211 3230 4267 Hermon
3273 4209 3326 4265 in
3374 4209 3566 4279 lingua
3598 4214 3765 4262 nostra

2193 4310 2609 4377 interpretatur,
2646 4308 2879 4379 ἀνάθημα
2901 4347 2917 4376 ,
2966 4303 3073 4360 hoc
3098 4312 3182 4360 est
3204 4344 3221 4368 ,
3261 4300 3642 4356 condemnatio.
3679 4295 3772 4350 Bos

2193 4416 2323 4472 ergo
2372 4399 2587 4455 Domini
2630 4407 2758 4454 ante
2800 4396 2901 4452 fuit
2941 4397 2992 4452 in
3043 4393 3251 4467 populo
3295 4393 3610 4450 Judzcorum
3636 4432 3650 4458 ,
3693 4384 3771 4458 qui

2195 4504 2378 4563 postea
2407 4491 2896 4548 anatbetnatizatus
2936 4500 3056 4556 est,
3097 4497 3153 4545 et
3194 4486 3511 4544 benedictio
3550 4486 3636 4540 illa
3670 4494 3771 4551 qua

490 4568 722 4633 interior
775 4577 976 4646 tunica,
1020 4578 1249 4635 vicinius
1289 4579 1535 4651 jungitur
1584 4584 1823 4653 corpori.
1867 4585 1923 4640 Si
1961 4586 2083 4656 quis
2113 4576 2162 4637 Ι)
2189 4593 2315 4641 ante
2341 4582 2705 4641 descendebat
2738 4582 2792 4638 in
2828 4580 3035 4653 populo
3060 4579 3524 4636 anathematizato
3546 4620 3565 4644 ,
3610 4583 3772 4642 postea

489 4684 623 4726 vero
652 4668 917 4725 rationale
946 4680 1051 4738 est,
1073 4672 1217 4743 quod
1245 4672 1443 4729 dicitur
1468 4675 1656 4751 λογεῖον
1690 4694 1701 4728 :
1731 4675 1834 4731 iste
1865 4692 1971 4731 non
2002 4687 2087 4734 est

402 4760 405 4767 ’
488 4763 592 4819 nisi
627 4762 679 4817 in
726 4772 945 4833 pectore
974 4763 1326 4821 constitutus.
1373 4767 1757 4824 Animadverte
1784 4770 2085 4842 Scriptura:

485 4858 734 4917 Ordinem
771 4876 786 4914 :
818 4858 1159 4932 Quicumque
1186 4861 1445 4919 rationale
1470 4871 1557 4918 est
1575 4903 1591 4933 ,
1620 4864 1837 4942 λογεῖον,
1868 4876 1922 4922 ει
1950 4867 2087 4924 ratio

487 4963 592 5021 est,
624 4960 679 5010 et
707 4952 764 5009 in
805 4962 1027 5025 pectore
1055 4952 1381 5010 constitutus
1408 4967 1507 5011 est.
1541 4955 1808 5014 Caeterum
1836 4958 1951 5016 ﬁeri
1986 4976 2084 5032 po-

485 5055 595 5103 test
618 5056 676 5103 ut
705 5045 900 5119 aliquis
925 5046 1509 5116 babeatprudeutiam,
1536 5058 1592 5106 ut
1612 5049 1808 5109 habeat
1831 5053 1997 5126 λόγον,
2029 5063 2087 5111 ιιι

490 5140 689 5196 habeat
732 5155 1064 5197 sermonem.
1109 5141 1447 5214 Quicumque
1483 5159 1615 5217 ergo
1657 5160 1785 5201 vere
1828 5148 2084 5205 sacerdos

488 5243 595 5300 est,
624 5235 786 5292 debet
815 5236 1019 5292 habere
1047 5234 1313 5304 δηλώσεις,
1346 5234 1447 5292 hoc
1475 5248 1589 5308 est,
1619 5240 2082 5313 ntanifestationes,

487 5327 590 5387 hoc
619 5337 724 5397 est,
755 5338 811 5385 ut
841 5332 1224 5404 quodcumque
1250 5341 1435 5390 mente
1463 5334 1793 5406 conceperit,
1820 5338 2082 5408 proferat,

484 5428 542 5479 et
596 5436 757 5479 omne
811 5421 1024 5479 doceat.
1075 5424 1141 5477 Et
1193 5425 1309 5480 haec
1362 5425 1540 5481 omnia
1590 5426 1786 5482 frustra
1831 5438 1982 5495 sunt,
2033 5430 2082 5486 si

482 5518 705 5573 castitas
739 5514 897 5573 auc‘ta
936 5527 993 5573 et
1028 5525 1220 5574 ornata
1267 5536 1374 5575 non
1405 5520 1593 5577 fuerit.
1642 5520 1767 5577 Ideo
1796 5536 1933 5578 zona
1961 5531 2081 5592 est,

486 5622 543 5670 et
567 5612 734 5686 cingit
765 5613 1003 5680 lumbos,
1035 5614 1254 5687 stringit
1283 5624 1339 5671 et
1368 5616 1682 5674 mortiﬁcat.
1710 5608 1921 5674 Deinde
1947 5617 2087 5676 dici:

558 5808 585 5838 ι
624 5798 805 5854 Facile
830 5795 918 5853 hic
946 5807 1029 5855 est
1050 5798 1372 5872 Egregortnn
1400 5799 1498 5855 lib.

2190 4676 2468 4734 descendit
2517 4676 2570 4731 in
2614 4687 2854 4732 montem
2882 4674 3020 4730 Sion
3042 4714 3057 4741 ,
3091 4672 3195 4728 hoc
3222 4680 3305 4729 est
3328 4711 3344 4740 ,
3376 4671 3434 4727 in
3468 4666 3769 4726 Ecclesiam.

2189 4772 2298 4828 Nos
2319 4814 2334 4839 ,
2368 4771 2415 4826 si
2447 4779 2625 4826 tamen
2655 4768 2725 4825 de
2757 4768 3000 4824 Ecclesia
3028 4774 3218 4823 Sumus
3248 4763 3581 4835 (Ecclesiam
3611 4769 3770 4814 autem

2190 4866 2313 4923 dico
2334 4866 2649 4930 dogmatum
2675 4862 2991 4924 veritatem.
3007 4853 3672 4925 Cbristicoul’essionem),
3689 4862 3772 4905 nos

2191 4960 2245 5015 in
2272 4957 2558 5014 tedilicium
2583 4969 2792 5011 sumus.
2824 4953 2892 5008 Et
2914 4950 3110 5022 quanti
3131 4949 3303 5006 sancti
3325 4947 3381 5004 in
3400 4948 3621 5004 deserto
3641 4948 3768 5005 sunt,

2188 5053 2372 5124 quanti
2420 5052 2489 5108 de
2528 5050 2684 5106 nobis
2729 5064 2835 5105 non
2886 5055 3018 5103 sunt
3064 5046 3118 5102 in
3158 5043 3440 5109 Ecclesia,
3482 5051 3545 5098 et
3579 5040 3652 5096 illi
3692 5033 3771 5105 qui

2187 5166 2295 5207 non
2319 5157 2447 5206 sunt
2476 5147 2545 5203 de
2570 5145 2815 5202 Ecclesia
2833 5183 2852 5212 ,
2880 5149 3167 5199 versantur
3190 5140 3243 5195 in
3282 5137 3536 5194 Ecclesia
3563 5129 3769 5192 Christi.

2185 5242 2241 5302 Si
2266 5258 2397 5315 ergo
2426 5255 2616 5295 sumus
2645 5236 2700 5293 in
2735 5235 3006 5302 Ecclesia,
3042 5234 3087 5290 si
3119 5230 3382 5288 habemus
3408 5230 3569 5286 ﬁdem
3602 5223 3773 5283 Eccle-

2185 5338 2312 5403 siae,
2357 5333 2516 5390 ﬁdem
2556 5331 2925 5401 apostolorum
2952 5371 2968 5398 ,
2997 5326 3161 5383 ﬁdem
3200 5322 3436 5391 Christi,
3474 5321 3771 5393 dogmatum

2189 5432 2489 5493 veritates,
2577 5432 2789 5481 montes
2862 5434 3052 5477 sumus
3113 5418 3270 5476 Sion.
3345 5415 3611 5473 Nolumus
3666 5422 3773 5467 esse

2190 5522 2257 5579 de
2287 5521 2417 5580 Sion
2448 5518 2641 5586 valles,
2674 5516 2767 5573 sed
2820 5523 3033 5570 montes
3082 5511 3233 5569 Sion.
3267 5509 3440 5566 Habet
3463 5507 3611 5565 enim
3654 5506 3770 5562 Sion

2192 5615 2366 5675 valles
2403 5629 2552 5681 suas,
2585 5611 2752 5668 habet
2781 5618 2836 5667 et
2860 5622 3135 5681 campum.
3166 5604 3501 5677 Quicumque
3534 5607 3772 5673 peccator

2266 5796 2295 5837 δ
2336 5796 2468 5853 Puta
2493 5794 2803 5865 Origenem,
2827 5792 3197 5848 Commentar.
3231 5789 3281 5844 in
3304 5787 3426 5845 Job.
