4008 6336
251 263 272 319 1
289 266 380 323 ιιι

1091 276 1521 341 ΒιιενιΑιιιυιι
1566 286 1628 343 ΙΝ
1670 284 2002 345 ΡδᾹΙιΜυὸ.
2046 290 2291 350 PS.\LM.
2333 295 2616 356 CXXXIII.

3409 318 3430 371 Ι
3441 316 3548 373 2:22

246 392 352 448 cst,
382 385 535 442 vallis
563 393 644 444 est
667 388 800 447 Sion
835 410 849 446 :
884 408 990 451 non
1019 407 1103 452 est
1134 414 1290 454 mons
1342 400 1498 457 Sion.
1549 404 1700 461 Dicat
1749 405 1850 459 ali-
1881 407 1932 466 Α
1959 407 2362 475 quodammodo
2401 425 2488 469 res
2544 415 2712 488 digito
2754 420 3177 480 demonstratur.
3227 425 3358 482 Ecce
3412 447 3550 487 nunc

245 476 424 546 quis:
473 479 548 536 De
610 491 702 539 tuo
767 500 932 543 sensu
996 489 1259 561 loqueris.
1330 493 1598 551 Vocemus
1657 506 1851 554 testem

247 566 459 638 Isaiam,
491 588 557 630 eo
590 585 834 649 tempore
864 597 972 652 quo
1004 595 1323 654 peccaverat
1353 587 1509 658 Sion,
1547 600 1664 659 post
1713 592 1853 647 mul-

241 669 326 717 tas
355 665 614 734 visiones,
677 673 767 727 ubi
820 673 1019 732 dicitur
1052 695 1066 732 :
1101 678 1238 734 visio
1293 692 1480 736 contra
1512 683 1798 741 ldumteam
1834 704 1848 742 :

243 758 378 813 visio
406 772 594 818 contra
619 765 776 822 Moab
808 784 821 820 :
851 769 987 825 visio
1009 781 1200 828 contra
1229 775 1397 831 Edotn
1426 786 1480 832 et
1506 777 1646 834 filios
1673 780 1848 836 Amon

243 847 416 921 (Iani.
449 868 540 908 xm
567 871 674 928 seq.
696 858 740 928 ),
775 859 828 914 in
861 860 1049 919 ultimo
1079 867 1294 934 ponitur
1324 887 1336 923 :
1372 869 1512 924 visio
1542 870 1695 926 vallis
1719 872 1849 928 Sion

244 939 410 1010 (Ibid.
441 948 598 1015 χιιι).
628 946 892 1015 Quoniam
937 956 1082 1008 enim
1115 956 1184 1012 de
1217 959 1337 1013 fidei
1388 959 1720 1017 subiimitate
1749 962 1846 1018 de~

239 1035 529 1093 scenderat
559 1059 572 1093 :
605 1052 888 1112 propterea
947 1045 1016 1101 de
1070 1061 1254 1105 monte
1289 1052 1340 1105 itt
1376 1053 1568 1108 vallem
1613 1055 1841 1111 corruit.

239 1126 347 1182 Nos
377 1145 508 1200 ergo
540 1133 774 1201 primum
826 1136 1092 1208 fugiamus
1123 1142 1314 1196 vallem
1347 1144 1476 1198 Sion
1512 1163 1526 1198 :
1561 1147 1845 1201 veniamus

239 1222 304 1276 d
340 1239 615 1295 campum,
647 1228 715 1283 de
745 1246 938 1302 campo
970 1235 1249 1292 veniamus
1279 1236 1345 1292 ad
1377 1238 1548 1292 colles
1584 1257 1596 1293 :
1635 1239 1702 1293 de
1733 1241 1846 1295 col-

239 1313 380 1370 libus
411 1323 692 1375 veniamus
745 1322 810 1376 ad
859 1337 1091 1381 montes.
1139 1325 1411 1384 Christum
1443 1345 1738 1403 sequamur
1786 1335 1840 1390 in

238 1408 543 1465 montibus.
579 1412 858 1485 Siquidem
914 1420 1184 1475 fratruelis
1212 1433 1397 1479 noster
1435 1426 1587 1495 quasi
1618 1442 1834 1497 caprea,

235 1509 292 1554 et
340 1500 596 1559 hinnulus
643 1520 932 1563 cervorum
985 1512 1220 1566 transilit
1267 1516 1458 1583 colles,
1492 1523 1546 1570 et
1590 1517 1715 1573 salit
1745 1534 1842 1589 per

236 1601 451 1650 montes
483 1594 636 1667 (Con.
665 1599 748 1669 ιι).
795 1600 947 1658 Unde
977 1613 1032 1658 et
1059 1607 1356 1662 secundum
1413 1623 1672 1664 ascensus
1700 1612 1842 1666 veri-

236 1693 424 1753 tatem,
475 1706 582 1746 non
620 1695 865 1750 ascendit
910 1696 961 1752 in
994 1700 1190 1754 caelum
1221 1712 1342 1769 post
1381 1703 1836 1761 resurrectionem

1955 499 2236 557 benedicite
2267 503 2508 563 Domino.
2557 511 2659 580 Qui
2707 513 3012 573 bcnedicite
3065 520 3329 579 Domino?
3363 525 3552 583 Omnes

1952 595 2082 648 servi
2113 593 2328 651 Domini
2357 615 2375 652 :
2401 601 2492 670 qui
2526 617 2632 658 non
2667 606 2802 662 eStis
2829 610 2974 665 servi
3011 616 3246 684 peccati,
3276 618 3374 672 sed
3406 619 3551 676 servi

1954 683 2186 741 Domini.
2220 687 2480 747 Putamus
2525 709 2717 765 parum
2766 715 2888 756 esse
2939 683 3080 774 quod
3124 705 3367 764 dicitur:
3407 711 3548 785 Ergo

1950 791 2141 834 servus
2172 780 2380 838 Domini
2420 788 2578 841 sum?
2605 788 2826 847 Summa
2874 797 3046 851 virtus
3075 809 3159 854 est
3190 800 3293 858 hoc
3323 806 3547 864 mereri.

1949 870 2274 940 Quomodo?
2321 880 2486 947 Quasi
2531 883 2852 956 dignitatem
2905 893 3171 966 vindicat,
3221 900 3310 969 qui
3367 899 3544 958 dicit:

1953 964 2091 1036 Ergo
2121 984 2314 1028 servus
2346 975 2696 1046 intperat‘nt-is
2724 996 2866 1050 sum,
2897 995 2953 1042 et
2981 1004 3143 1045 nemo
3186 993 3350 1050 audet
3393 1012 3551 1055 acce-

1948 1057 2082 1114 dere
2104 1063 2170 1116 ad
2205 1079 2426 1124 servum
2452 1072 2803 1142 imperatoris
2833 1096 2848 1134 :
2883 1081 2960 1136 sic
2985 1083 3194 1141 infinita
3223 1087 3459 1161 dignitas
3485 1109 3548 1152 se

1945 1151 2129 1210 dicere
2171 1173 2298 1214 esse
2337 1177 2552 1220 servum
2602 1169 2838 1226 Domini.
2883 1173 3040 1232 Unde
3069 1187 3123 1234 et
3155 1151 3448 1252 Apostolus
3479 1151 3547 1244 de

1945 1248 2208 1303 servitute
2255 1251 2466 1310 Domini
2515 1260 2800 1332 gloriatur,
2834 1275 2888 1320 et
2938 1270 3125 1325 scribit
3179 1248 3230 1327 in
3276 1260 3547 1350 principio

1949 1337 2312 1407 Epistolarum
2364 1362 2582 1407 suarum
2618 1372 2630 1408 :
2666 1355 2862 1414 Paulus
2903 1377 3095 1419 servus
3124 1337 3343 1424 Christi.
3383 1337 3548 1433 Etlde

1945 1428 2128 1502 Moyse
2153 1435 2354 1491 dicitur
2381 1457 2394 1494 :
2429 1441 2496 1496 Et
2525 1461 2628 1498 non
2662 1450 2802 1505 sicut
2837 1452 3052 1525 Moysi-5
3080 1457 3317 1517 famulus
3346 1481 3496 1522 meus
3530 1486 3543 1523 :

1942 1522 2028 1629 cui
2056 1524 2268 1584 locutus
2297 1545 2412 1586 smn
2447 1536 2582 1591 facie
2609 1540 2674 1594 ad
2706 1540 2897 1599 faciem
2927 1522 3142 1618 —(E.rod.
3191 1555 3405 1629 xxxm).
3450 1522 3544 1615 Vi;

1942 1612 2066 1670 dete
2105 1620 2231 1688 quid
2264 1621 2408 1679 dicat
2439 1643 2452 1679 :
2486 1629 2713 1686 Cmtcris
2749 1612 2961 1693 locutus
2990 1655 3109 1696 sum
3166 1646 3218 1700 in
3254 1612 3460 1707 visione
3491 1662 3548 1710 ct

1944 1706 1995 1760 in
2025 1711 2318 1780 mnigmatc
2354 1735 2365 1769 :
2403 1719 2497 1774 sed
2531 1738 2637 1776 non
2669 1724 2812 1781 sicut
2845 1729 3012 1802 Moysi
3043 1734 3242 1793 famqu
3282 1757 3424 1805 meo,
3457 1747 3543 1802 cui

2142 1779 2146 1780 ⁷
2734 1779 2809 1781 ⁷⁷ί
2845 1779 2978 1802 ⁷”““’.Ι“
3000 1779 3012 1786 '
3043 1779 3240 1793 """""'V
3282 1779 3424 1805 ιιυυυν
3457 1779 3543 1802 LIII

235 1779 302 1835 de
331 1780 493 1847 valle,
524 1784 620 1840 sed
643 1785 710 1840 de
731 1799 933 1844 monte.
965 1789 1068 1844 Nos
1100 1794 1198 1848 nisi
1228 1794 1278 1848 in
1305 1795 1594 1851 virtutibus
1622 1809 1833 1854 montes
1868 1797 1913 1859 Β
1941 1799 2150 1860 locutus
2182 1823 2302 1864 sum
2356 1813 2492 1870 facie
2547 1819 2610 1872 ad
2665 1819 2857 1877 faciem
2908 1825 3094 1895 (Hebr.
3132 1834 3236 1902 ιη)⁸
3271 1833 3544 1898 Ponanms

237 1870 498 1902 rain-:m-nn
558 1878 623 1902 ΑΛ
670 1879 857 1902 Α...1---..
898 1898 977 1902 μΑν
1052 1901 1058 1902 ,
1547 1891 1558 1902 ι
1727 1893 1805 1902 ....
2146 1899 2156 1902 _

235 1870 523 1941 fuerimus,
557 1878 623 1932 ad
665 1879 865 1936 cmlum
896 1898 999 1938 non
1038 1901 1323 1955 possumus
1362 1891 1677 1947 ascendere.
1726 1893 1842 1950 Illic

233 1965 410 2031 enim,
449 1967 552 2024 hoc
579 1979 684 2038 est,
736 1973 788 2027 in
849 1978 1118 2033 montibus
1147 1978 1307 2048 Sion,
1356 1982 1407 2036 in
1441 1983 1752 2054 virtutibus,
1786 1987 1839 2042 in

237 2057 368 2125 fide,
401 2061 455 2114 in
487 2066 866 2133 cont’essioite,
902 2068 956 2124 in
988 2071 1301 2142 dngtnatum
1333 2075 1584 2142 veritate,
1617 2079 1730 2134 illic
1757 2089 1840 2136 est

237 2150 571 2212 benedictio.

305 2244 375 2300 Et
405 2249 558 2304 vitam
587 2268 743 2322 usque
789 2255 842 2309 in
885 2267 1156 2313 wiernum.
1195 2260 1310 2316 Vita
1341 2273 1552 2329 nostra,
1583 2263 1836 2320 Christus

229 2351 336 2396 est.
370 2343 470 2412 Qui
503 2348 796 2404 confitetur
826 2348 1134 2428 Christum,
1171 2355 1334 2410 vitam
1369 2358 1602 2428 accipiet
1633 2359 1688 2413 in
1735 2375 1838 2416 saa-

227 2433 350 2490 cula
385 2438 734 2494 saeculorum.
770 2425 966 2497 Aine".

700 2534 825 2589 PSA
839 2535 1024 2594 LMUS
1065 2538 1152 2593 CK
1167 2539 1356 2595 XXIII.

304 2617 440 2675 Ecce
468 2637 605 2677 nunc
633 2625 915 2681 benedicite
945 2627 1190 2698 Domino,
1223 2649 1400 2689 onum
1435 2651 1567 2688 servi
1601 2635 1830 2692 Domini.

226 2709 521 2770 Extremus
545 2719 783 2786 psalmus
807 2723 1000 2776 cantici
1020 2725 1301 2794 graduum.
1331 2728 1543 2785 Primus
1565 2732 1831 2801 graduum

225 2808 469 2875 psalmus
483 2809 686 2867 fuerat:
709 2813 789 2869 Ad
813 2815 1096 2874 Dominum
1120 2836 1241 2875 cum
1265 2823 1552 2879 tribularer
1575 2827 1826 2899 clamavi,

229 2911 282 2955 et
305 2903 579 2960 exaudivit
601 2923 708 2973 me;
729 2909 780 2961 iu
799 2911 1037 2966 secundo
1049 2917 1442 2972 conscenderat
1462 2937 1472 2971 :
1493 2917 1688 2974 Levavi
1703 2937 1831 2976 ocu-

229 2994 314 3050 los
345 3013 494 3053 meos
521 3000 572 3054 in
604 3003 912 3060 moutes.ln
932 3009 1123 3063 tertio:
1144 3007 1581 3068 Lmtatussumin
1608 3013 1692 3068 his
1709 3031 1830 3085 qua:

220 3089 363 3144 dicta
388 3102 515 3147 sunt
540 3093 700 3162 mihi;
737 3096 789 3151 in
811 3108 1034 3167 quarto:
1058 3101 1136 3156 Ad
1161 3112 1212 3157 te
1231 3102 1406 3158 levavi
1429 3108 1618 3161 oculos
1649 3122 1822 3176 meos,

221 3184 318 3254 qui
343 3183 558 3241 habitas
580 3188 805 3246 iocatio.
831 3190 1302 3264 Videtequomodo
1317 3199 1831 3271 paulatimascendit
1857 3197 1901 3260 C

231 3292 330 3346 per
358 3279 582 3349 gradus,
611 3292 665 3336 et
694 3283 760 3337 ad
792 3284 1110 3341 sublimiora
1143 3291 1412 3357 pervenit.
1449 3289 1694 3362 Longum
1721 3303 1822 3361 est,

217 3370 266 3425 si
293 3372 528 3428 velimus
559 3376 899 3448 singulorum
948 3382 1280 3449 psalmorum
1331 3385 1825 3457 horum-graduum

218 3468 488 3538 principia
533 3470 744 3527 dicere.
783 3473 941 3530 Venit
985 3476 1051 3531 ad
1099 3479 1317 3533 tertium
1363 3480 1632 3535 decimum
1680 3482 1826 3552 psal-

217 3576 394 3626 mutn,
429 3563 598 3619 immo
631 3570 779 3622 venit
807 3569 872 3623 ad
906 3570 1310 3638 duodecimum,
1351 3585 1406 3630 et
1455 3586 1576 3646 post
1604 3591 1825 3634 onmem

217 3656 502 3725 virtutem,
550 3658 914 3718 humilitatem
956 3665 1155 3735 posuit.
1203 3667 1426 3723 Frustra
1459 3673 1603 3726 enim
1655 3672 1826 3730 hahe-

211 3763 336 3804 mus
382 3752 634 3820 virtutes,
684 3755 731 3811 si
779 3774 884 3811 non
923 3761 1053 3828 ipsa:
1087 3761 1316 3816 virtutes
1366 3765 1674 3821 humilitate
1714 3768 1822 3823 Do-

207 3842 347 3899 mini
380 3857 736 3904 coronentur.
769 3850 909 3918 Quid
941 3854 1085 3907 enim
1119 3854 1289 3910 dixit?
1319 3856 1563 3923 Domine,
1603 3875 1712 3915 non
1737 3870 1826 3917 est

209 3939 516 3996 exaltatum
551 3957 648 3998 cor
675 3960 858 4000 meum
894 3965 905 4000 :
953 3963 1128 4020 neque
1161 3951 1288 4006 elati
1337 3961 1464 4007 sunt
1501 3954 1644 4009 oculi
1694 3957 1822 4011 mei.

204 4029 482 4098 Quoniam
525 4049 656 4105 ergo
713 4036 973 4093 humilem
1025 4054 1085 4094 se
1144 4051 1576 4114 monstraverat,
1619 4044 1823 4102 Christi

205 4125 506 4181 adventum
533 4131 788 4198 postulat.
817 4133 883 4187 Et
903 4134 1043 4205 quid,
1061 4135 1228 4191 dicit?
1255 4136 1550 4207 Memento,
1574 4140 1824 4210 Domine,

206 4217 382 4273 Dat-id
405 4227 462 4274 et
487 4223 666 4277 omnis
686 4229 1124 4284 mansuetudinis
1144 4229 1283 4300 ejus.
1313 4233 1380 4286 Et
1399 4248 1613 4290 rursum
1639 4235 1692 4290 in
1719 4236 1827 4292 alio

204 4312 332 4366 loco
349 4329 362 4364 :
379 4312 607 4384 Propter
635 4317 802 4374 David
827 4335 1041 4377 servum
1069 4332 1239 4393 tuum,
1260 4339 1364 4380 non
1390 4336 1604 4384 avertas
1632 4330 1825 4387 faciem

201 4403 411 4462 Christi
443 4409 518 4463 tui
541 4409 712 4481 (Psal.
751 4413 962 4486 cum).
996 4415 1260 4484 Quoniam
1286 4421 1495 4490 accepit
1523 4419 1820 4492 Christum,

201 4505 330 4568 post
351 4498 514 4555 fidem
537 4501 738 4558 Christi
759 4505 1062 4563 Ecclesiam
1087 4521 1402 4580 congregat.
1425 4512 1492 4568 Et
1509 4514 1637 4584 qttid
1658 4514 1824 4572 dicit?

203 4600 356 4658 Ecce
375 4617 534 4673 quam
555 4607 840 4674 bonum,et
857 4611 1351 4682 quamjucundum,
1372 4615 1617 4672 habitare
1629 4616 1827 4674 fratres
1859 4585 1906 4650 Ι)

200 4697 258 4752 in
287 4713 479 4756 unum.
505 4698 751 4758 Ecclesia
777 4703 991 4761 Domini
1019 4720 1344 4779 congregata
1366 4719 1464 4765 cst.
1492 4711 1826 4770 Novissimus

205 4798 460 4869 psalmus
511 4803 642 4871 quid
673 4803 845 4861 dicit?
871 4803 1007 4862 Ecce
1033 4823 1169 4862 nunc
1214 4810 1494 4867 benedicite
1521 4812 1822 4882 Dominum,

195 4915 384 4955 omnes
414 4906 548 4958 servi
579 4902 816 4962 Domini.
848 4907 1116 4977 Quoniam
1156 4911 1358 4968 bonum
1402 4917 1506 4985 est,
1541 4927 1590 4971 et
1620 4917 1821 4989 jucun-

193 5001 332 5057 dum
366 5001 612 5064 habitare
642 5006 837 5064 fratres
864 5009 920 5065 in
955 5025 1144 5080 unum,
1189 5023 1243 5070 et
1273 5017 1407 5070 estis
1453 5019 1657 5086 pariter
1684 5035 1815 5075 con-

186 5107 411 5178 gregati
451 5126 461 5162 :
499 5108 630 5165 Ecce
663 5130 799 5167 nunc
831 5114 1111 5172 benedicile
1141 5115 1439 5174 Dominum.
1474 5115 1632 5177 Nunc
1659 5124 1812 5181 bene-

188 5207 366 5262 dicile
397 5207 698 5281 Dominum,
735 5227 854 5286 post
906 5217 1193 5274 adventum
1237 5221 1441 5279 Christi
1479 5245 1488 5279 :
1527 5229 1649 5297 quia
1680 5245 1812 5284 con-

185 5310 567 5380 gregatiestis
611 5315 663 5368 in
714 5331 800 5370 eo.
853 5316 1009 5375 Nunc
1034 5319 1343 5378 benedicite
1371 5323 1428 5378 in
1469 5327 1658 5381 ultimo
1687 5345 1810 5399 gra-

186 5411 370 5469 duum
416 5416 661 5484 psalmo:
701 5420 911 5498 qugiain
945 5424 1260 5479 summitate
1293 5429 1552 5484 virtutum
1583 5446 1810 5502 congre-

183 5513 314 5587 gati
341 5515 500 5571 estis.
548 5519 853 5592 Antequam
897 5539 1029 5595 ergo
1075 5530 1435 5595 perveneritis
1462 5530 1530 5586 ad
1562 5533 1806 5603 quintum

187 5617 483 5674 decimum
531 5622 824 5693 graduum,
875 5627 978 5684 hoc
1007 5639 1110 5695 est.
1143 5630 1210 5685 ad
1243 5634 1539 5700 excelsum,
1575 5649 1682 5690 non
1714 5651 1809 5707 po-

183 5720 398 5776 teratis
443 5722 771 5782 benedicere
818 5728 1064 5786 Domino.
1099 5731 1244 5803 Ergo
1274 5749 1416 5789 nunc
1449 5733 1573 5790 dico
1600 5736 1762 5796 vobis
1793 5753 1808 5793 :

180 5817 338 5877 Ecce
365 5835 504 5876 nunc
529 5821 813 5884 bmdicite
844 5826 1089 5888 Domino.
1139 5832 1369 5902 Quando
1391 5834 1614 5905 dicitur,
1645 5853 1760 5895 cccc
1791 5851 1808 5892 :

1945 1899 2252 1968 exemplum
2293 1921 2305 1956 :
2356 1904 2609 1965 Dicamus
2655 1929 2776 1969 esse
2805 1918 3039 1988 aliquem
3078 1923 3352 1982 dominum
3383 1930 3544 1987 ditis-

1943 1988 2159 2046 simum.
2211 1994 2317 2051 lste
2347 1997 2507 2056 habet
2559 2003 2821 2062 familiam
2860 2028 2872 2063 :
2905 2013 3070 2070 habet
3115 2029 3164 2071 ct
3215 2035 3407 2078 servos
3452 2027 3544 2094 qui

1943 2082 2046 2137 sibi
2095 2087 2722 2168 ministrent.Numquid
2778 2113 2978 2161 tantam
3036 2108 3237 2167 habent
3291 2082 3540 2174 fiduciam

1941 2181 2085 2232 servi
2115 2182 2206 2250 qui
2243 2184 2292 2236 in
2327 2185 2470 2241 villis
2520 2182 2692 2246 sunt:
2737 2208 2991 2264 quantam
3044 2203 3117 2256 illi
3164 2206 3254 2274 qui
3302 2212 3544 2278 quotidie
3612 2256 3620 2264 .

1941 2272 2284 2330 ministrant?
2309 2278 2421 2334 Illis
2448 2297 2640 2354 magna
2677 2286 2919 2357 dignitas
2949 2304 3054 2361 est,
3089 2272 3193 2366 qui
3229 2302 3422 2358 faciem
3459 2307 3539 2361 vi-

1938 2361 2068 2419 dent
2099 2366 2326 2437 domini,
2353 2384 2409 2428 et
2438 2377 2748 2436 ministrant
2779 2384 2850 2437 ei.
2903 2371 3140 2459 Denique
3163 2399 3344 2451 caeteri
3372 2404 3535 2470 servi,

1938 2462 2027 2530 qui
2073 2461 2265 2521 faciem
2315 2484 2422 2525 non
2457 2473 2642 2530 vident
2669 2476 2875 2535 domini
2899 2485 3008 2551 sui,
3053 2489 3095 2540 si
3132 2491 3404 2548 voluerint
3443 2499 3538 2550 aii-

1935 2558 2061 2626 qnid
2093 2560 2407 2630 impetrare,
2441 2583 2734 2627 conservos
2764 2586 2981 2645 petunt.
3025 2581 3137 2637 l‘lor
3171 2593 3341 2640 toturn
3375 2605 3542 2659 quare

1935 2646 2086 2702 dixi?
2127 2652 2395 2712 Dominus
2423 2671 2612 2716 noster
2641 2663 2802 2720 Jesus
2833 2669 2996 2726 habet
3043 2687 3098 2729 et
3149 2677 3266 2747 ipse
3315 2646 3536 2741 multam

1939 2741 2194 2800 familiam
2225 2764 2240 2800 :
2273 2751 2440 2807 habet
2467 2758 2622 2824 quasi
2649 2759 2714 2812 ad
2751 2759 2942 2818 faciem
2971 2783 3146 2835 suam,
3170 2741 3268 2842 qui
3302 2775 3402 2829 sibi
3438 2779 3539 2833 nri-

1937 2840 2206 2897 nistrant:
2252 2843 2413 2901 habet
2445 2849 2583 2904 alios
2609 2852 2660 2906 in
2693 2855 2858 2924 agris.
2887 2859 3178 2919 Monachus
3200 2840 3262 2922 vet
3299 2870 3537 2940 virgines

1934 2947 2035 3003 ego
2066 2948 2195 3004 puto
2224 2937 2349 2994 illos
2375 2955 2518 3009 esse,
2553 2945 2642 3013 qui
2667 2949 2732 3000 ad
2762 2949 2950 3006 faciem
2975 2955 3284 3014 ministrant
3313 2937 3536 3020 domino

1933 3041 2034 3081 suo
2065 3046 2079 3083 :
2109 3031 2404 3088 saeculares
2434 3045 2641 3105 autem,
2695 3044 2786 3112 qui
2819 3057 2944 3100 sunt
2971 3051 3124 3118 quasi
3172 3053 3223 3108 in
3266 3071 3416 3129 agro,
3466 3061 3536 3117 de

1935 3119 2134 3177 familia
2166 3141 2281 3180 sua.
2312 3127 2552 3201 Denique
2584 3133 2662 3188 illi
2693 3138 2782 3205 qui
2827 3151 2953 3194 sunt
2997 3143 3048 3197 in
3077 3147 3241 3216 agris,
3273 3119 3415 3206 istos,
3441 3170 3508 3222 po

1933 3215 2141 3270 stulant
2170 3229 2225 3271 ut
2261 3232 2451 3291 rogent
2475 3223 2777 3295 dominum,
2808 3231 2852 3284 si
2885 3233 3012 3302 quid
3040 3215 3414 3298 necessarium
3448 3244 3515 3300 ha

1933 3307 2080 3363 bent.
2107 3310 2377 3376 Quantam
2413 3314 2614 3372 habent
2645 3335 2777 3392 ergo
2808 3323 3147 3394 dignitatem,
3174 3333 3264 3402 qui
3294 3336 3534 3403 quotidie

1930 3401 2122 3457 vident
2171 3405 2366 3462 faciem
2396 3409 2647 3467 domini:
2684 3425 2884 3471 tantam
2933 3419 3132 3478 habent
3172 3401 3412 3498 patiam,
3443 3433 3535 3505 qui

1929 3494 2206 3566 negligunt
2259 3499 2621 3558 ministerium
2678 3507 2905 3565 domini.
2961 3494 3354 3575 Solent—enim
3399 3494 3535 3580 mali

1927 3589 2094 3654 servi,
2126 3593 2344 3661 quando
2365 3605 2492 3651 sunt
2521 3599 2574 3652 in
2605 3602 2768 3671 agris,
2799 3607 2972 3676 magis
3001 3609 3195 3668 timere
3216 3615 3528 3676 dominum:

1927 3681 2054 3746 quia
2088 3697 2193 3737 non
2230 3685 2436 3744 vident.
2461 3688 2516 3745 Si
2547 3701 2726 3747 autem
2757 3699 3002 3765 quotidie
3029 3707 3295 3774 cmperint
3319 3708 3530 3782 videre,

1928 3784 2308 3848 contemnunt,
2337 3790 2392 3836 et
2422 3783 2763 3840 familiaritas
2803 3793 3116 3860 superbiam
3152 3799 3294 3853 facit.
3335 3801 3401 3855 Et
3431 3819 3529 3861 nos

1929 3867 2094 3940 igitur
2146 3887 2257 3927 non
2308 3875 2570 3932 debemus
2614 3880 2684 3935 de
2734 3887 3131 3945 consuetudine
3175 3905 3530 3956 contemnere

1928 3962 2224 4022 bonitatem
2281 3969 2372 4024 Dei
2431 3973 2623 4028 nostri.
2670 3976 2982 4036 Benedicite
3035 3999 3166 4055 ergo
3216 3987 3525 4060 Dominum,

1929 4073 2118 4115 omnes
2167 4063 2308 4118 servi
2344 4063 2552 4121 Domini
2579 4085 2594 4122 :
2623 4071 2748 4140 quia
2793 4087 2901 4129 non
2945 4078 3078 4132 estis
3119 4083 3263 4136 servi
3296 4089 3526 4157 peccati,

1929 4150 2025 4204 sed
2083 4153 2229 4208 servi
2279 4155 2511 4212 Domini.
2550 4160 2734 4217 Omnes
2783 4167 2917 4220 servi
2964 4166 3191 4234 Domini,
3226 4177 3314 4244 qui
3346 4179 3526 4236 solum

1930 4245 2215 4302 Dominum
2242 4250 2452 4308 habetis
2477 4253 2666 4310 Deum.
2696 4257 2886 4315 Omnes
2917 4265 3050 4318 servi
3077 4265 3304 4335 Domini,
3334 4275 3528 4344 quibus

1927 4335 2009 4391 ira
2042 4352 2151 4394 non
2196 4342 2429 4412 imperat
2463 4361 2475 4400 ι
2511 4347 2564 4402 in
2594 4349 2790 4417 quibus
2837 4354 3006 4412 libido
3052 4373 3160 4414 non
3212 4335 3401 4434 regnat
3429 4383 3444 4422 :
3474 4368 3527 4425 in

1927 4432 2126 4501 quibus
2154 4435 2258 4489 alia
2286 4449 2501 4506 peccata
2535 4455 2640 4496 non
2675 4457 2906 4515 regnant
2942 4465 2955 4502 :
2988 4451 3184 4521 quibus
3217 4432 3320 4512 non
3354 4460 3528 4518 domi-

1934 4534 2132 4580 nantur
2157 4528 2308 4596 vitia,
2343 4530 2423 4584 illi
2446 4532 2794 4592 dominantur
2824 4553 2852 4593 a
2887 4540 3136 4601 Domino.
3175 4547 3368 4607 Omnes
3397 4558 3531 4612 servi

1936 4615 2166 4673 Domini.
2197 4619 2422 4678 Videtur
2449 4625 2734 4698 hucusque
2759 4633 2999 4691 stetisse.
3027 4636 3133 4695 Sed
3181 4643 3359 4700 videte
3397 4663 3528 4721 aug-

1933 4723 2192 4768 mentum.
2218 4715 2335 4771 Non
2368 4720 2572 4775 sufficit
2596 4723 2770 4778 solum
2796 4741 2988 4785 servos
3013 4747 3136 4788 esse
3163 4737 3397 4806 Domini,
3423 4715 3526 4799 nisi

1929 4814 1984 4859 et
2011 4807 2112 4874 ipsi
2143 4797 2288 4864 servi
2313 4815 2476 4866 stent.
2508 4813 2616 4868 Alii
2647 4818 2795 4872 enim
2818 4830 2949 4878 sunt
2976 4825 3068 4895 qui
3097 4837 3280 4884 stant:
3312 4797 3404 4886 alii
3432 4797 3524 4904 qui

1925 4898 2122 4953 cadunt
2162 4918 2176 4953 :
2211 4902 2299 4956 alii
2334 4905 2427 4974 qui
2455 4906 2691 4964 sedent:
2735 4913 2825 4967 alii
2873 4919 2962 4986 qui
3008 4919 3211 4988 jaceat.
3246 4923 3388 4994 Ergo
3430 4898 3525 4996 qui

1924 4990 2152 5054 cadunt,
2183 4994 2274 5063 qui
2303 4996 2519 5064 sedent,
2549 5002 2639 5070 qui
2669 5002 2874 5070 jaceat,
2904 5008 2981 5062 illi
3008 5024 3115 5065 non
3147 4990 3372 5081 possunt
3404 4990 3524 5074 latu-

1924 5083 2054 5138 dare
2078 5085 2383 5144 Dominum.
2412 5090 2522 5149 Vos
2551 5093 2766 5152 laudate
2798 5100 2886 5169 qui
2918 5103 3100 5157 statis.
3126 5104 3234 5160 Sed
3257 5108 3400 5164 dicat
3428 5112 3528 5168 ali-

1923 5177 2086 5247 quis:
2132 5179 2290 5236 Staut
2339 5191 2397 5238 et
2441 5186 2556 5242 alii.
2613 5189 2791 5245 Multas
2838 5201 2967 5248 sunt
3012 5195 3307 5255 Ecclesiae:
3344 5207 3525 5264 multa:

1923 5288 2048 5328 sunt
2079 5280 2554 5348 congregationes.
2591 5282 2693 5350 Qui
2749 5300 2879 5354 ergo
2922 5291 3103 5343 stant?
3131 5291 3318 5348 Ariani
3344 5302 3524 5357 stant?

1921 5363 2217 5423 Nominant
2243 5366 2521 5427 Christum
2550 5384 2603 5428 et
2638 5376 2985 5445 Eunomiani,
3019 5393 3071 5436 et
3103 5392 3321 5443 ctetertc
3351 5388 3525 5449 haere-

1921 5474 2011 5515 ses
2037 5479 2049 5512 :
2077 5473 2208 5531 ergo
2247 5464 2431 5518 stant?
2460 5465 2540 5520 Ne
2588 5466 2866 5524 videretur
2895 5487 3025 5542 ergo
3058 5476 3163 5532 illis
3191 5479 3322 5536 dare
3351 5482 3521 5542 licen-

1922 5552 2051 5608 tiam
2087 5553 2340 5608 laudandi
2375 5555 2685 5626 Dominum,
2714 5561 2891 5618 videte
2922 5567 3052 5633 quid
3084 5569 3228 5626 dicat
3255 5592 3266 5625 :

1994 5645 2095 5710 Qui
2118 5647 2263 5700 statis
2293 5646 2346 5700 in
2367 5647 2520 5702 domo
2548 5647 2776 5721 Domini,
2811 5655 2864 5708 iu
2896 5659 3048 5714 atriis
3073 5661 3257 5718 domus
3285 5665 3384 5721 Dei
3421 5687 3520 5724 no-

1920 5737 2033 5791 stri.
2064 5737 2132 5793 Ut
2159 5737 2462 5795 secundum
2509 5742 2653 5812 quod
2707 5747 2782 5800 ait
2830 5746 3123 5818 Apostolus
3152 5756 3392 5827 :Donec,
3423 5763 3520 5818 in-

1923 5833 2060 5902 quit,
2096 5832 2280 5901 venio,
2306 5839 2366 5888 ut
2395 5834 2538 5892 scias
2562 5840 2836 5908 quomodo
2861 5843 3117 5915 disponas
3145 5849 3365 5911 domum
3398 5855 3513 5924 Dei,
