4008 6336
563 252 704 317 ιω

1348 249 1696 313 ΑΡΡΕΝΒΙΧ
1735 250 1829 313 ΑΙ)
1867 249 2111 312 'I'OMUM
2149 241 2507 314 SEPTIMUM
2549 252 2606 313 S.
2651 251 3049 318 HIERONYMI.

3681 261 3802 329 ιω

555 381 680 438 quae
723 375 810 421 est
863 365 1110 422 Ecclesia
1141 364 1189 438 (l
1220 365 1353 420 Tim.
1384 367 1492 439 ιιι).
1527 368 1770 423 Ecclesia
1819 385 1926 422 non
1981 369 2155 436 parie-
2185 368 2236 428 Α
2271 369 2450 423 citur:
2489 368 2544 422 ln
2575 383 2740 424 manu
2771 369 3003 440 lingute,
3038 381 3187 423 mors
3230 376 3286 424 et
3330 365 3466 425 vlta?
3500 368 3674 428 Videte
3699 377 3804 446 quid

558 457 701 512 libus
730 459 1005 519 consistit,
1058 459 1152 513 sed
1185 460 1237 512 in
1271 459 1585 528 dngtnatutu
1632 461 1882 516 veritate.
1918 459 2160 514 Ecclesia

556 547 631 606 ibi
658 562 738 605 est
771 549 860 605 ubi
892 549 1026 606 ﬁdes
1063 566 1191 606 vera
1223 561 1327 607 εει.
1362 555 1433 607 Ca
1457 562 1637 625 terum.
1659 563 1783 607 ante
1814 568 1985 608 annos
2007 554 2160 623 quin-

555 642 732 700 decim
765 655 858 699 aut
886 645 1101 716 viginti,
1147 648 1391 716 parietes
1417 661 1609 702 onmes
1651 647 1738 700 hic
1793 644 2158 701 Ecelesiarum

552 733 798 791 hwretici
828 737 1205 807 possidebant.
1247 741 1387 793 Ante
1415 737 1607 810 viginti
1638 739 1782 794 enim
1826 754 2018 801 annos,
2043 754 2160 792 om-

549 844 649 885 nes
682 830 955 885 Ecclesias
983 829 1082 886 has
1116 830 1358 886 lucretici
1385 831 1756 901 possidebant.
1794 829 2036 886 Ecclesia
2064 845 2155 884 au-

554 931 662 980 tem
691 939 816 979 vera
846 923 960 980 illic
991 934 1133 993 erat,
1164 925 1252 979 ubi
1282 941 1408 980 vera
1438 925 1572 980 ﬁdes
1595 933 1730 1000 erat.
1767 924 1909 994 Ergo
1937 937 2033 977 vos
2059 923 2155 977 be-

550 1017 789 1074 nedicite
820 1018 1074 1084 Domino,
1101 1018 1191 1088 qui
1215 1019 1348 1075 estis
1365 1018 1509 1074 servi
1535 1018 1768 1072 Domini.
1786 1017 1904 1071 Non
1925 1026 2007 1072 est
2038 1016 2158 1086 pul-

549 1111 680 1168 chra
704 1112 940 1168 laudatio
955 1113 1007 1167 in
1023 1128 1120 1166 ore
1143 1114 1442 1182 peccatoris
1457 1110 1630 1183 (Eccl.
1649 1110 1759 1181 xv).
1776 1110 1917 1182 Ergo
1932 1125 2029 1166 vos
2042 1111 2156 1165 lau-

559 1207 705 1274 date,
724 1208 812 1277 qui
827 1207 959 1262 estis
974 1208 1119 1262 servi
1139 1207 1372 1275 Domini,
1391 1208 1543 1278 etqui
1562 1207 1692 1262 estis
1719 1207 1887 1273 servi,
1906 1205 2148 1261 etstatis.

547 1302 649 1368 Qui
679 1302 872 1356 statis?
900 1303 1121 1369 Statuit,
1147 1302 1340 1370 inquit,
1374 1317 1538 1372 supra
1569 1309 1774 1371 petram
1805 1300 1972 1370 pedes
2002 1314 2153 1355 meos

547 1392 724 1466 (Psal.
762 1395 972 1465 χχχιι).
1006 1393 1074 1449 Ει
1115 1393 1180 1449 ad
1228 1395 1450 1465 Moysen
1485 1413 1496 1447 :
1524 1394 1604 1449 Tu
1645 1409 1777 1448 vero
1810 1393 1896 1448 hic
1923 1403 2009 1447 sta
2032 1408 2148 1448 me-

544 1502 666 1544 cum
697 1486 896 1560 (Exod.
921 1486 1140 1559 χχιιι).
1172 1487 1321 1543 Deus
1347 1488 1497 1543 stetit
1523 1489 1574 1542 in
1597 1501 1868 1560 synagOga
1895 1488 2147 1542 deorum.

544 1581 615 1638 Et
655 1583 745 1653 qui
771 1582 944 1649 statis,
969 1597 1078 1637 non
1112 1580 1488 1651 ubicumque:
1517 1579 1638 1647 sed,
1672 1580 1723 1633 in
1756 1579 1910 1632 domo
1933 1578 2052 1644 Dei,
2097 1579 2149 1632 in

542 1676 689 1730 atriis
735 1676 918 1730 domus
967 1674 1064 1728 Dei
1114 1674 1296 1728 nostri.
1346 1672 1404 1727 In
1453 1672 1734 1728 Hebraicis
1779 1672 2148 1728 voluminibus

2272 460 2461 514 dicat:
2508 462 2651 517 Deus
2700 476 2808 516 non
2860 461 3012 517 audit
3065 462 3325 532 linguam,
3375 478 3477 518 non
3521 465 3692 531 verba,
3727 469 3804 523 sed

2267 570 2475 624 opera:
2509 565 2566 609 ut
2614 571 2946 626 quicumque
2985 555 3193 626 aliquid
3241 555 3503 624 Ιοιιυίιιιι,
3544 566 3595 612 ει
3651 558 3805 616 faciat.

2262 651 2583 720 Prmcipitur
2636 666 2766 722 ergo
2818 651 2974 706 nobis
3020 651 3074 705 in
3116 652 3413 706 novissimo
3450 652 3648 722 psnlmo
3701 669 3803 724 gra-

2259 745 2424 800 du-ttn
2461 764 2472 798 ε
2508 745 2574 799 In
2607 747 2843 800 noctibus
2874 743 3108 800 extollite
3137 762 3320 799 manus
3350 754 3536 800 vestras
3560 747 3610 800 in
3635 756 3802 804 sancta.

2261 837 2490 904 Levate,
2520 837 2718 908 inquit,
2757 852 2947 893 manus
2978 847 3190 892 vestras
3217 853 3232 892 :
3261 836 3386 907 quia
3416 837 3568 893 .lesus
3585 839 3804 895 easleva-

2260 932 2334 986 vit
2359 934 2410 986 in
2443 946 2631 987 cruce.
2667 929 2732 984 In
2780 932 3017 985 noctibus
3059 930 3291 985 extollit:
3334 947 3514 985 manus
3553 941 3726 987 vestras
3763 935 3805 988 in

2257 1033 2462 1078 sancta.
2496 1023 2676 1093 Quare
2719 1024 2892 1077 voluit
2924 1023 3130 1080 addere
3173 1033 3228 1079 et
3269 1023 3484 1092 dicere,
3524 1025 3574 1079 in
3613 1026 3804 1081 sancta?

2259 1117 2328 1173 Et
2355 1117 2599 1173 haeretici
2630 1116 2882 1172 videntur
2931 1116 3118 1172 levare
3148 1132 3372 1186 manus,
3414 1129 3468 1172 et
3504 1118 3714 1189 gentiles
3736 1119 3802 1172 vi-

2259 1210 2462 1264 dentur
2491 1211 2671 1265 levare
2701 1224 2913 1275 manus,
2945 1217 2994 1264 et
3045 1209 3224 1264 Judaei
3254 1210 3503 1264 videntur
3530 1213 3691 1266 levare
3713 1227 3802 1266 ma-

2255 1317 2358 1357 nus
2401 1321 2411 1354 :
2455 1303 2685 1357 Faciunt
2732 1303 2876 1358 enim
2915 1311 2974 1356 et
3021 1302 3119 1372 ipsi
3173 1302 3652 1374 eleemosynaszsi
3679 1303 3803 1359 vide-

2257 1397 2369 1450 rint
2400 1411 2722 1464 pauperem,
2758 1412 2977 1451 manum
3021 1396 3326 1466 porrigunt.
3370 1397 3592 1462 Quando
3617 1396 3803 1453 Judmus

2253 1487 2467 1542 dederit
2496 1488 3123 1560 eleemosynam,nonne
3156 1489 3254 1544 tibi
3285 1487 3505 1544 videtur
3530 1489 3695 1544 levare
3711 1505 3803 1544 nta-

2255 1581 2422 1636 num?
2453 1582 2621 1637 Levat
2648 1583 2867 1650 quidem
2899 1597 3145 1649 manum,
3177 1583 3271 1638 sed
3315 1599 3426 1638 non
3461 1583 3600 1639 levat
3625 1587 3673 1640 in
3699 1599 3802 1640 san-

2254 1683 2340 1729 cta
2371 1691 2386 1735 ;
2418 1676 2543 1746 quia
2572 1674 2847 1729 Christum
2901 1692 3007 1730 non
3057 1675 3366 1731 conﬁtetur.
3406 1676 3511 1732 Vos
3539 1687 3701 1732 autem
3726 1677 3800 1745 qui

543 1785 651 1825 non
711 1768 968 1836 habetur,
1012 1766 1108 1822 sed
1154 1767 1207 1821 in
1266 1765 1514 1836 sequenti
1568 1766 1780 1834 psalmo
1846 1774 1948 1819 est.
2000 1765 2146 1831 Qno-
2179 1756 2229 1817 B
2259 1769 2392 1823 esus
2427 1769 2481 1824 in
2511 1767 2674 1823 domo
2705 1768 2940 1836 Domini,
2993 1769 3083 1838 qui
3129 1769 3287 1824 statis
3317 1769 3371 1824 in
3404 1769 3564 1825 demo
3596 1770 3796 1835 Domini,

540 1864 703 1920 modo
733 1863 877 1918 enim
906 1862 1156 1934 sequitur
1187 1862 1240 1916 in
1275 1862 1392 1932 ipso
1425 1859 1672 1931 psalmo?
1697 1859 1930 1913 Laudate
1961 1875 2142 1912 nomen

541 1958 776 2029 Domini,
828 1958 1043 2012 laudate
1083 1957 1215 2012 servi
1264 1956 1567 2010 Dominum.
1603 1954 1706 2022 Qui
1733 1956 1879 2009 statis
1909 1956 1959 2008 in
1990 1956 2142 2008 domo

538 2048 776 2117 Domini,
827 2051 880 2104 in
929 2050 1076 2104 atriis
1126 2048 1310 2102 domus
1361 2048 1456 2101 Dei
1485 2047 1650 2101 nostri
1702 2045 1873 2117 (Psal.
1927 2044 2138 2116 Luttt).

538 2142 806 2212 Quoniam
828 2157 959 2214 ergo
985 2143 1088 2197 iste
1113 2142 1351 2212 psalmus
1374 2140 1538 2196 habet
1570 2159 1583 2196 :
1619 2139 1722 2207 Qui
1743 2141 1890 2194 statis
1912 2140 1966 2194 in
1987 2140 2142 2194 domo

537 2234 773 2300 Domini,
803 2237 857 2290 in
888 2236 1036 2290 atriis
1065 2235 1248 2289 domus
1283 2233 1377 2287 Dei
1436 2232 1603 2288 nostri
1635 2249 1652 2287 :
1693 2232 1986 2302 Propterea
2017 2232 2138 2303 qui-

537 2328 661 2384 dam
692 2329 900 2399 putavit
943 2339 999 2384 et
1044 2327 1098 2381 itt
1153 2328 1272 2397 ipso
1319 2326 1531 2397 psalmo
1560 2325 1651 2396 qui
1685 2324 1962 2395 prtecessit
1991 2342 2003 2378 :
2038 2325 2141 2390 Qui

531 2423 683 2478 statis
711 2426 762 2476 in
787 2422 939 2477 donto
971 2419 1183 2476 Domini
1214 2437 1232 2475 :
1272 2421 1475 2476 debere
1499 2419 1700 2475 addere
1731 2437 1743 2473 :
1777 2421 1829 2472 in
1867 2420 2014 2472 atriis
2045 2419 2134 2472 do-

533 2533 649 2570 mus
679 2515 772 2570 Dei
801 2517 986 2571 nostri.
1017 2514 1155 2584 Quid
1187 2523 1366 2570 autem
1394 2514 1682 2584 signiﬁcet,
1707 2513 1760 2567 in
1780 2514 1927 2568 atriis
1953 2513 2137 2567 domus

531 2609 630 2666 Dei
653 2612 839 2678 nostri,
871 2620 926 2667 et
952 2627 1072 2682 quae
1101 2610 1174 2666 sit
1202 2608 1514 2666 diﬁ'erentia
1537 2609 1733 2665 domus
1760 2618 1813 2664 et
1841 2608 2132 2677 atriorum,

530 2705 585 2762 in
614 2709 859 2777 sequenti
889 2706 1102 2776 psalmo
1123 2721 1248 2761 eum
1278 2706 1452 2761 lectus
1480 2703 1666 2770 fuerit,
1698 2703 2016 2760 disseretur.

606 2800 676 2856 In
702 2800 937 2856 noctibus
969 2801 1200 2856 extollite
1231 2817 1412 2854 manus
1442 2810 1634 2853 vestras
1661 2799 1717 2852 in
1746 2808 1949 2853 sancta.
1980 2797 2133 2853 Mun-

533 2894 636 2952 dus
667 2898 772 2950 iste
803 2897 854 2950 in
887 2895 1131 2966 maligno
1177 2895 1390 2964 positus
1439 2902 1523 2948 est
1563 2892 1608 2965 (l
1637 2891 1798 2947 Joan.
1823 2894 1901 2963 v),
1931 2901 1987 2948 et
2025 2909 2132 2948 nott

524 2999 613 3048 est
636 2989 795 3045 nobis
823 3005 997 3060 pugna
1022 2989 1287 3044 adversus
1313 3003 1532 3044 carnem
1564 2997 1620 3042 et
1649 2987 1992 3058 sanguinem,
2036 2987 2130 3041 sed

525 3084 787 3138 adversus
818 3094 1061 3136 rectores
1108 3082 1457 3137 tenebrarum
1508 3080 1732 3134 istarum
1777 3076 1998 3150 (Ep/tes.
2030 3078 2126 3147 vt).

2251 1863 2302 1916 in
2332 1864 2488 1917 atriis
2519 1862 2716 1916 domus
2758 1863 2849 1916 Dei
2884 1863 3054 1916 nostri
3089 1882 3100 1915 :
3133 1863 3226 1934 qui
3257 1864 3394 1918 estis
3416 1862 3555 1919 servi
3587 1863 3797 1932 Domini,

2251 1955 2446 2024 quibus
2476 1954 2690 2010 dixerat
2723 1974 2733 2007 :
2768 1955 2910 2010 Ecce
2937 1970 3097 2026 quam
3129 1956 3330 2011 bonum
3363 1966 3418 2011 et
3452 1972 3606 2025 quam
3635 1957 3798 2027 jucun-

2245 2049 2372 2103 dum
2407 2048 2655 2104 habitare
2686 2049 2890 2106 fratres
2937 2050 2988 2103 in
3042 2066 3207 2105 unum
3269 2049 3447 2123 (Psal.
3476 2053 3667 2122 cum)
3697 2071 3708 2104 :
3735 2053 3796 2108 sic

2247 2142 2423 2198 levate
2451 2157 2666 2211 manus,
2697 2152 2755 2198 ut
2787 2144 2841 2197 in
2872 2153 3062 2198 sancto
3091 2143 3306 2210 levetis,
3344 2144 3449 2200 hoc
3486 2153 3587 2209 est,
3618 2155 3670 2199 ut
3693 2160 3798 2200 con-

2248 2236 2510 2292 ﬁteamini
2534 2235 2814 2293 Christum
2835 2281 2850 2305 ,
2886 2247 2940 2293 et
2965 2236 3224 2308 quidquid
3250 2235 3460 2306 facitis,
3492 2253 3587 2308 pro
3613 2237 3792 2294 Chrile

2245 2327 2476 2382 faciatis.
2512 2327 2777 2394 Virtutes,
2812 2343 2910 2398 pro
2959 2327 3223 2398 qualitate
3263 2327 3555 2393 facientis,
3599 2329 3794 2384 diversa

2244 2430 2392 2477 sunt.
2420 2420 2500 2476 Ac
2530 2422 2573 2476 si
2596 2421 2745 2477 dicat
2780 2439 2791 2474 :
2824 2421 2973 2476 Facit
3001 2421 3417 2493 eleemosynam
3447 2420 3756 2477 Christianus
3781 2440 3794 2478 :

2243 2514 2370 2568 facit
2401 2522 2455 2568 ει
2484 2512 2727 2584 gentilis,
2753 2512 2882 2568 facit
2903 2524 2959 2568 et
2984 2513 3225 2575 Judaeus,
3255 2513 3384 2569 facit
3429 2523 3487 2570 et
3514 2514 3642 2569 alius
3665 2513 3794 2568 Chri-

2243 2608 2452 2664 stianus
2492 2608 2575 2662 vir
2603 2616 2845 2663 sanctus.
2895 2606 3144 2662 Invenies
3166 2608 3381 2678 aliquos
3413 2608 3481 2663 de
3511 2605 3792 2662 Christianis

2241 2700 2366 2756 ideo
2396 2700 2525 2756 dare
2554 2700 2986 2770 eleemosynatn,
3012 2711 3066 2754 ut
3098 2700 3392 2756 laudentur
3437 2716 3469 2754 a
3516 2699 3728 2770 populis.
3747 2697 3791 2754 Si

2236 2797 2453 2867 quando
2478 2812 2579 2866 pau
2589 2811 2682 2866 per
2704 2804 2860 2866 rogat
2876 2795 3198 2861 buccellam,
3217 2796 3319 2850 huc
3339 2796 3577 2867 illucque
3592 2797 3790 2850 circum-

2237 2888 2562 2958 Spiciunt,et
2593 2889 2694 2943 nisi
2719 2895 2912 2942 testem
2935 2888 3196 2954 viderint,
3226 2889 3513 2958 pecuniam
3544 2903 3643 2943 non
3665 2889 3785 2943 dant.

2237 2985 2293 3040 Si
2321 2984 2470 3039 solus
2493 2983 2674 3048 fuerit,
2700 2998 2892 3038 manus
2909 2984 3186 3039 contrahit
3211 3003 3221 3036 :
3247 3000 3356 3038 non
3381 2984 3481 3040 dat.
3509 2983 3734 3039 libenter.
3753 2981 3788 3037 0

2236 3087 2311 3139 tu,
2336 3074 2666 3143 Christiane,
2696 3087 2851 3147 rogat
2875 3085 2928 3131 te
2960 3091 3165 3147 pauper
3191 3085 3248 3130 ut
3277 3077 3375 3132 des
3423 3077 3476 3132 ei
3509 3075 3784 3148 pecuniam:

526 3175 679 3232 Unde
703 3175 905 3232 dicitet
927 3175 1220 3246 Apostolus
1253 3193 1265 3228 :
1299 3173 1418 3229 Nox
1449 3173 1732 3244 praecessit
1760 3189 1772 3225 :
1803 3171 1918 3227 dies
1946 3179 2125 3227 autem
2155 3153 2201 3217 Ο
2232 3185 2534 3240 quarenon
2565 3170 2662 3226 das
2685 3169 2738 3224 in
2777 3171 3015 3236 occulto,
3048 3170 3144 3227 sed
3177 3169 3276 3225 das
3308 3171 3360 3224 in
3391 3169 3786 3240 publico?Site-

529 3271 990 3341 appropinquavit
1020 3268 1200 3339 (Rom.
1232 3266 1372 3338 xm).
1404 3268 1546 3338 Ergo
1574 3269 1676 3323 hoc
1705 3265 1985 3330 sarculum,
2020 3281 2126 3319 uox

523 3374 628 3420 est.
659 3361 934 3418 Saeculum
967 3376 1098 3416 vero
1151 3359 1413 3424 futurum,
1446 3358 1566 3414 dies
1595 3368 1696 3414 est.
1732 3357 1886 3414 Unde
1913 3357 2043 3413 dicit
2073 3365 2128 3412 et

522 3454 819 3526 Apostolus
848 3471 862 3508 ε
907 3453 1058 3508 Sicut
1087 3455 1140 3508 in
1168 3452 1278 3514 die,
1310 3452 1501 3522 inquit,
1537 3453 1763 3508 honeste
1785 3452 2125 3508 ambulemus

523 3547 718 3621 (Ibid.)
749 3547 1033 3615 Quomodo
1063 3545 1258 3601 victuri
1292 3560 1477 3601 sumus
1533 3546 1585 3600 itt
1639 3546 1750 3610 die,
1801 3545 1904 3600 hoc
1934 3555 2038 3611 est,
2070 3547 2122 3601 in

519 3641 703 3698 futuro
733 3640 933 3696 sarculo
964 3656 978 3692 :
1009 3639 1053 3694 si
1083 3655 1222 3694 nunc
1251 3639 1513 3693 vivamus.
1541 3636 1606 3691 In
1633 3638 1868 3692 noctibus
1896 3637 2126 3692 extollite

522 3751 707 3789 manus
736 3741 930 3787 vestras
958 3734 1012 3785 in
1033 3741 1231 3786 sancta.
1270 3731 1527 3794 Velitnus,
1553 3730 1807 3797 nolimus,
1850 3732 1905 3787 in
1949 3731 2116 3786 nocti-

519 3827 622 3883 bus
647 3841 858 3882 sumus.
885 3824 1154 3892 Quamdiu
1185 3825 1237 3879 in
1269 3823 1372 3879 ἱειο
1397 3824 1594 3880 sacculo
1615 3840 1824 3892 sumus,
1870 3826 1920 3880 in
1952 3827 2123 3881 nocti-

519 3919 622 3976 bus
651 3933 863 3974 sumus.
891 3917 1004 3972 Nox
1041 3917 1297 3974 tenebras
1328 3916 1510 3970 habet.
1543 3916 1742 3972 Noctes
1765 3928 1944 3973 autem
1993 3920 2122 3974 ista-

519 4029 639 4070 rum
661 4012 1032 4072 tenebrarum,
1060 4020 1276 4080 peccata
1300 4020 1426 4064 sunt
1449 4008 1755 4064 ltominum.
1777 4010 1968 4065 Videte
1991 4028 2120 4084 ergo

517 4104 645 4177 quid
660 4103 836 4159 dicat:
863 4101 931 4156 In
944 4101 1176 4156 noctibus
1189 4099 1420 4156 extollite
1437 4118 1616 4155 manus
1631 4112 1819 4156 uestras
1841 4103 1892 4156 in
1916 4114 2116 4158 sancta.

520 4199 680 4266 Dum,
706 4196 902 4266 inquit,
931 4193 1065 4250 estis
1089 4195 1142 4250 in
1162 4193 1268 4249 isto
1289 4195 1510 4260 saeculo,
1534 4204 1587 4250 et
1611 4194 1664 4248 in
1697 4196 1814 4251 istis
1844 4197 2114 4264 noctibus,

521 4291 701 4348 levate
743 4305 935 4348 manus
962 4298 1192 4344 vestras.
1235 4287 1416 4344 Nolite
1455 4289 1764 4357 demittere,
1792 4290 1885 4345 sed
1916 4291 2111 4346 levate.

518 4385 725 4442 Levate
748 4399 872 4440 cum
893 4383 1077 4454 Moyse
1101 4380 1301 4456 (Exod.
1330 4385 1485 4452 xm).
1511 4383 1568 4438 Si
1587 4383 1901 4438 levaveritis
1927 4401 2116 4440 manus

517 4488 758 4546 vestras,
789 4477 1027 4532 vincitur
1057 4475 1301 4531 Amalec.
1335 4475 1394 4530 Si
1427 4484 1606 4530 autem
1639 4475 1987 4543 demiseritis,
2020 4494 2112 4532 su-

2234 3276 2372 3320 stent
2399 3264 2568 3319 Deum
2595 3266 2796 3335 quieris
2831 3284 2843 3318 :
2881 3264 3146 3319 humanos
3175 3263 3365 3319 oculos
3394 3264 3527 3334 quid
3559 3261 3783 3335 requiris?

2231 3358 2591 3430 Eleentosyna
2613 3365 2701 3413 tua
2730 3357 2871 3430 apud
2902 3356 3187 3427 imperitos
3207 3355 3430 3412 videtur
3445 3372 3570 3413 esse
3589 3359 3783 3411 elecmo-

2228 3467 2362 3526 syna
2400 3472 2410 3506 :
2445 3463 2700 3510 cmternm
2752 3452 2894 3524 apud
2946 3453 3116 3508 Deum
3165 3452 3356 3522 injuria
3413 3463 3520 3508 est.
3568 3451 3781 3521 Iniuriam

2232 3550 2379 3605 enim
2401 3547 2536 3604 facis
2559 3547 2713 3603 fratri
2735 3547 2946 3602 tuo.Vis
2968 3547 3111 3602 enim
3129 3546 3450 3602 videntibus
3467 3545 3586 3600 aliis
3611 3542 3780 3599 mendi-

2228 3657 2351 3696 cum
2373 3639 2688 3697 nstendere.
2705 3639 2934 3708 Quando
2953 3655 3084 3712 ergo
3098 3639 3312 3705 damus,
3331 3655 3442 3695 non
3459 3640 3644 3694 demus
3659 3634 3778 3709 quasi

2225 3734 2296 3790 de
2321 3744 2531 3796 nostro,
2559 3733 2652 3788 sed
2680 3733 2748 3788 de
2776 3733 2923 3788 dono
2953 3732 3178 3788 Christi.
3235 3733 3348 3788 Non
3400 3733 3656 3790 debemus
3677 3729 3778 3785 dare

2226 3828 2381 3899 quasi
2406 3826 2678 3891 mendico,
2704 3826 2799 3882 sed
2824 3826 2976 3896 quasi
3003 3825 3178 3881 fratri.
3203 3826 3310 3882 Nos
3329 3825 3528 3882 damus
3548 3824 3776 3884 carnalia;

2231 3923 2320 3976 ille
2351 3921 2443 3976 dat
2465 3919 2768 3992 spiritualia
2803 3938 2814 3974 :
2850 3919 2970 3989 plus
2997 3917 3090 3975 dat
3119 3935 3346 3990 pauper,
3388 3935 3554 3991 quam
3597 3917 3774 3983 accipit.

2223 4016 2334 4071 Nos
2357 4015 2554 4070 damus
2589 4030 2808 4086 panem,
2844 4015 2936 4082 qui
2969 4014 3022 4068 itt
3055 4013 3171 4095 ipsa
3203 4013 3293 4069 die
3321 4014 3684 4074 consumitur;
3707 4009 3776 4064 ille

2221 4126 2320 4181 pro
2353 4125 2492 4181 pane
2541 4108 2735 4164 reddet
2788 4109 2948 4164 nobis
2997 4124 3159 4180 regna
3201 4109 3490 4165 calorum.
3524 4108 3658 4177 Ergo
3696 4103 3774 4157 hoc

2219 4202 2377 4271 dico,
2409 4214 2472 4263 ιιι
2515 4203 2657 4274 quod
2707 4201 2972 4270 facimus,
3029 4201 3296 4258 faciamus
3348 4202 3405 4257 in
3459 4203 3774 4257 sanctozaut

2217 4297 2360 4368 quod
2413 4295 2674 4363 facimus,
2727 4295 2930 4352 Christi
2989 4311 3151 4350 causa
3202 4295 3489 4352 faciamus.
3543 4295 3770 4351 Caeterum

2218 4390 2370 4446 multi
2416 4390 2650 4461 gentiles
2675 4390 2766 4460 qui
2793 4390 2997 4445 faciunt
3022 4390 3456 4460 eleemosynam,
3493 4388 3539 4444 si
3576 4386 3771 4442 viderint

2215 4483 2448 4554 aliquem
2474 4482 2758 4553 priccisam
2784 4497 3002 4537 manum
3029 4483 3231 4538 habere
3255 4501 3268 4537 :
3288 4483 3334 4537 si
3357 4481 3597 4538 viderint
3618 4479 3770 4549 pedem

518 4544 751 4644 berall";
775 4569 952 4626 JCSUS-
987 4569 1269 4639 Simulque
1300 4568 1547 4622 εοηδίάετ
1553 4578 1644 4623 318
1675 4569 2015 4640 mysterium.
2049 4569 2106 4628 Si
2135 4544 2188 4605 Ι)
2214 4544 2420 4636 habere
2445 4544 2768 4636 cancrosum
2815 4588 2870 4634 et
2910 4577 3211 4649 putridum,
3242 4577 3426 4634 statim
3457 4544 3660 4632 animus
3686 4571 3768 4626 illis

514 4681 619 4723 nos
644 4664 884 4719 levamus
909 4677 1122 4726 manus,
1141 4661 1312 4717 vincit
1333 4660 1512 4717 Jesus.
1528 4661 1584 4717 Si
1607 4663 1966 4720 levaverimus
1995 4679 2107 4718 ma-

520 4776 624 4818 nus
643 4769 857 4816 nostras
885 4757 941 4813 in
965 4755 1120 4812 bonis
1143 4755 1421 4826 operibus,
1438 4771 1534 4827 per
1560 4755 1700 4812 bona
1731 4754 1896 4826 operit
1921 4771 2104 4814 nostra

515 4857 769 4914 Christus
789 4863 1013 4926 superat
1043 4852 1340 4908 diabolum.
1374 4852 1566 4909 Manus
1601 4861 1781 4909 autem
1829 4853 2102 4926 interpre-

509 4964 694 5011 tantur
742 4953 796 5007 in
853 4948 1134 5020 operibus.
1193 4946 1351 5005 Unde
1404 4948 1668 5005 scribitur
1716 4968 1726 5002 :
1777 4948 1975 5007 Factus
2019 4961 2105 5006 est

510 5063 695 5108 sermo
721 5046 942 5104 Domini
975 5045 1026 5100 in
1052 5059 1216 5100 manu
1247 5045 1432 5115 Aggrei
1468 5064 1478 5097 :
1510 5045 1704 5100 Sermo
1735 5045 1910 5102 factus
1934 5057 2019 5102 est
2047 5046 2102 5102 in

511 5167 678 5209 manu
709 5149 963 5206 Jeremiaa
1001 5146 1304 5218 prophetae.
1333 5145 1532 5217 Utique
1563 5161 1746 5202 sermo
1777 5147 1873 5201 Dei
1907 5161 2013 5200 non
2047 5146 2105 5201 ﬁt

506 5245 562 5300 in
599 5258 767 5298 manu
788 5284 804 5309 ,
837 5241 933 5296 sed
967 5241 1020 5296 in
1051 5256 1145 5296 ore
1168 5240 1246 5294 ﬁt.
1278 5238 1385 5296 Sed
1417 5238 1600 5294 videte
1641 5239 1937 5310 Scriptura:
1977 5255 2098 5310 my-

506 5336 671 5392 steria
709 5335 895 5390 :Deus
937 5349 1046 5388 non
1095 5333 1242 5388 venit
1288 5331 1354 5386 ad
1401 5346 1715 5386 sermonem
1767 5333 1886 5387 sine
1930 5347 2097 5403 opere

506 5430 672 5486 bono.
705 5426 978 5483 Caeterum
1027 5436 1082 5481 et
1137 5424 1412 5481 homicida
1465 5424 1743 5480 Christum
1785 5425 2095 5493 conﬁtetur,

503 5533 559 5582 et
589 5540 698 5580 non
723 5523 877 5578 venit
906 5523 974 5576 ad
1009 5519 1159 5575 illum
1191 5520 1456 5576 Dominus
1487 5539 1497 5572 :
1531 5520 1655 5590 quia
1700 5535 1894 5575 manus
1929 5521 2098 5590 ipsius

506 5618 718 5674 Domini
756 5617 1050 5672 adventum
1081 5629 1193 5669 non
1217 5621 1518 5670 merentur.
1551 5613 1706 5670 Unde
1732 5617 1995 5686 scriptum
2016 5627 2097 5672 est

503 5713 557 5767 in
591 5711 700 5764 alio
730 5710 851 5764 loco
880 5726 889 5758 :
923 5707 979 5762 lu
1026 5722 1192 5762 manu
1225 5705 1454 5777 linguae,
1487 5721 1636 5762 mors
1671 5715 1727 5763 et
1763 5708 1868 5762 vita
1912 5706 2092 5778 (Prov.

504 5803 688 5874 xvm).
721 5803 862 5873 Ergo
896 5802 1080 5872 lingua
1119 5814 1314 5857 manus
1360 5799 1558 5857 habet?
1593 5801 1790 5868 Dicite,
1823 5816 1991 5872 quare
2011 5801 2092 5857 di-

2213 4674 2384 4729 dolet.
2402 4673 2652 4729 Vincitur
2674 4675 2909 4727 lmmana
2933 4672 3114 4727 anima
3139 4672 3371 4726 naturali
3394 4666 3765 4726 misericordia.

2214 4768 2281 4823 Et
2320 4767 2448 4838 quid
2503 4766 2667 4822 dicit?
2699 4766 2840 4822 Ecce
2880 4781 2981 4836 ego
3009 4765 3054 4820 si
3089 4765 3211 4819 talis
3239 4779 3442 4832 essent,
3477 4763 3607 4834 quid
3630 4760 3766 4817 miser

2213 4861 2488 4920 facerem?
2515 4860 2581 4916 Et
2613 4861 2729 4916 ﬁeri
2768 4868 2948 4931 potest
2978 4870 3032 4914 ut
3061 4860 3187 4915 talis
3220 4861 3322 4915 sim
3343 4901 3358 4922 .
3391 4861 3519 4929 quis
3551 4857 3669 4913 mihi
3691 4854 3765 4908 da-

2215 4957 2331 5012 bit?
2365 4957 2432 5011 Et
2463 4971 2565 5028 ego
2605 4955 2777 5012 debeo
2809 4971 2941 5026 ergo
2967 4954 3091 5010 huic
3121 4954 3299 5010 dare:
3337 4964 3396 5008 ut
3442 4964 3501 5010 et
3547 4952 3667 5008 mihi
3693 4947 3764 5002 det

2208 5050 2434 5122 aliquis,
2479 5051 2523 5104 si
2558 5049 2682 5104 talis
2709 5050 2879 5105 fuero.
2915 5049 3020 5106 Iste
3047 5049 3268 5119 quidem
3315 5048 3410 5104 dat
3450 5049 3664 5118 pauperi
3691 5058 3763 5114 pa-

2208 5161 2366 5211 nem;
2400 5144 2495 5200 sed
2524 5145 2577 5200 in
2611 5160 2853 5216 paupere
2892 5145 2976 5199 ειιί
3009 5145 3324 5209 miseretur,
3361 5160 3469 5199 non
3502 5142 3661 5198 illius.
3679 5139 3762 5194 Ista

2205 5237 2607 5308 misericordia,
2644 5253 2751 5292 non
2785 5237 2985 5295 Christi
3016 5237 3428 5300 misericordia;
3461 5236 3556 5293 sed
3579 5234 3658 5291 sui
3683 5231 3762 5286 nti-

2207 5331 2510 5392 sericordia
2558 5345 2665 5389 est.
2712 5334 2887 5390 Omne
2945 5348 3078 5405 ergo
3130 5333 3274 5403 quod
3323 5331 3572 5396 facimus,
3595 5323 3760 5381 Christi

2205 5444 2366 5486 causa
2391 5427 2686 5495 faciamus,
2721 5427 2982 5482 faciamus
3013 5427 3066 5482 in
3097 5434 3307 5481 sancto.
3337 5424 3469 5482 Sive
3500 5420 3758 5477 manduca-

2209 5541 2351 5592 mus,
2383 5524 2499 5579 sive
2531 5522 2792 5586 bibimus,
2827 5522 3005 5575 omnia
3038 5521 3089 5574 in
3124 5518 3344 5574 nomine
3371 5515 3578 5572 Christi
3624 5510 3757 5568 facia-

2206 5634 2326 5674 mus
2357 5617 2401 5687 (l
2428 5615 2549 5670 Cor.
2580 5615 2662 5685 ι).
2685 5614 2998 5685 Scripturas
3032 5613 3284 5685 legimus.
3317 5609 3566 5668 Psalmos
3593 5604 3759 5665 edisci-

2205 5725 2351 5776 mus,
2385 5709 2678 5780 Evangelia
2726 5717 3006 5775 tenemus,
3057 5708 3349 5780 prophetas
3389 5705 3754 5763 edisserimus:

2205 5818 2319 5861 non
2350 5801 2618 5859 debemus
2646 5801 2750 5858 hoc
2779 5801 2852 5857 ita
2881 5802 3060 5859 facere
3088 5811 3144 5858 ut
3169 5801 3464 5873 gloriemur
3504 5796 3638 5869 apud
3671 5795 3756 5848 ira-

3911 3761 3919 3919 τ
