4008 6336
222 310 358 369 1225

1095 301 1526 362 BREVIARlUM
1565 301 1631 358 IN
1671 295 2009 361 PSALMOS.
2050 297 2293 357 PSALM.
2337 298 2623 357 CXXXIII.

3378 298 3519 357 1226

221 438 330 485 tres
353 468 366 492 ,
401 424 498 483 sed
531 431 589 480 ut
619 421 840 480 Christo
871 422 1185 495 placeamus
1221 442 1236 481 :
1270 435 1327 480 ut
1353 439 1535 482 sermo
1564 424 1735 496 ipsius
1755 424 1810 480 in
1837 425 1887 487 Α
1917 439 2074 495 quam
2105 422 2333 494 grandis
2356 421 2426 478 sit
2459 440 2472 476 :
2499 421 2777 478 Christum
2802 420 2971 491 capit,
2994 434 3156 491 quem
3182 419 3381 476 coelum
3409 437 3520 478 non

220 537 310 579 ore
335 532 530 576 nostro
554 527 802 576 resonet.
830 517 1022 575 Solent
1068 529 1125 574 et
1170 519 1306 583 viri,
1341 518 1520 574 solent
1541 527 1594 573 et
1622 533 1812 573 mona-

218 615 327 683 chi,
361 615 547 671 solent
579 621 634 670 et
656 612 997 669 mulierculae
1029 611 1134 667 hoc
1162 612 1307 667 inter
1328 625 1387 667 se
1405 612 1610 666 habere
1640 619 1814 666 certa-

219 725 339 767 men
371 727 381 761 :
414 717 476 763 ut
505 708 693 780 plures
724 706 974 763 ediscant
1000 705 1328 776 Scripturas;
1367 712 1422 760 et
1449 705 1501 760 in
1534 719 1600 760 eo
1628 719 1686 759 se
1717 720 1816 773 pu-

221 812 329 858 tant
358 815 485 858 esse
513 800 792 865 meliores,
835 799 882 855 si
931 799 1118 870 plures
1165 797 1513 854 edidicerint.
1551 796 1648 852 Ille
1694 784 1814 867 plus

224 893 470 961 edidicit,
493 893 585 964 qui
617 892 738 964 plus
766 891 912 948 facit.
937 888 1213 947 Caeterum
1246 889 1294 946 si
1327 889 1470 961 quod
1503 897 1559 944 tu
1589 889 1812 956 ediscis,

220 1003 318 1060 ego
342 987 484 1043 facio
511 1004 524 1040 :
549 987 721 1058 magis
744 1001 864 1042 mea
886 999 1060 1056 Opera
1087 983 1402 1055 Scripturas
1425 992 1813 1054 lenent,quam

225 1091 345 1138 tuus
373 1094 557 1136 sermo
596 1080 688 1150 qui
728 1094 868 1136 vane
898 1085 1143 1134 resonat.
1185 1075 1252 1132 In
1307 1075 1541 1131 noctibus
1585 1074 1818 1130 extollite

222 1189 403 1228 manus
429 1181 622 1228 vestras
643 1174 697 1226 in
729 1183 928 1227 sancta.
978 1171 1180 1228 Levate
1217 1186 1412 1226 manus
1465 1171 1520 1225 in
1550 1184 1769 1225 crucem
1798 1185 1808 1220 :

224 1266 399 1323 levate
429 1264 712 1322 vexillum.
744 1263 809 1319 In
840 1265 1075 1320 noctibus
1109 1265 1272 1320 levate.
1304 1280 1484 1318 manus
1528 1273 1720 1317 vestras
1761 1262 1817 1315 in

221 1367 420 1413 sancta.
448 1357 660 1412 Etcum
689 1357 1000 1412 levareritis
1025 1356 1081 1410 in
1103 1364 1312 1424 sancta,
1346 1362 1402 1410 et
1427 1353 1666 1410 feceritis
1693 1367 1816 1424 quae

225 1458 408 1507 sancta
440 1457 588 1520 sunt,
617 1449 770 1520 quasi
813 1449 1266 1504 medicamentum
1295 1447 1564 1501 bonorum
1589 1459 1815 1516 operum

225 1554 537 1600 vestrorum
553 1541 804 1598 Christus
823 1542 910 1596 sit.
931 1540 997 1595 Et
1023 1540 1308 1596 benedicite
1330 1537 1579 1594 Domino.
1596 1537 1752 1594 Unde
1764 1545 1821 1594 et

224 1635 516 1708 Apostolus
531 1635 662 1691 dicit
677 1654 692 1691 ;
707 1633 766 1690 In
782 1633 934 1689 omni
950 1633 1071 1690 loco
1088 1633 1334 1688 levantes
1350 1648 1541 1688 manus
1557 1632 1821 1686 immacu-

225 1731 364 1786 latas
393 1728 438 1805 (l
463 1728 605 1784 Tim.
638 1728 700 1802 ιι)
725 1745 739 1783 :
763 1737 808 1783 et
837 1727 1123 1783 benedicite
1152 1726 1395 1782 Domino.
1429 1725 1820 1795 Quodcumque

1919 521 2085 592 capit.
2121 518 2261 574 Vide
2291 518 2421 589 quid
2462 516 2610 573 dicat
2650 535 2661 571 :
2696 514 3041 582 Inhabitabo,
3091 514 3266 586 inquit
3299 514 3518 587 (Ibid.).

1919 614 2027 671 Sed
2061 613 2179 670 fieri
2208 621 2424 684 potest,
2449 620 2508 667 ut
2551 610 2753 681 aliquis
2786 619 3016 682 anguste
3040 607 3330 666 inhabitet.
3359 607 3518 664 Inha-

1918 708 2100 764 bitabo
2131 716 2187 764 et
2228 707 2520 764 ambulabo
2557 705 2611 761 in
2644 706 2746 762 eis.
2778 703 3124 776 Ubicumque
3162 704 3512 772 deambulat,

1919 801 2106 871 utique
2135 801 2240 857 lata
2266 800 2461 856 domus
2490 809 2591 856 est.
2611 798 2709 856 Ubi
2732 797 3077 854 deambulat?
3104 797 3209 855 Vos
3223 799 3357 855 estis
3377 839 3393 865 ,
3431 797 3520 852 in-

1919 896 2057 967 quit,
2092 895 2354 967 templum
2396 894 2527 962 Dei,
2561 902 2616 950 et
2641 892 2880 963 Spiritus
2927 900 3147 948 sanctus
3197 891 3406 947 habitat
3455 889 3514 946 iu

1919 986 2098 1042 vobis.
2132 987 2510 1058 Prteparemus
2542 985 2808 1056 templum
2854 993 3137 1053 nostrum,
3172 993 3231 1039 ut
3263 982 3520 1038 Christus

1921 1081 2104 1136 veniat
2130 1090 2186 1136 et
2212 1079 2421 1136 habitet
2442 1079 2496 1134 in
2526 1079 2688 1135 nobis
2717 1097 2731 1134 ε
2757 1085 2816 1134 ut
2845 1077 3027 1134 anima
3052 1088 3240 1134 nostra
3265 1077 3394 1134 Sion
3429 1077 3523 1142 sit,

1919 1175 1993 1230 sit
2021 1174 2266 1244 specula,
2293 1182 2350 1228 ut
2372 1172 2442 1228 sit
2480 1173 2535 1227 in
2569 1170 2979 1228 summitatibus
3005 1171 3304 1226 constituta
3330 1187 3341 1223 :
3369 1178 3426 1225 ut
3454 1169 3529 1224 sit

1920 1281 2161 1334 sursum,
2211 1281 2318 1322 non
2373 1266 2650 1322 deorsum.
2705 1263 2961 1335 Legimus
3000 1265 3054 1319 in
3099 1263 3363 1319 Zacharia
3397 1278 3526 1332 pro-

1921 1361 2083 1432 pheta
2113 1375 2127 1414 :
2154 1359 2219 1414 Et
2241 1359 2491 1430 angelus,
2523 1358 2721 1430 inquit,
2753 1357 2847 1428 qui
2872 1356 3202 1428 loquebatur
3223 1359 3275 1412 in
3301 1372 3415 1426 me,
3437 1355 3525 1411 di-

1925 1451 2004 1506 xit
2025 1450 2093 1506 ad
2126 1467 2213 1506 me
2245 1449 2434 1521 (Zach.
2465 1448 2528 1522 1).
2583 1450 2640 1504 Si
2688 1449 2918 1519 angelus
2951 1448 3280 1518 loquebatur
3311 1449 3364 1504 in
3398 1465 3525 1518 pro-

1923 1544 2119 1615 pheta,
2178 1552 2384 1615 quanto
2439 1542 2611 1614 magis
2665 1541 2874 1597 habitat
2922 1540 2977 1595 in
3033 1540 3221 1595 nobis!
3258 1539 3383 1612 Ipse
3421 1556 3526 1596 nos

1923 1638 2092 1695 habet
2113 1646 2168 1694 et
2197 1639 2412 1705 domos,
2443 1645 2499 1692 et
2525 1633 2988 1692 coulabulatores.
3021 1631 3305 1688 Benedicat
3335 1643 3382 1688 te
3408 1632 3526 1687 Do-

1926 1733 2095 1786 minus
2125 1747 2190 1787 ex
2226 1730 2379 1796 Sion,
2409 1729 2498 1800 qui
2527 1729 2646 1798 fecit
2676 1725 2860 1782 cwlum
2887 1735 2933 1780 et
2963 1736 3172 1780 (errant.
3212 1725 3270 1782 Si
3300 1735 3526 1783 sanctus

224 1822 422 1890 facitis,
463 1821 666 1879 referte
716 1821 786 1877 ad
828 1821 1139 1876 Dominum.
1173 1821 1366 1876 Manus
1412 1821 1670 1876 leventur
1702 1837 1716 1874 :
1759 1834 1820 1874 os
1852 1833 1897 1892 Β
1926 1843 2009 1894 es,
2038 1825 2164 1882 audi
2194 1823 2337 1896 quod
2369 1822 2525 1891 dicit,
2557 1823 2644 1893 qui
2675 1821 2797 1893 fecit
2833 1819 3038 1874 caelum.
3071 1819 3127 1875 Si
3155 1829 3413 1890 peccator
3443 1835 3528 1888 es,

224 1913 503 1972 Christum
537 1923 781 1970 resonet.
809 1913 877 1968 Et
899 1913 953 1968 in
984 1913 1238 1968 noctibus
1268 1911 1447 1968 levate
1479 1927 1673 1968 manus
1695 1926 1822 1966 ves-

227 2017 359 2065 tras.
398 2009 472 2062 Da
511 2007 843 2079 pauperibus
880 2007 1321 2079 eleemosynam,
1357 2016 1412 2063 et
1450 2006 1683 2062 benedic
1713 2005 1822 2061 Do-

226 2102 378 2158 mino
411 2119 425 2156 :
459 2101 666 2173 gratias
694 2117 794 2173 age
818 2100 1074 2168 Domino,
1114 2102 1242 2171 quia
1272 2099 1373 2156 tibi
1403 2100 1642 2166 dederit,
1677 2099 1821 2156 unde

225 2195 325 2252 des
355 2196 534 2251 fratri.
562 2195 732 2268 Magis
767 2205 823 2251 tu
852 2196 997 2268 agito
1016 2195 1218 2267 gratias
1244 2195 1463 2251 Christo
1485 2195 1702 2266 quando
1731 2195 1828 2251 de-

227 2289 398 2356 deris,
431 2303 594 2359 quam
622 2286 793 2344 frater
818 2290 912 2360 qui
943 2303 972 2342 a
1004 2297 1056 2344 te
1080 2287 1379 2359 acceperit,
1423 2289 1517 2345 tibi
1549 2297 1674 2359 agat
1697 2303 1824 2359 gra-

226 2383 351 2438 tias.
403 2381 627 2438 Grande
673 2381 838 2438 nobis
871 2381 1200 2439 beneficium
1245 2393 1510 2453 praestant
1536 2397 1824 2454 pauperes.

223 2477 479 2546 Peccata,
504 2493 624 2548 qua:
633 2477 745 2548 jam
771 2478 928 2534 aliter
952 2478 1134 2534 lavare
1148 2493 1254 2534 non
1283 2492 1593 2549 possumus,
1620 2477 1826 2534 exstin-

225 2573 342 2645 guit
371 2573 741 2644 eleemosyna.
775 2571 914 2638 Quid
957 2573 1218 2642 scriptum
1251 2572 1369 2628 est?
1405 2572 1544 2627 sicut
1573 2585 1710 2641 aqua
1736 2585 1830 2626 ex-

229 2665 462 2738 stinguit
511 2665 688 2737 ignem
722 2682 735 2719 :
768 2664 848 2720 sic
889 2665 1235 2737 eleemosyna
1281 2664 1577 2736 exstinguit
1609 2672 1828 2735 peccata

227 2758 419 2832 (Eccli.
454 2758 559 2830 ιιι).
611 2758 726 2815 Hoc
771 2768 994 2828 praestat
1038 2758 1420 2830 eleemosyna,
1457 2757 1601 2830 quod
1633 2765 1688 2813 et
1724 2757 1828 2812 ba-

228 2853 452 2926 ptisma.
494 2851 784 2920 Quomodo
812 2852 1082 2923 baptisma
1114 2852 1273 2907 nobis
1301 2858 1520 2923 peccata
1552 2849 1778 2906 dimittit
1812 2867 1825 2904 :

228 2947 306 3004 ita
337 2953 393 3001 et
421 2947 773 3018 electuosyna
805 2946 961 3001 nobis
990 2956 1208 3017 peccata
1233 2946 1478 3003 dimittit.
1505 2945 1661 3002 Sicut
1690 2958 1828 3016 aqua

228 3041 532 3111 exstinguit
573 3040 751 3111 ignem
777 3080 794 3106 ,
839 3039 917 3096 sic
957 3039 1303 3111 eleemosyna
1347 3037 1649 3110 exstinguit
1698 3052 1829 3107 pec.

226 3143 372 3190 cata.
407 3132 650 3189 l‘eccatis
676 3133 824 3189 enim
855 3132 1126 3204 gehennae
1165 3132 1321 3204 ignes
1363 3132 1654 3204 praeparati
1681 3139 1826 3187 sunt.

230 3227 342 3282 llos
369 3233 550 3280 autem
577 3225 873 3296 exstinguit
897 3225 1272 3297 eleemosyna.

303 3318 589 3375 Benedicat
620 3328 668 3374 te
695 3318 951 3374 Dominus
981 3335 1047 3374 ea:
1081 3318 1214 3376 Sion
1245 3334 1262 3372 :
1293 3320 1379 3392 qui
1411 3319 1531 3392 fecit
1557 3319 1739 3375 cwlum
1779 3327 1829 3373 et

231 3421 446 3469 terram.
478 3412 560 3468 Tu
590 3412 872 3469 benedicis
906 3412 1234 3481 Dominum,
1275 3424 1331 3469 et
1362 3414 1624 3470 Dominus
1656 3419 1710 3468 te
1737 3413 1831 3469 be-

231 3508 465 3564 nedicit.
498 3505 584 3562 Ex
610 3507 773 3576 Sion,
804 3507 874 3564 de
915 3509 1161 3579 specula,
1189 3508 1258 3565 de
1287 3509 1562 3577 Ecclesia,
1587 3509 1655 3565 de
1684 3509 1830 3564 veris

231 3600 586 3672 dogmatibus
609 3643 622 3668 ,
675 3599 744 3656 de
788 3598 896 3655 ﬁde
928 3600 1034 3671 pia.
1063 3600 1340 3656 Benedicat
1385 3611 1432 3656 te
1463 3599 1717 3655 Dominus
1767 3617 1830 3655 ea:

231 3696 390 3757 Sion.
436 3694 606 3751 Istum
646 3695 980 3752 versiculum
1021 3695 1255 3766 Spiritus
1299 3704 1522 3752 sanctus
1564 3695 1829 3766 loquitur,

233 3789 352 3846 sive
374 3797 524 3845 certe
560 3791 828 3861 propheta
862 3789 918 3844 in
959 3789 1156 3860 spiritu
1185 3789 1454 3859 loquitur.
1488 3790 1553 3843 Et
1581 3787 1710 3858 quid
1742 3786 1828 3841 di-

231 3883 344 3940 cit?
394 3882 439 3939 Ο
489 3894 547 3939 ιιι
593 3884 686 3956 qui
738 3899 836 3954 per
873 3881 1188 3955 quindecim
1235 3883 1438 3954 gradus
1483 3882 1549 3938 ad
1581 3881 1829 3936 ultimum

233 3978 628 4047 conscendisti,
660 3978 754 4050 qui
784 3976 957 4034 fecisti
985 3977 1123 4041 tunc,
1153 3987 1207 4033 et
1237 3976 1356 4032 haec
1385 3994 1398 4030 :
1427 3975 1519 4047 qui
1551 3974 1831 4032 benedicis

233 4072 528 4128 Dominum
562 4088 574 4124 :
599 4071 690 4142 qui
712 4069 769 4126 in
792 4071 1044 4127 noctibus
1069 4070 1288 4127 extollis
1313 4085 1504 4125 manus
1534 4078 1673 4134 tuas,
1695 4076 1829 4137 etc.,

232 4173 292 4221 et
311 4162 597 4221 benedicis
623 4161 883 4233 Domino,
912 4163 1100 4233 recipe
1124 4173 1180 4218 et
1211 4173 1268 4217 tu
1299 4160 1635 4218 mercedem.
1661 4159 1832 4215 Bene-

234 4259 379 4314 dicat
412 4268 459 4312 te
489 4257 746 4314 Dominus
774 4273 840 4313 ex
887 4258 1038 4313 Sion.
1072 4257 1228 4325 Quod
1259 4255 1484 4322 dedisti,
1515 4256 1720 4326 recipe.
1751 4254 1831 4310 Tu

237 4353 442 4410 dedisti
481 4353 890 4425 eleemosyuam
930 4369 945 4409 :
993 4360 1050 4408 tu
1096 4353 1271 4408 fecisti
1322 4353 1586 4420 virtutes,
1632 4367 1663 4406 a
1719 4351 1832 4408 Deo

233 4450 519 4522 praemium
538 4458 595 4504 et
618 4446 1055 4504 benedictionem
1085 4449 1455 4519 consequeris.
1475 4445 1756 4501 Benedicat
1784 4453 1834 4500 te

237 4541 496 4596 Dominus
528 4557 592 4596 ex
625 4540 775 4596 Sion.
809 4539 945 4596 Sion
970 4539 1038 4596 de
1067 4540 1278 4596 caelesti
1307 4539 1615 4596 Jerusalem
1644 4539 1696 4594 in
1718 4553 1833 4595 ma-

1928 1921 2016 1992 qui
2043 1919 2164 1989 fecit
2184 1927 2398 1972 terram.
2432 1915 2502 1971 Et
2532 1915 2732 1971 coelum
2765 1912 2894 1969 fecit
2930 1919 2984 1968 et
3028 1918 3251 1969 terram.
3300 1912 3530 1969 Interim

1929 2014 2177 2069 dicamus
2203 2010 2506 2067 secundum
2537 2009 2799 2065 litteram.
2831 2006 2944 2061 l‘loc
2968 2003 3102 2060 dicit
3131 2005 3196 2060 ad
3223 2005 3535 2062 distinctio-

1931 2121 2054 2163 nem
2085 2105 2387 2162 idolorum.
2426 2104 2532 2172 Dii,
2565 2103 2760 2173 inquit,
2788 2104 2878 2172 qui
2910 2119 3017 2160 non
3050 2103 3301 2159 fecerunt
3329 2100 3530 2156 coelum

1929 2209 1986 2256 et
2015 2210 2239 2264 terram,
2268 2205 2494 2268 pereant
2519 2195 2588 2251 de
2617 2206 2784 2252 terra.
2818 2195 3080 2251 Dominus
3111 2202 3297 2250 autem
3351 2194 3529 2251 caelos

1930 2294 2075 2350 fecit.
2103 2293 2186 2349 Ad
2210 2292 2623 2349 distinctionem
2653 2291 2757 2346 hoc
2782 2290 2913 2346 dicit
2943 2289 3235 2346 idolorum.
3288 2289 3405 2346 lloc
3437 2289 3528 2344 in-

1933 2389 2092 2446 terim
2125 2389 2426 2446 secundum
2457 2388 2718 2443 litteram.
2750 2384 3024 2442 Casterum
3047 2431 3060 2456 ,
3096 2383 3401 2441 secundum
3447 2384 3533 2438 in-

1933 2483 2293 2554 telligentiam
2313 2480 2682 2553 spiritualem,
2700 2479 2979 2550 quomodo
3003 2478 3199 2535 dicitur
3221 2476 3530 2549 peccatori:

1935 2587 2078 2633 terra
2109 2592 2192 2644 es,
2216 2586 2270 2633 et
2300 2576 2355 2630 in
2381 2583 2584 2630 terram
2610 2573 2714 2629 ibis
2743 2591 2757 2628 :
2781 2573 2862 2628 sic
2884 2581 2940 2629 et
2961 2581 3154 2628 saneto
3179 2571 3398 2638 dicitur,
3425 2585 3539 2627 cte-

1933 2669 2045 2725 lum
2076 2685 2161 2739 es,
2185 2680 2234 2725 et
2268 2667 2324 2723 in
2352 2667 2556 2724 coelqu
2591 2665 2718 2720 ibis.
2747 2664 2862 2721 Hoc
2894 2675 3066 2721 totum
3090 2679 3259 2736 quare
3287 2663 3438 2719 dixi?
3466 2661 3537 2720 Ut

1933 2772 2154 2820 sanctos
2209 2761 2410 2819 crelum
2463 2762 2778 2832 probarem.
2826 2761 2962 2816 Coeli
3009 2769 3270 2826 enarrant
3301 2759 3530 2829 gloriam

1933 2855 2052 2923 Dei,
2085 2863 2142 2912 et
2165 2870 2332 2927 opera
2367 2869 2625 2911 manuum
2653 2853 2776 2924 ejus
2800 2851 3086 2909 annuntiat
3129 2854 3531 2908 firmamentum

1933 2949 2108 3024 (Psal.
2161 2947 2336 3022 xvttt).
2397 2951 2463 3005 Et
2512 2966 2666 3020 aquae
2692 2965 2816 3020 qua}
2843 2964 3010 3019 super
3039 2948 3207 3005 caelos
3231 2956 3392 3014 sunt,
3418 2949 3534 3004 lau-

1932 3041 2071 3098 dent
2100 3057 2304 3101 nomen
2335 3042 2551 3099 Domini
2585 3041 2757 3113 (Psal.
2799 3040 3046 3114 chvut).
3080 3042 3218 3098 Caeli
3264 3042 3532 3098 ctelorum

1935 3137 2168 3194 Domino
2201 3155 2214 3192 :
2245 3137 2338 3208 qui
2376 3135 2510 3192 fecit
2553 3136 2750 3191 coelum
2803 3144 2860 3191 et
2909 3145 3111 3191 terram
3157 3131 3534 3207 (Psal.cxm).

1857 3238 1902 3303 ρ
1935 3228 2088 3286 Licet
2116 3229 2319 3285 terreni
2349 3229 2543 3297 simus,
2576 3229 2706 3285 licet
2731 3228 3078 3285 ambulemus
3123 3229 3178 3284 in
3232 3236 3378 3284 terra
3407 3272 3421 3296 ,
3451 3237 3535 3282 ta-

1933 3341 2059 3381 men
2087 3325 2434 3382 conversatio
2481 3333 2669 3379 nostra
2715 3324 2770 3378 in
2826 3324 2982 3380 caelis
3009 3331 3114 3380 est.
3146 3322 3226 3378 lbi
3270 3323 3536 3381 habemus

1933 3417 2391 3488 municipationes
2422 3425 2664 3473 nostras.
2703 3415 2809 3482 Qui
2851 3417 2970 3487 fecit
3022 3416 3206 3472 caelum
3235 3425 3284 3471 et
3316 3424 3529 3472 terram.

1932 3513 2086 3570 Licet
2110 3522 2367 3584 peccator
2388 3528 2470 3580 es,
2498 3512 2613 3567 noli
2647 3511 2946 3582 desperare
2991 3529 3004 3566 :
3050 3512 3318 3569 Dominus
3356 3514 3536 3569 omnia

1934 3617 2132 3677 potest.
2167 3606 2324 3662 Multi
2353 3606 2424 3662 de
2455 3617 2620 3674 terra,
2648 3604 2773 3660 ρωιί
2805 3605 2974 3672 fiunt;
3003 3614 3059 3662 et
3084 3607 3240 3661 multi
3269 3606 3340 3664 de
3367 3607 3532 3674 coelo,

1933 3706 2104 3754 terra.
2137 3697 2329 3754 Infelix
2360 3699 2530 3754 Judas
2557 3697 2757 3753 caelum
2792 3697 2919 3764 fuit,
2960 3707 3015 3754 et
3046 3698 3219 3755 factus
3250 3709 3336 3755 est
3366 3709 3530 3756 terra.

1934 3791 2134 3847 Paulus
2155 3790 2440 3862 apostolus
2467 3805 2535 3846 eo
2563 3799 2809 3860 tempore
2838 3804 2945 3857 quo
2977 3791 3405 3862 persequebatur
3428 3792 3534 3849 Ec-

1933 3883 2154 3940 clesiam
2171 3883 2308 3955 (Act.
2331 3883 2446 3954 vn),
2472 3891 2620 3940 terra
2638 3889 2778 3938 erat.
2802 3881 3096 3938 Confessus
3123 3891 3227 3949 est,
3251 3891 3307 3938 et
3332 3884 3532 3942 caelum

1934 3979 2111 4035 factus
2135 3987 2240 4036 est.
2271 3978 2384 4036 Nec
2407 3978 2501 4050 qui
2531 3979 2727 4034 coelum
2759 3985 2844 4032 est
2865 4021 2879 4047 ,
2902 3975 3065 4032 debet
3090 3991 3214 4032 esse
3253 3991 3482 4034 securus
3514 3997 3528 4032 :

1933 4087 2037 4129 nec
2068 4073 2160 4144 qui
2194 4081 2341 4130 terra
2369 4079 2476 4137 est,
2502 4070 2668 4126 debet
2686 4068 2985 4140 desperare
3009 4068 3079 4124 de
3113 4069 3245 4125 vita.
3269 4068 3438 4125 Jacob
3463 4084 3530 4125 eo

1935 4177 2184 4240 tempore
2205 4168 2424 4242 quando
2452 4166 2692 4236 fugiebat
2722 4166 2776 4222 in
2805 4164 3252 4235 Mesopotamiam
3300 4163 3528 4221 fratrem

1934 4276 2116 4332 suum,
2147 4262 2294 4318 venit
2323 4260 2390 4316 ad
2420 4260 2621 4316 Luzam
2658 4277 2671 4314 :
2703 4267 2760 4315 et
2790 4259 2898 4326 ibi,
2926 4258 3130 4330 inquit,
3162 4259 3340 4329 posuit
3384 4258 3526 4328 lapi-

1934 4353 2060 4411 dem
2087 4353 2155 4409 ad
2179 4363 2336 4425 caput
2365 4351 2521 4427 (Gen.
2551 4351 2748 4423 xxxv).
2781 4350 2895 4409 Sub
2933 4351 3114 4421 capite
3158 4349 3334 4422 ipsius
3365 4351 3525 4422 lapis,

1934 4457 2052 4503 erat
2078 4446 2349 4504 Christus.
2382 4446 2689 4518 Numquam
2727 4445 2831 4502 sibi
2857 4443 3039 4518 posuit
3061 4445 3296 4515 lapidem
3338 4445 3406 4501 ad
3429 4460 3522 4501 ca-

1935 4552 2067 4615 put;
2097 4543 2203 4598 nisi
2233 4558 2298 4599 eo
2329 4551 2610 4614 tempore,
2652 4541 2872 4614 quando
2912 4549 3324 4612 persecutorem
3366 4541 3524 4613 fugit.

237 4643 324 4690 tre
357 4633 780 4705 primitivorum,
835 4633 923 4689 ubi
967 4643 1095 4688 Sunt
1124 4631 1304 4688 futura
1336 4633 1558 4703 gaudia,
1587 4631 1678 4688 ubi
1703 4638 1832 4686 sunt
1858 4638 1912 4699 1)
1936 4639 2202 4708 Quamdiu
2228 4647 2347 4696 erat
2369 4639 2421 4693 in
2445 4637 2610 4693 domo
2632 4637 2802 4707 patris
2833 4636 2941 4702 sui,
2965 4644 3023 4692 ει
3050 4636 3283 4693 habebat
3305 4638 3528 4708 refrige.

233 4726 598 4798 archangeli,
632 4725 722 4781 ubi
753 4726 981 4781 virtutes
1002 4737 1220 4782 caetera:
1243 4770 1256 4794 ,
1290 4724 1382 4780 ubi
1429 4723 1698 4796 apostoli,
1743 4723 1833 4779 ubi

1937 4733 2016 4788 ria
2047 4732 2248 4798 carnis,
2292 4731 2526 4802 lapidem
2569 4744 2677 4786 non
2703 4729 2939 4786 habebat
2967 4729 3034 4784 ad
3067 4739 3249 4801 caput.
3281 4729 3530 4784 Recessit

234 4821 542 4891 propheta),
569 4817 661 4873 ubi
689 4820 858 4875 sancti
881 4819 1170 4890 Martyres,
1201 4818 1292 4874 ubi
1325 4828 1630 4888 sequuntur
1654 4817 1836 4888 Ange—
1937 4825 2006 4880 de
2031 4823 2197 4880 domo
2228 4823 2429 4891 nudus,
2455 4823 2686 4878 recessit
2733 4823 2788 4878 in
2817 4823 2994 4894 virga,
3025 4832 3083 4880 et
3113 4824 3293 4878 statim
3328 4822 3381 4876 in
3411 4823 3526 4892 ipsa

235 4912 420 4968 lorum
443 4911 820 4968 multitudines
842 4923 900 4969 et
923 4913 1268 4980 Sanctorum,
1290 4927 1635 4983 quocumque
1653 4914 1836 4982 Agnus
1938 4925 2102 4974 nocte
2132 4916 2339 4972 invenit
2358 4915 2616 4986 lapidem,
2639 4924 2694 4972 et
2720 4916 2903 4988 posuit
2933 4916 3002 4971 ad
3027 4924 3191 4987 caput
3217 4931 3391 4970 suum.
3423 4915 3527 4984 Qui

233 5005 393 5061 vadit
416 5004 601 5077 (Apoc.
630 5003 770 5077 xxi).
796 5005 1041 5078 Denique
1066 5006 1196 5062 vidit
1223 5014 1280 5062 et
1295 5005 1536 5062 Joannes
1557 5005 1832 5063 civitatem

1931 5011 2098 5068 talem
2130 5009 2366 5066 habebat
2396 5009 2675 5080 pulvillum
2701 5009 2756 5065 in
2785 5026 2895 5082 quo
2920 5009 3315 5082 refrigerabat,
3339 5011 3526 5067 videte

235 5108 489 5156 sanctam
507 5099 576 5156 de
597 5099 738 5156 coelo
756 5101 1083 5172 depositam,
1100 5101 1332 5172 gemmis
1353 5111 1684 5157 exstructam
1701 5100 1836 5158 duo-
1938 5105 2206 5162 visionem
2228 5103 2367 5175 ejus.
2396 5102 2558 5172 Vidit,
2593 5104 2786 5175 inquit,
2817 5106 3019 5160 scalam
3049 5104 3118 5160 de
3143 5112 3283 5159 terra
3313 5105 3526 5175 pertin-

237 5192 426 5249 decim
459 5191 662 5248 habere
692 5201 900 5264 portas.
929 5192 1066 5249 Tota
1096 5207 1263 5249 aurea
1293 5202 1430 5263 erat,
1464 5209 1650 5251 muros
1671 5193 1837 5250 habe-

237 5285 340 5340 bat
361 5298 562 5340 aureos
589 5302 601 5338 :
637 5283 872 5340 habebat
899 5293 954 5341 et
983 5284 1193 5356 plateas
1222 5284 1292 5341 de
1325 5285 1556 5343 diversis
1583 5286 1834 5358 gemmis.

238 5376 308 5434 In
338 5377 442 5432 hac
467 5379 690 5434 civitate
713 5376 964 5436 Christus
988 5386 1184 5451 regnat
1209 5397 1224 5436 :
1255 5380 1308 5435 in
1355 5380 1458 5436 hac
1485 5380 1707 5437 civitate
1734 5380 1836 5436 ha-

241 5469 487 5525 bitantes
511 5468 615 5542 ipsi
639 5481 786 5538 sunt,
821 5478 878 5526 et
903 5470 1250 5528 habitatores
1280 5482 1336 5528 et
1365 5481 1537 5545 porta:
1563 5490 1579 5541 ;
1625 5473 1729 5545 ipsi
1785 5482 1842 5531 et

237 5563 443 5620 domus
469 5573 625 5630 sunt,
665 5575 720 5620 et
751 5562 1112 5623 habitatores.
1158 5567 1340 5624 Vultis
1389 5567 1533 5624 scire
1583 5569 1840 5640 quoniam

237 5655 448 5714 domus
477 5657 643 5712 sunt?
669 5655 924 5714 Christus
962 5658 1169 5715 habitat
1209 5661 1264 5716 in
1306 5660 1386 5717 eis
1421 5677 1435 5715 :
1467 5659 1718 5716 Christus
1747 5660 1844 5716 de-

243 5752 505 5808 ambulat
535 5752 590 5808 in
621 5754 721 5808 eis.
753 5751 1105 5823 Inhabitabo,
1145 5753 1350 5826 inquit,
1383 5755 1438 5812 in
1466 5757 1547 5813 eis
1575 5765 1631 5814 et
1657 5756 1846 5813 deam-

241 5848 465 5910 bulabo
499 5847 686 5921 (Leuit.
715 5863 874 5913 xxvi;
905 5847 952 5904 ll
979 5847 1104 5905 Cor.
1131 5847 1234 5920 vr)‘.
1277 5849 1411 5908 Vide
1439 5852 1620 5909 anima
1665 5861 1852 5910 sancta

540 5943 816 6007 Pnaon.
871 5943 1104 6008 XXVI.

1938 5207 2152 5272 gentem
2173 5197 2240 5254 ad
2261 5197 2480 5267 ccelum,
2498 5207 2553 5254 et
2568 5197 2722 5263 vidit,
2747 5197 2939 5266 inquit,
2958 5196 3179 5266 angelos
3193 5196 3530 5255 descenden-

1944 5303 2025 5351 tes
2052 5301 2107 5350 et
2130 5292 2513 5349 ascendentes.
2543 5289 2923 5360 Viditangelos
2962 5290 3031 5345 de
3071 5290 3212 5346 coelo
3253 5291 3442 5348 venire
3464 5294 3532 5348 ad

1946 5398 2168 5456 terram,
2201 5396 2257 5445 et
2286 5388 2424 5445 alios
2451 5387 2520 5444 de
2549 5395 2692 5442 terra
2721 5385 2787 5440 ad
2809 5383 2984 5440 caelos
3011 5386 3326 5442 ascendere.
3363 5386 3536 5444 Vultis

1949 5483 2094 5540 scire
2118 5481 2244 5554 quia
2275 5481 2418 5552 lapis
2446 5479 2541 5536 ille
2585 5478 2676 5548 qui
2705 5487 2825 5534 erat
2853 5476 2921 5533 ad
2965 5487 3125 5549 caput
3155 5478 3346 5550 Jacob,
3379 5480 3543 5537 Chri-

1952 5584 2069 5633 stus
2099 5585 2216 5633 erat
2239 5575 2378 5646 lapis
2401 5571 2712 5643 angularis?
2739 5571 2903 5642 Lapis
2929 5587 3092 5644 quem
3109 5575 3547 5644 reprobavcrunt

1952 5669 2316 5737 mditicantes,
2360 5665 2451 5722 hic
2506 5664 2679 5720 factus
2707 5665 2874 5722 estin
2912 5675 3076 5737 caput
3120 5666 3304 5739 anguli
3349 5667 3370 5738 (
3394 5666 3545 5724 Psal.

1957 5761 2160 5835 cxvn).
2201 5761 2363 5832 Lapis
2410 5759 2502 5815 ille
2543 5759 2634 5831 qui
2677 5759 2915 5830 scriptus
2946 5760 3113 5816 estin
3143 5759 3456 5832 Regnorum
3486 5762 3552 5818 li-

1959 5857 2096 5929 bro,
2131 5856 2416 5913 Abenezer
2446 5850 2528 5924 (ll
2557 5850 2688 5925 Reg.
2738 5852 2859 5927 vn).
2915 5851 3079 5925 Lapis
3128 5856 3261 5924 iste,
3307 5851 3558 5912 Christus
