4008 6336
524 317 665 377 1227

525 450 631 496 est.
660 436 945 493 Abeneaer
968 439 1149 488 autem
1202 428 1612 497 interpretatur,
1660 419 1794 493 lapis
1839 414 2116 489 adjutorii.

522 528 923 595 Consurrexit,
979 523 1185 595 inquit,
1230 519 1398 577 Jacob
1445 532 1627 573 mane.
1654 515 1723 570 Et
1772 509 1898 581 quid
1944 505 2121 564 dixit?

531 624 680 690 "me,
710 618 1139 692 inquit,domus
1166 616 1263 672 Dei
1290 624 1396 671 est.
1449 611 1517 667 Et
1563 609 1693 682 quid
1743 604 1906 663 fecit?
1936 601 2119 667 Tulit,

531 716 727 789 inquit,
752 714 933 770 oleum
964 721 1018 768 et
1046 710 1199 767 unxit
1229 705 1487 780 lapidem.
1521 702 1637 760 Nisi
1671 697 1929 773 mysteria
1959 694 2124 751 intel-

532 804 1298 883 lexerimusScripturarum;
1326 799 1484 871 cuius
1511 796 1741 854 rationis
1760 800 1898 860 erat,
1933 800 1992 846 ut
2025 804 2125 844 un-

526 914 684 976 geret
707 892 944 975 lapidem
984 899 1148 955 oleo?
1177 894 1459 952 Benedicat
1489 901 1537 947 te
1561 888 1816 945 Dominus
1842 901 1909 941 ex
1945 883 2120 942 Sion:

529 999 619 1071 qui
649 998 767 1069 fecit
793 995 978 1053 ratium
1010 1006 1058 1051 et
1108 1003 1315 1048 terram.
1350 987 1515 1044 Denis
1545 982 1726 1056 quinis
1750 979 1964 1038 cantica
1993 991 2121 1048 gra«

526 1094 692 1151 duum
723 1092 952 1164 psalmis
999 1091 1051 1146 in
1097 1085 1481 1144 benedictione
1520 1077 1857 1138 concludens
1885 1088 1959 1131 es
1990 1084 2124 1128 voce

527 1185 846 1258 prophetica
878 1198 975 1240 nos
999 1182 1261 1238 admonet
1289 1177 1479 1234 dicens
1510 1192 1524 1230 :
1572 1238 1590 1246 ⁸

992 1271 1308 1332 PSALMUS
1347 1266 1638 1326 CXXXIV.

601 1369 835 1425 Laudate
864 1383 1049 1424 nomen
1073 1365 1310 1421 Domini.
1338 1361 1494 1432 Quod
1527 1375 1623 1431 per
1652 1358 1810 1414 lldetn
1840 1353 2126 1426 cognovis-

525 1462 598 1519 tis
627 1475 752 1518 esse
779 1476 940 1533 super
978 1475 1143 1515 omne
1172 1472 1389 1514 nomen.
1423 1453 1692 1517 Laudate,
1744 1449 1909 1513 servi,
1943 1446 2127 1501 Denti-

527 1574 669 1612 num.
696 1555 802 1624 Qui
823 1555 1034 1626 peccati
1062 1552 1246 1607 famuli
1278 1563 1401 1605 esse
1420 1546 1677 1603 desiistis.

602 1650 704 1719 Qui
728 1650 877 1704 statis
898 1649 951 1703 in
973 1646 1130 1701 domo
1155 1641 1368 1698 Domini
1392 1657 1410 1696 :
1431 1641 1487 1695 in
1515 1637 1664 1693 atriis
1683 1635 1865 1691 domus
1882 1631 1983 1687 Dei
2004 1647 2128 1686 nos-

531 1745 620 1800 tri.
652 1744 754 1812 Qui
787 1741 1136 1798 immobiliter
1163 1740 1215 1793 in
1243 1752 1309 1793 eo
1330 1733 1555 1807 plantati
1583 1732 1739 1787 estis.

1318 301 1671 366 APPENDIX
1709 296 1800 358 AD
1837 290 2085 354 'fOllUM
2124 282 2474 346 SEPTIMUM
2511 281 2571 341 S.
2614 278 3023 339 HIERUNYMI.

2148 411 2195 470 Α
2296 401 2365 456 Et
2396 401 2535 457 dedit
2563 410 2759 457 terram
2787 415 2968 455 eorum
3015 394 3367 453 hereditatem
3403 409 3422 451 :
3458 393 3761 456 hereditatem
3838 390 3847 399 ’

3643 282 3759 344 ηεξ

2225 494 2393 552 Israel
2448 492 2641 566 populo
2676 509 2789 549 suo.
2826 492 2955 547 llu‘c
2999 488 3181 546 omnia
3214 485 3418 543 delevit
3460 488 3589 545 Deus
3632 505 3765 561 atque

2222 588 2492 645 subvertit
2522 603 2536 642 :
2565 600 2773 657 nosque
2798 598 2896 655 per
2924 580 3291 654 cognitionem
3315 594 3464 636 suam
3491 580 3541 636 itt
3570 580 3768 643 haeredi-

2226 690 2390 739 tatem
2435 679 2661 748 ascivit,
2696 687 2755 733 ut
2783 677 2916 748 ipsis
2959 676 3051 748 qui
3094 690 3204 731 non
3232 672 3535 731 amiserant
3562 673 3768 733 domina-

2222 788 2430 840 rentur,
2463 769 2716 828 indulsit.
2916 842 2921 843 γ

2296 863 2555 933 Domine,
2589 877 2778 919 nomen
2822 871 2973 917 tuum
2999 861 3055 915 in
3079 868 3352 917 (sternam.
3395 854 3488 913 lllo
3521 855 3569 913 in
3606 873 3769 929 perpe-

2226 968 2377 1015 tuum
2421 962 2813 1028 permanente,
2862 954 2966 1011 hoc
3005 952 3165 1009 nobis
3194 952 3270 1008 sit
3299 948 3579 1007 ha'reditas
3604 951 3773 1024 sempi-

2228 1064 2401 1111 terna.
2449 1051 2670 1108 Domine
2691 1092 2707 1119 ,
2738 1050 3040 1106 memoriale
3067 1059 3216 1104 tuum
3244 1048 3299 1102 in
3338 1044 3576 1106 suculam
3609 1047 3772 1104 amuli.

2226 1146 2297 1205 Ut
2317 1145 2463 1219 quod
2490 1145 2653 1216 Legis
2681 1143 2884 1202 veteris
2911 1141 3101 1199 umbra
3131 1138 3532 1212 praefiguravit:
3561 1138 3611 1195 in
3634 1138 3775 1199 altero

2227 1241 2454 1308 sacculo,
2488 1240 2539 1295 id
2570 1248 2684 1305 est,
2714 1238 2767 1294 in
2802 1235 3110 1307 Evangeliis
3135 1243 3481 1307 agnoscatur.

2303 1337 2443 1406 Quia
2477 1335 2741 1409 judicavit
2784 1332 3045 1389 Dominus
3090 1329 3341 1403 populum
3390 1345 3555 1386 suum.
3596 1325 3778 1384 ludteos

2227 1446 2335 1487 non
2361 1429 2655 1487 credentes
2684 1446 2699 1482 :
2726 1428 2817 1500 qui
2847 1442 2990 1482 nunc
3015 1425 3126 1496 jam
3152 1421 3386 1496 judicati
3406 1432 3546 1489 sunt,
3565 1436 3672 1478 cum
3692 1438 3776 1477 non

2227 1521 2586 1579 crediderint.
2620 1519 2684 1575 Et
2710 1521 2767 1575 in
2794 1519 2956 1575 seruis
2978 1518 3080 1573 tuis
3110 1515 3487 1574 consolabitur.
3515 1514 3568 1572 In
3592 1514 3781 1571 creden-

2229 1615 2377 1672 tibus
2405 1616 2615 1686 utique.

2303 1707 2604 1765 Simulacra
2631 1705 2859 1779 gentium
2885 1714 3157 1777 argentum
3193 1713 3242 1760 et
3279 1719 3472 1759 aurum
3489 1748 3504 1774 ,
3534 1718 3673 1775 opera
3696 1718 3785 1758 ιιιοο

598 1799 841 1889 ιαηαίίαιε
864 1831 1170 1897 Dominum,
1194 1829 1315 1901 quia
1332 1799 1582 1898 benignus
1606 1832 1682 1878 est
1705 1822 1980 1877 Dominus.
2006 1818 2130 1873 Cito

2236 1819 2396 1857 unum
2448 1802 2749 1871 hominum,
2806 1815 2864 1855 os
2911 1799 3097 1854 habent
3143 1807 3195 1853 et
3241 1814 3347 1853 non
3380 1799 3659 1868 loquentur,
3697 1806 3783 1853 etc.

523 1930 671 1986 enim
697 1924 1091 1999 pmnitentibus
1111 1923 1324 1979 veniam
1352 1927 1573 1993 praestat
1596 1935 1610 1972 :
1641 1932 1791 1988 spem
1815 1916 1979 1971 etiam
2001 1927 2130 1967 nos-

536 2032 708 2087 tram,
761 2031 858 2074 sua
906 2015 1210 2087 adimplens
1261 2013 1614 2084 benignitate.
1663 2006 1884 2064 Psallite
1931 2006 2129 2060 nomini

536 2114 671 2185 ejus,
701 2112 827 2183 quia
852 2125 1008 2165 suave
1034 2118 1127 2164 est.
1160 2107 1275 2162 Non
1295 2107 1440 2160 enim
1465 2103 1728 2175 processit
1751 2102 1820 2157 ab
1841 2115 1909 2156 eo
1933 2113 2129 2169 aspera

539 2205 918 2261 haereticorum
949 2202 1309 2273 perversitas;
1341 2197 1438 2254 sed
1471 2212 1566 2268 per
1592 2198 1762 2268 ipsam
1802 2195 2127 2249 suavitatem

535 2313 566 2351 a
598 2295 852 2367 squalore
875 2293 1196 2366 gentilitatis
1218 2292 1362 2347 eruti
1393 2303 1601 2345 sumus.
1662 2302 1667 2303 ί

606 2391 866 2457 Quoniam
904 2386 1070 2443 Iacob
1098 2386 1251 2458 elegit
1286 2384 1385 2440 sibi
1428 2382 1707 2438 Dominus.
1741 2379 1877 2435 Eunt
1897 2378 2127 2442 scilicet,

533 2486 623 2554 qui
657 2483 1003 2555 supplantato
1027 2482 1247 2553 populo,
1278 2478 1511 2549 arripuit
1528 2475 1963 2533 benedictionem
1987 2472 2126 2543 ejus.

530 2578 702 2635 Israel
742 2580 794 2632 in
837 2577 1212 2648 possessionem
1245 2574 1363 2629 sibi.
1391 2571 1495 2640 Qui
1523 2578 1644 2642 post
1683 2566 1881 2622 multas
1920 2566 2128 2631 luctas,

534 2675 706 2732 Deum
736 2682 918 2729 mente
942 2670 1138 2727 meruit
1170 2667 1378 2724 videre.

607 2766 744 2835 Quia
772 2781 865 2835 ego
890 2763 1102 2835 cognovi
1124 2760 1260 2831 quod
1289 2773 1507 2831 magnus
1537 2766 1611 2812 est
1640 2755 1917 2810 Dominus.
1948 2752 2129 2807 Reve-

536 2863 682 2918 lttnte
707 2860 869 2928 Filio,
885 2856 1265 2930 cognoscimus
1286 2854 1523 2921 Patrem,
1545 2852 1664 2921 ipso
1684 2851 1901 2906 dicente
1923 2866 1936 2904 :
1959 2847 2130 2904 Nemo

474 2992 483 2998 -
533 2957 685 3012 novit
740 2953 1001 3017 Patrem,
1061 2948 1162 3004 nisi
1216 2949 1303 3003 cui
1365 2945 1600 3002 voluerit
1659 2942 1829 2999 Filius
1884 2941 2132 2997 revelare

536 3046 690 3119 (Luc.
718 3045 801 3116 ι).
846 3042 913 3097 Et
958 3041 1105 3096 Deus
1146 3049 1319 3094 noster
1360 3053 1473 3110 prce
1514 3036 1747 3091 omnibus
1787 3033 1910 3088 diis.
1955 3032 2132 3101 Super

535 3153 728 3196 omnes
753 3146 972 3193 sanctos
1002 3135 1354 3205 angelosque,
1378 3132 1470 3203 qui
1493 3130 1567 3185 dii
1593 3129 1740 3200 digni
1769 3138 1892 3183 sunt
1919 3126 2127 3182 vocari.

2234 1893 2529 1950 Gentilium
2570 1890 2905 1948 exsecranda
2947 1902 3342 1947 commemorat
3383 1889 3643 1945 irridens:
3686 1888 3787 1959 quia

2233 2002 2357 2043 cum
2406 1985 2607 2041 nullius
2653 1983 2888 2041 membri
2935 1982 3334 2055 vegetationem
3392 1982 3649 2048 habeant,
3694 1979 3788 2035 auri

2234 2081 2558 2153 argentique
2574 2078 2821 2147 metallo,
2842 2077 2965 2135 illos
2984 2076 3273 2136 nobilitare
3290 2077 3579 2135 voluerint.
3594 2075 3790 2149 [deoque

2234 2173 2437 2244 adjecit
2472 2191 2484 2226 :

2307 2265 2522 2323 Similes
2552 2267 2659 2322 illis
2684 2266 2811 2337 ﬁant
2831 2266 2922 2338 qui
2950 2265 3149 2337 faciunt
3178 2283 3259 2335 ea,
3282 2277 3332 2320 et
3361 2281 3538 2321 omnes
3555 2264 3637 2336 qui
3660 2263 3793 2335 conﬁ-

2236 2359 2367 2414 dunt
2402 2361 2458 2414 in
2499 2359 2597 2414 eis.
2646 2358 2729 2414 Illi
2768 2357 3172 2414 confundantur
3210 2357 3264 2413 in
3304 2356 3391 2413 h's
3420 2357 3512 2428 qui
3548 2354 3750 2411 credunt
3781 2372 3791 2407 :

2237 2466 2337 2507 nos
2366 2467 2498 2508 vero
2524 2452 2896 2519 consolemur,
2926 2452 3017 2523 qui
3047 2450 3116 2507 ad
3148 2449 3444 2522 imaginem
3480 2449 3568 2506 Dei
3593 2447 3706 2503 facti
3730 2445 3793 2519 ip-

2235 2560 2357 2600 sum
2389 2543 2701 2600 adoramus.

2313 2634 2509 2690 Domus
2564 2632 2775 2701 Israel,
2826 2634 3111 2691 benedicite
3158 2632 3469 2689 Dominum.
3525 2630 3794 2703 Congrega-

2238 2730 2415 2785 tiones
2444 2736 2760 2784 sanctorum
2797 2745 2809 2781 :
2841 2728 3007 2784 Deum
3040 2725 3212 2783 oculis
3238 2724 3442 2782 mentis
3470 2723 3795 2795 inspicientts.

2237 2818 2438 2875 Domus
2490 2820 2666 2876 Aaron
2690 2862 2707 2887 ,
2765 2819 3048 2875 benedicite
3106 2818 3409 2874 Dominum.
3468 2816 3796 2875 Miuistrorum

2235 2912 2373 2970 ordo
2396 2913 2695 2985 perlectus.

2310 3006 2411 3075 Qui
2451 3007 2643 3063 timetis
2692 3004 3010 3073 Dominum,
3064 3005 3344 3062 benedicite
3389 3001 3664 3059 Dominum
3697 3016 3713 3054 :
3754 3006 3799 3055 ut

2234 3098 2378 3154 sicut
2426 3099 2764 3170 maiestatem
2804 3098 3076 3166 metuitis,
3118 3097 3192 3154 ita
3238 3112 3362 3153 cum
3416 3095 3676 3153 charitate
3710 3092 3801 3148 latt-

613 3229 804 3284 Omnia
829 3188 1168 3300 quaecumque
1195 3188 1358 3280 adluit
1387 3188 1682 3286 Dominus:
1702 3222 1819 3292 fecit
1847 3222 1902 3273 in
1930 3219 2060 3274 caelo
2083 3226 2132 3273 et
2159 3204 2207 3269 C
2238 3188 2399 3300 detis-

536 3325 783 3391 interra,
816 3322 871 3375 in
908 3321 1064 3386 mari,
1104 3328 1152 3373 et
1188 3318 1245 3371 in
1287 3316 1525 3370 omnibus
1554 3314 1776 3385 abyssis.
1808 3312 1912 3367 Pro
1939 3311 2134 3365 volun-

539 3427 650 3474 tate
676 3413 937 3473 bonitatis
963 3411 1168 3482 placuit
1210 3410 1322 3465 Dco
1351 3410 1407 3463 in
1454 3406 1685 3463 excelsis
1713 3405 1997 3461 animabus
2016 3448 2030 3471 ,
2074 3403 2131 3458 in

538 3509 711 3564 aridis
738 3505 1041 3574 mentibus,
1074 3504 1125 3558 in
1152 3502 1340 3559 δεδουιί
1368 3501 1648 3563 ﬂuctibus,
1682 3500 1737 3554 in
1768 3497 2135 3570 prol’unditate

542 3599 766 3657 malitiae
791 3598 971 3654 facere
999 3594 1263 3652 mirabilia
1284 3634 1300 3660 ,
1334 3593 1474 3648 sicut
1500 3594 1766 3662 sequitur.

611 3693 855 3749 Educens
905 3692 1062 3746 nubes
1109 3688 1174 3743 ab
1217 3699 1444 3743 extremo
1488 3697 1658 3740 terrm.
1707 3684 1792 3739 Ab
1829 3684 2136 3739 humilitate

541 3798 757 3846 terrena
788 3788 1015 3843 elevans
1050 3782 1327 3855 apostolos
1353 3796 1417 3837 ac
1449 3781 1763 3851 prophetas.
1806 3777 2049 3850 Fulgura
2076 3779 2135 3832 in

539 3881 769 3951 pluviam
815 3880 956 3952 fecit.
993 3878 1068 3934 Ut
1116 3878 1350 3947 primum
1402 3874 1585 3929 lumen
1630 3870 1957 3942 cognitionis
1997 3869 2132 3938 Dei,

541 3974 741 4032 deinde
766 3972 997 4031 imbrem
1030 3970 1399 4026 doctrinarum
1425 3967 1793 4023 infunderent.

617 4067 718 4135 Qui
767 4065 1012 4138 producit
1066 4074 1240 4118 ventos
1295 4061 1359 4117 de
1412 4059 1669 4115 thesauris
1718 4060 1846 4113 suis.
1900 4058 2137 4129 Angelos

541 4169 765 4215 sanctos
810 4158 880 4214 de
908 4157 1124 4211 arcanis
1152 4152 1470 4211 cmlestibus
1508 4151 1793 4222 dirigens:
1839 4149 1929 4220 qui
1959 4149 2044 4205 his
2081 4151 2137 4206 in

545 4251 786 4308 nubibus
843 4248 1256 4316 imbribusque,
1310 4246 1480 4301 robur
1532 4251 1694 4315 atque
1742 4243 2137 4298 incrementum

542 4342 768 4401 ferrent.
795 4343 897 4412 Qui
921 4341 1169 4414 percussit
1190 4339 1536 4410 primogenita
1559 4335 1780 4409 £gypti
1803 4352 1822 4391 :
1842 4336 1906 4390 ab
1933 4336 2140 4391 nomine

546 4453 707 4507 usque
759 4437 828 4491 ad
878 4448 1056 4507 pecus.
1126 4431 1455 4502 Principalia
1512 4430 1641 4486 vitia
1697 4437 1862 4500 atque
1908 4427 2137 4485 crimina

549 4528 757 4584 mundi.

2308 3283 2620 3341 Benedictus
2653 3284 2911 3341 Dominus
2940 3284 3079 3340 Deus
3104 3300 3167 3339 ea:
3198 3281 3333 3339 Sion
3360 3297 3381 3339 :
3408 3282 3507 3355 qui
3548 3280 3725 3336 habitat
3761 3277 3803 3331 iu

2234 3374 2548 3432 Jerusalem.
2601 3376 2759 3447 Ipse,
2813 3376 3079 3433 Dominus
3124 3385 3315 3432 noster
3350 3375 3517 3432 Iesus
3555 3372 3799 3431 Christus:

2237 3468 2325 3523 cui
2349 3478 2432 3522 est
2461 3484 2585 3522 cum
2615 3478 2822 3526 aeterno
2858 3468 3020 3527 Patre
3046 3478 3103 3525 et
3134 3467 3345 3538 Spiritu
3369 3475 3570 3523 sancto
3597 3465 3805 3521 honoret

2235 3559 2409 3632 gloria
2440 3561 2492 3614 in
2525 3560 2728 3616 saecula
2757 3561 3108 3616 surculorum.
3138 3561 3337 3615 Amen.

2722 3651 3041 3708 PSALMUS
3080 3650 3348 3708 CXXXV.

2238 3721 2488 3805 Alleluia.
2539 3723 2650 3778 lste
2700 3724 2940 3805 psalmus
2982 3722 3199 3805 Domini
3242 3716 3806 3805 miscricordiasittdi-

2308 3796 2489 3850 versis
2542 3793 2963 3851 necessitatibus
3012 3796 3250 3850 humano
3300 3796 3495 3864 generi
3542 3793 3800 3864 praestitas,

2309 3866 2527 3935 pandit,
2561 3867 2754 3922 dicens
2782 3884 2797 3920 :

2312 3958 2641 4027 Cauﬁtemini
2669 3955 2938 4026 Domina,
2968 3960 3219 4029 quoniam
3259 3957 3425 4012 bonus
3456 3973 3482 4013 .°
3518 3955 3745 4026 quoniam
3767 3950 3808 4003 is

2240 4053 2490 4107 secutum
2514 4052 2878 4108 misericordia
2907 4055 3042 4125 ejus.
3075 4050 3429 4108 Conﬁtemini
3478 4055 3694 4121 peccata
3715 4060 3810 4101 ves-

2241 4154 2347 4211 tra,
2377 4156 2433 4201 et
2464 4145 2683 4201 laudate
2706 4160 2832 4201 eum
2859 4145 2952 4217 qui
2983 4160 3086 4216 per
3106 4143 3547 4200 misericordiam
3573 4141 3625 4197 in
3647 4155 3703 4197 se
3722 4154 3810 4194 tua-

2242 4238 2394 4293 nenti
2424 4236 2691 4307 indulget.

2314 4328 2646 4400 Con/itemini
2673 4326 2787 4383 Deo
2813 4328 3054 4383 deorum.
3098 4328 3177 4383 llli
3203 4327 3296 4399 qui
3322 4326 3673 4385 credentibus
3702 4324 3746 4379 in
3765 4336 3812 4378 ss

2243 4421 2399 4479 dedit
2422 4428 2752 4494 potestatem
2784 4421 2929 4477 ﬁlios
2958 4421 3056 4478 Dei
3086 4420 3225 4476 ﬁeri.

2315 4518 2651 4588 Conﬁtemini
2702 4516 2931 4572 Domino
2968 4517 3316 4572 dominorum.
3349 4515 3470 4573 Hoc
3510 4514 3731 4572 refertur
3756 4508 3813 4564 ad

618 4619 688 4675 Et
724 4620 870 4675 misit
905 4620 1055 4692 signa
1082 4629 1131 4673 et
1171 4618 1412 4687 prodigia
1449 4616 1504 4671 in
1540 4614 1713 4670 medio
1750 4614 1857 4681 tui,
1885 4611 2138 4686 AEgypte.
2170 4599 2220 4661 Ι)
2247 4608 2447 4664 Filium
2468 4650 2484 4674 ,
2515 4619 2570 4665 et
2614 4609 2724 4665 Deo
2752 4608 3015 4676 deorum,
3049 4609 3117 4664 ad
3162 4609 3404 4664 Patren.
3436 4607 3592 4665 Patri
3630 4619 3746 4676 ergo
3774 4606 3817 4656 et

548 4715 785 4771 Terrens
809 4712 1067 4766 mundum
1092 4712 1148 4764 in
1176 4711 1454 4780 passione,
1480 4708 1566 4763 vel
1596 4713 1646 4762 in
1678 4708 1937 4771 tenebris,
1970 4707 2057 4760 vel
2081 4705 2137 4760 in

544 4808 912 4866 commatione
942 4816 1120 4859 terra}.
1150 4802 1217 4857 In
1256 4802 1585 4857 Pharaonem
1609 4843 1625 4868 ,
1664 4811 1710 4855 et
1746 4801 1803 4854 in
1830 4816 2002 4854 omnes
2029 4815 2143 4853 ser-

546 4918 637 4958 vos
656 4904 795 4973 ejus.
822 4897 1069 4969 Alligeus
1089 4897 1363 4952 diabolum
1386 4895 1472 4952 vel
1494 4893 1825 4965 principatus
1851 4892 1969 4963 ejus
1990 4893 2139 4949 cruci

544 5010 678 5051 803.

616 5086 723 5152 Qui
750 5086 999 5159 percussit
1035 5099 1179 5155 reges
1208 5097 1455 5153 magnos,
1486 5090 1537 5134 et
1562 5078 1753 5135 occidit
1782 5094 1925 5151 reges
1956 5080 2135 5148 fortes.

546 5180 833 5237 lnnumera
868 5179 1027 5242 \llla,
1061 5193 1183 5246 qua:
1214 5176 1471 5231 mundum
1502 5185 1913 5244 oppresserant.

617 5273 757 5329 Sean
778 5289 947 5344 regem
977 5268 1420 5325 Amorrlueorum.
1451 5267 1717 5323 Arborem
1750 5268 2139 5324 infructuosam

546 5368 748 5427 habent
785 5383 972 5424 secum
1011 5379 1385 5421 exsecratores
1436 5363 1531 5419 Dei
1582 5381 1596 5419 :
1652 5364 1743 5434 qui
1800 5364 1961 5419 simul
2012 5377 2139 5431 per-

546 5462 722 5526 cussi,
758 5461 812 5517 in
842 5461 1019 5531 ignem
1059 5459 1417 5529 projiciuntttr
1446 5466 1739 5512 aeternum.
1769 5454 1841 5511 Et
1869 5456 1949 5528 09
1969 5471 2138 5530 regem

546 5554 739 5611 Busan.
786 5552 1076 5609 Maceriant
1106 5550 1476 5613 eottl‘usiunis,
1510 5565 1631 5619 qua:
1661 5548 1821 5605 nobis
1842 5563 1917 5604 me
1966 5548 2138 5604 Deum

543 5660 998 5718 agnosceremus,
1044 5643 1313 5699 obstabat.
1345 5641 1409 5696 Et
1447 5643 1622 5697 omnia
1660 5658 1819 5715 regna
1857 5639 2133 5696 Chanaan.

541 5737 756 5797 Occidit
780 5752 945 5809 regna
978 5734 1361 5793 commotiouis
1381 5776 1397 5802 ,
1429 5750 1548 5805 qua:
1590 5748 1689 5789 nos
1720 5733 2139 5790 eotnmovebant

543 5845 575 5886 ιι
608 5828 741 5898 Deo,
765 5838 822 5887 et
846 5825 1265 5885 dominabantur
1292 5824 1472 5882 nobis.

2247 4701 2389 4758 Filio
2434 4702 2784 4759 conﬁtemur.
2819 4703 2987 4759 Pater
3024 4704 3172 4759 cuitu
3210 4702 3267 4758 in
3305 4702 3473 4770 Filio,
3507 4712 3565 4759 et
3598 4701 3748 4757 Filius
3771 4697 3813 4750 in

2250 4797 2430 4853 Patre.

2321 4889 2423 4957 Qui
2446 4890 2573 4961 facit
2602 4890 2864 4946 mirabilia
2879 4907 3072 4966 magna
3092 4890 3258 4945 solus.
3290 4887 3451 4944 Prius
3476 4887 3637 4954 dixit,
3666 4881 3814 4950 Conﬁ-

2249 4984 2428 5040 temini
2455 4983 2564 5039 Deo
2590 4986 2824 5054 deorum,
2854 4995 2913 5041 et
2942 4986 3142 5041 iterum
3168 5024 3184 5049 ,
3215 4981 3438 5037 Domino
3469 4980 3817 5036 dominorum

2247 5090 2304 5135 et
2333 5082 2591 5149 quoniam
2616 5078 2757 5135 dixit
2783 5079 2922 5135 duas
2938 5093 3243 5149 personas:
3274 5090 3418 5131 nunc
3444 5075 3603 5139 dicit,
3630 5073 3724 5141 Qui
3746 5070 3816 5141 fs-

2247 5170 2315 5223 cit
2358 5168 2618 5224 mirabilia
2660 5185 2852 5241 magna
2877 5171 3053 5235 solus,
3102 5177 3303 5223 utnon
3342 5166 3491 5223 dicat
3524 5166 3660 5221 duos
3685 5163 3815 5219 deos.

2246 5260 2520 5331 Scriptum
2546 5269 2632 5316 est
2655 5260 2804 5317 etaim
2831 5278 2848 5317 :
2873 5258 3026 5317 Unus
3054 5269 3140 5317 est
3166 5258 3315 5315 Deus
3332 5298 3352 5323 ,
3386 5272 3454 5312 es
3490 5271 3609 5329 quo
3638 5252 3819 5313 amntis,"

2248 5361 2303 5408 et
2328 5368 2470 5409 tutus
2502 5353 2761 5409 Dominus
2786 5354 2950 5410 Iesus
2978 5369 3078 5424 per
3104 5367 3265 5423 quem
3294 5349 3477 5407 omnia
3498 5391 3514 5415 ,
3546 5360 3603 5406 et
3620 5362 3719 5405 nos
3738 5356 3819 5417 pet

2248 5448 2425 5518 ipsum
2452 5446 2496 5520 (l
2518 5448 2644 5504 Cor.
2676 5448 2814 5519 wn).
3314 5476 3319 5479 τ

2318 5540 2424 5608 Qui
2471 5541 2591 5612 fecit
2634 5540 2786 5596 mlas
2825 5540 2881 5595 in
2918 5537 3205 5594 intellectu.
3256 5537 3350 5593 Isti
3399 5546 3532 5592 sunt
3582 5533 3704 5591 cali
3738 5525 3819 5600 qui

2242 5646 2503 5692 enarrant
2530 5636 2761 5707 gloriam
2799 5633 2937 5691 Dei:
2981 5634 3073 5705 qui
3099 5633 3281 5689 vestiti
3321 5640 3447 5688 sunt
3474 5631 3820 5700 imaginem-

2241 5728 2363 5785 lesti
2392 5738 2447 5784 et
2472 5727 2779 5793 suntcteli,
2802 5725 2897 5797 qui
2925 5741 3035 5782 ucn
3066 5733 3198 5781 sunt
3225 5722 3409 5780 vestiti
3448 5720 3693 5793 imagine
3728 5727 3818 5772 ter-

2239 5820 2356 5883 reni
2392 5819 2447 5878 in
2490 5820 2802 5889 intellentu,
2834 5819 2890 5877 in
2927 5817 3220 5892 sapientis.
3256 5815 3513 5878 Christus
3551 5813 3699 5875 enim
3732 5804 3817 5867 Del
