4008 6336
225 318 364 380 1219

1095 317 1524 379 BREVIARIUM
1566 318 1634 377 IN
1675 318 2013 379 PSALMOS.
2058 317 2300 376 PSALM.
2341 319 2629 378 CXXXVI.

3382 321 3521 379 i230

224 436 396 492 virtus
417 476 430 500 ,
465 441 522 491 et
547 433 643 492 Dei
681 433 968 507 sapientia.
999 435 1153 492 Sicut
1180 435 1308 492 etin
1344 434 1656 492 Proverbiis
1686 436 1818 492 dicit
1846 441 1898 500 Α
1998 435 2102 503 Qui
2127 435 2218 489 dat
2247 451 2414 490 csram
2439 436 2577 490 omni
2603 435 2770 490 carni.
2811 435 3072 491 Plat-hens
3107 448 3171 492 se
3200 450 3392 506 panem
3436 441 3487 494 vi
3507 471 3520 480 -

222 528 338 600 ipsa
382 528 708 598 Sapientia:
758 527 989 595 Quando
1034 529 1266 586 faciebat
1301 529 1505 595 cmlos,
1549 543 1672 584 cum
1700 527 1820 599 ipso

222 637 374 679 eram
398 620 587 694 (Prov.
617 619 763 693 vut);
791 633 844 679 et
867 630 1091 678 caetera.

297 713 403 781 Qui
449 714 676 782 ﬁrmavit
726 721 917 770 terram
965 731 1124 785 super
1173 732 1355 787 aquas.
1407 715 1558 771 Licet
1609 714 1820 770 dicatur

225 814 368 864 terra
398 823 566 878 super
590 822 758 880 aquas
781 808 1053 878 pendere,
1085 808 1188 863 hoc
1213 819 1296 865 est
1315 851 1330 876 ,
1361 809 1509 864 inani
1540 808 1818 880 pondere:

226 908 408 955 tamen
443 909 642 954 terram
677 910 918 955 nostram
951 901 1237 970 fundavit,
1263 909 1319 957 et
1349 901 1586 958 ﬁrmavit
1609 901 1662 956 in
1691 901 1820 972 bap-

226 990 465 1047 tismale.
507 990 625 1048 Non
665 991 805 1047 dixit
839 993 1110 1062 suatollit,
1157 1003 1250 1049 aut
1291 994 1588 1062 esaltavit,
1636 1005 1728 1050 aut
1767 995 1820 1050 in

226 1083 396 1139 cmlos
436 1082 562 1139 fecit
601 1085 918 1140 ascendere.
974 1083 1246 1156 Bap'tistna
1286 1087 1431 1142 enim
1473 1097 1693 1157 peccata
1740 1086 1824 1143 di-

226 1175 412 1242 mittit,
437 1185 494 1231 et
521 1179 677 1247 quasi
709 1177 776 1232 de
798 1192 1020 1234 carcere
1049 1178 1280 1234 liberat:
1309 1195 1476 1250 regna
1506 1189 1688 1235 autem
1713 1194 1825 1234 cm-

225 1270 400 1327 lorum
429 1286 538 1327 non
577 1279 761 1343 potest
802 1270 1030 1327 donare.
1060 1273 1119 1328 Si
1159 1288 1265 1331 non
1305 1274 1450 1329 enim
1489 1272 1686 1345 aliquis
1729 1290 1824 1343 per

225 1379 423 1436 opera,
485 1374 540 1420 et
590 1364 750 1420 (idem
801 1366 1132 1434 intraverit,
1197 1382 1304 1422 non
1370 1375 1548 1438 potest
1598 1382 1825 1422 securus

225 1471 372 1513 esse.
1331 1521 1352 1536 κ

301 1549 405 1614 Qui
435 1551 556 1622 fecit
585 1550 866 1606 luminaria
905 1569 1118 1625 magna.
1155 1553 1463 1609 Secundum
1495 1553 1729 1608 litteram
1757 1551 1826 1608 de

223 1643 402 1699 stellis
431 1643 506 1697 dit
527 1643 570 1698 it
597 1661 612 1696 :
644 1644 768 1700 licet
797 1636 991 1714 parvos
1023 1659 1117 1701 eas
1154 1646 1584 1715 conspiciamus,
1627 1646 1720 1701 sed
1747 1652 1828 1700 ta-

225 1750 350 1793 men
384 1751 594 1806 magnae
621 1747 766 1793 sunt.
801 1737 958 1794 Sicut
982 1738 1128 1794 enim
1159 1755 1258 1793 nos
1297 1739 1341 1793 si
1383 1739 1743 1794 ascendatnus
1772 1739 1825 1794 in

222 1841 467 1887 montem
515 1833 831 1898 excelsum,
877 1841 933 1886 et
975 1833 1256 1888 videamus
1302 1833 1356 1888 in
1403 1832 1645 1903 subjecta
1688 1833 1828 1888 valle
1859 1833 1906 1894 Β

223 1925 503 1983 hominem
522 1968 536 1990 ,
565 1925 784 1982 videtur
809 1926 965 1982 nobis
986 1929 1140 1998 quasi
1175 1943 1398 1997 parvum
1432 1927 1688 1998 quiddam
1715 1946 1726 1980 :
1754 1927 1826 1982 ita

220 2027 281 2074 et
330 2019 504 2075 stellae
548 2035 755 2090 magna:
787 2034 945 2085 sunt,
977 2035 1048 2076 ex
1094 2021 1382 2077 altitudine
1428 2032 1607 2077 autem
1648 2036 1829 2092 parvte

221 2111 385 2167 nobis
417 2111 698 2167 videntur.
724 2111 894 2168 Stella
933 2113 1082 2167 enim
1123 2129 1243 2182 quae
1281 2113 1497 2168 videtur
1534 2115 1589 2168 in
1618 2113 1830 2168 Britan-

221 2205 348 2273 nia,
383 2204 580 2274 ubique
610 2215 664 2260 et
686 2205 798 2274 ipsa
828 2213 1078 2274 apparet.
1109 2204 1219 2260 Hoc
1257 2212 1440 2260 autem
1469 2203 1599 2259 dicit
1630 2204 1696 2258 ad
1735 2218 1830 2259 eos

220 2299 422 2371 quibus
465 2298 600 2354 dixit
633 2315 646 2353 :
679 2297 790 2354 Vos
811 2298 944 2356 estis
971 2297 1063 2353 lux
1094 2297 1278 2352 mundi
1309 2297 1531 2370 (Manli.
1562 2296 1637 2368 v).

295 2392 498 2446 Lunam
535 2402 583 2447 et
629 2392 807 2447 stellas
862 2393 916 2446 in
952 2399 1253 2465 potestate»:
1293 2393 1473 2445 noctis.
1529 2389 1828 2445 Ecclesiatn

218 2486 309 2541 vel
355 2485 609 2542 doctores
659 2487 805 2555 ejus,
841 2487 942 2541 sub
973 2495 1135 2543 nocte
1177 2486 1376 2540 veteris
1406 2485 1566 2555 Legis
1607 2486 1827 2555 posuit:

218 2577 437 2633 scilicet
465 2585 522 2631 ut
551 2576 694 2646 quod
727 2577 818 2631 illa
843 2577 1111 2633 nuntiavit
1136 2577 1188 2632 in
1223 2577 1438 2645 littera,
1473 2575 1834 2646 spiritualiter

218 2670 560 2742 adintpleant
587 2681 646 2730 et.
665 2671 980 2727 observent.

299 2763 404 2829 Qui
457 2765 713 2837 percussit
746 2763 1037 2836 .Egyptum
1066 2779 1181 2818 cum
1234 2762 1588 2835 primogenitis
1617 2777 1829 2829 eorum,

219 2867 272 2911 et
299 2858 479 2912 eduxit
509 2855 682 2912 Israel
712 2857 774 2911 de
805 2858 977 2912 medio
1005 2859 1117 2930 ejus
1151 2873 1171 2912 :
1193 2858 1246 2911 in
1268 2875 1421 2912 manu
1454 2858 1578 2928 forti
1597 2897 1613 2922 ,
1646 2867 1693 2910 et
1719 2857 1835 2911 bra-

219 2951 346 3005 elsio
359 2958 582 3006 extento.
603 2950 660 3006 In
679 2951 880 3005 virtute
904 2952 1161 3020 potentiae
1179 2965 1290 3006 sua:
1310 2952 1595 3005 verberato
1607 2949 1828 3017 mundo,

220 3047 418 3103 eduxit
439 3062 539 3100 nos
571 3046 638 3100 ab
666 3046 923 3116 operibus
957 3046 1094 3117 ejus.

302 3139 407 3206 Qui
436 3139 611 3194 divisit
640 3157 782 3193 mare
811 3138 1046 3194 Rubrum
1076 3139 1130 3193 in
1158 3139 1466 3205 divisiones,
1495 3147 1542 3192 et
1565 3137 1833 3210 transjecit

1922 546 2072 597 vum,
2100 542 2154 586 et
2178 531 2343 587 vitam
2373 531 2594 587 dantem
2622 530 2748 586 huic
2774 530 2994 587 mundo.

1993 621 2322 694 Conﬁtemt‘ni
2350 623 2462 679 Deo
2485 625 2618 679 caeli.
2649 623 2890 680 Laudem
2920 625 2971 680 ei
2995 623 3235 681 debitam
3267 623 3518 682 reddite:

1921 717 2010 787 qui
2041 733 2137 772 vos
2157 734 2189 774 δ
2224 719 2465 774 terrenis
2489 720 2541 773 in
2572 728 2776 774 aeterna
2807 728 3124 775 commutat.

1993 806 2326 879 Conﬁtemini
2366 810 2588 867 Domino
2617 811 2968 868 dominorum.
3001 812 3104 879 Qui
3144 827 3243 868 vos
3271 811 3358 868 vel
3382 810 3527 883 judi-

1922 916 2045 970 ces,
2093 904 2179 959 vel
2224 904 2476 960 dominos
2509 904 2699 974 mundi
2743 906 3047 960 constituit.
3102 905 3222 976 Ipse
3262 906 3524 965 Dominus

1925 1003 2113 1050 noster
2136 996 2296 1052 lesus
2321 997 2605 1065 Christus,
2647 998 2732 1053 cui
2779 1007 2863 1054 est
2891 1014 3012 1054 cum
3047 1007 3253 1055 :eterno
3284 999 3445 1057 Patre
3469 1014 3526 1058 et

1922 1088 2126 1157 Spiritu
2154 1099 2344 1146 sancto
2371 1092 2549 1147 honor
2574 1101 2626 1146 et
2656 1091 2833 1162 gloria
2865 1093 2917 1148 in
2947 1091 3144 1148 saecula
3165 1092 3516 1150 saeculorum.

1925 1179 2120 1237 Amen.

2407 1274 2729 1333 PSALMUS
2767 1274 3056 1335 CXXXVI.

1929 1361 2174 1420 Psalmus
2219 1363 2391 1420 David
2440 1375 2647 1437 propter
2682 1367 2983 1424 Jeremiam.
3041 1371 3146 1428 Iste
3187 1375 3427 1440 pSalmus
3457 1389 3523 1428 ex

2003 1451 2136 1491 voce
2163 1441 2470 1507 prophetica
2497 1440 2768 1511 prolatus,
2801 1441 2961 1497 docet
3005 1455 3214 1498 mentes
3245 1442 3522 1499 hominum

2001 1523 2029 1561 a
2065 1511 2306 1584 peccatis
2352 1511 2470 1580 capi
2504 1528 2516 1563 :
2568 1511 2617 1565 in
2650 1515 2955 1584 exemplum
3001 1515 3146 1569 illius
3178 1523 3412 1578 terrena:
3441 1517 3530 1571 Je~

2004 1581 2238 1655 regalem
2285 1595 2405 1655 qua:
2451 1598 2477 1633 τι
2535 1583 2786 1650 gentibus
2810 1581 3013 1640 “educta
3053 1587 3106 1640 in
3148 1587 3523 1655 captivitatem

2003 1649 2258 1706 deﬂebat.
2306 1649 2507 1706 Dieant
2544 1649 2684 1724 ergo
2721 1657 2915 1728 animas
2942 1701 2956 1724 ,
2997 1671 3116 1728 qum
3167 1649 3290 1728 post
3329 1660 3528 1716 multos

2004 1737 2222 1778 errores
2253 1734 2646 1781 convertuntur
2675 1726 2742 1780 ad
2773 1726 3061 1783 Dominum
3098 1748 3109 1782 :

2009 1839 2184 1912 Super
2206 1841 2426 1909 ﬂumina
2456 1838 2739 1911 Babylonis
2771 1840 2884 1896 illic
2905 1844 3154 1904 sedimus,
3186 1853 3233 1898 et
3255 1845 3490 1914 ﬂeuimus
3514 1860 3532 1900 ε

1933 1933 2059 1988 dum
2087 1933 2480 1987 recordaremur
2501 1932 2652 1989 Sion.
2684 1933 2742 1991 Si
2772 1950 2878 1992 non
2911 1935 3106 2005 aliquis
3148 1946 3402 2006 aegrotat,
3435 1953 3534 1993 ne-

1934 2026 2037 2080 scit
2066 2032 2328 2094 quantum
2358 2024 2501 2079 valet
2530 2026 2756 2082 sanitas.
2792 2029 2855 2082 Et
2884 2030 3078 2084 iterum
3109 2028 3338 2084 claudus
3361 2029 3538 2085 nescit

1932 2125 2193 2188 quantum
2228 2117 2374 2172 valet
2413 2117 2504 2187 qni
2553 2132 2720 2174 sanus
2764 2128 2848 2174 est
2903 2120 3149 2189 pedibus.
3190 2119 3454 2177 Similiter
3481 2131 3540 2178 et

1932 2225 2112 2267 caecus
2140 2209 2431 2266 videntem.
2465 2209 2582 2266 Hoc
2611 2219 2783 2266 totum
2813 2225 2992 2280 quare
3017 2211 3221 2268 dictum
3249 2213 3368 2269 est?
3390 2212 3538 2283 Quo-

1935 2306 2077 2361 niam
2113 2307 2354 2376 psalmus
2395 2305 2532 2360 dicit
2565 2325 2576 2359 :
2611 2306 2786 2376 Super
2814 2307 3035 2376 ﬂumina
3066 2306 3353 2378 Babylonis
3377 2348 3393 2374 ,
3425 2308 3541 2364 illis

1932 2400 2158 2454 sedimus
2186 2407 2233 2453 et
2255 2399 2516 2469 ﬂeuimus,
2543 2399 2668 2452 dum
2692 2399 3087 2454 recordat'emur
3109 2399 3263 2455 Sion.
3297 2400 3540 2470 Babylon

1934 2493 2170 2563 confusi."
2211 2493 2626 2562 interpretatur.
2673 2490 2816 2561 Ergo
2866 2492 3105 2562 Babylon
3148 2491 3238 2547 hic
3282 2493 3542 2548 mundus.

1935 2586 2200 2642 Peccator
2228 2602 2360 2658 ergo
2401 2587 2491 2658 qui
2519 2586 2717 2642 cecidit
2745 2585 2816 2642 de
2847 2587 3123 2657 paradiso,
3149 2586 3302 2642 venit
3344 2588 3395 2642 in
3429 2588 3542 2642 val-

1934 2679 2040 2735 lem
2085 2680 2483 2752 lacrymarnm,
2519 2680 2622 2735 hoc
2649 2690 2764 2746 est,
2798 2682 2850 2735 in
2891 2680 3253 2752 Babylonem,
3293 2683 3346 2735 in
3377 2681 3541 2738 istum

1936 2771 2221 2827 mundum.
2271 2773 2443 2842 Magis
2491 2784 2670 2828 autem
2719 2771 2985 2842 propheta
3028 2789 3093 2828 ex
3148 2787 3380 2843 persona
3419 2773 3540 2843 ejus

1935 2865 2024 2934 qui
2055 2865 2252 2921 cecidit
2281 2865 2453 2920 dicit:
2491 2865 2666 2937 Super
2693 2866 2911 2934 ﬂumina
2952 2864 3260 2937 Babylonis.
3310 2864 3538 2924 Flumen

1932 2965 2115 3013 autent
2147 2956 2461 3028 Babylonis,
2494 2955 2715 3027 quando
2744 2955 2946 3012 videris
2977 2957 3216 3026 aliquem
3245 2955 3538 3027 pulchrum

1935 3051 2002 3106 ad
2038 3051 2226 3105 horam
2248 3089 2264 3118 ,
2300 3059 2353 3105 et
2398 3060 2672 3120 mgrotans
2712 3049 3012 3120 perdiderit
3043 3049 3502 3120 pulchritudinem
3525 3091 3541 3117 ,

1937 3154 1992 3200 et
2014 3154 2319 3200 marcescat
2347 3143 2453 3199 llos
2479 3143 2652 3213 ipsius
2679 3163 2689 3198 :
2717 3143 2805 3200 hic
2835 3146 2974 3200 sicut
3003 3146 3205 3202 ﬂamen
3237 3145 3464 3215 transit,
3489 3155 3546 3202 et

221 3230 400 3287 Israel
447 3249 538 3304 per
586 3231 811 3286 medium
856 3235 991 3305 εἰπε.
1032 3231 1094 3288 In
1142 3231 1330 3286 multis
1376 3232 1522 3288 enim
1574 3230 1834 3301 gradibus
1861 3229 1907 3298 C
1939 3255 2093 3310 aqua:
2121 3238 2477 3294 succedentes
2499 3238 2597 3293 sibi
2630 3239 2937 3306 venientes,
2973 3250 3028 3296 et
3059 3240 3384 3298 recedentes
3415 3257 3542 3312 per,

222 3325 517 3383 scanditur
547 3341 648 3397 per
676 3325 836 3397 hujus
867 3326 1052 3381 saeculi
1077 3325 1304 3393 ﬂuctus,
1335 3335 1393 3382 ut
1419 3326 1483 3380 ad
1510 3342 1633 3381 eum
1665 3325 1836 3398 possit

219 3434 392 3490 quem
424 3429 609 3475 mente
637 3428 838 3487 tuetur,
870 3419 1154 3475 accedere.

303 3509 376 3563 Et
425 3510 647 3564 excussit
692 3508 1025 3564 Pharaonem
1053 3520 1100 3564 et
1139 3510 1418 3564 exercitum
1457 3513 1573 3582 ejus
1618 3509 1673 3564 in
1701 3509 1836 3564 mari

225 3604 438 3662 Rubro.
485 3604 542 3659 Si
592 3603 758 3659 Israel
788 3606 995 3668 simus,
1025 3603 1166 3658 Deus
1198 3611 1527 3672 pugnat‘pro
1555 3601 1746 3668 nobis,
1781 3610 1834 3657 et

226 3711 339 3754 nos
365 3695 704 3762 tacebimus,
733 3705 786 3750 et
819 3695 1118 3764 prosternit
1159 3693 1437 3750 diabolum
1476 3709 1600 3749 cum
1629 3693 1838 3752 satellio

221 3791 379 3850 tibus
400 3791 516 3846 suis
545 3807 559 3842 :
592 3805 660 3846 ne
689 3789 852 3846 nobis
881 3803 1082 3845 nocere
1113 3788 1350 3845 valeant.

306 3883 412 3949 Qui
436 3883 731 3940 transduxit
769 3883 1022 3956 populum
1049 3897 1198 3936 suum
1240 3897 1330 3950 per
1371 3880 1648 3936 desertum.
1680 3877 1836 3934 Sem-

225 3989 335 4047 per
367 3975 602 4045 populus
639 3975 729 4030 Dei
767 3990 861 4044 per
887 3973 1103 4029 deserta
1128 3970 1292 4044 hujus
1320 3970 1505 4028 mundi
1535 3969 1838 4026 transduci-

226 4077 346 4135 tur,
377 4067 732 4139 quoadusque
751 4068 802 4122 in
833 4077 1033 4123 terram
1064 4065 1504 4137 repromissionis
1529 4062 1838 4120 introduca-

224 4169 348 4216 tur.
385 4157 488 4225 Qui
516 4160 696 4215 eduxit
727 4176 918 4231 aquam
948 4159 1011 4214 de
1033 4168 1180 4232 petra
1213 4161 1380 4225 rupis.
1410 4161 1456 4216 Α
1479 4159 1700 4214 Christo
1734 4157 1838 4212 Do-

225 4252 410 4320 mino,
437 4250 525 4322 qui
557 4261 641 4308 est
670 4253 885 4308 stabilis
913 4261 1068 4323 petra
1087 4295 1100 4317 ,
1130 4253 1218 4308 vel
1250 4251 1587 4322 Baptismutn
1621 4267 1838 4322 proces-

225 4346 342 4411 sit,
378 4345 461 4401 vel
495 4345 748 4416 poculum
780 4354 1000 4400 aeternae
1029 4346 1155 4400 vita:
1184 4347 1446 4400 manavit.

310 4435 420 4502 Qui
448 4437 701 4509 percussit
724 4446 896 4508 gentes
921 4437 1113 4492 multas
1137 4479 1152 4504 ,
1186 4447 1231 4491 et
1263 4436 1453 4492 occidit
1484 4453 1628 4508 reges
1657 4436 1838 4506 fortes.

232 4533 384 4588 Seon
428 4547 606 4602 regum
636 4533 1080 4598 Amorrha‘orum,
1114 4541 1162 4587 et
1208 4531 1287 4604 Og
1325 4549 1491 4604 regem
1536 4529 1710 4586 Busan
1736 4573 1752 4599 ,
1793 4537 1840 4584 et

1937 3341 2100 3396 eunt,
2132 3340 2189 3386 et
2234 3332 2431 3386 iterum
2463 3331 2582 3386 alize
2615 3332 2888 3400 oriuntur,
2917 3345 2969 3390 et
3002 3333 3134 3402 ipsa:
3163 3343 3392 3404 pereunt
3422 3351 3436 3392 :
3467 3336 3541 3390 ita

1936 3433 1994 3482 et
2019 3425 2072 3480 in
2101 3425 2205 3480 hoc
2227 3423 2430 3479 mundo
2452 3441 2558 3494 quo
2581 3424 2647 3480 ad
2671 3434 3006 3482 momentum
3031 3436 3126 3481 aut
3150 3426 3369 3496 aliquod
3402 3437 3542 3483 tem-

1936 3535 2038 3590 pus
2058 3560 2074 3587 ,
2101 3528 2196 3576 aut
2221 3518 2484 3587 ditamur,
2513 3529 2607 3573 aut
2632 3522 2806 3577 fortes
2829 3534 3049 3586 sumus,
3083 3530 3176 3576 aut
3203 3521 3422 3592 pulchri
3451 3538 3543 3578 stt-

1939 3631 2093 3682 utus,
2123 3624 2178 3670 et
2220 3624 2339 3685 past
2382 3613 2655 3670 modicum
2691 3615 2887 3670 transit
2933 3615 3076 3672 sicut
3105 3631 3247 3686 aqua
3289 3626 3344 3671 et
3375 3617 3541 3687 perit.

1936 3705 2013 3762 lbi
2058 3720 2191 3775 ergo
2232 3705 2498 3770 sedimus,
2543 3712 2598 3760 ei;
2624 3705 2898 3772 llevimus,
2945 3705 3078 3762 dum
3119 3707 3543 3764 recordaretnur

1934 3799 2091 3854 Sion.
2124 3799 2279 3854 Licet
2309 3799 2528 3870 quidem
2559 3799 2692 3854 vitio
2731 3808 2922 3854 nostro
2959 3797 3258 3854 cecidimus
3285 3799 3354 3855 de
3387 3815 3543 3869 para-

1951 3888 2059 3945 liso
2091 3907 2104 3942 :
2140 3899 2318 3944 tamen
2348 3888 2750 3944 reminiscimur
2779 3889 2978 3960 prioris
3002 3889 3275 3944 felicitatis
3300 3933 3314 3957 ,
3342 3899 3396 3943 et
3428 3904 3538 3948 non

1938 3980 2332 4036 obliviseimur.
2365 3980 2432 4034 Et
2457 3979 2549 4036 ille
2579 3979 2664 4048 qui
2687 3979 2756 4036 de
2779 3979 3147 4062 Jerosolymis
3173 3979 3456 4035 descendit
3483 3981 3536 4038 in

1937 4073 2176 4138 Jericho,
2204 4089 2326 4143 quae
2359 4073 2747 4142 interpretatur
2778 4073 2925 4138 luna,
2959 4071 3064 4127 hoc
3087 4079 3199 4137 est,
3231 4087 3354 4141 qua:
3382 4087 3536 4128 sem-

1942 4184 2037 4239 per
2069 4176 2308 4221 ntutatur
2357 4163 2498 4237 (hate
2529 4174 2706 4220 autem
2739 4164 3060 4235 intelligitur
3095 4178 3337 4232 praesens
3376 4180 3537 4220 mun-

1940 4257 2089 4330 dus),
2113 4257 2165 4312 in
2191 4258 2430 4312 latrones
2456 4256 2665 4322 incidit,
2691 4265 2744 4311 et
2767 4255 3143 4312 Samaritanus
3165 4256 3425 4311 tuliteum
3442 4297 3458 4326 ,
3485 4268 3540 4312 et

1942 4352 2066 4408 oleo
2093 4360 2148 4406 et
2177 4350 2304 4406 vino
2331 4359 2524 4417 curat,
2556 4349 2791 4406 miscens
2811 4347 3188 4406 austeritatem
3219 4365 3344 4406 cum
3379 4351 3543 4406 mise-

1942 4445 2176 4502 ricordia
2200 4443 2356 4516 (Luc.
2390 4442 2466 4502 xl.
3185 4507 3187 4509 ,

2019 4539 2084 4594 In
2113 4539 2358 4594 salicibus
2386 4539 2440 4594 in
2489 4537 2655 4591 medio
2677 4538 2790 4607 ejus
2819 4537 3186 4607 suspendimus
3220 4553 3415 4611 organa
3445 4548 3542 4594 no-

231 4627 422 4684 ausniu
448 4643 608 4697 regna
637 4625 889 4682 Chanaan
920 4626 1132 4684 occidit.
1160 4626 1356 4684 Omnia
1386 4643 1547 4698 regna
1578 4626 1783 4697 peccati
1808 4641 1835 4680 a
1857 4615 1915 4674 Ι)
1941 4641 2083 4687 stra.
2115 4632 2260 4687 Salis
2286 4631 2447 4686 talem
2467 4640 2722 4685 naturam
2751 4629 2917 4684 habet
2943 4649 2953 4683 :
2987 4639 3072 4686 est
3092 4631 3309 4702 quidem
3341 4633 3542 4703 lignutn

231 4718 468 4774 Christo
496 4733 760 4788 percussa
790 4719 924 4773 dicit
945 4736 957 4773 :
982 4719 1085 4787 Qui
1116 4719 1388 4790 percussit
1417 4735 1571 4790 reges
1596 4731 1840 4790 magnos.

1947 4725 2380 4791 infructuosum,
2413 4734 2469 4779 et
2493 4722 2694 4779 dicitur
2721 4732 2747 4760 ιι
2773 4723 2919 4794 quod
2949 4723 2996 4779 si
3021 4723 3143 4796 quis
3172 4741 3238 4781 ex
3279 4727 3366 4780 illa
3396 4731 3544 4784 acci-

232 4810 490 4868 Primum
521 4812 790 4882 percussit
817 4810 1184 4877 l‘haraonem,
1207 4812 1298 4882 qui
1322 4811 1641 4881 intelligitur
1661 4811 1848 4866 diabo-
1949 4819 2064 4890 piat
2083 4817 2358 4890 potionem
2391 4824 2483 4870 aut
2503 4815 2810 4879 manducet,
2837 4817 2981 4874 ﬁlios
3002 4833 3110 4874 non
3141 4818 3283 4874 facit.
3313 4817 3385 4872 Ibi
3416 4835 3546 4890 ergo

232 4909 358 4975 lus,
391 4915 447 4962 et
477 4909 557 4964 sic
587 4909 888 4964 exercitum
919 4908 1060 4979 ejus,
1087 4907 1228 4966 sicut
1256 4907 1308 4962 in
1342 4907 1608 4977 superiori
1639 4907 1849 4978 psalmo
1951 4909 2338 4982 suspendimus
2367 4923 2573 4980 organa
2603 4918 2818 4966 nostra,
2855 4911 3129 4981 organum
3151 4920 3338 4966 autem
3364 4912 3544 4968 ιιοιηί.

233 5000 627 5070 exposuimus.

323 5090 392 5146 Et
417 5092 563 5148 dedit
605 5102 796 5148 terram
840 5107 1016 5150 eorum
1057 5091 1456 5148 Iuereditatem:
1501 5091 1851 5146 [nereditatem

236 5183 425 5240 Israel
452 5187 646 5258 populo
668 5203 784 5240 suo.
818 5187 1130 5242 Christiano
1157 5187 1360 5256 utique.

327 5277 466 5345 Quia
495 5280 548 5333 in
591 5279 890 5336 nuntilitate
911 5289 1088 5336 nostra
1129 5294 1324 5334 memor
1353 5279 1452 5350 fuit
1481 5278 1643 5332 nostri
1677 5277 1854 5332 Domi-

241 5387 396 5428 nus:
420 5374 664 5444 quoniam
708 5375 763 5430 in
805 5375 1053 5432 swculum
1097 5373 1453 5432 misericordia
1487 5375 1619 5444 ejus.
1654 5372 1725 5430 Ut
1756 5388 1854 5429 nos

241 5464 504 5522 visitaret
532 5466 770 5526 adventu
791 5483 910 5524 suo.

334 5555 403 5612 Et
423 5557 633 5614 redemit
655 5576 746 5614 nos
769 5560 831 5614 de
855 5576 1010 5614 manu
1029 5560 1357 5614 inimicorum
1376 5567 1690 5614 nostrorum.
1718 5557 1861 5616 Fun-

247 5648 401 5704 dens
434 5650 486 5704 itt
520 5652 698 5722 pretio
732 5659 918 5708 nestro
945 5654 1262 5723 sanguinem
1290 5667 1469 5707 suum.

338 5776 362 5802 τι
391 5765 449 5822 Id
492 5781 599 5821 non
646 5767 715 5823 de
765 5769 954 5834 salice,
999 5770 1095 5823 sed
1113 5770 1194 5824 .de
1235 5770 1337 5824 alia
1372 5770 1579 5840 planta,
1609 5782 1771 5838 quam
1800 5767 1872 5826 A-

244 5852 427 5913 gnum
459 5845 657 5892 castum
688 5848 903 5903 vocant,
938 5848 1150 5896 veteres
1178 5839 1490 5911 prodidere.
1521 5841 1577 5895 ltt
1606 5854 1669 5895 ea
1694 5849 1873 5903 tamen

1952 5006 2038 5058 nis
2069 5018 2267 5074 corpus
2298 5011 2399 5057 est.
2434 5001 2590 5057 Sicut
2617 5003 2762 5058 enim
2797 5018 3056 5073 organum
3087 5018 3158 5058 ex
3193 5003 3376 5058 multis
3398 5005 3550 5060 fistu-

1957 5095 2020 5150 lis
2051 5093 2411 5166 compositum
2455 5103 2570 5161 est,
2602 5110 2706 5150 una
2735 5105 2913 5152 autem
2977 5093 3348 5150 modulatione
3378 5098 3551 5153 melos

1960 5188 2146 5254 mittit,
2180 5189 2252 5242 ita
2273 5197 2329 5244 et
2349 5203 2611 5258 organum
2641 5199 2883 5244 nostrum
2909 5187 3170 5244 habemus
3203 5197 3436 5258 tactum;
3460 5208 3556 5262 per

1959 5280 2172 5351 ipsum,
2215 5278 2317 5334 hoc
2361 5289 2481 5347 est,
2529 5295 2626 5349 per
2673 5295 2871 5349 opera,
2928 5278 3132 5347 melos,
3177 5283 3450 5338 canticum
3501 5294 3558 5340 et

1963 5372 2220 5446 hymnum
2265 5370 2554 5428 referimus
2589 5371 2721 5426 Deo.
2761 5369 3024 5424 Similiter
3053 5379 3108 5425 et
3152 5386 3246 5440 per
3286 5375 3553 5442 auditum,

1965 5477 2018 5522 et
2072 5481 2168 5536 per
2221 5465 2534 5530 odoratum,
2580 5473 2635 5519 et
2679 5478 2775 5534 per
2827 5471 3066 5534 gustum,
3116 5475 3170 5522 et
3218 5480 3316 5536 per
3359 5468 3562 5536 visum,

1969 5567 2026 5614 et
2074 5572 2172 5629 per
2203 5557 2299 5611 has
2349 5571 2543 5611 omnes
2600 5554 2826 5609 virtutes
2873 5555 3027 5626 quasi
3077 5554 3144 5612 de
3199 5573 3305 5614 uno
3359 5573 3568 5632 organo

1974 5652 2231 5722 hymnum
2263 5660 2315 5705 et
2337 5648 2608 5704 canticum
2640 5645 2930 5700 referimus
2970 5647 3222 5704 Domino.
3243 5649 3450 5705 Dicitur
3473 5652 3574 5709 ite-

1979 5768 2250 5826 sententia
2310 5781 2484 5843 ve_rus_
2504 5763 2873 5843 Hieronymus
2923 5763 3027 5821 fuit
3056 5763 3151 5823 lib.
3185 5783 3247 5834 tt,
3289 5782 3408 5839 cap.
3446 5787 3575 5843 λιν,

1981 5847 2338 5898 commcntar.
2369 5839 2420 5891 in
2449 5835 2784 5894 Zachariam.
