4008 6336
476 349 612 407 ’ΞΜ

1277 329 1628 392 APPENDIX
1666 327 1760 387 AD
1797 320 2040 382 TOMUM
2080 316 2438 379 SEPTIMUM
2479 314 2539 375 S.
2583 309 2980 372 IIIERONYMI.

3643 299 3788 361 ηδε

471 451 596 521 rum
626 459 775 516 salix
802 455 1038 513 radicem
1071 465 1179 508 non
1202 449 1423 505 habere.
1461 445 1567 503 Sed
1593 445 1638 500 si
1664 437 1848 499 ramus
1869 410 2083 495 absciu;
2108 437 2159 498 Α
2190 435 2386 491 Beatus
2403 447 2534 504 ergo
2562 439 2644 488 est
2667 429 2756 501 qui
2801 425 2986 484 statim
3008 421 3261 488 abscidit,
3295 426 3351 478 et
3393 417 3569 476 allidit
3598 415 3667 474 ad
3695 432 3788 489 pe-

485 559 656 621 ditur,
689 563 745 611 et
774 563 799 591 ⁸
831 553 1105 624 plantatur
1143 560 1305 602 ειεευε
1353 558 1570 615 aquam,
1619 540 1802 596 statim
1840 533 2080 591 virescit.

481 649 561 706 Ita
593 657 773 704 autem
802 653 856 701 et
885 651 1158 715 peccator,
1184 640 1312 695 licet
1347 633 1689 708 peccaverit,
1713 632 1841 687 licet
1865 627 2084 685 cecide-

479 742 556 797 rit
591 760 604 796 :
639 750 817 795 tamen
869 737 913 792 si
946 736 1017 791 sit
1042 749 1201 791 secus
1232 745 1425 803 aquas,
1455 728 1560 784 hoc
1583 736 1687 796 εει,
1729 723 1773 779 si
1804 723 1932 793 legit
1959 735 2088 776 san-

482 846 599 894 ctas
637 835 978 904 Scripturas,
1012 838 1067 886 et
1094 828 1262 884 .audit
1291 825 1513 882 verbum
1543 822 1784 879 divinum
1823 833 1853 874 a
1896 824 2086 872 sancto

476 932 618 999 viro,
651 929 793 985 viret
815 926 934 998 ejus
985 926 1166 981 anima
1191 965 1206 993 ,
1263 924 1400 979 etin
1450 918 1823 994 pmnitentiam
1855 927 2087 971 conver-

475 1026 633 1081 titur.

556 1116 695 1184 Quia
723 1113 835 1170 illic
863 1115 1314 1185 interregaserunt
1335 1124 1449 1178 nos,
1475 1106 1560 1176 qui
1579 1105 1806 1177 captivos
1829 1103 2087 1156 duxerunt

479 1227 598 1278 nos,
631 1208 783 1264 verba
806 1206 1147 1274 canticorum,
1182 1213 1290 1260 etc.
1322 1203 1610 1258 Daemones
1631 1199 1722 1270 qui
1754 1197 2090 1265 deceperunt

479 1321 606 1374 nos,
631 1312 688 1361 ct
711 1303 959 1374 captivos
982 1300 1273 1369 duxerunt,
1305 1311 1448 1353 nunc
1472 1294 1626 1366 quasi
1654 1290 1962 1348 deridentes
1986 1299 2086 1342 nos

481 1408 538 1455 et
585 1396 885 1469 gloriantes
935 1393 1125 1449 dicunt
1155 1391 1314 1447 nobis
1357 1409 1368 1442 :
1413 1386 1646 1444 Reddite
1670 1384 1830 1440 nobis
1857 1379 2086 1436 verbum

481 1491 552 1548 de
579 1491 684 1546 fide
716 1499 896 1546 vestra
922 1507 933 1542 :
965 1483 1422 1558 quemadmodum
1451 1479 1669 1552 quando
1699 1475 1866 1533 eratis
1909 1473 1962 1528 in
1991 1471 2086 1528 Je-

479 1585 717 1641 rusalem
771 1581 1033 1654 hymnum
1096 1575 1362 1634 dicebatis
1417 1575 1552 1630 Deo.
1592 1567 1946 1639 Respondent
1997 1565 2086 1635 qui

481 1683 874 1750 peccaverunt,
903 1682 959 1730 et
978 1671 1194 1743 decepti
1221 1678 1370 1737 sunt,
1398 1678 1453 1724 et
1484 1667 1707 1723 dicunt:

557 1768 827 1838 Quomodo
848 1767 1171 1823 cantabimus
1195 1763 1453 1818 canticum
1480 1757 1692 1815 Domini
1719 1757 1775 1813 in
1804 1765 1939 1810 terra
1961 1753 2085 1807 alie-

2188 537 2348 584 tram.
2383 527 2541 584 Petra
2571 533 2754 581 autem
2777 531 2863 577 est
2890 519 3162 575 Christus.

2647 611 2968 673 PSALMUS
3005 608 3321 667 CXXXVII.

2259 713 2551 785 Conﬁtebor
2581 711 2694 778 tibi,
2737 709 2981 776 Domine,
3015 708 3069 761 in
3098 714 3202 761 toto
3229 703 3385 759 corde
3413 717 3548 757 meo.
3594 699 3783 768 Qualia

2186 820 2315 867 sunt
2341 809 2588 876 vulnera,
2643 805 2752 861 tale
2797 813 2854 861 et
2903 799 3281 872 emplastrum.
3314 795 3785 867 Quemadmodum

2187 905 2333 962 enim
2387 917 2586 974 corpus
2630 900 2796 956 habet
2831 897 3046 954 diversa
3077 893 3300 950 vulnera
3335 909 3345 945 :
3380 892 3454 946 ita
3508 899 3567 946 et
3605 887 3786 943 anima

2193 995 2357 1052 habet
2387 1009 2513 1050 suas
2539 992 2825 1064 passiones
2855 997 2911 1045 et
2938 1003 3039 1044 sua
3057 986 3312 1055 vulnera,
3341 992 3396 1040 et
3419 981 3644 1038 diversa
3673 979 3790 1035 vul-

2189 1104 2346 1154 nera,
2373 1095 2430 1144 et
2470 1085 2732 1142 adversus
2786 1090 3074 1155 peccatum
3104 1080 3268 1135 talem
3303 1085 3361 1134 et
3402 1073 3784 1148 paenitentiam

2189 1182 2452 1240 debemus
2472 1194 2656 1251 agere.
2685 1178 2745 1235 Si
2792 1177 2914 1249 quis
2947 1191 3044 1248 pro
3098 1173 3351 1231 omnibus
3398 1170 3648 1243 peccatis
3677 1169 3787 1225 suis

2189 1277 2488 1334 conﬁtetur
2513 1291 2526 1329 :
2558 1277 2660 1330 iste
2686 1273 2742 1329 in
2770 1281 2886 1329 toto
2913 1270 3080 1326 corde
3101 1269 3396 1326 conﬁtetur
3426 1265 3680 1322 Domino.
3710 1263 3789 1321 Ac

2189 1372 2234 1428 si
2255 1369 2483 1426 dixisset
2517 1386 2528 1421 :
2568 1366 2896 1423 Fornicatus
2950 1371 3036 1420 est
3085 1362 3312 1434 aliquis,
3362 1359 3663 1416 conﬁtetur
3691 1372 3788 1428 pro

2191 1461 2572 1519 fornicatione.
2609 1458 2719 1514 Sed
2748 1457 3005 1530 quoniam
3046 1466 3133 1512 est
3177 1463 3272 1509 aut
3301 1467 3527 1520 avarus,
3560 1459 3656 1506 aut
3685 1449 3790 1505 ira-

2189 1554 2419 1622 cundus,
2463 1563 2556 1609 aut
2579 1552 2858 1608 detractor
2882 1592 2896 1615 ,
2930 1559 3023 1604 aut
3051 1547 3440 1618 blasphemus,
3468 1552 3529 1601 et
3555 1542 3788 1615 plurima

2192 1648 2322 1703 vitia
2372 1645 2576 1714 habet,
2611 1645 2715 1701 iste
2745 1659 2857 1699 non
2894 1641 3189 1698 conﬁtetur
3243 1639 3298 1695 in
3333 1647 3445 1694 toto
3493 1636 3686 1692 corde.
3733 1633 3789 1692 Si

2191 1741 2311 1812 quis
2341 1747 2526 1795 autem
2559 1752 2656 1808 pro
2683 1735 2938 1793 omnibus
2968 1734 3141 1802 vitiis,
3193 1741 3251 1788 et
3291 1731 3648 1802 passionibus
3675 1728 3788 1784 auio

481 1879 549 1920 na
572 1867 595 1919 ἰ)
622 1863 682 1919 lu
713 1862 953 1933 peccatis
979 1857 1282 1923 constituti,
1313 1856 1405 1926 qui
1452 1852 1750 1910 cecidimus
1771 1849 1838 1905 de
1862 1847 2086 1904 Jerusa-
2112 1839 2160 1899 B
2189 1851 2289 1890 m3!
2318 1849 2434 1889 stlte
2471 1832 2586 1904 agit
2610 1831 3010 1902 pmtlilenliam,
3046 1829 3150 1884 iste
3181 1835 3361 1898 potest
3385 1825 3574 1882 dicere
3603 1839 3618 1877 ε
3659 1821 3789 1880 Con-

475 1956 589 2012 lcm
619 1955 674 2010 in
707 1951 1082 2025 Babylonem?
1111 1949 1256 2020 Ergo
1285 1963 1396 2004 non
1441 1955 1621 2018 potest
1649 1943 1863 2015 aliquis,
1897 1941 1944 1996 si
1975 1955 2082 1995 non

477 2050 553 2106 sit
580 2057 825 2113 sanctus,
860 2045 1087 2100 laudare
1119 2043 1431 2099 Dominum.
1479 2040 1743 2096 Peccator
1781 2036 1926 2093 enim
1975 2048 2086 2090 non

479 2140 648 2198 debet
671 2149 894 2196 cantare
916 2136 1170 2202 Domino,
1204 2134 1300 2190 sed
1324 2134 1511 2204 lugere
1540 2140 1762 2202 peccata
1792 2144 1908 2184 sua.

556 2233 617 2290 Si
643 2233 833 2288 oblitus
850 2233 995 2303 fuero
1026 2227 1429 2294 tui,.lerusalem
1453 2242 1472 2280 :
1505 2224 1750 2279 oblivioni
1776 2222 1926 2277 detur
1954 2221 2085 2276 dea:-

480 2339 587 2384 tera
607 2343 739 2381 mea.
773 2324 920 2396 Ergo
948 2325 1076 2394 quia
1105 2321 1352 2392 peccavit
1379 2326 1436 2375 et
1461 2316 1682 2384 cecidit,
1716 2314 2089 2371 reminiscitur

473 2420 678 2493 prioris
688 2415 1128 2476 conversationis
1142 2425 1198 2472 et
1216 2413 1544 2478 Jerusalem,
1560 2410 1935 2481 proponitque
1949 2406 2086 2463 sibi:

478 2513 625 2586 quod
650 2512 756 2567 nisi
787 2525 1005 2581 semper
1030 2508 1108 2564 tui
1137 2522 1352 2564 memor
1371 2520 1489 2573 ero,
1520 2512 1810 2574 etsemper
1835 2502 1888 2556 in
1907 2507 2089 2556 mente

481 2607 712 2663 habeam
740 2646 756 2672 ,
790 2602 1035 2658 oblivioni
1074 2605 1223 2656 detur
1251 2599 1468 2655 dextera
1494 2613 1639 2666 mea,
1674 2595 1779 2651 hoc
1810 2601 1897 2649 est
1923 2608 2087 2664 Opera

476 2714 621 2756 mea.
653 2696 772 2753 Non
811 2695 948 2751 dixit
974 2694 1195 2750 sinistra
1219 2735 1234 2760 ,
1284 2692 1380 2748 sed
1407 2693 1642 2746 dextera.
1677 2688 1914 2745 Sinistra
1944 2687 2088 2741 enim

480 2806 699 2863 semper
730 2792 781 2845 in
812 2789 1090 2846 oblivione
1122 2796 1226 2843 est.
1263 2786 1356 2842 Vis
1385 2800 1516 2857 ergo
1549 2799 1768 2854 semper
1808 2782 1863 2836 in
1886 2795 2091 2837 memo-

478 2886 562 2941 ria
596 2884 810 2939 Domini
834 2882 999 2938 esse?
1025 2880 1274 2938 dexterm
1305 2895 1470 2950 opera
1497 2879 1598 2933 fac.

553 2977 832 3033 Adhwreat
859 2975 1043 3048 lingua
1081 2991 1196 3028 mea
1218 2972 1452 3044 faucibus
1497 2971 1621 3026 meis
1653 2986 1669 3023 :
1707 2970 1750 3024 si
1779 2985 1882 3024 non
1915 2968 2094 3023 memi-

480 3089 605 3129 nero
640 3073 737 3126 tui.
793 3070 907 3125 lIoc
945 3077 1050 3137 est,
1083 3083 1193 3124 non
1241 3067 1470 3123 habeam
1514 3081 1690 3136 neque
1721 3079 1885 3135 opera
1914 3076 2094 3133 neque

479 3181 796 3224 sermonem
831 3181 844 3219 :
875 3165 923 3220 si
952 3178 1058 3219 non
1106 3161 1311 3234 jugiter
1347 3161 1614 3218 memoria
1647 3160 1723 3214 tui
1751 3168 2006 3215 versetur
2037 3158 2091 3212 in

482 3259 646 3316 corde
677 3273 824 3315 meo.

559 3353 761 3408 Memor
791 3360 916 3419 esto,
945 3348 1192 3418 Domine,
1239 3347 1469 3418 ﬁliorum
1509 3345 1708 3413 Edam,
1734 3346 1790 3400 in
1822 3345 1905 3399 die
1931 3342 2090 3400 Jeru-

486 3448 669 3503 salem.
694 3447 867 3502 Edom
901 3446 1289 3513 interpretatur
1313 3450 1519 3496 terrena
1540 3449 1596 3496 et
1626 3440 1933 3511 sanguinea.
1956 3439 2088 3506 Quis

484 3558 617 3614 ergo
639 3551 719 3597 est
753 3541 854 3596 nisi
882 3538 1172 3595 diabolus?
1202 3537 1336 3592 Vide
1375 3551 1509 3609 ergo
1531 3535 1661 3608 quid
1684 3536 1848 3590 dicat.
1884 3533 1997 3588 Hoc
2023 3548 2090 3587 ex

482 3649 722 3707 persona
751 3632 925 3689 Adam
956 3630 1153 3686 dicitur
1182 3647 1198 3684 :
1230 3630 1482 3696 Domine,
1519 3636 1797 3684 memento
1828 3623 2093 3698 quemad-

486 3727 712 3784 modum
755 3742 842 3782 me
867 3725 1107 3794 decepit,
1138 3734 1190 3778 el
1233 3722 1397 3778 traxit
1429 3738 1517 3778 me
1560 3735 1784 3793 serpens
1812 3719 2092 3784 diabolus,

485 3823 579 3893 qui
611 3820 929 3891 intelligitur
962 3815 1494 3885 Nabuchodonosor,
1519 3827 1573 3871 et
1595 3815 1753 3886 ejecit
1779 3829 1865 3868 me
1910 3813 1978 3869 de
2001 3827 2095 3882 pa-

486 3915 690 3972 radiso.
721 3914 997 3969 Memento
1024 3919 1082 3967 et
1108 3911 1357 3967 retribue
1379 3909 1429 3965 ei
1449 3953 1464 3978 ,
1513 3919 1570 3965 et
1597 3910 1832 3979 patiatur
1880 3922 2094 3978 poenam

490 4024 652 4081 quam
683 4007 800 4078 ipse
829 4021 926 4062 sua
952 4004 1158 4062 malitia
1189 4004 1320 4059 mihi
1341 4003 1560 4058 induxit
1582 4020 1592 4055 :
1614 4002 1838 4058 trahens
1862 4017 1971 4071 me,
2004 4001 2099 4057 ad-

489 4101 644 4158 duxit
667 4102 721 4156 in
756 4099 1094 4171 Babylonem
1117 4105 1173 4152 et
1202 4096 1256 4151 in
1288 4097 1562 4168 Assyrios.

565 4193 710 4248 Filia
735 4190 1019 4263 Babylonis
1050 4191 1260 4244 misera.
1281 4187 1427 4243 Filia
1449 4187 1759 4260 Babylonis,
1784 4187 1959 4244 anima
1988 4194 2093 4254 est,

493 4304 616 4358 quae
645 4301 858 4356 semper
880 4286 934 4342 in
965 4285 1210 4340 motione
1240 4291 1345 4348 est,
1367 4284 1498 4338 etin
1532 4281 1881 4348 confusione,
1912 4291 1966 4336 et
1987 4296 2095 4336 non

489 4380 701 4435 habens
728 4386 958 4444 statum,
988 4375 1085 4431 sed
1100 4385 1184 4432 est
1209 4375 1261 4430 in
1289 4374 1434 4429 vitiis
1453 4381 1509 4429 et
1531 4373 1786 4444 peccatis,
1817 4389 1938 4445 qua:
1967 4387 2094 4429 vera

491 4474 696 4529 misera
747 4480 850 4526 est.
902 4468 1094 4525 Beatus
1143 4469 1231 4537 qui
1273 4467 1518 4522 retribuet
1571 4467 1658 4520 tibi
1709 4468 2094 4522 retributionem

499 4581 657 4638 quam
680 4563 965 4618 retribuisti
979 4564 1146 4617 nobis.
1172 4562 1461 4617 Beatusest
1481 4561 1570 4631 qui
1586 4560 1854 4616 retribuet
1878 4561 1926 4616 ei
1947 4559 2091 4631 quod

2188 1928 2370 1998 ﬁtebor
2399 1927 2510 1989 tibi,
2541 1925 2786 1995 Domine,
2817 1925 2870 1978 in
2900 1931 3006 1978 toto
3038 1922 3194 1977 corde
3233 1937 3365 1976 meo.
3399 1919 3660 1987 Quoniam
3695 1933 3789 1972 au-

2188 2020 2311 2075 disti
2335 2021 2507 2074 omnia
2529 2018 2683 2074 verba
2713 2019 2817 2072 oris
2838 2017 2956 2072 mei.
2979 2015 3087 2072 Iste
3113 2013 3415 2070 versiculus
3437 2012 3493 2067 in
3519 2009 3789 2066 Ilebraico

2187 2129 2295 2170 non
2324 2113 2576 2170 habetur.
2607 2111 2880 2169 Caeterum
2913 2107 3056 2179 quod
3087 2106 3238 2170 dicit,
3266 2106 3370 2160 hoc
3399 2113 3507 2172 est,
3541 2110 3787 2174 propter-

2188 2223 2252 2265 ea
2277 2207 2581 2265 conﬁtebor
2622 2204 2801 2261 tibi'in
2831 2212 2947 2259 toto
2974 2200 3142 2258 corde
3189 2214 3342 2267 meo,
3378 2197 3482 2254 hoc
3523 2204 3651 2262 est,
3696 2207 3790 2265 pro

2189 2300 2446 2356 omnibus
2491 2300 2640 2354 vitiis
2667 2296 2806 2353 meis
2834 2308 2888 2352 et
2938 2294 3179 2368 peccatis
3208 2308 3224 2348 :
3257 2291 3517 2364 quoniam
3546 2303 3656 2346 non
3697 2301 3788 2358 pro

2189 2413 2299 2454 uno
2330 2398 2464 2452 vitio
2489 2395 2775 2452 confessus
2815 2409 2932 2449 sum
2961 2392 3079 2458 tibi,
3114 2400 3171 2446 et
3199 2387 3475 2446 exaudisti
3504 2401 3617 2443 me.

2263 2491 2330 2546 In
2347 2498 2621 2563 conspectu
2636 2485 2941 2558 angelorum
2959 2484 3182 2556 psallam
3201 2481 3315 2537 tibi.
3332 2480 3471 2538 Vide
3488 2475 3788 2550 provectio-

2191 2600 2315 2642 nem
2341 2582 2682 2656 pteuitentis,
2701 2582 2827 2652 quia
2849 2587 2970 2650 post
2992 2575 3417 2640 confessionem,
3442 2583 3497 2628 et
3521 2567 3782 2642 pmniten-

2190 2680 2342 2742 tiam,
2361 2693 2484 2733 cum
2499 2675 2709 2747 angelis
2726 2670 3242 2743 mereturpsallere.
3257 2669 3362 2734 Qui
3378 2677 3564 2723 autem
3579 2664 3754 2736 psallit
3766 2703 3781 2730 ,

2186 2773 2299 2842 jam
2329 2784 2437 2825 non
2463 2769 2572 2839 agit
2603 2764 3002 2838 paenitentiam,
3032 2763 3129 2819 sed
3151 2762 3356 2833 gratias
3386 2759 3501 2831 agit
3527 2766 3587 2814 et
3624 2756 3784 2812 bene-

2192 2863 2344 2920 dicit.
2375 2862 2618 2916 Adorabo
2643 2860 2712 2914 ad
2744 2859 2992 2931 templum
3020 2865 3259 2912 sanctum
3289 2865 3455 2910 tuum.
3488 2851 3546 2908 Si
3579 2850 3684 2906 hoc
3711 2855 3786 2903 est

2193 2958 2454 3029 templum
2484 2955 2630 3027 quod
2661 2971 2806 3011 nunc
2835 2953 3054 3010 videtur
3082 2952 3387 3016 desertum,
3417 2951 3470 3004 in
3496 2961 3606 3019 quo
3634 2958 3786 3016 opor-

2194 3062 2272 3111 tet
2299 3052 2530 3108 adorare
2563 3068 2577 3105 :
2611 3065 2738 3122 ergo
2767 3063 2876 3106 non
2915 3049 3127 3106 debent
3155 3046 3332 3104 Judaei
3371 3043 3626 3111 adorare,
3658 3055 3784 3113 quc-

2196 3145 2340 3201 niam
2372 3160 2623 3200 eversum
2655 3153 2742 3199 est
2801 3142 3088 3218 templum.
3120 3139 3409 3211 Templum
3451 3147 3638 3194 autem
3665 3136 3782 3194 dicit

2115 3239 2166 3305 C
2195 3251 2434 3298 sanctam
2461 3248 2516 3295 et
2545 3239 2823 3295 cmlestem
2855 3236 3184 3294 Jerusalem.

2266 3335 2438 3406 Super
2458 3331 2812 3388 misericordia
2845 3340 2933 3385 tua
2953 3340 2999 3384 et
3028 3328 3240 3384 veritate
3271 3337 3378 3383 tua.
3405 3325 3675 3383 Peccator
3693 3340 3782 3381 au-

2192 3427 2307 3484 diat
2330 3424 2787 3491 misericordiam,
2812 3424 2995 3495 justus
3025 3433 3206 3478 autem
3236 3427 3291 3475 et
3315 3419 3589 3491 superbus
3613 3417 3782 3473 audiat

2191 3520 2477 3578 veritatem
2490 3560 2502 3574 .

2268 3613 2647 3685 Multiplicabis
2674 3613 2730 3668 in
2753 3611 2929 3667 anima
2949 3625 3065 3665 mea
3091 3609 3350 3664 virtutem.
3381 3603 3780 3677 Multiplieabis,

2197 3712 2302 3767 hoc
2321 3718 2428 3777 est,
2461 3709 2648 3764 multis
2665 3705 3122 3765 sollicitudinibus
3137 3704 3511 3774 subiacentem
3535 3703 3780 3757 animam.

2269 3805 2628 3878 Con/iteantur
2667 3805 2780 3872 tibi,
2811 3801 3057 3869 Domine,
3094 3815 3268 3855 omnes
3305 3814 3449 3870 reges
3478 3809 3652 3854 term.
3683 3796 3780 3851 Be-

2197 3916 2290 3974 ges
2319 3909 2480 3957 terra:
2511 3907 2637 3954 sunt
2666 3898 2753 3952 isti
2806 3899 2898 3968 qui
2939 3903 3170 3967 regnant
3209 3899 3457 3966 peccato.
3502 3892 3648 3962 Ergo
3690 3887 3780 3958 ipsi

2197 3994 2559 4050 conﬁteantur
2609 3991 2700 4063 qui
2747 4001 2981 4063 regnant
3033 3996 3281 4060 peccato.
3337 3986 3451 4043 Nec
3517 3984 3662 4042 enim
3723 3982 3782 4038 de

2197 4088 2412 4160 regibus
2464 4086 2627 4158 hujus
2695 4086 2883 4142 mundi
2933 4083 3194 4154 scriptum
3225 4089 3357 4137 est:
3408 4078 3517 4136 Cor
3546 4078 3687 4150 regis
3733 4076 3780 4130 in

2197 4198 2361 4240 manu
2401 4183 2494 4238 Dei
2537 4179 2735 4252 (Prov.
2770 4179 2914 4252 χχι).
2947 4179 3113 4234 Putas
3141 4193 3237 4232 cor
3263 4175 3464 4232 Juliani
3490 4171 3779 4242 impiissimi

2197 4275 2252 4332 iu
2285 4291 2447 4332 manu
2473 4275 2565 4330 Dei
2589 4272 2726 4328 fuit?
2750 4272 2936 4337 Absit;
2970 4280 3081 4337 aut,
3110 4268 3363 4334 Neronis,
3397 4279 3493 4323 aut
3521 4265 3782 4322 Maximia-

2198 4370 2276 4436 ni,
2309 4380 2362 4426 et
2393 4368 2540 4424 Decii
2574 4366 3027 4437 persecutorum‘t
3067 4365 3242 4420 Absit.
3277 4362 3380 4420 Sed
3414 4362 3522 4418 illis
3549 4361 3680 4418 dicit
3703 4356 3780 4427 qui

2197 4469 2429 4532 regnant
2453 4460 2835 4530 peccato,quia
2866 4459 2953 4514 isti
2979 4457 3068 4528 qui
3088 4458 3312 4513 vincunt
3330 4457 3482 4520 vitia,
3511 4462 3568 4510 et
3588 4453 3779 4524 passio-

2202 4569 2300 4608 nes
2330 4555 2546 4619 animar,
2578 4563 2633 4607 et
2659 4559 2888 4622 regnant
2915 4559 3158 4621 peccato,
3203 4564 3298 4606 cor
3321 4563 3512 4605 eorum
3542 4546 3599 4602 in
3629 4559 3777 4601 manu

495 4660 614 4731 ipsa
637 4655 1179 4726 fecit.Verbigratia:
1209 4655 1468 4725 ejecitme
1497 4654 1564 4708 de
1590 4655 1844 4724 paradiso
1870 4673 1880 4707 :
1904 4669 2005 4725 ego
2029 4654 2097 4709 il-
2121 4633 2177 4695 Ῑ)
2202 4649 2296 4704 Dei
2340 4658 2443 4704 est.
2490 4647 2627 4716 Quin
2655 4646 2936 4701 audierunt
2965 4647 3139 4701 omnia
3181 4643 3332 4700 verba
3375 4642 3479 4698 oris
3531 4642 3630 4696 tui.
3661 4638 3784 4708 Quia

492 4749 1111 4821 lamperabstinentiam
1133 4747 1337 4804 reduco
1376 4748 1597 4803 ibidem.
1631 4747 1854 4818 Decepit
1881 4763 1968 4803 me
1999 4763 2096 4818 per

500 4843 927 4900 fornicationem
956 4860 968 4894 :
988 4855 1090 4912 ego
1104 4841 1517 4911 percastitatem
1535 4839 1739 4896 reduco
1764 4839 1908 4895 illam
1929 4842 1982 4894 in
2009 4841 2099 4896 Je-

491 4939 759 5004 rusalem,
788 4945 844 4994 et
869 4950 940 4992 ex
964 4934 1112 4991 vitiis
1135 4933 1189 4990 in
1211 4936 1489 4990 virtutem.
1520 4934 1663 5006 Ergo
1696 4949 1804 4990 non
1834 4942 1894 4990 ut
1917 4933 2096 4990 inimi-

495 5047 597 5089 cus
620 5031 782 5097 facio,
813 5029 909 5087 sed
939 5039 998 5084 ut
1026 5027 1255 5084 amicus.
1830 5036 1836 5040 ·

570 5126 764 5181 Beatus
805 5124 895 5194 qui
945 5121 1166 5189 tenebit,
1197 5131 1242 5176 et
1268 5121 1449 5176 allidet
1480 5122 1721 5191 parvulos
1748 5130 1861 5176 tuos
1892 5122 1961 5178 ad
2006 5139 2094 5196 pe-

501 5231 657 5276 tram.
701 5215 920 5272 Parvuli
966 5215 1223 5271 dicuntur
1271 5215 1650 5285 cogitationes.
1694 5217 1771 5270 Ac
1815 5216 1861 5270 si
1907 5217 2090 5273 dicat:

499 5314 629 5373 Vidi
648 5311 954 5379 mulierem,
981 5310 1268 5381 concupivi
1295 5324 1415 5365 eam
1450 5328 1461 5363 :
1495 5312 1677 5366 statim
1705 5313 1751 5367 si
1780 5328 1889 5368 non
1920 5313 2100 5369 absci-

497 5409 632 5466 dero
656 5404 1151 5478 concupiscentiam
1175 5404 1344 5471 illam,
1373 5403 1587 5459 etsicut
1618 5404 1811 5471 pedem
1841 5415 2093 5475 tenuero,

496 5514 554 5561 et
582 5503 807 5558 allisero
833 5499 899 5555 ad
923 5507 1134 5570 petram
1181 5497 1357 5554 donec
1393 5513 1560 5569 parva
1591 5505 1676 5553 est
1704 5500 2093 5569 concupiscen-

493 5599 596 5666 tia,
645 5611 756 5652 non
795 5603 976 5668 potest
1021 5601 1210 5664 postea
1257 5591 1507 5647 abscindi
1570 5592 1788 5662 quando
1834 5595 2090 5651 creverit.

566 5745 589 5772 ο
605 5733 838 5790 Videtur
850 5747 916 5788 ex
929 5732 988 5788 S.
1017 5730 1222 5787 Hilario
1239 5728 1531 5796 delibasse,
1548 5729 1643 5786 ubi
1668 5731 1780 5799 ille,
1798 5732 2075 5803 lignorum,

2197 4741 2572 4797 custodierunt
2603 4739 2853 4795 mandata
2893 4749 3000 4794 tua.

2270 4835 2339 4888 Et
2364 4841 2578 4888 cantent
2599 4835 2652 4889 in
2674 4833 2772 4888 viis
2803 4831 3036 4887 Domini.
3069 4829 3386 4901 PhiIOSOphi
3418 4828 3583 4901 hujus
3611 4821 3784 4885 saeculi

2199 4942 2310 4983 non
2361 4935 2718 4983 cantaverunt
2759 4925 2817 4980 in
2855 4925 2958 4981 viis
2991 4922 3235 4990 Domini,
3265 4924 3360 4979 sed
3385 4936 3488 4977 nos
3515 4930 3783 4978 cantamus

2197 5021 2251 5076 in
2277 5020 2377 5075 viis
2409 5019 2645 5087 Domini,
2679 5018 2782 5074 hoc
2809 5028 2913 5085 est,
2967 5017 3022 5072 in
3051 5017 3232 5090 Moyse
3257 5024 3311 5071 et
3333 5016 3387 5070 in
3433 5013 3573 5070 Isaia
3601 5055 3617 5078 ,
3657 5020 3710 5069 ct
3736 5011 3784 5066 in

2199 5115 2456 5183 Jeremia,
2487 5123 2543 5171 et
2566 5115 2634 5171 de
2685 5115 2790 5171 viis
2818 5115 2932 5170 istis
2964 5113 3213 5169 venimus
3237 5111 3304 5167 ad
3330 5109 3480 5167 illam
3506 5110 3649 5165 viam
3675 5120 3785 5177 qua:

2201 5211 2367 5269 dicit:
2397 5225 2498 5284 ego
2526 5226 2643 5268 sum
2669 5210 2776 5266 via.

2651 5303 2969 5362 PSALMUS
3007 5301 3345 5360 CXXXVIII.

2273 5402 2514 5471 Domine,
2536 5398 2880 5472 probaslime,
2909 5406 3013 5454 etc.
3048 5394 3302 5451 Hii-abitis
3323 5396 3461 5466 facta
3484 5400 3562 5450 est
3586 5389 3788 5448 scientia

2201 5507 2292 5553 tua
2319 5512 2386 5551 ex
2417 5511 2514 5550 me.
2551 5491 2887 5550 Manifestius
2917 5491 3019 5546 hoc
3064 5487 3426 5561 Symmachus
3472 5487 3786 5558 interpreta-

2201 5602 2290 5650 tus
2317 5600 2402 5648 est
2429 5609 2443 5650 :
2487 5588 2927 5663 Prtetergreditur
2949 5602 3028 5642 me
3065 5585 3280 5640 scientia
3300 5593 3391 5639 tua
3409 5627 3424 5652 ,
3455 5582 3511 5638 id
3540 5592 3654 5650 est,
3683 5592 3784 5634 non

2189 5731 2407 5808 (tumido
2433 5730 2563 5808 fixa,
2593 5727 2855 5782 radicibus
2876 5743 2985 5783 sese
3009 5725 3464 5808 ipsa_demergant.
3493 5721 3560 5808 Et
3578 5721 3680 5808 sub
3696 5720 3783 5802 ᾐκτ

489 5807 698 5876 inquit,
723 5805 940 5876 salicum
966 5813 1154 5858 natura
1182 5818 1241 5857 ea
1272 5812 1365 5868 est,
1396 5811 1452 5876 ut
1478 5788 1706 5876 arefacta
1733 5788 1868 5874 licet:
1902 5807 1944 5858 si
1971 5788 2082 5858 mo:-
2179 5807 2274 5876 jus
2298 5788 2501 5876 arboris
2547 5788 2734 5876 natura
2775 5788 3083 5871 sanctos,'et
3112 5797 3287 5868 ﬁdeles
3319 5788 3456 5852 viros
3505 5788 3781 5868 signiﬁcari

501 5874 739 5948 do‘aquis
769 5875 1054 5945 alluantur,
1085 5877 1336 5931 virescant
1372 5888 1388 5928 :
1413 5874 1596 5930 deinde
1626 5876 1826 5947 excisa,
1851 5887 1998 5949 atque
2027 5877 2081 5932 in

2189 5873 2493 5948 praphetica
2519 5873 2798 5930 auctoritas
2822 5881 2920 5930 est.
