4008 6336
243 315 376 373 1255

1183 309 1606 368 BREVIARIUM
1643 309 1710 367 IN
1748 309 2084 369 PSALMOS.
2125 311 2368 370 PSALM.
2408 280 2566 370 exc.

3402 316 3542 374 1254

228 445 451 504 possum
486 438 574 486 tua
599 428 742 485 scire
769 435 1001 495 secreta,
1030 436 1086 482 et
1108 427 1160 481 in
1193 423 1522 496 profundum
1545 424 1826 496 sapientiai
1851 425 1906 487 Î‘
2003 422 2131 482 Dixi
2159 424 2413 495 Domino,
2442 425 2585 483 Deus
2611 443 2753 485 meus
2791 444 2845 484 es
2871 437 2946 482 tu.
2979 428 3034 485 Si
3057 440 3167 484 non
3205 440 3267 484 es
3293 437 3536 500 sanctus,

223 534 333 584 tua:
357 539 511 581 mens
533 537 650 579 mea
677 536 784 577 non
814 528 991 591 potest
1019 519 1268 576 introire.

300 618 415 687 Quo
446 617 532 673 ibo
553 633 585 670 a
605 616 793 688 spiritu
823 624 912 669 tuo
935 615 959 668 ?
979 621 1072 668 aut
1111 631 1142 668 a
1169 613 1302 682 facie
1330 621 1419 666 tua
1446 627 1546 679 quo
1576 610 1774 683 fugiam
1805 612 1828 664 ?

221 709 513 781 Quomodo
543 718 725 765 autem
767 715 910 762 tuam
947 720 1167 777 possum
1195 702 1660 774 comprehendere
1687 701 1828 757 noti-

222 805 379 871 tiam,
409 817 533 860 cum
567 801 620 856 in
653 809 706 856 te
733 799 846 854 sint
887 802 1090 865 omnia,
1123 797 1370 866 nihilque
1397 795 1465 852 sit
1493 795 1635 866 quod
1663 803 1716 850 te
1746 793 1829 850 fu-

219 897 354 971 giat,
385 905 442 952 et
471 895 669 968 ubique
697 894 771 950 sit
795 892 1020 962 spiritus
1043 891 1207 948 tuus?
1241 891 1319 947 Ex
1345 905 1452 960 quo
1475 889 1826 961 intelligimus

219 991 390 1046 Deum
421 1002 542 1045 esse
571 987 661 1058 qui
695 994 842 1042 totus
871 985 1072 1056 ubique
1093 986 1186 1040 sit.

291 1083 354 1140 Si
381 1082 668 1138 ascendero
698 1081 752 1135 in
777 1080 992 1145 caelum,
1025 1088 1082 1132 tu
1118 1078 1191 1132 ibi
1222 1094 1307 1143 es;
1330 1079 1375 1132 si
1403 1077 1721 1134 descendero
1754 1078 1823 1131 ad

215 1178 503 1252 infernum,
535 1178 689 1247 ades,
721 1185 827 1234 etc.
858 1176 1012 1232 Nulla
1043 1175 1270 1230 altitudo
1301 1185 1351 1230 te
1373 1174 1532 1229 altior
1565 1190 1582 1229 :
1616 1173 1821 1228 nullutn

214 1274 550 1347 profundum
576 1285 627 1330 te
653 1273 979 1346 profundius
1010 1289 1023 1326 :
1056 1271 1245 1328 oriens
1271 1279 1328 1327 et
1356 1268 1613 1326 occidens
1646 1269 1699 1323 in
1731 1277 1822 1324 tua

211 1371 567 1425 continentur
595 1382 782 1424 manu.

288 1459 356 1516 Et
383 1461 516 1528 dixi,
542 1459 686 1534 Ergo
715 1459 934 1516 tenebris
964 1457 1344 1514 conculcabunt
1376 1473 1476 1525 me,
1512 1464 1559 1510 et
1597 1471 1703 1510 nor
1730 1455 1823 1510 tua:

207 1572 324 1611 utea
365 1555 418 1609 in
462 1551 662 1609 deliciis
690 1555 833 1610 meis.
870 1552 926 1609 In
959 1552 1192 1609 Hebraeo
1221 1566 1414 1608 sensus
1446 1551 1548 1606 iste
1588 1558 1672 1604 est
1706 1567 1716 1602 :
1751 1545 1821 1600 Et

207 1647 346 1716 dixi,
380 1646 632 1703 Forsitan
662 1647 883 1703 tenebras
923 1645 1301 1701 conculcabunt
1349 1661 1429 1700 me
1462 1659 1480 1698 :
1509 1643 1820 1700 econtrario

207 1750 390 1798 autem
415 1757 520 1796 nox
549 1741 663 1811 ipsa
687 1739 830 1812 apud
863 1750 914 1795 te
944 1741 1125 1795 lumen
1156 1737 1257 1794 fuit
1283 1756 1296 1792 :
1323 1737 1446 1808 quia
1475 1737 1607 1792 nihil
1635 1737 1818 1794 celare

1931 533 2040 574 non
2063 527 2220 588 potes
2251 519 2394 576 hunc
2425 522 2760 578 versiculum
2792 522 2996 580 dicere.
3049 522 3145 579 Cui
3196 537 3306 578 non
3342 533 3536 594 regnat

1931 620 2236 682 peccatum,
2273 611 2376 667 hoc
2397 612 2529 668 dicit
2554 632 2565 667 :
2592 613 2728 670 Pars
2759 629 2876 671 mea
2912 613 3180 670 Dominus
3215 612 3390 684 (Psat.
3416 612 3532 685 xv).

2003 702 2128 758 Non
2150 703 2326 759 tradas
2352 721 2450 773 me,
2485 703 2726 776 Domine,
2759 724 2791 761 a
2824 708 3078 763 desiderio
3106 724 3217 763 meo
3244 709 3528 780 peccatori.

1929 795 2071 852 Dicit
2098 798 2377 868 Scriptura
2412 815 2426 850 :
2465 799 2620 865 Quod
2649 801 2694 854 si
2726 802 2848 869 quis
2880 799 3080 856 viderit
3121 801 3410 858 mulierem
3460 801 3529 856 ad

1927 891 2584 962 concupiscendum,jam
2625 894 2922 950 moechatus
2949 903 3032 950 est
3081 908 3200 950 eam
3251 894 3306 949 in
3362 892 3529 950 corde

1927 998 2028 1038 suo
2049 983 2226 1055 (Matt.
2259 985 2336 1055 v).
2368 985 2511 1056 Ergo
2548 985 2682 1042 dicit
2720 986 2986 1056 pr0plieta
3016 1003 3029 1040 :
3070 985 3151 1042 Ne
3195 985 3265 1042 de
3316 1000 3528 1042 concu-

1901 1078 2190 1148 .piscentia
2223 1093 2342 1134 mea
2374 1078 2557 1134 tradas
2585 1094 2672 1135 me
2701 1079 2959 1146 diabolo;
2985 1079 3079 1136 sed
3105 1079 3247 1136 bene
3272 1078 3402 1136 mihi
3431 1077 3530 1135 ha-

1926 1173 2017 1230 bet
2047 1173 2099 1228 in
2124 1188 2289 1243 opere
2316 1174 2581 1242 iudicare,
2611 1182 2666 1230 et
2697 1190 2807 1230 non
2843 1176 2899 1229 in
2927 1174 3282 1244 cogitatione.

1999 1264 2169 1336 Caput
2200 1267 2447 1322 circuitus
2473 1284 2672 1338 eorum,
2704 1268 2851 1323 labor
2876 1267 3132 1323 labiorum
3155 1269 3387 1338 ipsorum
3411 1283 3532 1340 ape-

1925 1359 2022 1414 riet
2049 1375 2157 1415 eos.
2181 1359 2649 1425 Quemadmodum
2677 1376 2907 1433 serpens
2927 1361 3148 1432 quando
3189 1362 3386 1417 viderit
3433 1362 3534 1416 ali-

1925 1470 2084 1526 quem
2115 1457 2423 1512 venientem
2465 1455 2533 1510 ad
2577 1457 2990 1527 percutiendum
3019 1498 3033 1523 ,
3079 1456 3347 1512 circulum
3398 1455 3529 1511 facit

1927 1550 2090 1607 totius
2115 1551 2363 1620 corporis
2417 1550 2522 1619 sui,
2573 1560 2629 1606 et
2664 1552 2717 1605 in
2759 1553 2938 1607 medio
2981 1552 3122 1607 celat
3183 1561 3382 1622 caput,
3438 1553 3529 1607 ubi

1924 1643 2028 1699 scit
2056 1643 2256 1698 habere
2282 1658 2340 1698 se
2364 1643 2564 1709 vitam;
2593 1644 2663 1698 ita
2695 1653 2753 1700 et
2781 1645 2872 1700 isti
2895 1643 3140 1700 haeretici
3175 1659 3270 1715 per
3311 1659 3524 1700 sermo-

1925 1753 2047 1794 nem
2077 1737 2528 1808 philosOphorum
2552 1778 2567 1802 ,
2595 1747 2651 1793 et
2695 1737 3007 1792 Arietotelis
3032 1780 3046 1802 ,
3095 1747 3150 1792 et
3198 1747 3525 1794 emterorum

207 1843 262 1891 te
295 1842 496 1905 potest.
528 1834 683 1903 Quod
711 1833 1068 1906 Symmachus
1100 1832 1296 1888 melius
1322 1833 1711 1901 interpretatus
1731 1840 1814 1886 est
1848 1831 1896 1892 B
1921 1830 2175 1886 videntur
2202 1845 2264 1886 se
2291 1830 2630 1886 abscondere
2653 1836 2710 1885 et
2731 1831 2882 1900 quasi
2912 1839 3220 1902 protegere,
3255 1838 3314 1886 et
3338 1831 3528 1887 defen-

205 1931 401 1988 dicens
437 1949 451 1986 :
487 1930 552 1986 Et
582 1946 692 1985 nos:
713 1931 806 1986 lux
839 1931 1035 1984 circum
1067 1946 1145 1984 me
1173 1928 1333 1982 sedet.
1366 1926 1471 1983 Sed
1499 1935 1554 1983 et
1582 1941 1814 1997 sequen-

206 2034 291 2082 tes
316 2023 602 2089 vcrsiculi,
638 2023 743 2079 hoc
772 2022 914 2079 idem
943 2022 1273 2094 significant.

280 2117 418 2184 Quia
440 2116 662 2174 tenebrte
688 2134 792 2171 non
824 2115 1233 2172 obscurabuntur
1261 2131 1295 2168 a
1326 2124 1395 2181 te,
1430 2123 1480 2169 et
1523 2129 1628 2168 nox
1666 2114 1817 2183 quasi

203 2212 316 2268 dies
370 2211 754 2268 illuminabitur
784 2227 803 2267 :
828 2211 965 2268 sicut
1019 2209 1238 2266 tenebrw
1281 2211 1395 2282 ejus
1420 2252 1434 2276 ,
1466 2208 1540 2262 ita
1561 2217 1608 2263 et
1639 2207 1814 2262 lumen

203 2309 341 2380 ejus.
375 2306 432 2363 Id
461 2314 568 2366 est.
589 2314 696 2362 tam
722 2306 867 2363 clara
899 2315 1025 2362 sunt
1051 2305 1392 2375 omnia,quae
1421 2319 1450 2359 a
1474 2313 1528 2361 te
1558 2311 1814 2375 putantur

203 2401 444 2466 occulta,
471 2409 529 2455 ut
559 2400 934 2456 manifestiora
957 2401 1069 2456 sint
1096 2399 1234 2456 luce.

279 2492 578 2564 Suscepisti
604 2510 683 2548 me
714 2494 778 2548 de
803 2504 977 2549 rentre
1006 2495 1191 2549 matris
1223 2510 1369 2551 mem.
1399 2495 1597 2564 Quinta
1634 2492 1814 2549 Editio

204 2588 279 2643 ita
313 2586 596 2642 transtulit
629 2603 642 2640 :
671 2584 927 2658 Conï¬‚asti
957 2603 1037 2641 me
1065 2587 1129 2642 de
1151 2598 1320 2642 uentre
1343 2588 1524 2642 matris
1545 2602 1691 2641 mete.

279 2678 652 2750 Imperfectum
677 2695 848 2733 meum
875 2679 1112 2734 viderunt
1143 2679 1278 2734 oculi
1305 2680 1400 2734 tui.
1435 2678 1814 2750 Imperfectum

204 2773 301 2830 hic
343 2787 442 2844 pro
471 2772 832 2844 incomposito
878 2773 1066 2843 posuit
1103 2792 1114 2826 :
1174 2772 1321 2843 quod
1349 2774 1512 2828 etiam
1542 2773 1815 2828 elementa

204 2867 449 2924 hominis
504 2876 792 2939 antequam
843 2865 1150 2924 formentur
1180 2869 1234 2924 in
1268 2879 1424 2924 utero
1452 2911 1468 2935 ,
1521 2879 1816 2940 cognoscat

205 2960 377 3017 Deus.
423 2958 492 3015 Ut
511 2961 566 3015 in
595 2961 730 3016 libro
757 2969 844 3016 tuo
875 2977 1050 3016 omnes
1078 2963 1387 3017 scribentur.
1421 2961 1491 3018 Et
1516 2962 1659 3033 quod
1690 2962 1812 3017 nul-

204 3053 297 3111 lus
347 3053 557 3125 absque
587 3055 868 3111 voluntate
921 3064 1176 3112 nascatur
1233 3056 1326 3112 Dei
1361 3073 1373 3110 :
1407 3071 1474 3112 ne
1526 3057 1812 3127 quisquam

209 3149 335 3221 ejus
367 3150 614 3205 notitiam
637 3149 1015 3223 subterfugiat.

1922 1923 2076 1980 dere.
2106 1922 2210 1980 Sed
2241 1924 2651 1980 ecclesiasticus
2679 1924 2764 1978 vir
2793 1925 2945 1995 quasi
2979 1923 3031 1978 in
3059 1922 3213 1994 virga
3239 1965 3254 1989 ,
3295 1922 3400 1979 hoc
3443 1933 3529 1980 est

1919 2015 1974 2072 in
2004 2032 2194 2082 cruce,
2223 2015 2386 2071 solvit
2415 2017 2703 2082 circulum,
2735 2029 2787 2073 et
2813 2017 3019 2073 invenit
3039 2023 3203 2088 caput
3240 2015 3442 2086 latens,
3471 2026 3528 2072 et

1920 2111 1994 2166 ibi
2025 2126 2148 2166 eum
2181 2110 2438 2180 percutit,
2487 2109 2593 2166 hoc
2615 2119 2726 2178 est,
2771 2110 3142 2168 testimonium
3200 2107 3405 2180 profert
3453 2107 3525 2164 de

1923 2207 2246 2278 Scripturis.
3537 2216 3540 2219 Îº

1909 2283 1914 2290 â¸
1993 2301 2323 2356 Habitabant
2343 2302 2469 2357 recti
2505 2317 2625 2356 cum
2653 2300 2797 2356 vultu
2843 2307 2949 2356 tuo.
3008 2298 3205 2354 Vultus
3246 2297 3341 2352 Dei
3388 2296 3522 2367 quid

1919 2405 2005 2453 est
2033 2397 2136 2452 nisi
2181 2396 2466 2451 Christus?
2513 2395 2613 2464 Qui
2664 2411 2772 2451 non
2808 2395 3058 2465 rapinam
3095 2392 3390 2450 arbitratus
3439 2400 3527 2447 est

1921 2505 2047 2548 esse
2067 2506 2127 2548 se
2154 2489 2419 2563 aequalem
2445 2491 2560 2546 Deo
2583 2489 2846 2563 (Philipp.
2882 2489 2969 2560 ll).

2461 2579 2783 2638 PSALMUS
2821 2579 2979 2636 CXL.

1937 2671 1942 2678 â€™
1991 2674 2234 2744 Domine,
2269 2675 2487 2731 clamavi
2511 2675 2580 2728 ad
2607 2683 2674 2744 te,
2722 2674 2914 2729 exaudi
2968 2689 3070 2728 me.
3103 2672 3316 2746 Moyses
3345 2674 3531 2731 stabat

1921 2783 2042 2825 cum
2091 2768 2334 2841 p0pulo,
2393 2775 2448 2823 et
2495 2765 2708 2822 Pharao
2760 2767 3093 2838 sequebatur
3136 2775 3260 2838 post
3314 2775 3526 2839 tergum

1919 2862 2061 2932 ejus,
2095 2872 2147 2918 et
2179 2861 2418 2932 undique
2445 2861 2699 2931 angustia
2735 2860 2811 2916 illi
2832 2869 2970 2916 erat.
3025 2861 3082 2917 In
3126 2860 3223 2916 illo
3276 2869 3525 2933 tempore

1919 2955 2256 3028 lacrymatus
2279 2955 2450 3010 estad
2478 2953 2672 3008 Deum.
2706 2953 2768 3007 Et
2794 2953 3058 3008 continuo
3081 2953 3230 3010 Deus
3261 2953 3328 3010 ad
3353 2969 3476 3010 eum
3508 2973 3522 3007 :

1920 3049 2060 3119 Quid
2091 3051 2295 3105 clamas
2317 3049 2383 3104 ad
2411 3048 2539 3103 me?
2566 3048 2703 3102 Dum
2735 3062 2858 3103 cum
2881 3047 3106 3104 silentio
3151 3047 3376 3115 orabat,
3427 3062 3524 3102 au-

1923 3143 2071 3201 ditus
2100 3152 2204 3200 est.
2231 3143 2513 3213 Scriptura
2540 3152 2725 3197 autem
2759 3156 2866 3196 non
2917 3141 3169 3198 meminit
3195 3141 3339 3212 quod
3366 3141 3522 3196 locu-

278 3241 410 3299 Dies
431 3243 812 3315 formabuntur,
838 3254 886 3300 et
909 3261 1058 3301 nemo
1079 3247 1133 3301 in
1153 3247 1245 3302 eis.
1276 3245 1431 3302 Hunc
1457 3245 1634 3301 locum
1658 3245 1816 3320 Sym-
1844 3233 1890 3297 C
1924 3245 2010 3294 tua
2031 3239 2119 3304 sit,
2143 3236 2242 3294 sed
2266 3243 2479 3292 tantum
2509 3234 2654 3306 quod
2686 3234 3022 3306 lacrymatus
3052 3235 3142 3289 sit.
3183 3234 3252 3289 Et
3299 3233 3523 3305 sanguis

202 3336 437 3393 machus
484 3337 558 3393 ita
592 3338 871 3394 transtulit
922 3357 934 3393 :
970 3339 1082 3395 dies
1101 3339 1285 3411 quibus
1313 3339 1523 3410 formati
1552 3349 1707 3407 sunt,
1757 3356 1820 3395 ne

202 3447 312 3485 una
334 3429 544 3499 quidem
569 3447 634 3485 ex
658 3432 733 3486 eis
758 3431 916 3487 deest.
951 3432 1017 3488 Et
1043 3441 1127 3488 est
1153 3448 1343 3490 sensus
1378 3451 1390 3488 :
1423 3448 1584 3489 omne
1607 3442 1818 3504 tempus

202 3521 388 3578 mtatis
413 3521 501 3577 cui
534 3521 649 3592 jam
681 3523 749 3578 ab
778 3523 1005 3580 exordio
1046 3526 1173 3580 vitm
1205 3525 1358 3581 istius
1386 3534 1514 3582 sunt
1551 3527 1818 3583 curricula

203 3614 486 3686 deputata,
545 3623 698 3671 certo
729 3615 834 3672 fine
859 3615 1117 3686 decurrit,
1153 3633 1256 3675 nec
1294 3635 1398 3674 una
1429 3621 1546 3676 dies
1573 3629 1668 3676 aut
1699 3621 1818 3690 plus

201 3718 300 3764 aut
334 3708 514 3764 minus
543 3717 806 3780 estquam
842 3719 898 3764 tu
921 3710 1168 3766 conditor
1195 3727 1316 3769 esse
1337 3713 1574 3769 voluisti.
1611 3713 1820 3770 Secun-

202 3800 340 3857 dum
394 3800 744 3872 Septuaginta
775 3811 954 3858 autem
989 3805 1332 3872 interpretes,
1365 3814 1418 3860 et
1455 3806 1702 3863 altiorem
1736 3809 1820 3864 in-

203 3896 593 3967 telligentiam,
627 3911 820 3953 sensus
840 3907 924 3954 est
949 3916 962 3953 :
988 3897 1068 3954 Tu
1095 3914 1282 3955 omnes
1306 3901 1359 3954 in
1386 3901 1474 3957 die
1502 3901 1727 3966 formas,
1761 3911 1817 3957 tu

201 3999 442 4046 cunetos
471 3991 556 4044 vis
582 4004 703 4046 esse
727 3990 870 4047 filios
899 3991 1017 4060 Dei,
1049 3993 1146 4048 sed
1178 3993 1358 4049 nullus
1387 4002 1469 4049 est
1502 3995 1554 4049 in
1585 3995 1820 4050 homini-

203 4082 312 4140 bus
346 4083 440 4155 qui
465 4097 574 4139 non
600 4094 825 4155 peccato
873 4085 1141 4141 obnoxius
1172 4086 1303 4152 fiat,
1337 4096 1391 4142 et
1416 4102 1512 4158 per
1539 4087 1642 4143 hoc
1675 4088 1817 4144 filius

205 4176 394 4232 noetis
415 4191 539 4232 esse
570 4177 813 4247 incipiat,
845 4193 945 4234 nec
973 4180 1257 4249 quisquam
1287 4193 1476 4234 eorum
1505 4181 1625 4235 luce
1649 4181 1818 4252 ipsius

203 4267 317 4324 diei
351 4276 462 4324 toto
485 4267 609 4324 vitm
649 4286 763 4325 sum
816 4280 1060 4340 tempore
1101 4271 1259 4342 digna
1285 4272 1546 4340 perficiat.
1579 4271 1732 4328 Unde
1763 4283 1819 4329 et

203 4360 506 4431 Apostolus
534 4362 600 4418 ad
629 4377 722 4419 eos
752 4363 843 4434 qui
874 4363 966 4418 lilii
990 4365 1166 4419 noctis
1189 4378 1311 4419 esse
1340 4374 1706 4432 cessaverant,
1737 4367 1816 4422 lo-

203 4457 400 4528 quitur
433 4472 452 4511 :
479 4456 587 4512 Nos
612 4468 788 4513 autem
808 4501 822 4525 ,
854 4458 1078 4526 fratres,
1109 4473 1216 4514 non
1255 4473 1444 4515 sumus
1474 4460 1571 4515 filii
1604 4461 1810 4532 noctis,

207 4549 311 4605 sed
347 4546 467 4604 Filii
508 4547 604 4604 Dei
634 4549 856 4622 (Thess.
886 4567 920 4606 v
944 4552 983 4620 ).

684 4643 1004 4700 PSALMUS
1049 4644 1339 4701 CXXXIX.

180 4768 186 4772 ~
282 4736 454 4809 Eripe
482 4755 581 4804 me,
613 4737 860 4806 Domine,
894 4739 958 4793 ab
1006 4737 1213 4794 homine
1241 4741 1410 4810 malo,
1448 4751 1555 4799 etc.
1609 4743 1726 4800 Non
1759 4744 1810 4800 in

205 4840 428 4889 tantum
495 4839 676 4903 potest
748 4847 846 4887 nos
899 4831 1152 4903 decipere
1207 4833 1493 4902 diabolus,
1550 4845 1811 4907 quantum

203 4943 310 5000 per
343 4941 604 4998 organum
635 4926 870 4984 hominis
906 4949 918 4982 :
951 4929 1018 4984 ab
1041 4928 1144 4986 hoc
1171 4928 1496 5002 deprecatur
1549 4932 1814 5003 pr0pheta

203 5020 460 5077 liberari.

288 5113 769 5184 Quicogitaverunt
791 5114 1089 5187 iniquitates
1133 5115 1184 5170 in
1224 5117 1401 5173 corde.
1440 5117 1514 5176 De
1547 5118 1816 5178 haereticis

203 5205 369 5263 dicit.

295 5299 563 5356 Venenum
588 5301 830 5371 aspidum
859 5301 949 5357 sub
999 5303 1146 5358 labiis
1169 5318 1366 5357 coruus.
1421 5304 1686 5375 Quoniam
1735 5307 1816 5362 vi-

203 5396 419 5452 dentur
441 5396 694 5452 amicitia:
723 5397 891 5453 verba
922 5397 1145 5466 habere,
1184 5397 1279 5454 sed
1333 5397 1491 5470 plena
1545 5411 1672 5456 sunt
1718 5416 1813 5458 ve-

203 5505 366 5549 neno
388 5490 695 5548 mortifero.

287 5582 457 5641 Juxta
481 5587 580 5643 iter
607 5587 908 5643 scandalum
936 5597 1218 5661 posuerunt
1248 5589 1395 5644 mihi.
1441 5588 1555 5644 Hoc
1607 5595 1692 5645 est
1746 5589 1816 5646 de

204 5679 518 5750 Scripturis
549 5683 892 5751 proferentes
919 5682 1233 5737 testimonia
1257 5725 1272 5749 ,
1321 5697 1440 5754 quae
1485 5683 1637 5754 quasi
1667 5680 1817 5737 vide-

206 5772 424 5829 bantur
451 5773 718 5831 rationem
759 5773 995 5846 aliquam
1024 5773 1257 5844 habere,
1293 5777 1580 5833 tentabunt
1607 5789 1695 5831 me
1722 5774 1816 5831 de-

201 5864 424 5936 cipere.

1922 3339 2220 3402 martyrum
2250 3343 2466 3398 semper
2487 3327 2688 3383 clamat
2712 3326 2780 3382 ad
2809 3327 3114 3394 Dominutn,
3139 3335 3193 3382 et
3212 3326 3520 3382 exauditur.

1925 3423 1990 3479 Et
2026 3419 2289 3476 Dominus
2328 3419 2544 3475 locutus
2596 3429 2680 3474 est
2720 3417 2855 3473 Cain
2900 3436 2911 3470 :
2953 3417 3181 3488 Sanguis
3223 3417 3409 3474 fratris
3446 3419 3523 3474 tui

1922 3519 2124 3577 clamat
2153 3516 2220 3572 ad
2252 3531 2339 3571 me
2365 3514 2520 3584 (Gen.
2555 3512 2653 3584 Î¹Î½).
2705 3510 2774 3568 Et
2813 3513 2868 3567 in
2914 3513 3245 3585 Apocalypsi
3274 3511 3525 3582 Joannis,

1921 3612 2119 3668 anima:
2146 3610 2420 3680 justorum
2451 3608 2553 3663 sub
2585 3607 2744 3663 altari
2780 3606 3042 3663 dicebant
3079 3606 3145 3660 ad
3178 3606 3466 3662 Dominum
3502 3621 3520 3658 :

1922 3703 2239 3775 Usquequo,
2279 3702 2535 3768 Domine,
2571 3715 2680 3756 non
2727 3715 2824 3754 nos
2878 3699 3129 3754 defendis
3183 3699 3370 3772 (Apoc.
3401 3697 3524 3767 vr)?

1921 3798 2092 3853 Simul
2131 3806 2311 3850 autem
2355 3792 2794 3858 consideremus,
2834 3793 2962 3862 quia
3017 3794 3212 3846 animm
3244 3793 3521 3862 justorum

1922 3890 2114 3946 altaria
2138 3896 2264 3943 sunt
2313 3886 2548 3942 Domini.
2583 3884 2806 3940 Intende
2829 3886 2941 3939 voci
2967 3901 3113 3953 meaz,
3149 3900 3265 3938 cum
3321 3883 3522 3939 clama.

1920 3999 2039 4037 vero
2062 3981 2130 4035 ad
2153 3990 2220 4036 te.
2248 3979 2360 4035 lloc
2383 3987 2489 4048 est,
2508 3977 2633 4034 vide
2653 3985 2710 4033 et
2726 3977 3039 4047 considera,
3064 3992 3098 4032 o
3125 3975 3371 4043 Domine,
3394 3975 3524 4047 quid

1921 4086 2049 4148 peto
2083 4095 2095 4130 :
2125 4076 2384 4146 quoniam
2425 4089 2534 4130 non
2577 4083 2704 4144 peto
2746 4071 3022 4143 corporali
3074 4071 3379 4138 desiderio,
3425 4080 3519 4126 aut

1922 4184 2135 4236 aurum,
2165 4177 2257 4222 aut
2287 4167 2394 4222 tale
2413 4165 2620 4236 aliquid
2653 4163 2966 4236 hujusmodi
3005 4183 3016 4218 :
3059 4163 3155 4219 sed
3187 4174 3248 4219 ut
3298 4163 3520 4218 miseri-

1921 4261 2163 4317 cordiam
2191 4269 2337 4315 tuam
2359 4274 2690 4330 consequar.
2735 4258 3034 4329 Propterea
3079 4257 3238 4324 dicit,
3280 4257 3516 4326 intende,

1923 4355 2027 4411 hoc
2055 4363 2161 4423 est,
2193 4352 2482 4424 diligenter
2502 4352 2629 4408 audi
2655 4397 2669 4419 ,
2703 4353 2830 4423 quia
2862 4351 2996 4406 nihil
3028 4351 3270 4406 alienum
3302 4359 3453 4421 peto.

1993 4447 2264 4519 Dirigatur
2289 4447 2460 4500 oratio
2483 4462 2594 4499 utea
2615 4490 2629 4514 ,
2659 4447 2794 4499 sicut
2834 4445 3105 4499 incensum
3143 4445 3198 4499 in
3241 4453 3520 4516 conspectu

1921 4549 2031 4597 tuo.
2065 4540 2176 4596 lloc
2201 4547 2305 4604 est,
2332 4547 2481 4594 recta
2515 4538 2584 4594 ad
2613 4547 2664 4592 te
2695 4537 2982 4609 perveniat
3012 4537 3190 4593 oratio
3231 4553 3374 4605 mea,
3404 4553 3516 4594 non

1838 4632 1893 4692 D
1920 4631 2130 4688 habens
2159 4631 2368 4702 aliquas
2398 4629 2588 4686 sordes
2611 4673 2626 4697 ,
2662 4639 2755 4685 aut
2801 4630 2930 4686 vitia
2954 4670 2969 4697 ,
3019 4641 3112 4686 aut
3154 4631 3517 4703 cogitationes

1917 4722 2236 4780 diabolicas.
2292 4724 2577 4779 lncensum
2635 4733 2816 4781 autem
2871 4724 3151 4781 orationes
3209 4732 3522 4779 Sanctorum

1917 4829 2066 4874 sunt.
2091 4819 2202 4874 [loc
2222 4828 2402 4874 autem
2423 4818 2806 4890 cognoscimus
2829 4818 2898 4876 de
2918 4819 3274 4892 Apocalypsi:
3298 4816 3522 4888 quando

1919 4912 2113 4982 viginti
2141 4919 2377 4982 quatuor
2397 4911 2646 4968 seniores
2677 4913 2934 4968 tenebant
2965 4911 3260 4977 thuribula,
3289 4916 3343 4965 et
3371 4908 3520 4965 dice-

1917 5013 2050 5070 bant
2115 5013 2288 5084 (Ibid.
2319 5011 2452 5085 Vill)
2502 5028 2515 5068 :
2560 5013 2654 5069 ila:
2697 5023 2822 5070 sunt
2865 5014 3139 5069 orationes
3179 5018 3518 5068 sanctorum.

1923 5105 2160 5164 Elevatio
2203 5124 2450 5164 manuum
2505 5125 2737 5164 mearum
2786 5108 3098 5178 sacriï¬cium
3153 5108 3517 5180 vespertinum.

1924 5204 2159 5260 Etevatio
2184 5221 2450 5259 manuum.
2479 5205 2771 5260 Dominum
2799 5202 3162 5258 demonstrat.
3199 5201 3268 5256 Et
3323 5202 3379 5257 in
3404 5203 3522 5259 ele-

1923 5297 2140 5354 vatione
2170 5311 2426 5353 manuum
2456 5296 2771 5352 Creatorem
2803 5293 3069 5348 videmus.
3119 5291 3254 5349 Vide
3309 5302 3516 5366 autem,

1922 5401 2052 5473 quia
2083 5415 2189 5455 non
2218 5398 2374 5469 dixit,
2405 5397 2655 5454 extensio
2679 5409 2935 5450 manuum
2967 5408 3232 5450 mearum.
3257 5393 3520 5451 Extensio

1923 5496 2066 5554 enim
2097 5509 2208 5551 non
2239 5503 2324 5550 est
2351 5493 2603 5549 elevatio.
2637 5488 2742 5546 Sed
2775 5488 3023 5546 extendit
3060 5489 3279 5560 aliquis,
3311 5498 3366 5545 et
3391 5497 3518 5560 post

1925 5600 2156 5661 tergum,
2191 5587 2319 5645 etin
2341 5587 2504 5651 latus,
2538 5584 2640 5639 hoc
2671 5593 2788 5650 est,
2845 5583 2900 5638 in
2957 5582 3085 5638 vitia
3117 5601 3127 5636 :
3160 5581 3520 5654 quemadmo-

1921 5684 2049 5741 dum
2077 5683 2210 5740 dicit
2237 5679 2499 5736 Dominus
2532 5695 2544 5731 :
2585 5677 2653 5732 Et
2691 5675 2910 5748 quando
2941 5675 3293 5732 extenderitis
3321 5675 3388 5732 ad
3427 5690 3516 5732 me

1925 5792 2118 5834 manus
2144 5783 2380 5840 vestras,
2431 5785 2539 5825 non
2570 5771 2858 5827 exaudiam
2890 5784 2987 5825 vos
3018 5768 3237 5839 (Jerem.
3271 5765 3384 5839 xv).
3416 5767 3521 5824 Sa-

1928 5872 2182 5942 criï¬cium
2229 5866 2604 5940 vespertinum,
2657 5865 2944 5923 undecima
2988 5863 3155 5934 hora,
3197 5863 3251 5920 id
3280 5870 3365 5919 est
3393 5907 3408 5931 ,
3465 5861 3521 5918 in
