4008 6336
226 346 363 404 1237

1160 341 1593 401 BREVHRIUH
1634 342 1697 400 IN
1739 341 2076 401 PSMMOS.
2121 339 2372 398 Ρειιιι.
2416 338 2599 396 CXLI.

3391 338 3527 394 1958

220 464 483 537 ipsorum,
509 480 620 538 quo
650 474 857 538 ungunt
884 465 1060 537 capita
1084 463 1387 529 hominum,
1414 470 1472 519 et
1519 462 1811 533 repromit-
1842 463 1882 523 Α
1916 461 1984 515 tis
2010 502 2023 525 ,
2062 469 2121 516 ut
2154 459 2350 531 spiritu
2378 459 2591 514 uarium
2631 473 2851 514 suarum
2884 457 3206 526 protrahere
3244 466 3529 527 serpentes

218 567 335 621 tunt
376 562 459 617 eis
482 559 634 630 signa
670 559 938 617 calorum
956 600 971 625 ,
1003 558 1305 629 impinguat
1328 556 1409 614 eis
1438 565 1617 627 caput.
1639 554 1816 612 Omne

217 658 399 706 autem
429 649 626 722 pingue
651 650 1002 722 reprehendit
1027 649 1324 721 Scriptura,
1358 650 1501 704 sicut
1534 648 1710 703 dicit:
1750 648 1817 704 Et

212 740 511 813 mandavit
532 742 726 813 Jacob,
750 752 808 798 et
829 748 1112 799 'saturatus
1140 750 1241 805 est,
1265 740 1642 797 etealcitravit
1672 758 1683 793 :
1730 738 1814 795 di-

212 836 388 896 lectus
422 835 759 894 incrassatus
803 845 924 893 est:
976 837 1383 907 impinguatus,
1435 832 1690 889 dilatatus
1728 842 1815 888 est

210 929 402 1003 (Deut.
429 946 585 995 mu,
618 940 667 985 et
692 928 809 987 Jer.
838 931 915 1002 ν).
945 929 1139 986 Manna
1170 937 1354 984 autem
1385 925 1704 998 angelorum
1734 934 1813 981 te-

210 1039 320 1081 nne
349 1033 433 1079 est
465 1022 663 1097 (Exod.
695 1025 832 1095 ut).

285 1116 549 1183 Quoniam
574 1115 769 1182 adhuc,
801 1125 849 1170 et
871 1115 1041 1170 oratio
1063 1130 1174 1169 mea
1196 1114 1248 1169 in
1271 1113 1597 1186 beneplacitis
1612 1128 1811 1167 eorum.

208 1204 327 1262 lloc
366 1206 498 1263 dicit
537 1226 550 1263 :
584 1207 688 1278 Ipsi
727 1208 945 1278 quidem
972 1207 1259 1279 sepiebant
1290 1224 1303 1260 :
1351 1221 1454 1277 ego
1502 1213 1683 1260 autem
1717 1219 1818 1274 pro

204 1298 344 1370 ipsis
382 1301 604 1356 orabam
658 1310 721 1356 ut
766 1310 1176 1357 convertantur.
1221 1299 1463 1371 Absorpti
1495 1308 1613 1354 sunt
1640 1298 1816 1369 juncti

203 1403 370 1467 petrae
400 1396 607 1468 judices
653 1411 852 1451 eorum.
900 1396 1052 1452 Sicut
1100 1395 1231 1452 alibi
1279 1394 1444 1451 dicit:
1476 1393 1676 1448 Beatus
1719 1393 1813 1465 qui

204 1489 418 1545 tenebit
464 1498 519 1546 et
565 1490 751 1546 allidet
788 1489 1043 1562 parvulos
1087 1503 1218 1545 suos
1268 1487 1333 1544 ad
1383 1495 1593 1558 petram
1633 1485 1810 1558 (Psal.

202 1581 447 1654 curvi).
482 1582 635 1638 Petra
665 1593 846 1639 autem
878 1592 999 1640 erat
1025 1581 1276 1640 Christus
1306 1581 1351 1655 (Ι
1372 1577 1494 1636 Cor.
1528 1581 1639 1651 xv).
1683 1579 1813 1636 Par-

202 1676 317 1749 vuli
337 1684 517 1731 autem
552 1677 815 1746 minores,
841 1687 897 1733 et
924 1692 1103 1747 parva:
1131 1676 1496 1747 cogitationes
1521 1685 1810 1745 antequam

200 1777 478 1825 crescant.
511 1768 580 1825 Et
606 1784 747 1825 nunc
774 1769 877 1841 ipsi
908 1768 1152 1826 lueretici
1179 1810 1194 1836 ,
1234 1768 1363 1824 licet
1413 1783 1510 1839 per
1542 1767 1812 1824 Aristote-

1921 552 1988 608 de
2012 553 2261 609 cavernis
2282 595 2297 620 ,
2328 561 2383 608 et
2418 552 2495 608 sic
2527 551 2820 607 comedere
2853 551 3049 609 valeat.
3094 551 3201 622 Ipsi
3230 568 3363 623 ergo
3401 567 3523 609 εει-ι

1916 656 2108 717 pentes
2135 655 2344 717 ponunt
2375 645 2532 700 nobis
2556 645 2811 701 scandala
2831 684 2848 712 ,
2882 644 2987 701 hoc
3013 653 3099 701 est
3121 685 3136 710 ,
3167 645 3448 702 daemones
3471 645 3526 702 in

1917 739 2048 810 ipsis
2081 739 2324 811 vestigiis
2351 739 2553 794 nostris
2584 738 2674 794 ubi
2696 738 3008 809 gradimur:
3040 738 3099 794 lu
3130 739 3443 803 virtutibus.
3468 739 3523 794 in

1915 832 2259 904 eleemosyna
2290 872 2304 897 ,
2350 840 2410 886 ut
2445 845 2630 886 coram
2673 830 2987 901 hominibus
3016 830 3280 887 faciamus
3302 841 3526 903 propter

1914 939 2110 979 vanam
2139 924 2391 996 gloriam.
2423 922 2482 978 In
2502 923 2737 994 jejunio,
2765 924 2818 978 in
2851 924 3122 992 oratione,
3155 925 3207 980 in
3240 923 3525 981 vestienda

1914 1015 2153 1073 cilicium
2175 1033 2190 1071 :
2214 1025 2268 1073 et
2299 1003 2594 1072 ostendere
2615 1014 2948 1071 hominibus.
2981 1015 3085 1085 Qui
3113 1015 3259 1072 enim
3289 1015 3523 1078 vestitur

1915 1108 2094 1165 cilicio
2119 1151 2134 1177 ,
2160 1108 2321 1164 debet
2352 1110 2538 1180 lugere
2578 1123 2675 1164 sua
2718 1119 2971 1180 peccata:
3016 1124 3124 1164 non
3154 1107 3426 1181 gloriari,
3466 1115 3525 1165 et

1915 1200 2203 1258 ostendere
2225 1200 2560 1257 hominibus.
2599 1199 2670 1255 Et
2701 1218 2735 1255 a
2767 1201 3033 1256 scandatis
3060 1202 3388 1272 operantium
3412 1201 3516 1255 ini-

1913 1301 2181 1366 quitatem.
2209 1294 2319 1349 Hoc
2340 1303 2445 1357 est,
2477 1305 2529 1349 nt
2564 1309 2668 1350 non
2700 1293 2990 1351 oﬂ'cndam.

1986 1387 2189 1443 Cadent
2208 1388 2263 1442 in
2292 1388 2546 1442 retiaculo
2566 1388 2678 1461 ejus
2700 1396 3014 1458 peccatores.
3048 1387 3313 1458 Superius
3345 1387 3483 1443 dixit
3508 1422 3542 1455 ,ι

1914 1481 2124 1538 custodi
2147 1496 2233 1537 me
2256 1495 2288 1535 a
2315 1480 2510 1551 laqueo
2533 1496 2697 1552 quem
2724 1490 3036 1537 statuerunt
3066 1481 3201 1537 mihi
3232 1523 3248 1549 ,
3277 1481 3349 1538 de
3379 1482 3525 1537 mul-

1914 1574 2006 1639 tis,
2040 1588 2186 1629 nunc
2210 1581 2394 1629 autem
2425 1573 2494 1628 de
2525 1589 2666 1628 uno:
2692 1572 2892 1629 Cadent
2920 1574 2974 1629 in
2999 1575 3258 1631 retiaculo
3280 1577 3393 1649 ejus
3413 1590 3508 1646 pec

1913 1676 2134 1721 catores.
2164 1665 2633 1736 Quemadmodum
2660 1666 2924 1721 Dominus
2945 1668 3113 1724 mittit
3134 1677 3271 1737 rete,
3291 1678 3349 1723 et
3373 1683 3523 1724 com-

1918 1760 2203 1830 prehendit
2232 1760 2631 1817 multitudinem
2660 1760 2889 1833 piscium
2915 1802 2929 1827 ,
2957 1768 3018 1817 et
3047 1760 3207 1817 habet
3236 1763 3525 1833 apostolos

203 1859 313 1915 leui
355 1868 412 1917 et
454 1860 733 1918 Platonem
780 1861 1067 1918 videantur
1095 1859 1500 1931 simplicitatem
1553 1859 1814 1917 Ecclesia;
1844 1841 1889 1902 B
1919 1851 2218 1922 piscatores
2239 1853 2565 1925 colligentes
2596 1863 2651 1910 et
2675 1853 2967 1911 all‘erentes
2987 1854 3054 1910 ad
3078 1854 3341 1921 eum,hos
3371 1855 3521 1926 ipsos

197 1968 556 2015 contemnere
585 2000 601 2027 ,
628 1967 810 2016 tamen
835 1959 1054 2030 quando
1085 1958 1338 2014 venerint
1356 1958 1422 2012 ad
1452 1957 1765 2027 Scripturas
1790 1999 1807 2025 ,

198 2051 388 2106 statim
418 2051 865 2108 absorbebantur
888 2067 918 2106 a
951 2061 1130 2122 petra,
1164 2051 1267 2107 hoc
1292 2060 1399 2117 est,
1430 2064 1461 2104 a
1482 2046 1724 2117 Christo,
1755 2056 1814 2105 et

196 2151 599 2200 convertentur
629 2143 698 2199 ad
736 2158 884 2201 enm.
921 2142 1217 2215 Absorptio
1257 2143 1399 2198 enim
1438 2157 1537 2213 pro
1582 2140 1810 2196 victoria

196 2236 442 2311 dicitur:
472 2236 616 2293 sicut
643 2236 939 2308 Apostolus
963 2236 1094 2293 dicit
1126 2254 1136 2288 :
1164 2236 1441 2306 Absorpta
1464 2244 1548 2290 est
1573 2248 1722 2290 mors
1756 2233 1812 2288 in

199 2329 457 2385 victoria.
495 2327 596 2386 Ubi
627 2339 732 2398 est,
772 2344 942 2397 mors,
983 2328 1207 2385 victoria
1243 2326 1521 2396 tuaiUbi,
1564 2325 1810 2397 inferne,

198 2422 461 2480 stimulus
507 2432 632 2480 tuus
680 2423 744 2498 (l
772 2421 893 2480 Cor.
930 2422 1071 2497 xv)?
1107 2421 1404 2480 Victoriam
1447 2430 1628 2477 autem
1679 2420 1816 2477 dicit

197 2515 379 2586 ipsam
422 2515 876 2588 absorptionem,
924 2532 1085 2588 quam
1139 2516 1422 2572 victoriam
1476 2514 1708 2571 habebat
1759 2516 1811 2571 in

198 2609 577 2667 absorbendo.

276 2703 503 2758 Audient
529 2705 681 2760 verba
710 2721 845 2768 mea.
877 2705 1121 2774 quoniam
1149 2712 1446 2775 potuerunt.
1481 2703 1600 2771 Ipse
1630 2703 1813 2759 Domi-

200 2809 307 2851 nus
337 2793 501 2850 dicit:
527 2794 664 2863 Quia
695 2796 762 2853 ad
789 2813 876 2853 me
908 2805 1191 2863 venerunt,
1220 2797 1347 2853 victi
1374 2806 1501 2853 sunt
1528 2840 1540 2861 ,
1582 2805 1639 2853 et
1666 2797 1816 2854 dele-

197 2886 333 2942 ctati
365 2894 490 2942 sunt
530 2887 666 2946 meis
695 2889 877 2945 verbis
904 2932 920 2960 ,
967 2898 1023 2945 et
1063 2890 1313 2945 conversi
1355 2902 1481 2944 sunt
1510 2888 1577 2944 ad
1605 2904 1691 2944 me
1714 2928 1731 2957 ,
1760 2897 1816 2946 et

197 2980 409 3036 suntin
444 2981 679 3038 Ecclesia
709 2998 849 3039 mea.
883 2984 1029 3040 Sicut
1080 2984 1364 3041 crassitudo
1415 2991 1585 3038 teme.
1642 2983 1816 3041 Omne

199 3087 453 3129 crassum
477 3075 709 3131 vicinum
734 3084 816 3132 est
854 3084 1036 3133 terras.
1091 3076 1160 3134 Et
1203 3077 1379 3132 anima
1422 3092 1541 3147 qua:
1582 3087 1771 3147 peccat
1795 3119 1812 3146 ,

202 3175 372 3221 terra:
413 3164 603 3224 ἣξει-ει.
637 3168 895 3226 Dominus
932 3168 1077 3227 enim
1110 3185 1175 3227 es
1218 3169 1373 3225 initio
1411 3172 1592 3227 omnia
1632 3171 1814 3227 tenuia

1915 1945 2007 2015 qui
2037 1960 2133 2015 per
2160 1945 2255 2002 ens
2276 1946 2541 2012 credunt,
2575 1946 2647 2002 ita
2685 1954 2740 2002 et
2767 1946 3018 2003 diabolus
3053 1947 3217 2005 habet
3246 1947 3526 2006 daemones

1914 2038 2004 2106 qui
2047 2036 2093 2089 ei
2144 2036 2373 2106 subjecti
2424 2046 2593 2102 sunt,
2639 2038 2824 2108 quiet
2860 2036 3145 2109 decipiunt
3192 2038 3446 2095 homines
3472 2046 3532 2098 et

1913 2125 2146 2183 aderunt
2175 2127 2271 2182 illi.
2320 2127 2671 2200 Siugulariter
2719 2145 2835 2184 sum
2882 2146 2977 2202 ego
3026 2130 3187 2185 donec
3237 2140 3524 2186 transeam.

1918 2219 2048 2275 Dicit
2098 2219 2394 2276 Jeremias:
2436 2219 2599 2278 Solus
2630 2220 2883 2277 sedebam
2911 2264 2927 2289 ,
2974 2222 3342 2279 amaritudine
3380 2224 3526 2279 enim
3585 2251 3589 2256 ’

1916 2314 2157 2384 repletus
2185 2330 2333 2369 eram
2363 2312 2580 2385 (Jerem.
2612 2314 2725 2383 xv).
2772 2314 2887 2371 Hoc
2916 2326 2999 2372 est
3028 2356 3044 2383 ,
3079 2317 3132 2372 in
3162 2315 3486 2386 ptenitentia
3506 2357 3526 2386 ,

1914 2407 2066 2463 solus
2097 2422 2198 2478 ego
2238 2408 2336 2463 hos
2365 2407 2521 2463 dolos
2551 2423 2740 2465 caveo.
2774 2406 2845 2463 Et
2875 2408 3087 2481 Moyses
3109 2407 3245 2464 dicit
3279 2426 3293 2462 :
3324 2408 3529 2465 Trans-

1915 2500 2032 2557 iens
2077 2500 2274 2556 videbo
2318 2501 2455 2555 hanc
2494 2500 2760 2557 visionem
2794 2516 3045 2573 magnam
3098 2498 3300 2573 (Exod.
3331 2500 3433 2574 ιιι).
3465 2500 3523 2559 Si

1917 2611 2021 2651 non
2052 2594 2323 2650 transierit
2351 2637 2365 2661 ,
2393 2594 2497 2651 hoc
2522 2603 2607 2665 est
2630 2636 2648 2663 ,
2680 2595 2865 2650 omnia
2893 2594 3054 2661 vitia,
3091 2609 3196 2650 non
3233 2604 3409 2666 potest
3444 2595 3524 2651 vi-

1914 2687 2045 2744 dere
2074 2702 2321 2759 magnam
2372 2688 2662 2745 visionem.
2717 2687 2905 2760 Magna
2950 2698 3130 2744 autem
3169 2688 3351 2745 visio:
3402 2687 3530 2759 quia

1915 2783 2083 2839 rubus
2111 2781 2354 2851 ardebat,
2370 2792 2425 2838 et
2446 2798 2555 2838 non
2580 2782 3006 2839 incendebatur:
3028 2783 3308 2841 Ardebant
3326 2783 3521 2855 spinae,

1917 2874 2020 2929 hoc
2049 2885 2172 2942 est,
2205 2885 2445 2945 peccata.
2479 2874 2591 2930 Hoc
2619 2874 2743 2946 igne
2776 2876 3065 2937 mundatur
3093 2887 3148 2934 et
3194 2875 3396 2933 Isaias:
3425 2875 3527 2933 iste

1915 2981 1999 3026 est
2028 2970 2172 3025 enim
2203 2969 2368 3026 carbo
2388 2968 2483 3041 qui
2504 2970 2675 3041 tetigit
2705 2969 2845 3026 labia
2874 2969 3030 3042 ejus:
3084 2971 3175 3042 qui
3217 2980 3334 3028 erat
3362 2985 3530 3041 super

1916 3062 2089 3118 altare
2115 3061 2269 3135 (Isai.
2300 3061 2397 3135 vt).
2424 3061 2594 3133 Hujus
2623 3062 2881 3118 carbonis
2912 3063 3159 3119 meminit
3183 3072 3237 3119 et
3257 3062 3522 3136 pr0pbeta

1921 3154 2119 3210 David:
2146 3155 2369 3224 Sagittae
2391 3155 2624 3224 potentis
2645 3162 2842 3223 acuttc,
2874 3170 2994 3210 cum
3019 3154 3349 3212 carbonibus
3370 3153 3533 3212 deso-

202 3254 358 3312 fecit.
387 3257 499 3314 Suo
528 3274 660 3331 ergo
688 3258 820 3316 vitio
848 3263 1216 3333 unusquisque
1250 3262 1600 3329 incrassatur,
1632 3273 1687 3319 et
1715 3263 1813 3319 de-

1950 3247 2125 3303 itoriis
2174 3246 2349 3321 (Psal.
2378 3246 2552 3319 exui).
2604 3246 2711 3302 lste
2737 3248 2903 3304 carbo
2929 3246 3204 3304 desolator
3232 3256 3318 3305 est
3336 3293 3350 3318 ,
3394 3246 3528 3304 soli-

201 3354 429 3411 ducitur
447 3354 499 3411 in
530 3364 756 3414 terram.
786 3357 987 3415 Demus
1010 3359 1357 3429 exemplum:
1382 3358 1520 3415 sicut
1541 3358 1734 3416 vulnus
1760 3360 1813 3416 in

200 3463 442 3521 corpore
473 3459 686 3507 tumens
714 3450 932 3522 plenum
953 3460 1041 3509 est
1065 3467 1310 3508 crassum
1330 3494 1345 3519 ,
1393 3461 1449 3509 et
1478 3452 1697 3524 quando
1726 3468 1819 3509 ve-

203 3548 357 3605 nerit
384 3548 625 3604 medicus
651 3559 799 3605 secat
828 3550 1024 3622 ipsum,
1057 3559 1111 3605 et
1138 3559 1294 3605 sanat
1318 3560 1369 3606 et
1399 3561 1561 3607 tenue
1586 3552 1731 3613 facit.
1762 3559 1819 3609 et

206 3652 340 3698 tunc
369 3641 632 3712 redigitur
656 3643 709 3698 iu
734 3658 884 3698 suam
910 3654 1174 3710 naturam,
1203 3643 1478 3714 quomodo
1499 3654 1551 3699 et
1571 3655 1816 3701 creatum

203 3744 315 3791 cst.
352 3733 479 3790 Idea
503 3733 664 3791 dicit:
695 3734 844 3791 Sicut
874 3736 1162 3790 crassitudo
1186 3745 1332 3790 terra:
1360 3743 1541 3808 erupta
1569 3746 1642 3790 est
1666 3752 1821 3808 super

206 3841 427 3900 terram,
459 3838 508 3885 et
537 3830 791 3887 solvatur.

283 3918 553 3993 Dissipata
588 3932 707 3976 sunt
734 3937 848 3975 ossa
878 3928 1053 3974 nostra
1081 3936 1226 3976 secus
1266 3922 1547 3993 infernum.
1580 3919 1636 3976 In
1676 3921 1824 3993 vige-

203 4013 355 4068 simo
402 4013 575 4085 primo
625 4012 833 4085 psalmo
875 4012 1038 4068 dicit:
1088 4012 1357 4085 Dissipata
1404 4023 1530 4069 sunt
1572 4013 1821 4070 universa

203 4120 336 4161 ossa
380 4122 520 4161 mea.
550 4105 609 4162 Si
646 4105 943 4162 secundum
983 4105 1217 4161 litteram
1263 4107 1612 4177 intelligimus
1640 4150 1656 4174 ,
1715 4123 1822 4164 non

202 4208 340 4255 stat.
371 4197 649 4270 Siquidem
676 4198 967 4254 cruciﬁxus
994 4211 1077 4254 est
1104 4206 1338 4256 tantum.
1366 4197 1595 4269 Quando
1623 4199 1824 4256 videris

202 4295 436 4361 Arium,
476 4293 801 4349 Eunomium
844 4304 997 4350 extra
1044 4291 1373 4363 Ecclesium;
1398 4294 1638 4366 intelligo
1662 4295 1825 4351 dissi-

206 4397 340 4461 pata
368 4400 491 4443 esse
521 4401 642 4442 ossa
673 4385 888 4442 Domini
919 4400 1077 4444 secus
1100 4385 1393 4443 infernum.
1418 4386 1492 4443 Os
1516 4387 1656 4457 quod
1683 4386 1825 4444 forte

204 4491 322 4551 est,
358 4480 457 4550 ipsi
482 4478 714 4552 majores
744 4489 871 4536 sunt
895 4479 989 4550 qui
1024 4479 1275 4537 videntur
1320 4482 1522 4554 aliquid
1547 4499 1702 4538 esse:
1730 4498 1827 4554 per

208 4571 622 4645 multiloquium
647 4572 884 4642 ipsorum
905 4615 919 4637 ,
949 4584 999 4630 et
1031 4590 1126 4646 per
1156 4574 1575 4648 philosophiam,
1607 4587 1662 4633 et
1695 4592 1829 4633 cou-

209 4670 524 4725 tentionem
554 4666 886 4723 inducuntur
912 4668 980 4723 ab
1010 4667 1300 4725 ba'reticis.

291 4759 514 4816 Custodi
540 4776 620 4815 me
649 4777 679 4814 a
708 4759 898 4833 laqueo
920 4776 1069 4832 quem
1100 4770 1393 4817 statuerunt
1425 4761 1570 4817 mihi.
1601 4762 1830 4833 Semper

207 4851 382 4909 nobis
421 4850 645 4925 laqueos
677 4850 910 4908 tendunt
938 4861 1031 4907 aut
1065 4851 1305 4908 limretici
1334 4894 1349 4919 ,
1391 4859 1485 4908 aut
1525 4853 1820 4910 dmmones.

207 4945 367 5002 Vitia
399 4945 542 5001 enim
572 4942 744 4999 vicina
769 4953 899 4999 sunt
920 4944 1227 5000 virtutibus.
1262 4944 1541 5018 Laqueum
1574 4945 1703 5001 mihi
1732 4960 1828 5017 po-

208 5045 454 5094 Suerunt
483 5036 538 5090 in
562 5034 909 5109 eleemosyna
932 5078 948 5102 ,
981 5034 1029 5092 si
1055 5035 1350 5093 extendero
1380 5054 1595 5093 manum
1627 5054 1825 5108 meam,

208 5138 276 5186 ut
306 5127 528 5184 videant
553 5126 834 5183 homines:
868 5138 916 5186 et
951 5130 1104 5203 quasi
1140 5131 1340 5185 bonum
1383 5129 1622 5195 faciens,
1671 5132 1828 5191 venio

212 5220 278 5277 in
309 5219 498 5276 vitium
529 5229 584 5277 et
620 5220 671 5276 in
699 5233 999 5292 peccatum.
1033 5220 1091 5278 Si
1135 5237 1315 5277 amem
1353 5223 1555 5279 dedero
1590 5225 1826 5282 tunicam

212 5313 431 5384 fratri,
480 5324 540 5369 ut
586 5313 725 5371 alter
770 5313 994 5383 videat,
1048 5315 1296 5387 laqueum
1329 5318 1458 5372 mihi
1510 5326 1826 5389 posuerunt.

212 5408 462 5478 Semper
485 5406 661 5463 cervis
693 5408 987 5464 tenduntur
1016 5409 1145 5465 retia
1178 5450 1193 5475 ,
1225 5419 1278 5463 et
1301 5408 1476 5480 laquei
1506 5409 1586 5465 eis
1613 5425 1827 5482 ponun-

210 5509 338 5564 tur,
372 5498 464 5554 ubi
492 5500 718 5571 vestigia
749 5515 935 5555 eorum
968 5499 1391 5570 deprehenderit
1423 5512 1665 5558 venator.
1699 5503 1831 5561 Cer-

126 5642 135 5645 -
210 5604 328 5647 vus
368 5597 548 5646 autem
596 5590 864 5662 accipitur
908 5591 959 5647 in
1007 5601 1227 5649 sancto:
1276 5594 1401 5665 quia
1444 5594 1581 5651 altus
1621 5606 1704 5652 est
1730 5640 1744 5664 ,
1777 5604 1832 5652 et

207 5698 432 5742 cornua
475 5684 699 5754 grandia
730 5683 925 5754 habet,
967 5695 1022 5741 et
1063 5685 1317 5743 interﬁcit
1361 5698 1664 5760 serpentes.
1698 5689 1832 5745 Pro-

213 5787 417 5852 pterea
443 5778 573 5834 dicit
600 5778 759 5835 alibi:
803 5779 903 5848 Qui
940 5778 1160 5848 perfecit
1191 5781 1353 5851 pedes
1379 5798 1531 5839 meos
1558 5793 1830 5854 tamquam

211 5885 517 5928 cervorum
540 5868 719 5943 (Psal.
755 5870 914 5943 xvu).
944 5870 1093 5927 Talis
1122 5873 1264 5928 enim
1289 5873 1484 5929 dicitur
1514 5890 1637 5931 esse
1665 5876 1829 5931 virtu-

1919 3344 2161 3399 tudinem
2192 3341 2335 3410 facit,
2365 3350 2419 3398 et
2446 3349 2788 3412 peccatorem
2820 3350 3034 3413 purgat.

2443 3454 2564 3510 PSA
2575 3452 2755 3512 LMUS
2805 3452 2985 3511 CXLI.

1921 3547 2221 3622 Intellectus
2255 3548 2441 3616 David,
2476 3567 2593 3604 cum
2617 3557 2749 3605 esset
2777 3550 2830 3604 in
2852 3549 3103 3622 spelunca
3124 3590 3139 3612 ,
3168 3544 3356 3622 oratio.
3381 3542 3529 3622 Prte-

1993 3621 2247 3677 scribitur
2286 3622 2386 3675 iste
2432 3622 2617 3676 titulus
2662 3618 2959 3677 secundum
2991 3621 3268 3675 historiam
3312 3618 3532 3689 quidem

1993 3693 2209 3761 quando
2246 3692 2481 3761 fugiebat
2513 3690 2674 3746 David
2700 3708 2726 3744 ιι
2752 3691 2886 3747 facie
2915 3691 3066 3755 Sani,
3091 3692 3141 3745 itt
3169 3688 3387 3746 deserto
3421 3688 3533 3761 Ερε-

1994 3755 2153 3831 gaildi
2211 3766 2262 3818 in
2303 3755 2570 3832 spelunca
2619 3763 2921 3817 absconsus
2972 3762 3017 3833 (Ι
3060 3761 3189 3832 Reg.
3238 3755 3531 3833 sxrv).78_t

1996 3835 2376 3904 ingressusest
2396 3833 2653 3903 ignorans
2686 3833 2811 3887 Saul
2832 3873 2861 3904 ν,
2896 3831 3052 3904 quasi
3084 3831 3176 3904 sua
3206 3846 3390 3904 causa.
3421 3831 3529 3904 Sed

1994 3899 2248 3973 quoniam
2278 3899 2441 3959 habet
2466 3904 2518 3958 in
2542 3899 2971 3973 pra-scriptione.
3000 3901 3301 3973 Intellectus
3321 3899 3489 3955 David
3509 3918 3530 3956 :

1996 3972 2255 4029 debemus
2293 3975 2649 4045 spiritualiter
2692 3972 3004 4045 intelligere
3032 3972 3325 4045 psalmum.
3370 3973 3534 4045 Acri-

2000 4050 2142 4117 pitur
2172 4042 2389 4115 quidem
2415 4049 2465 4099 in
2500 4047 2726 4099 Domino
2751 4042 2913 4099 verus
2940 4043 3106 4117 David
3134 4084 3149 4110 ,
3170 4055 3247 4117 ⁸ει
3275 4042 3539 4117 intelligi-

2000 4114 2084 4173 iur
2105 4114 2230 4174 Saul
2258 4118 2308 4173 in
2331 4118 2570 4173 diabolo.
2593 4118 2861 4187 Spelunca
2887 4125 3068 4171 autem
3088 4115 3148 4187 in
3170 4114 3275 4170 hoc
3295 4114 3531 4187 mundo:

2004 4198 2059 4246 et
2100 4189 2245 4260 quod
2290 4189 2536 4244 diabolus
2568 4184 2672 4242 non
2721 4186 2962 4260 immittit
3004 4187 3056 4260 in
3086 4186 3230 4260 hunc
3261 4184 3533 4260 mundum

2012 4256 2211 4330 aliquid
2243 4260 2407 4326 boni;
2440 4259 2534 4316 sed
2565 4273 2797 4324 Stercus,
2821 4269 2873 4314 et
2904 4258 2949 4311 si
2972 4258 3098 4328 quid
3134 4256 3403 4330 putridum
3426 4264 3533 4312 est.
3625 4267 3629 4272 ‘

2002 4328 2268 4405 Spelunca
2298 4342 2477 4388 autem
2506 4330 2825 4405 intelligitur
2849 4331 2949 4385 iate
2979 4329 3231 4405 mundus,
3259 4328 3382 4397 quia
3409 4340 3540 4400 per-

2004 4399 2200 4460 fectum
2231 4405 2409 4461 lumen
2450 4421 2555 4458 non
2599 4399 2764 4458 habet
2793 4443 2809 4468 ,
2840 4410 3097 4467 quantum
3143 4399 3210 4456 ad
3240 4399 3535 4468 compara-

2007 4477 2206 4531 tionem
2256 4475 2465 4540 futuri,
2515 4474 2609 4530 sed
2663 4466 2817 4544 quasi
2861 4466 3057 4544 lumen
3092 4471 3307 4544 aliquod
3356 4466 3535 4526 illuxit

2004 4547 2262 4603 Dominus
2315 4548 2541 4602 veniens
2595 4546 2647 4599 in
2682 4541 2846 4599 hunc
2898 4542 3179 4598 mundum.
3234 4541 3528 4609 Propterea

2003 4618 2136 4674 dicit
2150 4619 2446 4685 Apostolus
2471 4634 2483 4671 :
2501 4615 2605 4685 Qui
2622 4622 2707 4671 est
2724 4620 2902 4671 lumen
2921 4614 3110 4683 gloriae
3127 4616 3248 4683 ejus
3266 4613 3527 4687 (Hebm).

2009 4692 2151 4761 Ergo
2178 4690 2319 4745 sicut
2363 4689 2529 4761 David
2561 4687 2802 4761 introivit
2843 4688 2894 4741 in
2916 4685 3540 4761 speluncamabseon-

2004 4754 2140 4817 deus
2189 4775 2246 4815 se
2288 4777 2317 4815 a
2364 4759 2524 4815 Saul:
2573 4760 2643 4813 ita
2688 4769 2741 4813 et
2776 4754 3035 4830 Dominus
3064 4758 3341 4830 ingressus
3370 4763 3455 4812 est
3483 4754 3539 4811 in

2005 4831 2148 4887 hunc
2179 4830 2461 4898 mundum,
2495 4840 2548 4885 et
2580 4827 3011 4900 persecutionem
3039 4827 3231 4900 passus
3251 4834 3354 4883 est.

2010 4946 2145 5002 Voce
2164 4962 2278 5000 mea
2300 4945 2368 4999 ad
2394 4943 2675 4999 Dominum
2693 4943 2910 4999 clamaui
2932 4959 2949 4997 :
2974 4958 3091 4996 roce
3114 4956 3226 4995 mea
3254 4939 3322 4994 ad
3351 4935 3536 4992 Domi-

1930 5056 2053 5097 num
2088 5039 2390 5111 deprecatus
2421 5054 2555 5093 sum.
2599 5035 2830 5107 E/I'unrlo
2865 5037 2919 5091 in
2955 5041 3228 5106 conspectu
3270 5034 3383 5105 ejus
3414 5046 3539 5085 ora-

1934 5136 2125 5188 tionem
2171 5148 2357 5188 meam.
2404 5129 2599 5188 Omnia
2655 5129 2772 5187 hzec
2825 5132 2875 5184 in
2926 5125 3232 5183 humilitate
3276 5138 3543 5195 corporea

1936 5226 2196 5296 loquitur,
2228 5236 2290 5280 ut
2315 5239 2376 5281 se
2396 5241 2585 5281 verum
2610 5224 2909 5291 hominem,
2936 5220 3079 5275 sicut
3107 5233 3255 5289 sape
3278 5217 3540 5284 diximus,

1936 5317 2266 5373 manifestet.
2294 5315 2709 5372 Tribulationem
2752 5328 2915 5368 meam
2955 5319 3074 5367 ante
3103 5310 3276 5379 ipsum
3304 5324 3545 5381 pronun-

1937 5412 2046 5466 tio:
2075 5411 2131 5466 in
2160 5411 2446 5482 deﬁcieudo
2475 5410 2530 5463 in
2554 5424 2632 5461 me
2655 5407 2897 5477 spiritum
2930 5418 3119 5456 meum.
3152 5399 3340 5472 Neque
3373 5398 3546 5454 tribu-

1939 5502 2070 5558 latio
2093 5517 2333 5571 prteseus
2360 5545 2375 5569 ,
2421 5513 2597 5569 neque
2631 5494 2865 5551 defectio
2896 5493 3121 5565 spiritus
3147 5488 3411 5564 impedit:
3447 5488 3548 5546 sed

1934 5594 2136 5667 jugiter
2153 5593 2445 5666 spiritualis
2466 5590 2616 5645 vocis
2643 5588 2893 5643 oratione
2914 5586 3159 5642 clamare
3184 5600 3290 5641 non
3320 5582 3542 5640 tlesinit.

1940 5686 2009 5742 Et
2032 5698 2085 5741 tu
2111 5685 2389 5760 cognovisti
2428 5684 2634 5738 semitas
2674 5698 2837 5736 meas.
2873 5679 3160 5734 Doctrinas
3189 5692 3325 5749 quas
3353 5675 3544 5730 doceo.

2013 5779 2079 5835 In
2118 5782 2200 5836 ria
2248 5780 2344 5833 hac
2378 5793 2478 5849 qua
2518 5774 2867 5842 ambulabant,
2914 5769 3294 5828 absconderant
3333 5766 3547 5842 superbi

1942 5873 2150 5944 laqueos
2191 5871 2337 5927 mihi.
2371 5868 2583 5941 Saepius
2608 5868 2656 5923 ei
2696 5883 2724 5923 a
2755 5865 2958 5924 Judaeis
2991 5862 3340 5920 absconditos
3366 5866 3547 5919 tenta-
