4008 6336
476 330 503 387 l
527 327 634 386 ἐπί)

1292 319 1640 380 APPENDIX
1678 323 1770 380 AD
1804 319 2049 380 TOMUM
2087 313 2450 382 SEPTIMUM
2491 323 2548 382 S.
2593 321 2996 381 HIERONYMI.

3663 324 3799 384 {940

472 450 684 506 tionum
719 447 941 518 laqueos
987 445 1039 500 in
1072 443 1156 500 via
1197 442 1482 514 praesentis
1537 442 1661 498 vita:
1693 483 1708 510 ,
1763 450 1818 498 et
1866 441 1919 497 in
1966 436 2292 512 aliisAipsi
2350 441 2669 512 patriarchae
2710 440 3153 512 justilicabuntur
3220 443 3271 498 in
3325 450 3624 515 conspectu
3678 442 3797 499 Dei.

479 542 878 601 declaravimus
905 540 1150 613 psalmis.

550 636 954 696 Considerabam
974 653 1006 691 a
1039 635 1256 691 dextris.
1281 633 1352 691 Ut
1377 634 1445 691 de
1469 633 1690 690 sinislra
1713 631 1778 688 ad
1804 631 2083 689 dexteram

475 735 896 792 adducerentur.
938 732 1007 786 Et
1045 732 1282 786 ridebam
1302 773 1317 800 ,
1350 729 1474 800 quia
1502 746 1605 785 non
1636 737 1746 783 erat
1767 728 1858 800 qui
1889 743 2084 798 cogno-

474 837 633 885 sceret
657 846 754 885 me.
790 828 960 883 Deum
984 841 1148 882 carne
1174 832 1507 881 contectum.

550 922 716 977 Periit
747 921 871 993 fuga
897 937 928 974 a
975 937 1071 976 nte.
1100 919 1266 975 Periit
1291 919 1412 989 luga
1441 918 1564 988 ejus
1590 960 1604 986 ,
1652 931 1776 972 cum
1818 914 2030 971 delatus
2055 929 2085 969 ιι

472 1014 695 1079 Judzeis,
729 1013 930 1082 saepius
960 1012 1104 1068 ullro
1132 1011 1324 1066 iterum
1357 1009 1551 1064 obtulit
1583 1055 1597 1078 ,
1630 1023 1730 1064 nec
1761 1017 1844 1063 est
1871 1007 2085 1078 agnitus

477 1108 547 1163 ab
574 1108 674 1163 eis.
716 1107 783 1161 Et
817 1123 917 1161 non
945 1118 1019 1160 est
1049 1106 1136 1176 qui
1162 1115 1364 1176 quierat
1395 1104 1623 1158 animum
1646 1119 1832 1157 meam.
1873 1101 2084 1171 Corpus

475 1201 754 1272 accipiunt
778 1199 844 1255 ad
874 1197 1328 1270 cruciﬁgendum:
1364 1197 1600 1252 animam
1631 1205 1812 1251 autem
1853 1208 1961 1250 non
1992 1207 2083 1250 re-

475 1294 729 1365 quirunt,
761 1290 814 1346 id
845 1298 952 1358 est,
984 1305 1089 1346 non
1119 1289 1415 1361 attingunt.

545 1385 781 1443 διανηαυὶ
814 1386 882 1439 ad
922 1394 999 1452 te,
1029 1384 1266 1439 Domine.
1299 1385 1373 1439 De
1402 1397 1587 1438 cruce.
1618 1381 1774 1447 Dixi,
1804 1391 1858 1436 tu
1889 1398 1938 1436 es
1969 1399 2085 1453 spes

473 1500 608 1539 mea.
652 1479 1056 1537 Commendans
1094 1478 1150 1534 in
1192 1477 1446 1533 manibus
1485 1477 1592 1532 tuis
1623 1475 1874 1546 spiritum
1904 1489 2082 1532 meum

473 1579 646 1651 (Luc.
683 1592 816 1634 χχιιι
837 1577 876 1647 ).
932 1574 1115 1630 Portio
1144 1590 1257 1628 mea
1284 1574 1339 1627 in
1370 1582 1511 1627 terra
1540 1572 1836 1628 viventium.
1873 1571 1930 1625 In
1958 1586 2086 1626 san-

472 1673 576 1729 ctis
607 1672 695 1744 qui
729 1671 782 1726 in
811 1685 931 1727 eam
959 1668 1366 1725 transferuntur
1395 1712 1410 1734 ,
1465 1667 1607 1722 sicut
1648 1673 1702 1722 et
1747 1664 1948 1720 latroni
1979 1664 2081 1718 ait:

478 1763 813 1824 Amen‘dico
840 1761 960 1831 tibi,
989 1760 1114 1832 quia
1141 1759 1307 1816 hodie
1338 1773 1550 1814 mecum
1575 1759 1686 1815 eris
1717 1758 1773 1813 in
1804 1755 2079 1828 paradiso.

2190 531 2373 590 Stellae
2395 535 2538 591 enim
2566 549 2675 591 non
2704 542 2829 590 sunt
2851 534 3066 592 munda:
3096 535 3150 592 in
3173 546 3465 608 conspectu
3493 535 3614 608 ejus
3644 537 3795 608 (Job.

2189 628 2344 700 xxv).

2265 721 2402 788 Quia
2446 732 2742 795 persecutus
2781 732 2854 779 est
2883 724 3125 779 inimicus
3174 725 3403 780 animant
3443 742 3636 780 meam.
3695 726 3801 783 Hoc

2192 814 2642 886 interpretatione
2673 832 2778 872 non
2806 817 3030 887 indiget.
3064 817 3202 872 Nulli
3237 817 3489 883 dubium,
3521 819 3655 890 quin
3685 819 3800 874 dia-

2189 910 2704 967 boluszﬂumiliavit
2735 915 2787 967 in
2819 922 2954 967 terra
2983 915 3144 966 vitam
3173 929 3358 968 meum.
3387 911 3499 968 Hoc
3526 923 3633 981 est,
3660 913 3800 984 quod

2189 1003 2340 1060 dicit.
2371 1005 2511 1061 Ante
2552 1005 2664 1061 alas
2713 1005 2976 1061 habebam
3005 1047 3019 1072 ,
3047 1014 3102 1062 et
3125 1006 3405 1062 volabam:
3431 1022 3584 1083 nunc.
3624 1017 3800 1063 autem

2189 1109 2508 1170 persecutus
2538 1108 2621 1156 est
2661 1100 2910 1156 inimicus
2948 1101 3184 1157 animam
3240 1117 3450 1157 meam:
3507 1111 3562 1158 et
3610 1118 3803 1173 appre-

2190 1191 2406 1258 hendit,
2455 1202 2509 1248 et
2536 1192 2721 1265 ligavit
2749 1193 2879 1249 mihi
2907 1193 3071 1263 pedes
3102 1204 3156 1249 et
3188 1209 3376 1250 manus
3402 1237 3419 1263 ,
3448 1195 3802 1263 quemadmo-

2189 1284 2317 1341 dum
2347 1286 2574 1342 volatile
2617 1287 2685 1342 ab
2713 1288 2934 1344 homine
2973 1287 3454 1359 comprehenditur
3479 1331 3495 1354 ,
3543 1298 3606 1344 ut
3653 1289 3802 1359 quasi

2187 1378 2434 1434 videatur
2479 1391 2750 1446 mortuum
2791 1395 2952 1436 esse:
3011 1382 3134 1452 quia
3164 1397 3270 1437 non
3314 1381 3480 1437 habet
3530 1381 3803 1437 licentiam

2187 1475 2394 1528 alarum
2424 1489 2644 1529 suarum
2673 1483 2731 1529 ut
2753 1474 2919 1530 volet.
2952 1473 3024 1529 Ita
3067 1485 3121 1530 et
3149 1491 3234 1530 me
3257 1516 3272 1540 ,
3303 1474 3516 1546 inquit,
3551 1475 3804 1533 inimicus

2185 1565 2375 1636 ligavit
2395 1567 2728 1624 conscientia
2766 1575 3112 1637 peccatorum
3139 1582 3406 1624 meorum.

2260 1660 2542 1717 Collocavit
2566 1679 2645 1718 me
2684 1663 2736 1716 in
2779 1663 3010 1717 obscuris
3033 1703 3049 1731 ,
3079 1664 3210 1717 sicut
3239 1671 3466 1718 mortuos
3492 1664 3693 1718 stt-culi.
3749 1663 3804 1721 Si

2190 1754 2327 1812 sicut
2357 1764 2604 1812 mortuos
2649 1757 2831 1812 saeculi
2859 1798 2874 1826 ,
2909 1756 3085 1812 adhuc
3112 1755 3338 1812 necdum
3362 1767 3612 1813 mortuus
3637 1803 3651 1826 ,
3681 1757 3803 1829 quia

544 1857 764 1913 Intende
811 1857 865 1910 in
899 1855 1188 1909 orationem
1217 1868 1386 1908 meam
1414 1869 1432 1905 :
1471 1852 1594 1924 quia
1623 1851 1925 1906 humiliatus
1964 1867 2080 1906 sum
2110 1847 2159 1907 B
2190 1850 2242 1906 in
2274 1851 2588 1920 pcenitentia
2637 1858 2762 1907 stat.
2810 1849 2864 1905 Si
2901 1851 3023 1920 quis
3067 1858 3247 1905 autem
3273 1863 3509 1920 peccans
3537 1866 3644 1906 non
3698 1852 3804 1922 agit

471 1952 647 2008 nimis.
680 1950 873 2006 Libera
894 1967 972 2005 me
997 1967 1029 2004 a
1054 1948 1472 2022 persequentibus
1512 1964 1622 2002 me:
1653 1949 1774 2017 quia
1803 1947 2084 2020 confortati

471 2053 594 2100 sunt
618 2059 778 2115 super
798 2059 898 2111 me,
925 2051 1033 2099 etc.
1062 2042 1110 2097 A
1135 2042 1296 2097 Patre
1323 2055 1382 2096 se
1413 2039 1568 2095 educi
1598 2039 1667 2096 de
1697 2039 1890 2095 inferni
1933 2041 2084 2096 clau-

472 2140 604 2195 stris
627 2138 909 2210 postulat,
956 2145 1015 2192 ut
1042 2134 1378 2192 resurrectio
1421 2134 1538 2205 ejus
1585 2134 1798 2206 paterni
1847 2133 2082 2190 nominis

470 2234 650 2292 honor
698 2233 786 2288 sit.
842 2232 974 2301 Quae
1021 2230 1295 2288 confessio
1325 2245 1357 2284 a
1403 2229 1604 2300 quibus
1657 2229 1728 2285 sit
1774 2229 2081 2286 conlitenda

468 2325 746 2394 ostendit,
805 2324 1021 2381 dicens:
1081 2323 1169 2378 Me
1222 2323 1693 2396 exspectantjusti.
1725 2321 2082 2394 Apostolivcl

468 2418 663 2490 reliqui
716 2417 890 2472 sancti
922 2459 937 2484 ,
966 2431 1197 2488 quorum
1231 2414 1634 2485 exspectationi
1664 2457 1679 2482 ,
1713 2429 1834 2470 cum
1891 2429 2081 2471 resur-

467 2525 667 2568 rexero
696 2551 710 2574 ,
745 2507 1046 2566 satisfacio.
1094 2508 1275 2563 Donec
1296 2507 1551 2562 retribuas
1580 2505 1729 2562 mihi.
1762 2507 2082 2562 Claritatem

467 2604 620 2660 illam
655 2619 817 2674 quam
845 2601 1054 2668 habui,
1087 2603 1403 2672 priusquam
1433 2601 1667 2656 mundus
1709 2599 1866 2655 ﬁeret
1891 2642 1906 2667 ,
1938 2599 2081 2671 apud

469 2708 525 2756 te
578 2697 784 2770 (Joan.
839 2712 946 2753 xvtt
973 2696 1018 2768 ).
1076 2696 1141 2751 Et
1182 2710 1284 2750 nos
1321 2695 1598 2751 humiliter
1637 2694 1994 2765 deprecamur
2019 2708 2083 2748 ac

469 2792 706 2864 petimus
731 2831 746 2856 ,
780 2800 837 2846 ut
865 2798 1118 2860 suscepta
1154 2803 1288 2845 voce
1318 2788 1575 2845 clamoris
1607 2787 1781 2842 nostri
1812 2833 1826 2855 ,
1858 2785 2082 2843 eductos

469 2899 540 2942 ex
572 2883 772 2940 inferni
816 2897 1036 2940 carcere
1063 2924 1077 2950 ,
1138 2882 1272 2938 illuc
1302 2897 1402 2938 nos
1452 2882 1646 2952 jubeas
1695 2880 1972 2936 transferri
2016 2879 2083 2936 de

469 2987 684 3046 morte,
722 2977 816 3032 ubi
863 2975 1123 3046 pendenti
1169 2973 1366 3030 latroni
1397 2973 1718 3045 prmparasti
1746 2973 1924 3029 locum
1950 2971 2084 3027 luci-

467 3072 596 3128 dum
621 3085 684 3126 ac
713 3071 983 3142 quietem:
1033 3068 1161 3140 quia
1189 3067 1288 3124 tibi
1343 3077 1428 3123 est
1458 3067 1634 3122 honor
1660 3076 1711 3122 et
1740 3065 1910 3136 gloria
1957 3079 2080 3120 cum

467 3164 630 3222 Patre
656 3172 711 3221 et
737 3163 940 3236 Spiritu
974 3171 1167 3220 sancto
1200 3162 1254 3217 in
1285 3163 1482 3218 szecula
1514 3159 1852 3217 saeculorum.
1883 3159 2077 3215 Amen.

993 3303 1316 3362 PSALMUS
1353 3301 1561 3358 CXLII.

544 3398 790 3454 Psalmus
841 3397 1010 3452 David
1038 3440 1052 3463 ,
1098 3397 1308 3467 quando
1352 3394 1750 3468 persequebatur
1793 3408 1908 3468 eum
1946 3391 2090 3468 ﬁlius

469 3487 596 3527 suus
623 3470 871 3524 Absalon.
899 3470 1009 3524 Iste
1040 3461 1290 3540 psalmus
1321 3461 1522 3522 vocem
1540 3465 1784 3540 continet
1817 3461 1966 3540 illius
1995 3461 2087 3540 qui

466 3557 570 3614 pro
602 3543 835 3614 humana
893 3535 1266 3614 redemptione
1291 3541 1530 3608 seipsum
1558 3535 1856 3614 exinanivit
1886 3577 1901 3599 ,
1934 3535 2086 3614 acci-

469 3604 627 3685 piens
649 3613 878 3685 formam
900 3612 1045 3669 servi
1069 3604 1096 3682 ,’
1119 3621 1177 3667 ιιι
1204 3625 1306 3666 nos
1335 3604 1554 3670 erueret
1581 3625 1610 3664 a
1639 3607 1900 3665 servitute
1925 3604 2085 3679 (Phi-

469 3684 606 3758 lipp.
639 3684 724 3756 ιι).

543 3827 788 3895 Domine,
817 3827 1005 3883 exaudi
1033 3826 1316 3881 orationem
1342 3839 1533 3881 meam.
1570 3823 1805 3880 llumilia
1832 3824 2002 3887 verba
2031 3833 2086 3880 et

467 3921 628 3994 plena
681 3920 1003 3977 humilitatis
1050 3928 1106 3976 ct
1144 3918 1551 3974 misericnrdim.
1603 3919 1829 3973 Auribus
1880 3919 2085 3988 percipe

469 4016 876 4072 obsecrationem
896 4029 1060 4069 meam
1083 4013 1138 4066 in
1169 4013 1380 4067 veritate
1401 4021 1512 4066 tua.
1545 4008 1886 4068 Confidentis
1917 4015 2083 4068 verba

467 4119 618 4167 sunt.
644 4107 712 4162 In
738 4109 951 4163 veritate
979 4116 1087 4172 tua,
1110 4107 1213 4161 hoc
1239 4113 1344 4174 est,
1361 4106 1414 4160 in
1444 4104 1664 4161 Christo
1687 4115 1796 4161 tuo.
1814 4106 1929 4178 Ego
1960 4123 2079 4163 sum

467 4204 580 4269 via,
614 4201 748 4270 vita,
779 4208 834 4257 et
859 4201 1058 4257 veritas
1088 4197 1268 4272 (Joan.
1297 4199 1430 4266 xlv).
1486 4196 1554 4252 Et
1589 4199 1778 4254 exaudi
1803 4217 1881 4255 me
1911 4202 1964 4254 iu
1991 4210 2081 4255 tua

459 4297 692 4374 justitia.
720 4297 784 4351 Et
805 4296 860 4350 in
885 4293 1105 4350 Christo
1133 4303 1248 4349 tuo.
1279 4291 1392 4349 lloc
1422 4302 1530 4361 est,
1561 4307 1668 4348 non
1689 4291 1904 4347 confido
1924 4292 2075 4360 mihi,

467 4391 568 4448 sed
599 4406 700 4461 ego
722 4389 1004 4445 veritatem
1031 4396 1088 4444 et
1101 4387 1366 4458 justitiam
1399 4395 1543 4442 tuam
1571 4393 1719 4458 peto,
1745 4395 1800 4442 ut
1831 4387 1947 4458 ipsa
1971 4387 2078 4443 mei

470 4485 818 4541 misereatur.

538 4575 610 4630 Et
639 4591 744 4631 non
763 4575 918 4630 intres
939 4576 992 4628 in
1005 4574 1266 4646 judicium
1293 4591 1408 4629 cum
1436 4589 1580 4629 servo
1608 4582 1717 4629 tuo.
1774 4573 1920 4630 Ecce
1958 4589 2072 4630 ma-

2187 1944 2563 2016 pwnitentiam
2592 1990 2606 2013 ,
2641 1943 2730 1998 hic
2752 1954 2996 1998 mortuus
3024 1953 3107 1999 est
3134 1945 3317 2001 smculi
3344 1989 3360 2013 ,
3393 1954 3451 2000 et
3480 1961 3588 2000 non
3616 1984 3632 2011 ,
3661 1946 3803 2002 sicut

2187 2047 2471 2105 mortuus,
2522 2037 2619 2093 sed
2649 2036 2889 2110 perfecte
2917 2046 3186 2094 mortuus.
3246 2037 3358 2094 lloc
3409 2053 3541 2110 ergo
3593 2041 3802 2110 putavit

2186 2133 2599 2204 inimicus,quia
2622 2147 2729 2188 non
2757 2147 2858 2203 ago
2885 2131 3261 2205 paenitentiam
3288 2148 3388 2205 pro
3416 2135 3652 2203 peccatis
3680 2150 3799 2205 qute

2185 2231 2301 2302 ipse
2333 2229 2467 2286 mihi
2510 2230 2782 2300 suggessit
2810 2237 2867 2284 ιιι
2905 2228 3124 2284 faciam.
3160 2227 3229 2282 Et
3257 2229 3499 2284 anxietas
3526 2238 3601 2284 est
3643 2246 3799 2301 super

2186 2340 2265 2378 me
2291 2323 2505 2394 spiritus
2535 2321 2787 2377 meus.Tu
2815 2321 2902 2377 dic
2932 2322 3084 2391 prius
3113 2332 3336 2392 peccata
3369 2332 3456 2377 tua
3483 2363 3500 2390 ,
3529 2331 3586 2378 et
3615 2323 3796 2378 salvus

2185 2417 2294 2474 eris
2323 2415 2478 2489 (lsai.
2511 2416 2688 2486 xun).
2723 2415 2788 2470 Et
2819 2415 3049 2470 iterum:
3094 2415 3153 2471 Si
3206 2414 3382 2470 solum
3437 2415 3794 2484 suspiraveris

2185 2524 2285 2581 pro
2315 2509 2552 2580 peccatis
2584 2509 2690 2564 tuis
2712 2551 2726 2575 ,
2757 2509 2945 2564 salvus
2968 2511 3075 2565 eris
3121 2507 3358 2579 (Ezech.
3389 2524 3521 2563 xvnt
3543 2508 3584 2580 ).
3619 2508 3683 2563 ln
3717 2526 3794 2564 me

2187 2604 2448 2658 turbatum
2479 2614 2552 2659 est
2577 2619 2664 2658 cor
2688 2619 2878 2658 meum.
2909 2602 3139 2675 Propter
3166 2601 3556 2659 conscientiam
3590 2616 3784 2672 meant,

2185 2700 2309 2772 quia
2335 2700 2574 2770 peccavi.

2260 2794 2459 2850 Memor
2514 2795 2590 2866 fui
2630 2795 2833 2852 dierum
2869 2795 3214 2864 antiquorum.
3260 2793 3480 2850 Dierum
3543 2808 3783 2850 meorum

2187 2888 2426 2959 priorum
2455 2902 2664 2944 memor
2694 2888 2795 2954 fui,
2823 2887 3040 2958 quando
3065 2887 3329 2944 habebam
3358 2885 3741 2944 conﬁdentiam
3765 2903 3779 2943 :

2188 2997 2332 3039 nunc
2359 2992 2541 3038 autem
2570 2981 2702 3037 mihi
2735 2997 2841 3038 nox
2867 2990 2973 3038 est.

2260 3075 2509 3149 Expandi
2551 3092 2736 3130 manus
2784 3092 2922 3130 meas
2950 3075 3020 3129 ad
3066 3085 3133 3131 te.
3165 3075 3386 3146 Ligatus
3427 3073 3496 3129 ab
3542 3072 3776 3139 inimico,

2186 3168 2324 3224 nihil
2363 3167 2510 3223 aliud
2561 3182 2781 3238 possum
2828 3166 3010 3224 facere
3056 3167 3160 3222 nisi
3189 3167 3570 3238 paenitentiam
3595 3181 3774 3236 agere,

2112 3247 2158 3312 C
2188 3270 2244 3318 et
2285 3276 2481 3316 manus
2510 3276 2662 3316 meas
2691 3261 2874 3316 levare
2898 3260 2964 3316 ad
3009 3269 3081 3317 te.
3114 3261 3297 3314 Anima
3341 3276 3455 3313 mea
3489 3261 3622 3314 sicut
3651 3269 3777 3314 terra

2193 3360 2304 3413 sine
2345 3373 2480 3428 aqua
2508 3357 2622 3411 tibi.
2670 3355 2822 3413 Sicut
2868 3365 3011 3411 terra
3042 3355 3160 3410 sine
3191 3370 3327 3426 aqua
3353 3353 3469 3409 sitit
3516 3362 3572 3409 et
3595 3353 3778 3424 quaerit

2189 3449 2419 3506 imbrem
2447 3468 2460 3504 :
2489 3450 2561 3505 ita
2576 3459 2630 3506 et
2656 3447 2836 3504 anima
2867 3462 2987 3506 mea
3009 3447 3282 3505 desiderat
3302 3456 3355 3504 et
3376 3445 3491 3502 sitit
3512 3454 3587 3512 te,
3619 3447 3774 3502 Deum

2191 3557 2529 3690 8'lli’lzloociter
2574 3634 2767 3690 exaudi
2812 3651 2924 3703 me,
2981 3632 3203 3689 Domine
3251 3648 3270 3688 :
3313 3633 3499 3704 defecit
3554 3632 3774 3704 Spiritus

2190 3745 2352 3785 meus.
2386 3729 2581 3785 Anima
2617 3744 2736 3785 mea
2765 3728 2987 3794 defecit,
3019 3738 3071 3785 et
3101 3743 3228 3784 caro
3259 3742 3379 3783 mea
3408 3710 3608 3782 deiecit
3633 3745 3646 3780 :
3675 3725 3773 3796 Spi-

2187 3823 2325 3880 ritus
2357 3833 2562 3879 tantum
2595 3821 2856 3880 remansit
2882 3822 2936 3877 in
2978 3837 3086 3887 me,
3117 3832 3170 3879 et
3197 3823 3312 3893 ipse
3355 3819 3601 3888 defecit;
3653 3818 3768 3886 sed,

2186 3919 2423 3974 velociter
2448 3919 2643 3974 exaudi
2663 3934 2762 3983 me,
2796 3916 3051 3982 Domine,
3079 3925 3134 3972 et
3163 3914 3422 3972 miserere
3449 3914 3578 3970 mei.

2259 4013 2454 4070 Notam
2501 4014 2582 4085 fac
2637 4011 2765 4066 mihi
2810 4013 2943 4066 riam
2971 4011 3025 4065 in
3053 4027 3156 4083 qua
3195 4009 3475 4064 ambulem.
3507 4009 3768 4064 Christum

2187 4116 2336 4163 tuum
2390 4117 2579 4164 notum
2631 4105 2720 4164 fac
2771 4105 2929 4174 mihi,
2981 4107 3073 4178 qui
3125 4104 3262 4161 dixit
3311 4122 3326 4162 :
3385 4104 3500 4176 Ego
3541 4119 3658 4160 sum
3695 4103 3767 4156 via

2186 4203 2368 4278 (Joan.
2400 4202 2538 4276 xw).

2257 4296 2492 4375 Spiritus
2524 4306 2642 4351 tuus
2699 4298 2864 4351 bonus
2895 4297 3110 4351 deducet
3153 4313 3230 4350 me
3259 4297 3315 4350 in
3347 4307 3539 4351 terram
3569 4306 3763 4352 rectam.

2183 4389 2282 4445 llic
2321 4390 2630 4460 impiissimi
2679 4389 2867 4445 Ariani
2902 4398 3208 4462 proponunt
3251 4389 3428 4454 nobis,
3461 4401 3519 4446 et
3548 4391 3764 4446 dicunt:

2182 4483 2438 4554 Magister
2467 4485 2627 4552 bone,
2657 4482 2787 4555 quid
2811 4483 3004 4538 faciam
3029 4484 3154 4538 boni
3184 4492 3242 4538 ut
3268 4483 3451 4540 salvus
3485 4483 3650 4539 liam?
3675 4484 3767 4552 Qui

2179 4574 2313 4631 dicit
2347 4593 2360 4629 :
2393 4575 2532 4642 Quid
2571 4589 2659 4631 me
2694 4574 2832 4630 dicis
2860 4575 3108 4630 bonum?
3139 4575 3308 4631 Nemo
3345 4585 3431 4631 est
3480 4577 3652 4632 bonus
3678 4577 3766 4631 nisi

464 4667 822 4727 nifestissime
842 4667 1275 4736 demonstravit,
1317 4667 1440 4739 quia
1494 4665 1926 4723 misericordiam
1979 4667 2073 4724 Dei
2101 4654 2157 4718 D
2184 4684 2320 4725 unus
2344 4668 2486 4723 Deus
2517 4666 2670 4739 (Luc.
2706 4668 2879 4738 xvut).
2898 4668 3040 4740 Ergo
3067 4669 3112 4723 si
3135 4666 3306 4724 Filius
3334 4683 3444 4726 non
3468 4678 3553 4726 est
3577 4669 3763 4736 bonus,

463 4761 834 4836 praestolatur,
860 4759 1076 4816 dicens:
1116 4758 1186 4814 Et
1225 4777 1329 4816 non
1373 4761 1532 4814 intres
1570 4761 1623 4814 in
1661 4760 1921 4833 judicium
1959 4777 2076 4814 cum

461 4876 609 4917 servo
637 4868 746 4914 tuo.
766 4856 862 4911 Hic
889 4856 1041 4925 quasi
1063 4855 1259 4926 aliquis
1276 4854 1490 4925 judicet
1510 4855 1650 4911 inter
1681 4854 1848 4910 Deum
1877 4868 1930 4909 et
1953 4871 2074 4925 pro-

466 4955 686 5024 phetam
715 4996 730 5021 ,
765 4951 903 5006 sicut
944 4958 999 5005 et
1027 4949 1081 5004 in
1111 4947 1556 5019 quinquagesimo
1582 4947 1790 5019 psalmo
1814 4949 2073 5018 scriptum

461 5055 575 5104 eSt:
611 5045 681 5101 Ut
708 5044 1021 5114 justiticeris
1051 5044 1104 5097 in
1137 5041 1476 5098 sermonibus
1500 5043 1628 5110 tuis,
1662 5051 1718 5097 ct
1737 5043 1923 5097 vincas
1951 5057 2072 5099 cum

457 5138 744 5210 judicaris.
776 5138 840 5192 Et
870 5146 1156 5208 propterea
1183 5141 1350 5190 intrat
1381 5135 1432 5188 in
1460 5134 1724 5205 judicium
1774 5135 1915 5190 Deus
1949 5178 1964 5202 ,
2017 5147 2076 5191 ut

456 5235 609 5303 juste
631 5228 835 5300 puniat.
869 5229 999 5285 Tale
1026 5229 1150 5301 quid
1180 5227 1309 5284 fecit
1336 5235 1394 5282 et
1421 5224 1596 5299 Cyrus
1621 5269 1634 5292 ,
1662 5243 1755 5283 rex
1783 5227 2069 5284 Persarum

460 5333 517 5381 et
547 5323 846 5389 Medorum,
877 5323 992 5394 regi
1020 5321 1422 5388 Armeniorum,
1455 5320 1670 5392 quando
1699 5329 2071 5392 transgressus

461 5427 551 5478 est
578 5417 842 5472 amicitias
863 5418 997 5486 ejus.
1029 5417 1168 5471 Vicit
1196 5431 1319 5472 eum
1349 5425 1402 5471 et
1431 5415 1705 5485 captivum
1736 5417 1945 5485 accepit
1970 5435 1982 5469 :
2015 5426 2069 5471 ct

459 5513 711 5586 proprios
743 5513 883 5568 illius
912 5521 1172 5582 cognatos
1196 5554 1211 5578 ,
1263 5520 1315 5565 ct
1343 5525 1564 5566 uxorem
1589 5552 1603 5577 ,
1658 5517 1714 5565 et
1754 5511 1895 5566 lilios
1943 5511 2070 5568 fecit

449 5606 704 5679 judicare
757 5608 897 5662 inter
945 5605 1102 5661 illos:
1152 5615 1211 5660 ut
1243 5604 1390 5674 juste
1433 5613 1527 5660 aut
1565 5604 1925 5674 misereatur,
1977 5613 2068 5661 aut

453 5700 666 5772 puniat.
701 5699 836 5765 Quia
865 5714 967 5752 non
989 5696 1365 5769 justi/imbitur
1395 5698 1449 5752 in
1478 5708 1753 5767 conspectu
1783 5707 1872 5753 tuo
1898 5700 2063 5754 omnis

452 5795 647 5848 uiuens.
675 5794 817 5848 Deus
839 5791 1136 5860 Abraham,
1167 5793 1308 5847 Dens
1334 5791 1503 5862 Isaac,
1526 5794 1666 5848 Deus
1687 5791 1884 5848 Jacob:
1915 5791 2059 5848 Deus

452 5885 749 5954 viventium
774 5923 790 5951 ,
823 5895 877 5942 et
907 5899 1014 5941 non
1045 5891 1378 5942 mortuorum
1421 5883 1588 5958 (Luc.
1621 5903 1689 5942 xx
1713 5885 1752 5956 ).
1784 5887 1924 5958 Ergo
1953 5900 2054 5943 nec

2179 4763 2275 4820 sed
2320 4763 2478 4818 Pater
2519 4781 2532 4816 :
2575 4762 2746 4832 major
2773 4773 2857 4818 est
2894 4763 3054 4819 Pater
3085 4761 3248 4818 Filio.
3306 4763 3451 4836 Ergo
3481 4764 3764 4820 secundum

2181 4864 2332 4912 tuum
2356 4869 2598 4922 sensum,
2628 4854 2950 4926 impiissime
2972 4855 3196 4923 Ariane,
3222 4856 3342 4926 quis
3356 4856 3763 4928 major?Filius,

2175 4964 2245 5004 an
2289 4948 2521 5020 Spiritus
2566 4950 2818 5004 sanctus?
2861 4947 3056 5020 Utique
3093 4949 3250 5018 dicis,
3280 4949 3474 5006 Filius.
3524 4952 3624 5008 llic
3649 4965 3764 5020 ergo

2177 5041 2349 5098 dicit:
2383 5042 2618 5113 Spiritus
2659 5053 2773 5096 tuus
2813 5043 2973 5096 bonus
2997 5043 3210 5097 deducet
3241 5060 3318 5098 me
3356 5045 3410 5097 in
3443 5055 3636 5099 terram
3662 5062 3764 5099 rec-

2178 5145 2302 5192 tam.
2331 5136 2474 5207 Ergo
2498 5137 2542 5191 si
2568 5135 2801 5206 Spiritus
2825 5136 2998 5190 bonus
3029 5145 3135 5204 est,
3165 5137 3254 5206 qui
3288 5137 3470 5192 minor
3495 5147 3604 5206 est,
3637 5139 3767 5194 sicut

2180 5241 2238 5286 tu
2267 5231 2404 5286 dicis
2441 5249 2452 5283 :
2487 5230 2655 5285 multo
2706 5230 2872 5301 magis
2919 5229 3093 5285 Filius
3147 5231 3323 5286 bonus
3353 5240 3462 5299 est,
3519 5249 3681 5304 quem
3711 5242 3762 5287 tu

2179 5324 2441 5395 majorem
2491 5324 2648 5380 dicis.
2682 5323 2739 5379 In
2783 5324 3075 5396 Evangelia
3111 5336 3308 5380 autem.
3343 5327 3416 5381 ita
3464 5327 3631 5382 habet
3662 5347 3674 5382 :
3704 5328 3762 5382 Et

2173 5417 2436 5476 accedens
2461 5435 2600 5474 unus
2627 5419 2696 5474 de
2724 5419 2920 5473 scribis
2949 5426 3165 5476 tentans
3189 5435 3332 5484 eum,
3361 5419 3436 5474 ait
3473 5440 3483 5472 :
3517 5421 3759 5492 Magister

2174 5510 2348 5579 bone,
2382 5521 2436 5566 et
2481 5511 2558 5566 ait
2591 5509 2772 5578 :Quid
2801 5525 2888 5566 me
2929 5510 3068 5566 dicis
3101 5511 3327 5578 bonum,
3369 5524 3424 5568 et
3456 5528 3570 5568 non
3599 5513 3755 5570 conli-

2173 5605 2300 5661 teris
2332 5603 2546 5679 (Matth.
2570 5605 2720 5673 XIX)?
2745 5604 2898 5660 Sicut
2919 5605 2965 5660 si
2989 5605 3186 5678 aliquis
3210 5616 3424 5662 tentans
3445 5608 3753 5680 episcopum

2171 5718 2360 5770 suum,
2393 5717 2552 5774 quem
2585 5703 2906 5760 contemnit.
2939 5700 3082 5756 dicat
3134 5701 3246 5757 illi:
3273 5701 3568 5774 Episcope,
3592 5715 3647 5759 et
3673 5705 3753 5759 ille

2169 5796 2458 5868 respondet
2487 5821 2496 5850 ς
2532 5796 2650 5852 Tibi
2700 5813 2808 5852 non
2837 5814 2954 5852 sum
2979 5797 3290 5868 episcopus.
3350 5800 3549 5856 recede
3595 5817 3622 5854 a
3652 5814 3747 5855 me.

2163 5891 2304 5949 Alibi
2334 5901 2514 5950 autem
2547 5907 2654 5950 non
2684 5892 2917 5964 legistis:
2938 5892 3120 5949 Bonus
3135 5901 3316 5964 pastor
3344 5895 3501 5964 ponit
3527 5894 3744 5950 animam
