4008 6336
241 365 369 423 12H

1125 359 1557 420 BREVIARIUM
1598 360 1662 417 IN
1705 358 2035 417 PSAIMOS.
2082 357 2329 416 PS.\I.M.
2375 355 2602 416 CXLIII.

3394 362 3529 419 12H

234 496 385 539 suam
418 496 516 554 pro
541 478 740 538 ’ovibus
773 480 886 536 suis
933 476 1113 552 (Joan.
1142 478 1237 552 x)?
1256 477 1396 547 Quid
1425 487 1605 534 autem
1634 476 1829 533 melius
1857 480 1908 540 Α
1938 476 2151 531 vanitas
2184 493 2196 530 :
2222 475 2385 532 homo
2413 485 2613 548 quanta
2636 475 2881 536 vanitas!
2917 477 2982 536 Et
3021 476 3070 534 si
3098 475 3312 535 vanitas
3331 479 3530 551 angeli,

233 575 396 642 Filio,
425 576 516 648 qui
548 589 773 631 carnem
801 571 974 629 induit
1006 580 1234 644 propter
1259 585 1379 638 nos,
1420 579 1473 626 et
1500 584 1694 641 passus
1722 577 1825 639 est,

232 679 288 728 et
329 669 670 726 descendens
700 669 766 724 de
816 683 913 723 sua
961 667 1270 738 majestate,
1310 680 1503 722 novem
1537 679 1753 720 menses
1777 664 1828 718 in

231 772 390 819 utero
424 761 663 832 Virginis
695 762 746 816 in
789 761 1052 832 sanguine
1103 758 1226 823 fuit,
1282 759 1334 813 in
1377 757 1658 812 cunabulis
1705 756 1824 824 fuit,

233 852 431 928 passus
482 865 567 912 est
617 871 714 927 per
744 865 1020 910 momenta
1047 867 1326 918 crescere,
1361 861 1416 907 et
1440 851 1746 917 verberari,
1777 859 1831 905 et

231 948 591 1022 colaphizari,
625 957 679 1005 et
708 947 994 1020 cruciﬁgi?
1017 946 1158 1016 Quid
1191 946 1293 1002 hoc
1321 944 1555 1001 melius?

738 1062 1058 1121 PSALMUS
1097 1061 1328 1125 CXLIII.

228 1159 464 1230 Propter
516 1175 613 1217 eos
672 1161 762 1232 qui
796 1161 1050 1230 ignorant
1088 1160 1340 1216 Latinam
1394 1161 1657 1231 linguam,
1703 1158 1832 1214 licet

301 1233 473 1288 multa
502 1233 568 1287 de
595 1232 892 1304 Evangelio
922 1233 1242 1300 dixerimus,
1279 1243 1457 1288 tamen
1489 1233 1752 1287 debemus
1776 1241 1830 1287 et

299 1304 371 1359 de
420 1305 691 1360 Psalterio
737 1306 986 1375 quaedam
1041 1305 1226 1360 dicere
1261 1322 1271 1357 :
1307 1313 1368 1358 ut
1395 1304 1516 1358 aliis
1548 1304 1826 1371 saturatis,

303 1376 396 1432 alii
432 1376 606 1446 jejuni
656 1391 764 1433 non
811 1377 1055 1432 redeant.
1089 1376 1358 1445 Quoniam
1406 1384 1588 1430 autem
1634 1376 1830 1444 longus

300 1455 386 1518 est
415 1451 677 1516 psalmus,
708 1459 764 1502 et
795 1448 842 1502 si
873 1447 1210 1504 voluerimus
1241 1449 1292 1501 in
1324 1448 1554 1518 singulis
1583 1448 1828 1518 versicu:

299 1517 366 1572 lis
398 1515 701 1584 immorari,
735 1521 850 1575 dies
882 1521 1122 1590 prmterit
1158 1537 1168 1570 :
1202 1515 1461 1573 debemus
1489 1519 1730 1573 breviter
1759 1515 1826 1590 ad

299 1590 514 1660 singula
560 1605 790 1664 quaeque
829 1588 1024 1648 sensus
1067 1591 1239 1663 magis
1267 1606 1428 1662 quam
1461 1589 1628 1646 verba
1657 1588 1827 1661 repli-

298 1675 448 1719 care.

300 1775 613 1833 Benedictus
643 1775 899 1832 Dominus
941 1777 1080 1833 Deus
1131 1793 1296 1845 meus,
1326 1777 1415 1848 qui
1443 1777 1587 1856 docet
1641 1789 1828 1829 manus

1932 569 1976 625 si
2007 570 2207 626 coelum
2239 571 2453 627 vanitas
2489 590 2498 624 :
2535 571 2678 629 Deus
2719 589 2848 645 ergo
2875 588 3044 646 quare
3074 573 3370 631 vanitatem
3401 587 3533 646 ope-

1932 676 2080 721 ratus
2105 666 2230 721 est?
2254 665 2478 722 Vanitas
2500 667 2566 724 ad
2597 669 3061 740 comparationem
3093 670 3188 725 Del
3219 686 3231 723 :
3269 646 3529 726 caete-rum

1933 777 2030 832 per
2052 777 2111 817 se
2139 776 2243 816 non
2272 763 2481 819 vanitas
2502 762 2728 835 (Eccles.
2749 765 2812 836 ι).
2831 764 3071 830 Domine,
3103 765 3229 836 quid
3252 774 3324 821 est
3353 763 3530 834 homo,

1931 857 2055 928 quia
2105 857 2378 913 innotuisti
2424 859 2513 914 ei?
2550 859 2784 916 Grandis
2829 859 3067 915 hominis
3103 849 3334 915 felicitas
3388 859 3533 916 scire

1934 958 2238 1006 creatorem
2289 965 2469 1007 suum.
2506 951 2617 1008 lloc
2657 967 2687 1007 a
2718 951 2910 1008 bestiis
2949 952 3239 1021 distamus,
3265 950 3390 1023 quia
3429 966 3530 1007 nos

1935 1043 2284 1113 intelligimus
2304 1043 2618 1102 Creatorem
2643 1054 2924 1112 nostrum;
2955 1045 3168 1101 illanon
3195 1043 3530 1115 intelligunt.

1933 1138 2041 1195 Sed
2069 1149 2123 1194 et
2166 1140 2283 1211 ipse
2315 1150 2491 1196 status
2541 1141 2786 1212 corporis
2815 1156 2974 1197 suum
2999 1140 3194 1210 quzerit
3238 1138 3529 1197 artificem.

1932 1228 2140 1286 Czetera
2188 1234 2443 1290 animalia
2476 1243 2672 1290 terram
2724 1236 3044 1306 respiciunt,
3088 1245 3142 1292 et
3188 1233 3276 1290 ubi
3309 1241 3525 1299 venter,

1933 1322 2004 1378 ibi
2047 1332 2102 1378 ct
2130 1324 2293 1379 oculi.
2323 1326 2590 1381 Caeterum
2620 1327 2760 1383 oculi
2809 1328 2979 1382 nostri
3009 1326 3076 1382 ad
3121 1327 3317 1383 coelum
3359 1325 3532 1382 erecti

1931 1424 2080 1484 sunt,
2114 1425 2169 1472 et
2216 1417 2262 1472 si
2314 1433 2469 1474 mens
2500 1419 2668 1478 fuerit
2714 1421 2989 1478 obcmcata
3016 1462 3030 1489 ,
3074 1428 3258 1478 tamen
3314 1419 3529 1476 inviCtis

1931 1509 2108 1566 oculis
2141 1511 2336 1568 caelum
2369 1512 2668 1570 videamus.

2003 1607 2176 1662 Homo
2207 1606 2422 1662 vanitati
2453 1608 2638 1662 similis
2667 1608 2834 1679 factus
2858 1616 2953 1674 est,
2983 1608 3092 1663 dics
3115 1609 3226 1678 ejus
3255 1607 3386 1662 sicut
3410 1623 3527 1662 um-

1931 1701 2024 1755 bra
2071 1709 2404 1774 praetereunt.
2457 1700 2599 1757 Vere
2630 1700 2750 1757 dies
2782 1702 2953 1757 nostri
2985 1701 3136 1773 quasi
3181 1700 3396 1758 umbra.
3429 1698 3528 1756 Fui

1932 1793 2250 1862 infantulus,
2283 1794 2356 1850 fui
2393 1809 2551 1864 puer,
2582 1792 2657 1850 fui
2683 1793 3161 1862 adolescentulus,
3193 1793 3266 1848 fui
3289 1793 3526 1864 juvenis,

223 1890 372 1930 meas
403 1875 473 1928 ad
499 1875 759 1948 praelium,
788 1883 835 1930 et
862 1875 1050 1947 digitos
1079 1891 1220 1929 meos
1248 1874 1317 1927 ad
1337 1873 1544 1927 bellum.
1574 1871 1675 1940 Qui
1703 1871 1821 1926 bre-

1931 1887 2003 1944 fui
2033 1889 2138 1957 vir,
2167 1890 2272 1945 hoc
2293 1898 2396 1958 est,
2424 1889 2496 1944 fui
2525 1891 2702 1946 relatis
2724 1889 3002 1962 perfectae,
3029 1887 3104 1944 fui
3143 1887 3357 1944 mediae.
3391 1888 3526 1942 Dum

223 1971 369 2027 viter
393 1972 802 2041 interpretatur,
840 1969 942 2024 boc
973 1969 1353 2040 consequitur,
1387 1977 1444 2022 ut
1473 1967 1587 2037 ipsc
1611 1965 1822 2020 laudem

220 2078 334 2119 non
367 2062 586 2131 habeat,
614 2072 669 2118 et
693 2071 872 2118 tamen
897 2061 1276 2133 quodcumque
1299 2062 1350 2116 in
1381 2061 1824 2132 interpretatione

219 2165 329 2222 est,
364 2158 640 2216 retineant
662 2156 742 2212 illi
773 2156 862 2227 qui
894 2155 1200 2223 audierunt.
1234 2153 1547 2210 Benedictus
1571 2153 1824 2208 Dominus

223 2250 368 2308 Deus
408 2268 571 2320 meus,
601 2251 690 2324 qui
720 2252 868 2306 docet
917 2267 1098 2306 manus
1128 2267 1266 2306 meas
1289 2250 1356 2303 ad
1380 2247 1638 2321 prwlium,
1665 2257 1712 2302 et
1745 2248 1828 2302 di-

219 2347 360 2418 gitos
386 2363 524 2400 meos
565 2346 632 2399 ad
662 2344 872 2400 bellum.
905 2345 1171 2401 Levemus
1194 2361 1383 2400 manus
1412 2343 1462 2399 in
1491 2351 1673 2398 sancta
1706 2342 1825 2398 sine

220 2440 646 2512 cogitationibus
677 2449 732 2495 et
759 2439 1278 2510 disceptationibus;
1321 2438 1564 2494 levemus
1592 2437 1643 2492 in
1676 2437 1822 2492 omni

222 2539 370 2597 Ioco.
398 2539 466 2596 Et
496 2555 621 2596 cum
650 2538 1014 2595 levaverimus
1039 2551 1231 2592 manus
1259 2545 1496 2604 nostras,
1545 2536 1822 2592 orationes

222 2646 431 2690 nostra:
488 2634 554 2689 ad
606 2634 771 2690 Deum
829 2648 977 2688 arma
1007 2641 1131 2688 sunt
1151 2641 1338 2688 contra
1385 2630 1680 2686 diabolum.
1723 2630 1825 2698 Qui

219 2730 376 2786 docet
407 2745 589 2784 manus
608 2745 746 2784 meas
776 2728 845 2782 ad
872 2728 1132 2798 praelium,
1177 2737 1223 2781 et
1245 2725 1434 2798 digitos
1464 2742 1602 2780 meos
1630 2725 1699 2778 ad
1721 2724 1826 2778 bel-

219 2825 356 2881 lum.
408 2824 534 2880 ngc
581 2832 662 2881 est
683 2824 798 2897 lyra
824 2830 1035 2890 nostra,
1070 2821 1188 2877 haec
1209 2819 1433 2876 cithara.
1481 2817 1538 2875 In
1560 2818 1662 2875 hac
1692 2833 1820 2874 can-

219 2927 407 2975 tamus
434 2917 686 2974 Domino.

300 3013 665 3071 Misericordia
717 3031 856 3084 mea,
916 3022 963 3068 et
1009 3013 1270 3085 refugiunt
1313 3027 1504 3076 meum,
1561 3018 1828 3080 susceptor

218 3125 375 3165 utens
425 3117 473 3164 et
525 3108 771 3164 liberator
797 3123 957 3162 meus.
1013 3105 1286 3161 Protector
1315 3121 1478 3171 meus,
1527 3112 1574 3157 et
1611 3103 1664 3155 in
1712 3103 1826 3173 ipso

218 3203 451 3274 speravi.
503 3201 559 3258 In
613 3203 773 3257 tantis
802 3200 1109 3256 nominibus
1149 3199 1452 3270 appellatur
1490 3197 1655 3253 Deus.
1687 3197 1828 3265 Quot

219 3296 515 3364 beneficia,
549 3305 625 3351 tot
655 3295 898 3350 nomina.
942 3295 1044 3365 Qui
1065 3293 1239 3348 subdis
1260 3293 1510 3366 papulutn
1538 3306 1710 3344 meum
1733 3291 1824 3344 sub
1852 3287 1897 3348 Ο

220 3409 328 3447 me.
378 3389 490 3446 l‘loc
537 3397 712 3460 potest
740 3403 808 3444 ex
839 3403 1071 3458 persona
1121 3385 1322 3441 Christi
1373 3383 1516 3453 dici,
1562 3382 1667 3438 hoc
1701 3391 1821 3448 est,

219 3497 289 3540 ex
355 3492 637 3552 assumpto
693 3479 936 3535 homine.
996 3464 1184 3534 Potest
1239 3485 1418 3532 autem
1475 3491 1542 3531 ex
1591 3489 1821 3543 persona

217 3575 595 3649 apostolorum
637 3574 768 3640 dici,
794 3573 918 3646 quia
947 3572 1145 3628 dicitur
1176 3590 1186 3625 :
1219 3571 1321 3638 Qui
1365 3568 1540 3625 subdis
1572 3568 1819 3640 papulum

214 3686 396 3725 meum
424 3669 516 3745 sul;
539 3685 635 3724 me.
667 3667 810 3723 Dicit
837 3667 940 3722 hoc
970 3674 1026 3721 et
1072 3675 1295 3720 sanctus
1328 3663 1490 3719 Pater
1523 3663 1575 3716 in
1606 3675 1824 3716 monas-

217 3763 402 3827 terio,
447 3769 502 3816 et
548 3759 755 3831 gratias
804 3757 1050 3814 referens
1102 3758 1214 3812 Deo
1263 3756 1395 3812 dicit
1439 3773 1450 3807 :
1492 3754 1822 3809 Benedictus

214 3855 488 3912 Dominus
538 3853 684 3910 Deus
739 3866 931 3916 meus,
980 3850 1069 3920 qui
1115 3849 1294 3904 subdis
1349 3848 1596 3921 papulum
1654 3862 1822 3900 meum

212 3950 314 4006 sub
343 3966 441 4006 me.
466 3947 581 4004 Non
601 3948 746 4004 enim
775 3944 905 4002 mihi
923 3944 1239 4014 subjicitur;
1268 3941 1361 3999 sed
1395 3940 1490 3997 tibi
1512 3939 1816 4010 subjicitur.

211 4042 350 4099 ldco
379 4041 511 4096 mihi
540 4041 738 4109 servit,
761 4049 822 4095 ut
839 4038 1041 4094 serviat
1074 4036 1189 4092 tibi.

291 4135 532 4200 Domine,
585 4133 712 4204 quid
765 4142 838 4188 est
876 4130 1062 4199 homo,
1103 4130 1224 4200 quia
1277 4127 1554 4184 innotuisti
1608 4127 1654 4180 ei
1688 4133 1817 4181 :aut

209 4229 360 4302 ﬁlius
413 4227 654 4296 hominis,
703 4226 827 4298 quia
847 4234 1055 4296 reputas
1085 4225 1241 4278 eum?
1295 4221 1405 4276 Hoc
1447 4221 1622 4292 ipsum
1665 4225 1721 4272 et
1763 4217 1818 4274 in

209 4334 411 4380 octavo
439 4321 650 4394 psalmo
681 4319 880 4376 dicitur
915 4337 926 4372 :
960 4317 1100 4386 Quid
1123 4326 1206 4374 est
1232 4316 1396 4372 homo
1422 4315 1567 4388 quod
1608 4327 1820 4368 memor

185 4403 276 4478 'es
324 4418 442 4489 ejus
473 4435 484 4472 :
511 4425 602 4472 aut
634 4415 778 4472 illius
825 4414 1082 4479 hominis,
1134 4413 1390 4482 quoniam
1432 4411 1624 4466 visitas
1651 4410 1818 4464 eum?

209 4513 462 4572 Domine,
493 4511 620 4584 quid
648 4519 721 4564 est
751 4510 926 4574 homo,
948 4507 1071 4579 quia
1096 4507 1367 4562 innotuisti
1394 4506 1475 4562 ei?
1507 4506 1580 4560 De
1609 4503 1818 4574 fragili-

211 4617 332 4664 tate
359 4605 605 4676 corporis
625 4613 678 4660 et
702 4603 934 4658 humana
957 4601 1270 4658 conditione
1297 4600 1572 4672 loquitur?
1595 4600 1661 4655 Et
1685 4599 1814 4670 quid

1928 1983 2137 2047 nescio,
2170 1998 2340 2038 senex
2375 1998 2520 2038 sum.
2551 1983 2831 2039 Senectuti
2864 1997 3012 2038 mors
3053 1980 3317 2052 subrepit.
3352 1979 3530 2035 Mutor

1925 2075 2190 2147 quotidie,
2225 2085 2279 2131 et
2307 2075 2440 2130 nihil
2467 2091 2552 2131 me
2577 2091 2702 2132 esse
2721 2090 2826 2130 non
2848 2074 3140 2132 sentio.Ne
3169 2088 3277 2130 uno
3305 2071 3526 2146 quidem

1929 2178 2208 2223 momento
2240 2167 2392 2223 horse
2423 2177 2630 2225 stamus
2657 2169 2708 2223 in
2739 2177 2889 2223 statu
2934 2176 3146 2234 nostro,
3191 2167 3286 2223 sed
3313 2179 3530 2238 semper

1927 2270 2020 2316 aut
2070 2260 2370 2318 crescimus
2427 2270 2519 2316 aut
2560 2260 2947 2318 decrescimus.
3006 2261 3149 2332 Ergo
3205 2259 3369 2316 homo
3430 2273 3525 2328 per

1928 2364 2205 2411 momenta
2227 2364 2488 2421 mutatur,
2523 2364 2575 2411 et
2603 2354 2731 2410 dum
2762 2355 2953 2421 nescit,
2978 2352 3317 2424 interit.Ego
3334 2366 3524 2421 senex,
3557 2365 3564 2372 '

1928 2450 2194 2507 recordor
2221 2450 2524 2506 infantulus
2554 2449 2686 2521 quid
2715 2449 2936 2514 fuerim,
2969 2448 3100 2521 quid
3125 2447 3370 2515 fecerim,
3390 2462 3527 2520 quo-

1928 2546 2091 2601 modo
2123 2546 2372 2613 luserim,
2407 2543 2683 2615 quomodo
2711 2543 2814 2598 huc
2835 2543 3068 2614 illucque
3109 2540 3466 2598 discurrerim
3503 2554 3520 2596 :

1927 2653 2072 2693 nunc
2123 2653 2207 2692 me
2257 2637 2414 2692 video
2451 2637 2618 2691 nimio
2646 2635 2890 2707 pondere
2933 2643 3354 2705 praegravatum.
3390 2630 3516 2686 Dies

1927 2735 2040 2805 ejus
2067 2732 2196 2785 sicut
2225 2730 2400 2785 umbra
2431 2738 2760 2799 prwfereunt.
2792 2728 2911 2782 Vita
2955 2735 3143 2783 nostra
3175 2726 3365 2781 umbra
3398 2739 3526 2781 esse

1927 2823 2179 2890 videtur,
2227 2831 2282 2879 et
2328 2822 2687 2878 substantiam
2740 2836 2846 2877 non
2899 2820 3080 2876 habet.
3130 2819 3286 2890 Quod
3340 2828 3521 2874 autem

1927 2917 2286 2976 substantiam
2339 2932 2446 2973 non
2491 2916 2676 2983 habet,
2700 2915 2812 2972 cito
2838 2916 2994 2987 perit.
3023 2914 3159 2986 Quia
3207 2929 3338 2985 ergo
3361 2913 3526 2968 homo

1927 3021 2038 3070 tam
2065 3012 2391 3069 miserabilis
2413 3020 2496 3067 est
2532 3028 2546 3067 :
2581 3011 2707 3082 quia
2735 3010 2812 3066 sic
2833 3018 2918 3065 est
2943 3009 3214 3079 infirmus,
3239 3007 3370 3079 quid
3399 3007 3527 3064 inde

1929 3107 2254 3181 precamur?
2285 3105 2417 3177 quid
2447 3104 2738 3176 rogamus?
2783 3102 2914 3176 quid
2941 3101 3030 3160 hic
3058 3102 3192 3160 dicit
3224 3100 3526 3175 prepheta?

1930 3202 2057 3275 quid
2087 3210 2173 3258 est
2200 3200 2344 3273 quod
2372 3199 2664 3270 precatur?

2002 3295 2242 3362 Domine,
2259 3293 2454 3348 inclina
2481 3295 2638 3348 caelos
2667 3301 2802 3356 tuos,
2827 3300 2875 3345 et
2905 3290 3178 3346 descende.
3227 3287 3344 3345 Non
3373 3295 3527 3358 pote-

1927 3390 2006 3446 ris
2037 3403 2262 3445 servare
2308 3389 2464 3442 istam
2496 3385 2735 3442 hominis
2766 3383 3053 3452 vilitatem,
3087 3382 3193 3439 nisi
3238 3383 3352 3452 ipse
3405 3395 3526 3437 eam

1929 3483 2190 3540 indueris.
2250 3483 2505 3545 Domine,
2536 3480 2731 3535 inclina
2761 3483 2914 3534 cwlos
2947 3487 3087 3546 tuos,
3145 3487 3193 3532 et
3248 3475 3517 3531 descende.

1925 3577 2054 3636 Ovis
2083 3587 2178 3632 tua
2202 3592 2430 3633 erronea
2459 3576 2640 3631 sanari
2674 3589 2781 3630 non
2819 3573 3039 3644 poterit.
3068 3572 3169 3627 nisi
3200 3571 3310 3628 suis
3337 3570 3527 3626 hume-

1927 3672 2002 3728 ris
2031 3680 2337 3741 reportetur
2381 3667 2531 3741 (Luc.
2565 3669 2679 3737 xv).
2727 3666 2908 3738 Tange
2940 3676 3159 3731 montes,
3215 3673 3262 3717 et
3301 3663 3528 3734 {antigo-

1925 3765 2071 3820 bunt.
2100 3767 2302 3829 Amen,
2327 3778 2484 3818 amen
2504 3763 2628 3817 dico
2658 3761 2850 3815 vobis:
2875 3761 2920 3814 si
2948 3759 3247 3814 habueritis
3279 3758 3439 3812 fidem
3465 3765 3528 3811 ut

1923 3871 2150 3930 granum
2168 3856 2371 3926 sinapis
2404 3873 2414 3907 :
2451 3853 2702 3924 poteritis
2727 3851 2909 3907 dicere
2934 3852 3104 3905 monti
3127 3849 3258 3904 huic
3287 3867 3297 3901 :
3329 3847 3522 3914 transi,

1923 3961 1977 4008 et
1999 3952 2359 4006 transferetur
2389 3947 2605 4016 (Matth.
2637 3947 2792 4017 xvtt).
2824 3945 2901 4001 Ibi
2939 3945 3010 4001 de
3034 3945 3276 4002 quatico
3304 3943 3524 4000 diceba-

1925 4055 2012 4102 tur
2038 4063 2050 4099 :
2083 4044 2153 4100 de
2174 4045 2272 4100 illo
2299 4051 2504 4109 monte,
2531 4039 3128 4114 quiabillistransferri
3150 4053 3255 4094 non
3283 4046 3516 4109 poterat.

1923 4141 2197 4212 Scriptum
2231 4148 2315 4195 est
2354 4140 2406 4194 in
2431 4137 2704 4194 Ieremia:
2737 4136 2874 4191 Date
2921 4133 3152 4190 Domino
3192 4133 3306 4189 Deo
3335 4141 3523 4189 nostro

1921 4234 2171 4308 gloriam.
2200 4242 2489 4304 antequam
2517 4229 2794 4286 oil'eudant
2813 4227 2976 4299 pedes
3003 4225 3171 4282 vestri
3210 4224 3276 4281 ad
3308 4233 3520 4281 montes

1922 4331 2240 4387 tenebrosos
2286 4327 2420 4400 (Jer.
2476 4324 2614 4398 xui).
2668 4324 2778 4380 iloc
2830 4333 3001 4378 totum
3040 4337 3206 4394 quare
3247 4319 3521 4377 diximus?

1920 4423 2189 4493 Quoniam
2228 4429 2285 4477 et
2314 4436 2456 4476 nunc
2499 4416 2772 4489 sequitur:
2810 4416 2984 4488 Tange
3037 4423 3257 4481 montes,
3285 4421 3334 4468 et
3361 4413 3521 4484 [umi-

1919 4519 2130 4591 gabunt.
2165 4515 2373 4571 Montes
2404 4514 2492 4584 qui
2524 4521 2755 4583 regnant
2788 4529 2800 4563 :
2835 4517 3051 4566 montes
3080 4507 3172 4579 qui
3203 4505 3375 4563 erecti
3394 4515 3522 4562 sunt

1921 4627 2018 4683 per
2061 4608 2368 4680 superbiam
2404 4625 2418 4661 :
2450 4605 2542 4678 qui
2595 4603 2818 4660 dicunt:
2852 4601 2968 4657 Mea
3018 4611 3146 4656 sunt
3191 4599 3437 4667 ﬂumina,
3468 4609 3524 4656 et

212 4701 387 4756 dicit?
427 4699 484 4754 Si
529 4713 746 4754 carnem
772 4696 1036 4767 aspicias,
1061 4694 1190 4767 quid
1213 4704 1296 4751 est
1326 4693 1524 4749 homo?
1552 4694 1605 4749 Si
1636 4692 1807 4764 Spiri-
1839 4699 1886 4758 D
1914 4720 2014 4777 ego
2044 4703 2144 4758 feci
2173 4716 2257 4756 ea.
2285 4698 2466 4770 Tange
2486 4707 2704 4761 montes,
2751 4703 2798 4750 et
2831 4694 3178 4768 fumigabunt.
3211 4693 3330 4749 Non
3359 4691 3516 4755 dixit,

213 4805 355 4860 tum,
387 4791 590 4864 grande
621 4791 876 4863 quiddam
927 4799 1013 4846 cst
1061 4790 1245 4844 homo.
1278 4788 1396 4844 Non
1446 4789 1813 4858 deSpiciamus

209 4903 464 4954 carnem,
496 4885 594 4942 sed
619 4884 798 4942 carnis
820 4898 990 4954 Opera
1019 4893 1451 4939 contemnamus.
1480 4881 1596 4935 Non
1627 4881 1811 4952 despi-

209 4985 430 5039 ciamus
480 4996 727 5049 carnem,
761 4996 880 5050 qua:
910 4994 1034 5035 cum
1080 4977 1297 5033 Christo
1342 4986 1534 5047 regnat
1566 4980 1618 5031 in
1648 4976 1810 5032 caelo.

208 5079 360 5136 Caro
389 5086 445 5133 et
471 5077 692 5148 sanguis
715 5090 940 5147 regnum
975 5073 1068 5129 Dei
1095 5088 1200 5128 non
1237 5071 1597 5140 possidebunt
1622 5072 1662 5144 (l
1689 5069 1809 5124 Cor.

210 5173 340 5240 xv).
372 5168 490 5224 Non
523 5183 651 5224 caro
686 5176 741 5224 et
769 5166 1021 5238 sanguis,
1053 5164 1148 5221 sed
1174 5165 1354 5221 carnis
1376 5179 1563 5234 Opera.
1597 5163 1737 5220 Caro
1760 5173 1814 5220 et

209 5263 440 5334 sanguis
469 5278 692 5334 regnum
723 5261 818 5318 Dei
843 5275 949 5316 non
981 5260 1356 5328 possidebunt,
1383 5270 1437 5315 et
1459 5261 1732 5330 quomodo
1760 5261 1810 5314 in

209 5357 438 5416 Christo
490 5365 739 5429 regnant,
773 5366 828 5412 et
869 5355 1144 5425 quomodo
1171 5354 1420 5410 sedemus
1443 5369 1564 5410 cum
1596 5354 1816 5410 Christo

208 5453 272 5508 in
302 5450 652 5507 caelestibus?
673 5449 916 5520 Domine,
941 5449 1066 5522 quid
1086 5458 1160 5504 est
1189 5447 1365 5514 homo,
1395 5449 1517 5516 quia
1548 5449 1818 5504 innotuisti

209 5545 264 5601 ei
291 5561 308 5598 :
339 5553 426 5598 aut
448 5543 588 5614 ﬁlius
616 5543 863 5610 hominis,
893 5544 1016 5613 quia
1041 5553 1249 5617 reputas
1285 5541 1435 5596 eum?
1464 5540 1679 5597 Gratias
1709 5543 1820 5613 agit

210 5638 361 5704 Deo,
409 5647 464 5693 et
491 5639 633 5710 quod
663 5637 814 5704 dicit,
841 5636 942 5692 hoc
968 5644 1055 5693 est
1078 5639 1394 5708 :Quantum
1426 5639 1490 5693 ad
1526 5639 1815 5695 humanam

209 5731 617 5797 conditionem,
648 5731 811 5786 homo
842 5731 974 5786 nihil
998 5740 1101 5787 est.
1150 5732 1370 5789 Vanitas
1401 5736 1726 5797 vanitatum,
1761 5745 1817 5790 et

209 5825 404 5882 omnia
437 5824 665 5895 vanitas,
695 5824 828 5880 dicit
856 5824 1231 5882 Ecclesiastes.
1267 5827 1322 5884 Si
1348 5831 1530 5884 omnia
1577 5830 1810 5898 vanitas,

207 5934 353 5992 ergo
383 5931 438 5978 et
482 5921 701 5990 coelum,
751 5936 882 5992 ergo
913 5930 967 5978 et
995 5920 1187 5992 angeli.
1234 5921 1294 5979 Si
1317 5923 1516 5980 caelum
1549 5934 1603 5983 et
1631 5925 1808 5996 angeli

1921 4793 2434 4855 inflammabuntur;
2479 4789 2602 4860 sed,
2638 4789 2980 4863 fumigabunt.
3033 4788 3280 4844 IIabeant
3309 4795 3522 4842 montes

1919 4904 2097 4962 paena:
2130 4885 2384 4942 indicium
2423 4902 2434 4938 :
2463 4899 2570 4939 non
2602 4882 2846 4954 fulgoris,
2884 4899 2993 4937 non
3024 4880 3354 4952 splendoris.

1992 4981 2232 5054 Fulgura
2287 4980 2666 5032 cornscationes
2697 5017 2712 5042 ,
2785 4985 2830 5030 et
2884 4974 3160 5047 dissipabis
3214 4989 3321 5028 eos.
3383 4970 3518 5027 Vide

1918 5079 2048 5151 quid
2097 5079 2260 5133 dicat.
2295 5075 2409 5131 Non
2457 5075 2611 5142 dixit,
2657 5074 2862 5130 delebis
2893 5086 3018 5137 eos;
3069 5070 3187 5135 sed,
3239 5068 3518 5139 dissipabis

1919 5191 2022 5230 eos.
2057 5173 2311 5240 Legimus
2340 5171 2393 5226 in
2424 5170 2645 5240 Genesi,
2677 5185 2743 5225 eo
2774 5181 3018 5237 tempore
3040 5181 3150 5237 quo
3178 5165 3520 5220 iabricabant

1921 5278 2156 5332 turrem,
2179 5265 2319 5321 dixit
2341 5265 2485 5321 Deus
2514 5282 2526 5319 :
2557 5263 2770 5327 Venite,
2792 5258 3187 5316 descendamus
3209 5267 3264 5315 et
3284 5258 3517 5315 confun-

1922 5362 2114 5419 damus
2148 5360 2362 5422 linguas
2407 5373 2621 5421 eorum,
2650 5371 2716 5410 ne
2765 5353 3060 5425 aliquando
3107 5354 3160 5409 in
3199 5369 3260 5410 se
3287 5367 3520 5410 consen-

1924 5471 2044 5512 sum
2080 5454 2335 5520 habeant,
2383 5452 2478 5509 sed
2523 5451 2903 5522 dispergantur
2940 5445 3096 5520 (Gen.
3142 5447 3242 5519 xi).
3294 5447 3522 5504 Prodest

1925 5553 2053 5611 illis.

2001 5647 2193 5704 Emitte
2217 5665 2423 5702 manum
2453 5655 2597 5700 tuam
2616 5646 2680 5700 de
2707 5643 2838 5702 alto.
2865 5643 3255 5716 Domine,quis
3283 5640 3520 5700 credidit

1919 5742 2128 5798 auditni
2163 5749 2370 5808 nostro,
2401 5748 2456 5795 et
2499 5737 2781 5794 brachium
2826 5737 3034 5793 Domini
3081 5737 3168 5792 cui
3218 5736 3518 5793 revelatum

1919 5845 2004 5893 est
2024 5834 2178 5908 (Isai.
2212 5833 2367 5904 Lm)?
2396 5832 2590 5888 Emitte
2617 5849 2831 5888 manum
2858 5841 2999 5886 tuam
3026 5829 3092 5885 de
3115 5828 3247 5888 alto.
3275 5828 3517 5894 Domine,

1916 5927 2112 5984 inclina
2133 5929 2284 5983 crrlos
2306 5936 2417 5982 tuos
2442 5935 2486 5982 ct
2509 5927 2776 5984 descende.
2807 5927 2920 5985 lioc
2947 5924 3014 5981 ad
3046 5924 3246 5982 Filium
3273 5923 3474 5984 dicitur
3499 5939 3510 5974 :
