  <div class='ocr_page' id='page_1' title='image "/cluster/home/n/w/nwhite01/storage/ocr_20150623/26/hvd.32044015471402/627.png"; bbox 0 0 4008 6336; ppageno 0'>
   <div class='ocr_carea' id='block_1_1' title="bbox 456 253 596 314">
    <p class='ocr_par' dir='ltr' id='par_1_1' title="bbox 456 253 596 314">
     <span class='ocr_line' id='line_1_1' title="bbox 456 253 596 314; baseline -0.036 0"><span class='ocrx_word' id='word_1_1' title='bbox 456 253 596 314; x_wconf 62' lang='grc' dir='ltr'><strong>1⁸3ιῦ</strong></span> 
     </span>
    </p>
   </div>
   <div class='ocr_carea' id='block_1_2' title="bbox 1247 255 2945 316">
    <p class='ocr_par' dir='ltr' id='par_1_2' title="bbox 1247 255 2945 316">
     <span class='ocr_line' id='line_1_2' title="bbox 1247 255 2945 316; baseline 0.002 -4"><span class='ocrx_word' id='word_1_2' title='bbox 1247 255 1592 312; x_wconf 74' lang='lat' dir='ltr'><strong>Al’PENDiX</strong></span> <span class='ocrx_word' id='word_1_3' title='bbox 1636 256 1728 312; x_wconf 90' lang='lat' dir='ltr'><strong>AD</strong></span> <span class='ocrx_word' id='word_1_4' title='bbox 1766 256 2008 315; x_wconf 67' lang='lat' dir='ltr'><strong>TOMUH</strong></span> <span class='ocrx_word' id='word_1_5' title='bbox 2046 255 2400 316; x_wconf 69' lang='grc' dir='ltr'><strong>δερτιιίυκ</strong></span> <span class='ocrx_word' id='word_1_6' title='bbox 2439 258 2496 314; x_wconf 85' lang='lat' dir='ltr'><strong>S.</strong></span> <span class='ocrx_word' id='word_1_7' title='bbox 2540 257 2945 316; x_wconf 70' lang='lat' dir='ltr'><strong>IIIERONYMI.</strong></span> 
     </span>
    </p>
   </div>
   <div class='ocr_carea' id='block_1_3' title="bbox 3612 264 3757 324">
    <p class='ocr_par' dir='ltr' id='par_1_3' title="bbox 3612 264 3757 324">
     <span class='ocr_line' id='line_1_3' title="bbox 3612 264 3757 324; baseline 0.028 -3"><span class='ocrx_word' id='word_1_8' title='bbox 3612 264 3757 324; x_wconf 65' lang='lat' dir='ltr'><strong>13M</strong></span> 
     </span>
    </p>
   </div>
   <div class='ocr_carea' id='block_1_4' title="bbox 452 368 3759 453">
    <p class='ocr_par' dir='ltr' id='par_1_4' title="bbox 452 368 3759 453">
     <span class='ocr_line' id='line_1_4' title="bbox 452 368 3759 453; baseline 0.003 -27"><span class='ocrx_word' id='word_1_9' title='bbox 452 369 662 426; x_wconf 86' lang='lat' dir='ltr'><strong>Inclina</strong></span> <span class='ocrx_word' id='word_1_10' title='bbox 707 370 861 428; x_wconf 77' lang='lat' dir='ltr'><strong>ctelos</strong></span> <span class='ocrx_word' id='word_1_11' title='bbox 890 377 1003 426; x_wconf 89' lang='lat' dir='ltr'><strong>tuos</strong></span> <span class='ocrx_word' id='word_1_12' title='bbox 1052 370 1412 427; x_wconf 80' lang='lat' dir='ltr'><strong>et.descende.</strong></span> <span class='ocrx_word' id='word_1_13' title='bbox 1449 370 1516 427; x_wconf 82' lang='lat' dir='ltr'><strong>Et</strong></span> <span class='ocrx_word' id='word_1_14' title='bbox 1554 369 1825 442; x_wconf 89' lang='lat' dir='ltr'><strong>quomodo</strong></span> <span class='ocrx_word' id='word_1_15' title='bbox 1865 370 2043 427; x_wconf 81' lang='lat' dir='ltr'><strong>dixit:</strong></span> <span class='ocrx_word' id='word_1_16' title='bbox 2074 372 2124 435; x_wconf 73' lang='grc' dir='ltr'><strong>Α</strong></span> <span class='ocrx_word' id='word_1_17' title='bbox 2152 368 2230 426; x_wconf 93' lang='lat' dir='ltr'><strong>llli</strong></span> <span class='ocrx_word' id='word_1_18' title='bbox 2283 370 2387 427; x_wconf 91' lang='lat' dir='ltr'><strong>hoc</strong></span> <span class='ocrx_word' id='word_1_19' title='bbox 2430 372 2707 429; x_wconf 82' lang='lat' dir='ltr'><strong>dixerunt.</strong></span> <span class='ocrx_word' id='word_1_20' title='bbox 2756 372 2869 445; x_wconf 82' lang='lat' dir='ltr'><strong>Ego</strong></span> <span class='ocrx_word' id='word_1_21' title='bbox 2910 374 3038 448; x_wconf 88' lang='lat' dir='ltr'><strong>quid</strong></span> <span class='ocrx_word' id='word_1_22' title='bbox 3078 375 3243 432; x_wconf 81' lang='lat' dir='ltr'><strong>dico?</strong></span> <span class='ocrx_word' id='word_1_23' title='bbox 3294 376 3487 434; x_wconf 79' lang='lat' dir='ltr'><strong>Beatus</strong></span> <span class='ocrx_word' id='word_1_24' title='bbox 3532 379 3759 453; x_wconf 80' lang='lat' dir='ltr'><strong>populus</strong></span> 
     </span>
    </p>
   </div>
   <div class='ocr_carea' id='block_1_5' title="bbox 453 458 2049 537">
    <p class='ocr_par' dir='ltr' id='par_1_5' title="bbox 453 458 2049 537">
     <span class='ocr_line' id='line_1_5' title="bbox 453 458 2049 537; baseline -0.001 -16"><span class='ocrx_word' id='word_1_25' title='bbox 453 458 648 522; x_wconf 87' lang='lat' dir='ltr'><strong>Emitte</strong></span> <span class='ocrx_word' id='word_1_26' title='bbox 677 482 888 522; x_wconf 86' lang='lat' dir='ltr'><strong>manum</strong></span> <span class='ocrx_word' id='word_1_27' title='bbox 910 473 1051 519; x_wconf 86' lang='lat' dir='ltr'><strong>tuam</strong></span> <span class='ocrx_word' id='word_1_28' title='bbox 1092 465 1155 520; x_wconf 88' lang='lat' dir='ltr'><strong>de</strong></span> <span class='ocrx_word' id='word_1_29' title='bbox 1181 464 1330 520; x_wconf 88' lang='lat' dir='ltr'><strong>alto?</strong></span> <span class='ocrx_word' id='word_1_30' title='bbox 1358 465 1413 520; x_wconf 88' lang='lat' dir='ltr'><strong>Si</strong></span> <span class='ocrx_word' id='word_1_31' title='bbox 1442 464 1749 537; x_wconf 74' lang='lat' dir='ltr'><strong>descendit,</strong></span> <span class='ocrx_word' id='word_1_32' title='bbox 1777 464 2049 535; x_wconf 87' lang='lat' dir='ltr'><strong>quomodo</strong></span> 
     </span>
    </p>
   </div>
   <div class='ocr_carea' id='block_1_6' title="bbox 454 556 2047 622">
    <p class='ocr_par' dir='ltr' id='par_1_6' title="bbox 454 556 2047 622">
     <span class='ocr_line' id='line_1_6' title="bbox 454 556 2047 622; baseline -0.001 -7"><span class='ocrx_word' id='word_1_33' title='bbox 454 573 673 615; x_wconf 88' lang='lat' dir='ltr'><strong>manum</strong></span> <span class='ocrx_word' id='word_1_34' title='bbox 709 557 873 614; x_wconf 87' lang='lat' dir='ltr'><strong>mittit</strong></span> <span class='ocrx_word' id='word_1_35' title='bbox 899 556 970 613; x_wconf 90' lang='lat' dir='ltr'><strong>de</strong></span> <span class='ocrx_word' id='word_1_36' title='bbox 1007 556 1281 615; x_wconf 66' lang='lat' dir='ltr'><strong>alto?Sed</strong></span> <span class='ocrx_word' id='word_1_37' title='bbox 1325 557 1447 613; x_wconf 90' lang='lat' dir='ltr'><strong>licet</strong></span> <span class='ocrx_word' id='word_1_38' title='bbox 1478 558 1530 613; x_wconf 93' lang='lat' dir='ltr'><strong>in</strong></span> <span class='ocrx_word' id='word_1_39' title='bbox 1574 565 1720 613; x_wconf 77' lang='lat' dir='ltr'><strong>tetra</strong></span> <span class='ocrx_word' id='word_1_40' title='bbox 1748 558 1839 622; x_wconf 88' lang='lat' dir='ltr'><strong>sit,</strong></span> <span class='ocrx_word' id='word_1_41' title='bbox 1871 566 2047 613; x_wconf 86' lang='lat' dir='ltr'><strong>tamen</strong></span> 
     </span>
    </p>
   </div>
   <div class='ocr_carea' id='block_1_7' title="bbox 453 646 2046 707">
    <p class='ocr_par' dir='ltr' id='par_1_7' title="bbox 453 646 2046 707">
     <span class='ocr_line' id='line_1_7' title="bbox 453 646 2046 707; baseline -0.001 -2"><span class='ocrx_word' id='word_1_42' title='bbox 453 646 523 707; x_wconf 88' lang='lat' dir='ltr'><strong>de</strong></span> <span class='ocrx_word' id='word_1_43' title='bbox 562 650 701 706; x_wconf 65' lang='lat' dir='ltr'><strong>caelo</strong></span> <span class='ocrx_word' id='word_1_44' title='bbox 731 650 899 706; x_wconf 89' lang='lat' dir='ltr'><strong>mittit</strong></span> <span class='ocrx_word' id='word_1_45' title='bbox 939 666 1154 706; x_wconf 89' lang='lat' dir='ltr'><strong>manum</strong></span> <span class='ocrx_word' id='word_1_46' title='bbox 1188 668 1201 707; x_wconf 89' lang='lat'><strong>:</strong></span> <span class='ocrx_word' id='word_1_47' title='bbox 1232 665 1339 706; x_wconf 92' lang='lat' dir='ltr'><strong>non</strong></span> <span class='ocrx_word' id='word_1_48' title='bbox 1371 651 1515 706; x_wconf 85' lang='lat' dir='ltr'><strong>enim</strong></span> <span class='ocrx_word' id='word_1_49' title='bbox 1548 650 1754 706; x_wconf 89' lang='lat' dir='ltr'><strong>recedit</strong></span> <span class='ocrx_word' id='word_1_50' title='bbox 1792 649 1859 705; x_wconf 90' lang='lat' dir='ltr'><strong>de</strong></span> <span class='ocrx_word' id='word_1_51' title='bbox 1884 651 2046 707; x_wconf 80' lang='lat' dir='ltr'><strong>etelo.</strong></span> 
     </span>
    </p>
   </div>
   <div class='ocr_carea' id='block_1_8' title="bbox 457 742 2042 816">
    <p class='ocr_par' dir='ltr' id='par_1_8' title="bbox 457 742 2042 816">
     <span class='ocr_line' id='line_1_8' title="bbox 457 742 2042 816; baseline 0 -18"><span class='ocrx_word' id='word_1_52' title='bbox 457 742 621 815; x_wconf 80' lang='lat' dir='ltr'><strong>Eripe</strong></span> <span class='ocrx_word' id='word_1_53' title='bbox 646 761 755 809; x_wconf 89' lang='lat' dir='ltr'><strong>me,</strong></span> <span class='ocrx_word' id='word_1_54' title='bbox 786 753 835 798; x_wconf 86' lang='lat' dir='ltr'><strong>et</strong></span> <span class='ocrx_word' id='word_1_55' title='bbox 857 743 1019 799; x_wconf 85' lang='lat' dir='ltr'><strong>libera</strong></span> <span class='ocrx_word' id='word_1_56' title='bbox 1046 761 1126 799; x_wconf 91' lang='lat' dir='ltr'><strong>me</strong></span> <span class='ocrx_word' id='word_1_57' title='bbox 1156 745 1219 798; x_wconf 78' lang='lat' dir='ltr'><strong>tle</strong></span> <span class='ocrx_word' id='word_1_58' title='bbox 1248 744 1399 816; x_wconf 87' lang='lat' dir='ltr'><strong>aquis</strong></span> <span class='ocrx_word' id='word_1_59' title='bbox 1422 744 1617 798; x_wconf 85' lang='lat' dir='ltr'><strong>multis.</strong></span> <span class='ocrx_word' id='word_1_60' title='bbox 1652 743 1919 811; x_wconf 75' lang='lat' dir='ltr'><strong>Quoniam</strong></span> <span class='ocrx_word' id='word_1_61' title='bbox 1952 744 2042 799; x_wconf 89' lang='lat' dir='ltr'><strong>de-</strong></span> 
     </span>
    </p>
   </div>
   <div class='ocr_carea' id='block_1_9' title="bbox 455 836 2048 908">
    <p class='ocr_par' dir='ltr' id='par_1_9' title="bbox 455 836 2048 908">
     <span class='ocr_line' id='line_1_9' title="bbox 455 836 2048 908; baseline -0.001 -16"><span class='ocrx_word' id='word_1_62' title='bbox 455 836 737 902; x_wconf 84' lang='lat' dir='ltr'><strong>scendisti,</strong></span> <span class='ocrx_word' id='word_1_63' title='bbox 760 838 1011 908; x_wconf 89' lang='lat' dir='ltr'><strong>quoniam</strong></span> <span class='ocrx_word' id='word_1_64' title='bbox 1039 837 1312 894; x_wconf 90' lang='lat' dir='ltr'><strong>inclinasti</strong></span> <span class='ocrx_word' id='word_1_65' title='bbox 1338 838 1527 905; x_wconf 79' lang='lat' dir='ltr'><strong>etelos,</strong></span> <span class='ocrx_word' id='word_1_66' title='bbox 1545 846 1601 893; x_wconf 88' lang='lat' dir='ltr'><strong>et</strong></span> <span class='ocrx_word' id='word_1_67' title='bbox 1617 836 1813 893; x_wconf 88' lang='lat' dir='ltr'><strong>misisti</strong></span> <span class='ocrx_word' id='word_1_68' title='bbox 1831 851 2048 891; x_wconf 90' lang='lat' dir='ltr'><strong>manum</strong></span> 
     </span>
    </p>
   </div>
   <div class='ocr_carea' id='block_1_10' title="bbox 454 929 2053 1002">
    <p class='ocr_par' dir='ltr' id='par_1_10' title="bbox 454 929 2053 1002">
     <span class='ocr_line' id='line_1_10' title="bbox 454 929 2053 1002; baseline -0.001 -17"><span class='ocrx_word' id='word_1_69' title='bbox 454 937 599 986; x_wconf 88' lang='lat' dir='ltr'><strong>tuam</strong></span> <span class='ocrx_word' id='word_1_70' title='bbox 629 929 696 986; x_wconf 89' lang='lat' dir='ltr'><strong>de</strong></span> <span class='ocrx_word' id='word_1_71' title='bbox 728 929 861 999; x_wconf 82' lang='lat' dir='ltr'><strong>alio,</strong></span> <span class='ocrx_word' id='word_1_72' title='bbox 887 937 943 985; x_wconf 89' lang='lat' dir='ltr'><strong>et</strong></span> <span class='ocrx_word' id='word_1_73' title='bbox 964 930 1253 986; x_wconf 85' lang='lat' dir='ltr'><strong>humanam</strong></span> <span class='ocrx_word' id='word_1_74' title='bbox 1281 945 1508 986; x_wconf 87' lang='lat' dir='ltr'><strong>carnem</strong></span> <span class='ocrx_word' id='word_1_75' title='bbox 1536 929 1788 1002; x_wconf 90' lang='lat' dir='ltr'><strong>dignatus</strong></span> <span class='ocrx_word' id='word_1_76' title='bbox 1809 944 1870 984; x_wconf 90' lang='lat' dir='ltr'><strong>es</strong></span> <span class='ocrx_word' id='word_1_77' title='bbox 1895 944 2053 984; x_wconf 74' lang='lat' dir='ltr'><strong>assu-</strong></span> 
     </span>
    </p>
   </div>
   <div class='ocr_carea' id='block_1_11' title="bbox 454 1027 2048 1097">
    <p class='ocr_par' dir='ltr' id='par_1_11' title="bbox 454 1027 2048 1097">
     <span class='ocr_line' id='line_1_11' title="bbox 454 1027 2048 1097; baseline -0.002 -14"><span class='ocrx_word' id='word_1_78' title='bbox 454 1044 629 1095; x_wconf 82' lang='lat' dir='ltr'><strong>mere,</strong></span> <span class='ocrx_word' id='word_1_79' title='bbox 680 1035 736 1083; x_wconf 84' lang='lat' dir='ltr'><strong>et</strong></span> <span class='ocrx_word' id='word_1_80' title='bbox 776 1028 932 1083; x_wconf 90' lang='lat' dir='ltr'><strong>multi</strong></span> <span class='ocrx_word' id='word_1_81' title='bbox 977 1027 1333 1084; x_wconf 85' lang='lat' dir='ltr'><strong>crediderunt</strong></span> <span class='ocrx_word' id='word_1_82' title='bbox 1381 1027 1432 1083; x_wconf 91' lang='lat' dir='ltr'><strong>in</strong></span> <span class='ocrx_word' id='word_1_83' title='bbox 1477 1037 1575 1084; x_wconf 89' lang='lat' dir='ltr'><strong>te:</strong></span> <span class='ocrx_word' id='word_1_84' title='bbox 1618 1041 1716 1097; x_wconf 87' lang='lat' dir='ltr'><strong>pro</strong></span> <span class='ocrx_word' id='word_1_85' title='bbox 1762 1041 1864 1081; x_wconf 81' lang='lat' dir='ltr'><strong>tina</strong></span> <span class='ocrx_word' id='word_1_86' title='bbox 1911 1040 2048 1097; x_wconf 86' lang='lat' dir='ltr'><strong>aqua</strong></span> 
     </span>
    </p>
   </div>
   <div class='ocr_carea' id='block_1_12' title="bbox 456 1114 2048 1195">
    <p class='ocr_par' dir='ltr' id='par_1_12' title="bbox 456 1114 2048 1195">
     <span class='ocr_line' id='line_1_12' title="bbox 456 1114 2048 1195; baseline 0.001 -23"><span class='ocrx_word' id='word_1_87' title='bbox 456 1114 640 1191; x_wconf 80' lang='lat' dir='ltr'><strong>plures</strong></span> <span class='ocrx_word' id='word_1_88' title='bbox 683 1135 837 1195; x_wconf 73' lang='lat' dir='ltr'><strong>aqua:</strong></span> <span class='ocrx_word' id='word_1_89' title='bbox 870 1136 992 1177; x_wconf 88' lang='lat' dir='ltr'><strong>esse</strong></span> <span class='ocrx_word' id='word_1_90' title='bbox 1033 1130 1325 1192; x_wconf 69' lang='lat' dir='ltr'><strong>coeperunt</strong></span> <span class='ocrx_word' id='word_1_91' title='bbox 1371 1138 1385 1175; x_wconf 89' lang='lat'><strong>:</strong></span> <span class='ocrx_word' id='word_1_92' title='bbox 1429 1118 1627 1176; x_wconf 78' lang='lat' dir='ltr'><strong>Videas</strong></span> <span class='ocrx_word' id='word_1_93' title='bbox 1678 1120 1950 1191; x_wconf 84' lang='lat' dir='ltr'><strong>dispersas</strong></span> <span class='ocrx_word' id='word_1_94' title='bbox 1996 1117 2048 1174; x_wconf 91' lang='lat' dir='ltr'><strong>in</strong></span> 
     </span>
    </p>
   </div>
   <div class='ocr_carea' id='block_1_13' title="bbox 457 1212 2051 1282">
    <p class='ocr_par' dir='ltr' id='par_1_13' title="bbox 457 1212 2051 1282">
     <span class='ocr_line' id='line_1_13' title="bbox 457 1212 2051 1282; baseline -0.001 -13"><span class='ocrx_word' id='word_1_95' title='bbox 457 1221 578 1269; x_wconf 90' lang='lat' dir='ltr'><strong>toto</strong></span> <span class='ocrx_word' id='word_1_96' title='bbox 615 1213 751 1269; x_wconf 84' lang='lat' dir='ltr'><strong>orbe</strong></span> <span class='ocrx_word' id='word_1_97' title='bbox 803 1228 927 1270; x_wconf 84' lang='lat' dir='ltr'><strong>esse</strong></span> <span class='ocrx_word' id='word_1_98' title='bbox 982 1213 1220 1270; x_wconf 71' lang='lat' dir='ltr'><strong>haereses</strong></span> <span class='ocrx_word' id='word_1_99' title='bbox 1273 1213 1542 1271; x_wconf 79' lang='lat' dir='ltr'><strong>diversas.</strong></span> <span class='ocrx_word' id='word_1_100' title='bbox 1601 1212 1762 1282; x_wconf 83' lang='lat' dir='ltr'><strong>Eripe</strong></span> <span class='ocrx_word' id='word_1_101' title='bbox 1816 1229 1894 1268; x_wconf 87' lang='lat' dir='ltr'><strong>me</strong></span> <span class='ocrx_word' id='word_1_102' title='bbox 1927 1253 1942 1277; x_wconf 88' lang='lat'><strong>,</strong></span> <span class='ocrx_word' id='word_1_103' title='bbox 2003 1222 2051 1268; x_wconf 81' lang='lat' dir='ltr'><strong>et</strong></span> 
     </span>
    </p>
   </div>
   <div class='ocr_carea' id='block_1_14' title="bbox 451 1304 2048 1379">
    <p class='ocr_par' dir='ltr' id='par_1_14' title="bbox 451 1304 2048 1379">
     <span class='ocr_line' id='line_1_14' title="bbox 451 1304 2048 1379; baseline -0.001 -18"><span class='ocrx_word' id='word_1_104' title='bbox 451 1308 612 1363; x_wconf 84' lang='lat' dir='ltr'><strong>libera</strong></span> <span class='ocrx_word' id='word_1_105' title='bbox 648 1322 728 1362; x_wconf 87' lang='lat' dir='ltr'><strong>me</strong></span> <span class='ocrx_word' id='word_1_106' title='bbox 773 1306 838 1362; x_wconf 84' lang='lat' dir='ltr'><strong>de</strong></span> <span class='ocrx_word' id='word_1_107' title='bbox 883 1306 1031 1379; x_wconf 88' lang='lat' dir='ltr'><strong>aquis</strong></span> <span class='ocrx_word' id='word_1_108' title='bbox 1061 1306 1237 1362; x_wconf 82' lang='lat' dir='ltr'><strong>multis</strong></span> <span class='ocrx_word' id='word_1_109' title='bbox 1273 1314 1371 1363; x_wconf 89' lang='lat' dir='ltr'><strong>:et</strong></span> <span class='ocrx_word' id='word_1_110' title='bbox 1417 1315 1617 1379; x_wconf 61' lang='lat' dir='ltr'><strong>praesta</strong></span> <span class='ocrx_word' id='word_1_111' title='bbox 1662 1304 1791 1360; x_wconf 91' lang='lat' dir='ltr'><strong>mihi</strong></span> <span class='ocrx_word' id='word_1_112' title='bbox 1842 1305 2048 1360; x_wconf 81' lang='lat' dir='ltr'><strong>fontem</strong></span> 
     </span>
    </p>
   </div>
   <div class='ocr_carea' id='block_1_15' title="bbox 454 1396 2050 1467">
    <p class='ocr_par' dir='ltr' id='par_1_15' title="bbox 454 1396 2050 1467">
     <span class='ocr_line' id='line_1_15' title="bbox 454 1396 2050 1467; baseline 0 -14"><span class='ocrx_word' id='word_1_113' title='bbox 454 1398 749 1457; x_wconf 77' lang='lat' dir='ltr'><strong>viventem.</strong></span> <span class='ocrx_word' id='word_1_114' title='bbox 808 1398 959 1456; x_wconf 88' lang='lat' dir='ltr'><strong>Unus</strong></span> <span class='ocrx_word' id='word_1_115' title='bbox 1007 1410 1090 1455; x_wconf 90' lang='lat' dir='ltr'><strong>est</strong></span> <span class='ocrx_word' id='word_1_116' title='bbox 1128 1401 1272 1455; x_wconf 85' lang='lat' dir='ltr'><strong>enim</strong></span> <span class='ocrx_word' id='word_1_117' title='bbox 1305 1399 1480 1467; x_wconf 83' lang='lat' dir='ltr'><strong>Deus,</strong></span> <span class='ocrx_word' id='word_1_118' title='bbox 1533 1415 1635 1452; x_wconf 89' lang='lat' dir='ltr'><strong>una</strong></span> <span class='ocrx_word' id='word_1_119' title='bbox 1684 1396 1850 1465; x_wconf 85' lang='lat' dir='ltr'><strong>ﬁdes,</strong></span> <span class='ocrx_word' id='word_1_120' title='bbox 1884 1412 2050 1453; x_wconf 90' lang='lat' dir='ltr'><strong>unum</strong></span> 
     </span>
    </p>
   </div>
   <div class='ocr_carea' id='block_1_16' title="bbox 451 1489 2052 1566">
    <p class='ocr_par' dir='ltr' id='par_1_16' title="bbox 451 1489 2052 1566">
     <span class='ocr_line' id='line_1_16' title="bbox 451 1489 2052 1566; baseline -0.003 -16"><span class='ocrx_word' id='word_1_121' title='bbox 451 1491 721 1564; x_wconf 78' lang='lat' dir='ltr'><strong>baptisma</strong></span> <span class='ocrx_word' id='word_1_122' title='bbox 750 1490 966 1566; x_wconf 85' lang='lat' dir='ltr'><strong>(Ep/tes.</strong></span> <span class='ocrx_word' id='word_1_123' title='bbox 1000 1492 1098 1564; x_wconf 92' lang='lat' dir='ltr'><strong>tv).</strong></span> <span class='ocrx_word' id='word_1_124' title='bbox 1126 1491 1312 1547; x_wconf 85' lang='lat' dir='ltr'><strong>Libera</strong></span> <span class='ocrx_word' id='word_1_125' title='bbox 1342 1509 1421 1546; x_wconf 90' lang='lat' dir='ltr'><strong>me</strong></span> <span class='ocrx_word' id='word_1_126' title='bbox 1441 1492 1505 1545; x_wconf 86' lang='lat' dir='ltr'><strong>de</strong></span> <span class='ocrx_word' id='word_1_127' title='bbox 1533 1492 1680 1564; x_wconf 82' lang='lat' dir='ltr'><strong>aquis</strong></span> <span class='ocrx_word' id='word_1_128' title='bbox 1704 1492 1906 1545; x_wconf 85' lang='lat' dir='ltr'><strong>multis.</strong></span> <span class='ocrx_word' id='word_1_129' title='bbox 1939 1489 2052 1546; x_wconf 71' lang='lat' dir='ltr'><strong>Illa:</strong></span> 
     </span>
    </p>
   </div>
   <div class='ocr_carea' id='block_1_17' title="bbox 452 1583 2050 1657">
    <p class='ocr_par' dir='ltr' id='par_1_17' title="bbox 452 1583 2050 1657">
     <span class='ocr_line' id='line_1_17' title="bbox 452 1583 2050 1657; baseline -0.001 -17"><span class='ocrx_word' id='word_1_130' title='bbox 452 1586 599 1640; x_wconf 88' lang='lat' dir='ltr'><strong>enim</strong></span> <span class='ocrx_word' id='word_1_131' title='bbox 628 1601 783 1656; x_wconf 69' lang='lat' dir='ltr'><strong>aquae</strong></span> <span class='ocrx_word' id='word_1_132' title='bbox 815 1586 996 1641; x_wconf 61' lang='lat' dir='ltr'><strong>multa:</strong></span> <span class='ocrx_word' id='word_1_133' title='bbox 1024 1601 1128 1640; x_wconf 93' lang='lat' dir='ltr'><strong>non</strong></span> <span class='ocrx_word' id='word_1_134' title='bbox 1157 1592 1420 1657; x_wconf 78' lang='lat' dir='ltr'><strong>generant</strong></span> <span class='ocrx_word' id='word_1_135' title='bbox 1449 1583 1590 1639; x_wconf 89' lang='lat' dir='ltr'><strong>ﬁlios</strong></span> <span class='ocrx_word' id='word_1_136' title='bbox 1620 1595 1763 1652; x_wconf 89' lang='lat' dir='ltr'><strong>tuos,</strong></span> <span class='ocrx_word' id='word_1_137' title='bbox 1793 1584 1887 1639; x_wconf 92' lang='lat' dir='ltr'><strong>sed</strong></span> <span class='ocrx_word' id='word_1_138' title='bbox 1913 1584 2050 1639; x_wconf 88' lang='lat' dir='ltr'><strong>lilios</strong></span> 
     </span>
    </p>
   </div>
   <div class='ocr_carea' id='block_1_18' title="bbox 451 1676 2045 1750">
    <p class='ocr_par' dir='ltr' id='par_1_18' title="bbox 451 1676 2045 1750">
     <span class='ocr_line' id='line_1_18' title="bbox 451 1676 2045 1750; baseline 0 -17"><span class='ocrx_word' id='word_1_139' title='bbox 451 1677 683 1734; x_wconf 88' lang='lat' dir='ltr'><strong>alienos.</strong></span> <span class='ocrx_word' id='word_1_140' title='bbox 718 1677 871 1735; x_wconf 92' lang='lat' dir='ltr'><strong>Unde</strong></span> <span class='ocrx_word' id='word_1_141' title='bbox 911 1679 1158 1750; x_wconf 84' lang='lat' dir='ltr'><strong>sequitur</strong></span> <span class='ocrx_word' id='word_1_142' title='bbox 1187 1696 1201 1734; x_wconf 75' lang='grc' dir='ltr'>ε</span> <span class='ocrx_word' id='word_1_143' title='bbox 1235 1676 1420 1733; x_wconf 84' lang='lat' dir='ltr'><strong>Libera</strong></span> <span class='ocrx_word' id='word_1_144' title='bbox 1453 1694 1532 1731; x_wconf 90' lang='lat' dir='ltr'><strong>me</strong></span> <span class='ocrx_word' id='word_1_145' title='bbox 1572 1676 1637 1731; x_wconf 86' lang='lat' dir='ltr'><strong>de</strong></span> <span class='ocrx_word' id='word_1_146' title='bbox 1673 1677 1819 1749; x_wconf 87' lang='lat' dir='ltr'><strong>aquis</strong></span> <span class='ocrx_word' id='word_1_147' title='bbox 1850 1678 2045 1750; x_wconf 87' lang='lat' dir='ltr'><strong>multis,</strong></span> 
     </span>
    </p>
   </div>
   <div class='ocr_carea' id='block_1_19' title="bbox 2147 463 3758 543">
    <p class='ocr_par' dir='ltr' id='par_1_19' title="bbox 2147 463 3758 543">
     <span class='ocr_line' id='line_1_19' title="bbox 2147 463 3758 543; baseline 0.009 -26"><span class='ocrx_word' id='word_1_148' title='bbox 2147 464 2299 535; x_wconf 70' lang='lat' dir='ltr'><strong>cujus</strong></span> <span class='ocrx_word' id='word_1_149' title='bbox 2334 463 2583 521; x_wconf 85' lang='lat' dir='ltr'><strong>Dominus</strong></span> <span class='ocrx_word' id='word_1_150' title='bbox 2616 465 2755 522; x_wconf 88' lang='lat' dir='ltr'><strong>Deus</strong></span> <span class='ocrx_word' id='word_1_151' title='bbox 2797 472 2933 541; x_wconf 82' lang='lat' dir='ltr'><strong>ejus.</strong></span> <span class='ocrx_word' id='word_1_152' title='bbox 2965 468 3189 541; x_wconf 83' lang='lat' dir='ltr'><strong>Singula</strong></span> <span class='ocrx_word' id='word_1_153' title='bbox 3217 471 3378 543; x_wconf 87' lang='lat' dir='ltr'><strong>igitur</strong></span> <span class='ocrx_word' id='word_1_154' title='bbox 3401 472 3609 529; x_wconf 80' lang='lat' dir='ltr'><strong>vestris</strong></span> <span class='ocrx_word' id='word_1_155' title='bbox 3630 489 3758 531; x_wconf 77' lang='lat' dir='ltr'><strong>ora-</strong></span> 
     </span>
    </p>
   </div>
   <div class='ocr_carea' id='block_1_20' title="bbox 2155 555 3760 634">
    <p class='ocr_par' dir='ltr' id='par_1_20' title="bbox 2155 555 3760 634">
     <span class='ocr_line' id='line_1_20' title="bbox 2155 555 3760 634; baseline 0.007 -25"><span class='ocrx_word' id='word_1_156' title='bbox 2155 555 2391 613; x_wconf 91' lang='lat' dir='ltr'><strong>tionibus</strong></span> <span class='ocrx_word' id='word_1_157' title='bbox 2419 558 2655 613; x_wconf 76' lang='lat' dir='ltr'><strong>breviter</strong></span> <span class='ocrx_word' id='word_1_158' title='bbox 2680 558 3033 619; x_wconf 84' lang='lat' dir='ltr'><strong>disseremus.</strong></span> <span class='ocrx_word' id='word_1_159' title='bbox 3070 561 3300 630; x_wconf 86' lang='lat' dir='ltr'><strong>Quorum</strong></span> <span class='ocrx_word' id='word_1_160' title='bbox 3322 563 3446 634; x_wconf 74' lang='lat' dir='ltr'><strong>ﬁlii.</strong></span> <span class='ocrx_word' id='word_1_161' title='bbox 3484 565 3625 620; x_wconf 81' lang='lat' dir='ltr'><strong>sicut</strong></span> <span class='ocrx_word' id='word_1_162' title='bbox 3662 582 3760 621; x_wconf 82' lang='lat' dir='ltr'><strong>no-</strong></span> 
     </span>
    </p>
   </div>
   <div class='ocr_carea' id='block_1_21' title="bbox 2152 646 3760 726">
    <p class='ocr_par' dir='ltr' id='par_1_21' title="bbox 2152 646 3760 726">
     <span class='ocr_line' id='line_1_21' title="bbox 2152 646 3760 726; baseline 0.011 -26"><span class='ocrx_word' id='word_1_163' title='bbox 2152 646 2297 703; x_wconf 79' lang='lat' dir='ltr'><strong>vella:</strong></span> <span class='ocrx_word' id='word_1_164' title='bbox 2321 646 2670 720; x_wconf 74' lang='lat' dir='ltr'><strong>plantationes</strong></span> <span class='ocrx_word' id='word_1_165' title='bbox 2707 651 2762 705; x_wconf 89' lang='lat' dir='ltr'><strong>in</strong></span> <span class='ocrx_word' id='word_1_166' title='bbox 2799 655 3075 726; x_wconf 79' lang='lat' dir='ltr'><strong>juventute</strong></span> <span class='ocrx_word' id='word_1_167' title='bbox 3102 671 3218 711; x_wconf 86' lang='lat' dir='ltr'><strong>sua.</strong></span> <span class='ocrx_word' id='word_1_168' title='bbox 3253 655 3528 713; x_wconf 81' lang='lat' dir='ltr'><strong>Plantatio</strong></span> <span class='ocrx_word' id='word_1_169' title='bbox 3568 673 3760 718; x_wconf 85' lang='lat' dir='ltr'><strong>eorum</strong></span> 
     </span>
    </p>
   </div>
   <div class='ocr_carea' id='block_1_22' title="bbox 2153 741 3760 809">
    <p class='ocr_par' dir='ltr' id='par_1_22' title="bbox 2153 741 3760 809">
     <span class='ocr_line' id='line_1_22' title="bbox 2153 741 3760 809; baseline 0.008 -14"><span class='ocrx_word' id='word_1_170' title='bbox 2153 754 2261 795; x_wconf 53' lang='lat' dir='ltr'><strong>non</strong></span> <span class='ocrx_word' id='word_1_171' title='bbox 2286 750 2370 797; x_wconf 90' lang='lat' dir='ltr'><strong>est</strong></span> <span class='ocrx_word' id='word_1_172' title='bbox 2405 753 2586 809; x_wconf 85' lang='lat' dir='ltr'><strong>vetus,</strong></span> <span class='ocrx_word' id='word_1_173' title='bbox 2617 741 2713 798; x_wconf 88' lang='lat' dir='ltr'><strong>sed</strong></span> <span class='ocrx_word' id='word_1_174' title='bbox 2745 743 2955 799; x_wconf 87' lang='lat' dir='ltr'><strong>novella</strong></span> <span class='ocrx_word' id='word_1_175' title='bbox 2989 754 3095 800; x_wconf 88' lang='lat' dir='ltr'><strong>est.</strong></span> <span class='ocrx_word' id='word_1_176' title='bbox 3124 745 3241 802; x_wconf 86' lang='lat' dir='ltr'><strong>Non</strong></span> <span class='ocrx_word' id='word_1_177' title='bbox 3273 756 3357 802; x_wconf 89' lang='lat' dir='ltr'><strong>est</strong></span> <span class='ocrx_word' id='word_1_178' title='bbox 3387 748 3535 804; x_wconf 90' lang='lat' dir='ltr'><strong>enim</strong></span> <span class='ocrx_word' id='word_1_179' title='bbox 3564 749 3637 807; x_wconf 83' lang='lat' dir='ltr'><strong>de</strong></span> <span class='ocrx_word' id='word_1_180' title='bbox 3666 766 3760 808; x_wconf 85' lang='lat' dir='ltr'><strong>ve-</strong></span> 
     </span>
    </p>
   </div>
   <div class='ocr_carea' id='block_1_23' title="bbox 2155 836 3760 915">
    <p class='ocr_par' dir='ltr' id='par_1_23' title="bbox 2155 836 3760 915">
     <span class='ocr_line' id='line_1_23' title="bbox 2155 836 3760 915; baseline 0.008 -26"><span class='ocrx_word' id='word_1_181' title='bbox 2155 836 2253 889; x_wconf 88' lang='lat' dir='ltr'><strong>teri</strong></span> <span class='ocrx_word' id='word_1_182' title='bbox 2279 836 2394 906; x_wconf 84' lang='lat' dir='ltr'><strong>lege</strong></span> <span class='ocrx_word' id='word_1_183' title='bbox 2426 854 2438 889; x_wconf 87' lang='lat'><strong>:</strong></span> <span class='ocrx_word' id='word_1_184' title='bbox 2469 852 2576 892; x_wconf 89' lang='lat' dir='ltr'><strong>non</strong></span> <span class='ocrx_word' id='word_1_185' title='bbox 2601 838 2776 894; x_wconf 89' lang='lat' dir='ltr'><strong>estde</strong></span> <span class='ocrx_word' id='word_1_186' title='bbox 2800 838 3081 909; x_wconf 88' lang='lat' dir='ltr'><strong>prophetis</strong></span> <span class='ocrx_word' id='word_1_187' title='bbox 3106 858 3120 896; x_wconf 91' lang='lat'><strong>:</strong></span> <span class='ocrx_word' id='word_1_188' title='bbox 3147 852 3357 900; x_wconf 87' lang='lat' dir='ltr'><strong>nonest</strong></span> <span class='ocrx_word' id='word_1_189' title='bbox 3384 842 3452 898; x_wconf 90' lang='lat' dir='ltr'><strong>de</strong></span> <span class='ocrx_word' id='word_1_190' title='bbox 3473 844 3760 915; x_wconf 85' lang='lat' dir='ltr'><strong>apostolis,</strong></span> 
     </span>
    </p>
   </div>
   <div class='ocr_carea' id='block_1_24' title="bbox 2152 928 3762 1013">
    <p class='ocr_par' dir='ltr' id='par_1_24' title="bbox 2152 928 3762 1013">
     <span class='ocr_line' id='line_1_24' title="bbox 2152 928 3762 1013; baseline 0.008 -31"><span class='ocrx_word' id='word_1_191' title='bbox 2152 928 2246 983; x_wconf 90' lang='lat' dir='ltr'><strong>sed</strong></span> <span class='ocrx_word' id='word_1_192' title='bbox 2289 930 2357 1013; x_wconf 86' lang='lat' dir='ltr'><strong>de</strong></span> <span class='ocrx_word' id='word_1_193' title='bbox 2384 933 2538 985; x_wconf 87' lang='lat' dir='ltr'><strong>novis</strong></span> <span class='ocrx_word' id='word_1_194' title='bbox 2585 932 2860 1004; x_wconf 80' lang='lat' dir='ltr'><strong>magistris</strong></span> <span class='ocrx_word' id='word_1_195' title='bbox 2889 944 2991 990; x_wconf 72' lang='grc' dir='ltr'><strong>ρει.</strong></span> <span class='ocrx_word' id='word_1_196' title='bbox 3028 933 3177 990; x_wconf 70' lang='lat' dir='ltr'><strong>Filia:</strong></span> <span class='ocrx_word' id='word_1_197' title='bbox 3207 950 3419 1007; x_wconf 87' lang='lat' dir='ltr'><strong>eorum,</strong></span> <span class='ocrx_word' id='word_1_198' title='bbox 3476 939 3622 993; x_wconf 87' lang='lat' dir='ltr'><strong>sicut</strong></span> <span class='ocrx_word' id='word_1_199' title='bbox 3664 955 3762 995; x_wconf 87' lang='lat' dir='ltr'><strong>no-</strong></span> 
     </span>
    </p>
   </div>
   <div class='ocr_carea' id='block_1_25' title="bbox 2152 1023 3764 1102">
    <p class='ocr_par' dir='ltr' id='par_1_25' title="bbox 2152 1023 3764 1102">
     <span class='ocr_line' id='line_1_25' title="bbox 2152 1023 3764 1102; baseline 0.009 -26"><span class='ocrx_word' id='word_1_200' title='bbox 2152 1023 2305 1077; x_wconf 79' lang='lat' dir='ltr'><strong>vella:</strong></span> <span class='ocrx_word' id='word_1_201' title='bbox 2347 1024 2712 1096; x_wconf 80' lang='lat' dir='ltr'><strong>plantationes</strong></span> <span class='ocrx_word' id='word_1_202' title='bbox 2760 1026 2813 1081; x_wconf 93' lang='lat' dir='ltr'><strong>in</strong></span> <span class='ocrx_word' id='word_1_203' title='bbox 2852 1026 3142 1098; x_wconf 88' lang='lat' dir='ltr'><strong>juventnte</strong></span> <span class='ocrx_word' id='word_1_204' title='bbox 3188 1046 3308 1085; x_wconf 88' lang='lat' dir='ltr'><strong>sua.</strong></span> <span class='ocrx_word' id='word_1_205' title='bbox 3362 1030 3421 1085; x_wconf 83' lang='lat' dir='ltr'><strong>in</strong></span> <span class='ocrx_word' id='word_1_206' title='bbox 3475 1031 3764 1102; x_wconf 86' lang='lat' dir='ltr'><strong>juventute</strong></span> 
     </span>
    </p>
   </div>
   <div class='ocr_carea' id='block_1_26' title="bbox 2152 1117 3762 1189">
    <p class='ocr_par' dir='ltr' id='par_1_26' title="bbox 2152 1117 3762 1189">
     <span class='ocr_line' id='line_1_26' title="bbox 2152 1117 3762 1189; baseline 0.009 -21"><span class='ocrx_word' id='word_1_207' title='bbox 2152 1130 2247 1169; x_wconf 88' lang='lat' dir='ltr'><strong>sua</strong></span> <span class='ocrx_word' id='word_1_208' title='bbox 2282 1133 2295 1170; x_wconf 89' lang='lat'><strong>:</strong></span> <span class='ocrx_word' id='word_1_209' title='bbox 2320 1117 2785 1189; x_wconf 89' lang='lat' dir='ltr'><strong>semperjuvenes</strong></span> <span class='ocrx_word' id='word_1_210' title='bbox 2810 1128 2960 1175; x_wconf 90' lang='lat' dir='ltr'><strong>sunt.</strong></span> <span class='ocrx_word' id='word_1_211' title='bbox 2992 1120 3144 1178; x_wconf 88' lang='lat' dir='ltr'><strong>Licet</strong></span> <span class='ocrx_word' id='word_1_212' title='bbox 3174 1122 3358 1179; x_wconf 75' lang='lat' dir='ltr'><strong>multa:</strong></span> <span class='ocrx_word' id='word_1_213' title='bbox 3383 1124 3495 1180; x_wconf 82' lang='lat' dir='ltr'><strong>sint</strong></span> <span class='ocrx_word' id='word_1_214' title='bbox 3520 1125 3762 1182; x_wconf 64' lang='lat' dir='ltr'><strong>haereses</strong></span> 
     </span>
    </p>
   </div>
   <div class='ocr_carea' id='block_1_27' title="bbox 2152 1214 3763 1289">
    <p class='ocr_par' dir='ltr' id='par_1_27' title="bbox 2152 1214 3763 1289">
     <span class='ocr_line' id='line_1_27' title="bbox 2152 1214 3763 1289; baseline 0.007 -25"><span class='ocrx_word' id='word_1_215' title='bbox 2152 1220 2385 1279; x_wconf 82' lang='lat' dir='ltr'><strong>veteres,</strong></span> <span class='ocrx_word' id='word_1_216' title='bbox 2418 1220 2598 1269; x_wconf 66' lang='lat' dir='ltr'><strong>tantem</strong></span> <span class='ocrx_word' id='word_1_217' title='bbox 2628 1214 2870 1283; x_wconf 83' lang='lat' dir='ltr'><strong>quotidie</strong></span> <span class='ocrx_word' id='word_1_218' title='bbox 2901 1226 3196 1283; x_wconf 84' lang='lat' dir='ltr'><strong>mutan&#39;ur,</strong></span> <span class='ocrx_word' id='word_1_219' title='bbox 3228 1227 3281 1273; x_wconf 91' lang='lat' dir='ltr'><strong>et</strong></span> <span class='ocrx_word' id='word_1_220' title='bbox 3332 1234 3491 1274; x_wconf 61' lang='lat' dir='ltr'><strong>novre</strong></span> <span class='ocrx_word' id='word_1_221' title='bbox 3520 1220 3763 1289; x_wconf 84' lang='lat' dir='ltr'><strong>quotidie</strong></span> 
     </span>
    </p>
   </div>
   <div class='ocr_carea' id='block_1_28' title="bbox 2149 1303 3764 1378">
    <p class='ocr_par' dir='ltr' id='par_1_28' title="bbox 2149 1303 3764 1378">
     <span class='ocr_line' id='line_1_28' title="bbox 2149 1303 3764 1378; baseline 0.007 -19"><span class='ocrx_word' id='word_1_222' title='bbox 2149 1303 2521 1360; x_wconf 84' lang='lat' dir='ltr'><strong>inveniuntur.</strong></span> <span class='ocrx_word' id='word_1_223' title='bbox 2566 1305 2728 1361; x_wconf 83' lang='lat' dir='ltr'><strong>Novae</strong></span> <span class='ocrx_word' id='word_1_224' title='bbox 2758 1313 2888 1362; x_wconf 88' lang='lat' dir='ltr'><strong>sunt</strong></span> <span class='ocrx_word' id='word_1_225' title='bbox 2931 1308 3063 1378; x_wconf 68' lang='lat' dir='ltr'><strong>ipsa:</strong></span> <span class='ocrx_word' id='word_1_226' title='bbox 3102 1307 3365 1375; x_wconf 70' lang='lat' dir='ltr'><strong>haereses,</strong></span> <span class='ocrx_word' id='word_1_227' title='bbox 3396 1312 3525 1366; x_wconf 89' lang='lat' dir='ltr'><strong>licet</strong></span> <span class='ocrx_word' id='word_1_228' title='bbox 3550 1324 3764 1370; x_wconf 82' lang='lat' dir='ltr'><strong>veteres</strong></span> 
     </span>
    </p>
   </div>
   <div class='ocr_carea' id='block_1_29' title="bbox 2149 1394 3759 1476">
    <p class='ocr_par' dir='ltr' id='par_1_29' title="bbox 2149 1394 3759 1476">
     <span class='ocr_line' id='line_1_29' title="bbox 2149 1394 3759 1476; baseline 0.005 -24"><span class='ocrx_word' id='word_1_229' title='bbox 2149 1394 2258 1452; x_wconf 83' lang='lat' dir='ltr'><strong>sint</strong></span> <span class='ocrx_word' id='word_1_230' title='bbox 2302 1413 2314 1450; x_wconf 91' lang='lat'>:</span> <span class='ocrx_word' id='word_1_231' title='bbox 2354 1405 2534 1452; x_wconf 91' lang='lat' dir='ltr'><strong>tamen</strong></span> <span class='ocrx_word' id='word_1_232' title='bbox 2561 1413 2681 1452; x_wconf 91' lang='lat' dir='ltr'><strong>cum</strong></span> <span class='ocrx_word' id='word_1_233' title='bbox 2712 1398 2954 1470; x_wconf 86' lang='lat' dir='ltr'><strong>quotidie</strong></span> <span class='ocrx_word' id='word_1_234' title='bbox 2981 1399 3259 1457; x_wconf 89' lang='lat' dir='ltr'><strong>doctrinas</strong></span> <span class='ocrx_word' id='word_1_235' title='bbox 3302 1417 3427 1458; x_wconf 85' lang='lat' dir='ltr'><strong>suas</strong></span> <span class='ocrx_word' id='word_1_236' title='bbox 3459 1404 3759 1476; x_wconf 88' lang='lat' dir='ltr'><strong>innovant,</strong></span> 
     </span>
    </p>
   </div>
   <div class='ocr_carea' id='block_1_30' title="bbox 2152 1489 3761 1567">
    <p class='ocr_par' dir='ltr' id='par_1_30' title="bbox 2152 1489 3761 1567">
     <span class='ocr_line' id='line_1_30' title="bbox 2152 1489 3761 1567; baseline 0.006 -23"><span class='ocrx_word' id='word_1_237' title='bbox 2152 1505 2309 1545; x_wconf 64' lang='lat' dir='ltr'><strong>novat</strong></span> <span class='ocrx_word' id='word_1_238' title='bbox 2361 1502 2508 1546; x_wconf 90' lang='lat' dir='ltr'><strong>sunt.</strong></span> <span class='ocrx_word' id='word_1_239' title='bbox 2557 1489 2672 1547; x_wconf 84' lang='lat' dir='ltr'><strong>Non</strong></span> <span class='ocrx_word' id='word_1_240' title='bbox 2715 1492 2860 1548; x_wconf 85' lang='lat' dir='ltr'><strong>enim</strong></span> <span class='ocrx_word' id='word_1_241' title='bbox 2904 1503 3032 1548; x_wconf 83' lang='lat' dir='ltr'><strong>sunt</strong></span> <span class='ocrx_word' id='word_1_242' title='bbox 3080 1502 3324 1550; x_wconf 82' lang='lat' dir='ltr'><strong>veterum</strong></span> <span class='ocrx_word' id='word_1_243' title='bbox 3372 1498 3761 1567; x_wconf 80' lang='lat' dir='ltr'><strong>magistrorum</strong></span> 
     </span>
    </p>
   </div>
   <div class='ocr_carea' id='block_1_31' title="bbox 2152 1582 3760 1658">
    <p class='ocr_par' dir='ltr' id='par_1_31' title="bbox 2152 1582 3760 1658">
     <span class='ocr_line' id='line_1_31' title="bbox 2152 1582 3760 1658; baseline 0.006 -22"><span class='ocrx_word' id='word_1_244' title='bbox 2152 1596 2339 1637; x_wconf 89' lang='lat' dir='ltr'><strong>errore</strong></span> <span class='ocrx_word' id='word_1_245' title='bbox 2383 1582 2650 1648; x_wconf 83' lang='lat' dir='ltr'><strong>contenti,</strong></span> <span class='ocrx_word' id='word_1_246' title='bbox 2693 1585 2786 1639; x_wconf 90' lang='lat' dir='ltr'><strong>sed</strong></span> <span class='ocrx_word' id='word_1_247' title='bbox 2819 1584 3062 1654; x_wconf 89' lang='lat' dir='ltr'><strong>quotidie</strong></span> <span class='ocrx_word' id='word_1_248' title='bbox 3103 1585 3204 1656; x_wconf 91' lang='lat' dir='ltr'><strong>ipsi</strong></span> <span class='ocrx_word' id='word_1_249' title='bbox 3250 1601 3388 1641; x_wconf 85' lang='lat' dir='ltr'><strong>nova</strong></span> <span class='ocrx_word' id='word_1_250' title='bbox 3435 1588 3760 1658; x_wconf 86' lang='lat' dir='ltr'><strong>reperiunt:</strong></span> 
     </span>
    </p>
   </div>
   <div class='ocr_carea' id='block_1_32' title="bbox 2152 1675 3761 1754">
    <p class='ocr_par' dir='ltr' id='par_1_32' title="bbox 2152 1675 3761 1754">
     <span class='ocr_line' id='line_1_32' title="bbox 2152 1675 3761 1754; baseline 0.004 -24"><span class='ocrx_word' id='word_1_251' title='bbox 2152 1693 2368 1748; x_wconf 88' lang='lat' dir='ltr'><strong>quorum</strong></span> <span class='ocrx_word' id='word_1_252' title='bbox 2394 1675 2517 1747; x_wconf 80' lang='lat' dir='ltr'><strong>ﬁlii,</strong></span> <span class='ocrx_word' id='word_1_253' title='bbox 2538 1678 2670 1732; x_wconf 78' lang='lat' dir='ltr'><strong>sicut</strong></span> <span class='ocrx_word' id='word_1_254' title='bbox 2690 1676 2906 1733; x_wconf 69' lang='lat' dir='ltr'><strong>novellis</strong></span> <span class='ocrx_word' id='word_1_255' title='bbox 2922 1678 3629 1754; x_wconf 81' lang='lat' dir='ltr'><strong>plantationesinjuventute</strong></span> <span class='ocrx_word' id='word_1_256' title='bbox 3645 1698 3761 1737; x_wconf 75' lang='lat' dir='ltr'><strong>sua.</strong></span> 
     </span>
    </p>
   </div>
   <div class='ocr_carea' id='block_1_33' title="bbox 451 1765 3764 1845">
    <p class='ocr_par' dir='ltr' id='par_1_33' title="bbox 451 1765 3764 1845">
     <span class='ocr_line' id='line_1_33' title="bbox 451 1765 3764 1845; baseline 0.001 -16"><span class='ocrx_word' id='word_1_257' title='bbox 451 1782 499 1829; x_wconf 85' lang='lat' dir='ltr'><strong>et</strong></span> <span class='ocrx_word' id='word_1_258' title='bbox 536 1774 599 1830; x_wconf 86' lang='lat' dir='ltr'><strong>de</strong></span> <span class='ocrx_word' id='word_1_259' title='bbox 646 1791 803 1828; x_wconf 88' lang='lat' dir='ltr'><strong>manu</strong></span> <span class='ocrx_word' id='word_1_260' title='bbox 832 1773 1067 1845; x_wconf 76' lang='lat' dir='ltr'><strong>ﬁliorum</strong></span> <span class='ocrx_word' id='word_1_261' title='bbox 1110 1773 1419 1828; x_wconf 86' lang='lat' dir='ltr'><strong>alienarum.</strong></span> <span class='ocrx_word' id='word_1_262' title='bbox 1469 1771 1585 1827; x_wconf 86' lang='lat' dir='ltr'><strong>Non</strong></span> <span class='ocrx_word' id='word_1_263' title='bbox 1616 1779 1745 1827; x_wconf 90' lang='lat' dir='ltr'><strong>sunt</strong></span> <span class='ocrx_word' id='word_1_264' title='bbox 1772 1771 1919 1826; x_wconf 91' lang='lat' dir='ltr'><strong>enim</strong></span> <span class='ocrx_word' id='word_1_265' title='bbox 1950 1771 2044 1826; x_wconf 90' lang='lat' dir='ltr'><strong>ﬁlii</strong></span> <span class='ocrx_word' id='word_1_266' title='bbox 2080 1765 2126 1825; x_wconf 90' lang='lat' dir='ltr'><strong>B</strong></span> <span class='ocrx_word' id='word_1_267' title='bbox 2156 1768 2228 1823; x_wconf 90' lang='lat' dir='ltr'><strong>De</strong></span> <span class='ocrx_word' id='word_1_268' title='bbox 2262 1768 2527 1836; x_wconf 85' lang='lat' dir='ltr'><strong>Ecclesia,</strong></span> <span class='ocrx_word' id='word_1_269' title='bbox 2558 1769 2687 1841; x_wconf 93' lang='lat' dir='ltr'><strong>quid</strong></span> <span class='ocrx_word' id='word_1_270' title='bbox 2710 1770 2945 1828; x_wconf 88' lang='lat' dir='ltr'><strong>dicitur:</strong></span> <span class='ocrx_word' id='word_1_271' title='bbox 2976 1771 3044 1827; x_wconf 90' lang='lat' dir='ltr'><strong>de</strong></span> <span class='ocrx_word' id='word_1_272' title='bbox 3078 1772 3394 1829; x_wconf 84' lang='lat' dir='ltr'><strong>timentibus</strong></span> <span class='ocrx_word' id='word_1_273' title='bbox 3421 1774 3764 1834; x_wconf 71' lang='lat' dir='ltr'><strong>Dominum?</strong></span> 
     </span>
    </p>
   </div>
   <div class='ocr_carea' id='block_1_34' title="bbox 455 1862 2049 1938">
    <p class='ocr_par' dir='ltr' id='par_1_34' title="bbox 455 1862 2049 1938">
     <span class='ocr_line' id='line_1_34' title="bbox 455 1862 2049 1938; baseline -0.002 -15"><span class='ocrx_word' id='word_1_274' title='bbox 455 1867 555 1934; x_wconf 91' lang='lat' dir='ltr'><strong>tui,</strong></span> <span class='ocrx_word' id='word_1_275' title='bbox 588 1865 683 1938; x_wconf 93' lang='lat' dir='ltr'><strong>qui</strong></span> <span class='ocrx_word' id='word_1_276' title='bbox 720 1874 1021 1922; x_wconf 89' lang='lat' dir='ltr'><strong>nascuntur</strong></span> <span class='ocrx_word' id='word_1_277' title='bbox 1069 1865 1124 1921; x_wconf 86' lang='lat' dir='ltr'><strong>iii</strong></span> <span class='ocrx_word' id='word_1_278' title='bbox 1159 1865 1345 1923; x_wconf 89' lang='lat' dir='ltr'><strong>multis</strong></span> <span class='ocrx_word' id='word_1_279' title='bbox 1399 1865 1588 1936; x_wconf 85' lang='lat' dir='ltr'><strong>aquis;</strong></span> <span class='ocrx_word' id='word_1_280' title='bbox 1632 1863 1726 1920; x_wconf 88' lang='lat' dir='ltr'><strong>sed</strong></span> <span class='ocrx_word' id='word_1_281' title='bbox 1758 1862 1926 1919; x_wconf 87' lang='lat' dir='ltr'><strong>alieni</strong></span> <span class='ocrx_word' id='word_1_282' title='bbox 1954 1863 2049 1920; x_wconf 89' lang='lat' dir='ltr'><strong>ﬁlii</strong></span> 
     </span>
    </p>
   </div>
   <div class='ocr_carea' id='block_1_35' title="bbox 456 1970 605 2017">
    <p class='ocr_par' dir='ltr' id='par_1_35' title="bbox 456 1970 605 2017">
     <span class='ocr_line' id='line_1_35' title="bbox 456 1970 605 2017; baseline 0.007 -3"><span class='ocrx_word' id='word_1_283' title='bbox 456 1970 605 2017; x_wconf 75' lang='grc'><strong>811111..</strong></span> 
     </span>
    </p>
   </div>
   <div class='ocr_carea' id='block_1_36' title="bbox 531 2048 2049 2120">
    <p class='ocr_par' dir='ltr' id='par_1_36' title="bbox 531 2048 2049 2120">
     <span class='ocr_line' id='line_1_36' title="bbox 531 2048 2049 2120; baseline -0.001 -13"><span class='ocrx_word' id='word_1_284' title='bbox 531 2053 764 2120; x_wconf 83' lang='lat' dir='ltr'><strong>Quorum</strong></span> <span class='ocrx_word' id='word_1_285' title='bbox 816 2070 872 2108; x_wconf 89' lang='lat' dir='ltr'><strong>os</strong></span> <span class='ocrx_word' id='word_1_286' title='bbox 918 2052 1143 2109; x_wconf 83' lang='lat' dir='ltr'><strong>locutum</strong></span> <span class='ocrx_word' id='word_1_287' title='bbox 1175 2064 1248 2109; x_wconf 89' lang='lat' dir='ltr'><strong>est</strong></span> <span class='ocrx_word' id='word_1_288' title='bbox 1284 2053 1584 2107; x_wconf 81' lang='lat' dir='ltr'><strong>vanitatem.</strong></span> <span class='ocrx_word' id='word_1_289' title='bbox 1622 2050 1920 2108; x_wconf 88' lang='lat' dir='ltr'><strong>Scientiam</strong></span> <span class='ocrx_word' id='word_1_290' title='bbox 1949 2048 2049 2106; x_wconf 89' lang='lat' dir='ltr'><strong>sibi</strong></span> 
     </span>
    </p>
   </div>
   <div class='ocr_carea' id='block_1_37' title="bbox 454 2140 2047 2219">
    <p class='ocr_par' dir='ltr' id='par_1_37' title="bbox 454 2140 2047 2219">
     <span class='ocr_line' id='line_1_37' title="bbox 454 2140 2047 2219; baseline -0.001 -18"><span class='ocrx_word' id='word_1_291' title='bbox 454 2142 869 2219; x_wconf 88' lang='lat' dir='ltr'><strong>repromittunt,</strong></span> <span class='ocrx_word' id='word_1_292' title='bbox 899 2155 954 2200; x_wconf 89' lang='lat' dir='ltr'><strong>et</strong></span> <span class='ocrx_word' id='word_1_293' title='bbox 979 2145 1195 2215; x_wconf 87' lang='lat' dir='ltr'><strong>erigunt</strong></span> <span class='ocrx_word' id='word_1_294' title='bbox 1225 2159 1288 2199; x_wconf 89' lang='lat' dir='ltr'><strong>os</strong></span> <span class='ocrx_word' id='word_1_295' title='bbox 1315 2152 1507 2199; x_wconf 87' lang='lat' dir='ltr'><strong>contra</strong></span> <span class='ocrx_word' id='word_1_296' title='bbox 1531 2140 1843 2198; x_wconf 83' lang='lat' dir='ltr'><strong>Creatorem</strong></span> <span class='ocrx_word' id='word_1_297' title='bbox 1867 2158 2047 2200; x_wconf 90' lang='lat' dir='ltr'><strong>suum.</strong></span> 
     </span>
    </p>
   </div>
   <div class='ocr_carea' id='block_1_38' title="bbox 454 2236 2051 2311">
    <p class='ocr_par' dir='ltr' id='par_1_38' title="bbox 454 2236 2051 2311">
     <span class='ocr_line' id='line_1_38' title="bbox 454 2236 2051 2311; baseline -0.004 -16"><span class='ocrx_word' id='word_1_298' title='bbox 454 2238 766 2295; x_wconf 87' lang='lat' dir='ltr'><strong>Posueruut</strong></span> <span class='ocrx_word' id='word_1_299' title='bbox 802 2238 854 2294; x_wconf 91' lang='lat' dir='ltr'><strong>in</strong></span> <span class='ocrx_word' id='word_1_300' title='bbox 886 2237 1029 2295; x_wconf 80' lang='lat' dir='ltr'><strong>etelo</strong></span> <span class='ocrx_word' id='word_1_301' title='bbox 1056 2252 1117 2292; x_wconf 76' lang='lat' dir='ltr'><strong>os</strong></span> <span class='ocrx_word' id='word_1_302' title='bbox 1147 2236 1591 2311; x_wconf 82' lang='lat' dir='ltr'><strong>suum._Quorum</strong></span> <span class='ocrx_word' id='word_1_303' title='bbox 1624 2253 1680 2291; x_wconf 91' lang='lat' dir='ltr'><strong>os</strong></span> <span class='ocrx_word' id='word_1_304' title='bbox 1702 2236 1931 2290; x_wconf 82' lang='lat' dir='ltr'><strong>locatum</strong></span> <span class='ocrx_word' id='word_1_305' title='bbox 1976 2242 2051 2290; x_wconf 88' lang='lat' dir='ltr'><strong>est</strong></span> 
     </span>
    </p>
   </div>
   <div class='ocr_carea' id='block_1_39' title="bbox 455 2327 2047 2402">
    <p class='ocr_par' dir='ltr' id='par_1_39' title="bbox 455 2327 2047 2402">
     <span class='ocr_line' id='line_1_39' title="bbox 455 2327 2047 2402; baseline -0.003 -15"><span class='ocrx_word' id='word_1_306' title='bbox 455 2332 754 2388; x_wconf 80' lang='lat' dir='ltr'><strong>vanitatem.</strong></span> <span class='ocrx_word' id='word_1_307' title='bbox 802 2329 1042 2402; x_wconf 82' lang='lat' dir='ltr'><strong>Scientia</strong></span> <span class='ocrx_word' id='word_1_308' title='bbox 1101 2329 1341 2397; x_wconf 90' lang='lat' dir='ltr'><strong>illormn,</strong></span> <span class='ocrx_word' id='word_1_309' title='bbox 1392 2330 1641 2385; x_wconf 77' lang='lat' dir='ltr'><strong>vanitatis</strong></span> <span class='ocrx_word' id='word_1_310' title='bbox 1691 2327 1919 2385; x_wconf 86' lang='lat' dir='ltr'><strong>scientia</strong></span> <span class='ocrx_word' id='word_1_311' title='bbox 1943 2338 2047 2385; x_wconf 90' lang='lat' dir='ltr'><strong>est.</strong></span> 
     </span>
    </p>
   </div>
   <div class='ocr_carea' id='block_1_40' title="bbox 455 2423 2053 2498">
    <p class='ocr_par' dir='ltr' id='par_1_40' title="bbox 455 2423 2053 2498">
     <span class='ocr_line' id='line_1_40' title="bbox 455 2423 2053 2498; baseline -0.001 -17"><span class='ocrx_word' id='word_1_312' title='bbox 455 2425 525 2481; x_wconf 84' lang='lat' dir='ltr'><strong>Et</strong></span> <span class='ocrx_word' id='word_1_313' title='bbox 547 2427 757 2481; x_wconf 74' lang='lat' dir='ltr'><strong>dextera</strong></span> <span class='ocrx_word' id='word_1_314' title='bbox 776 2441 974 2494; x_wconf 89' lang='lat' dir='ltr'><strong>eorum,</strong></span> <span class='ocrx_word' id='word_1_315' title='bbox 1012 2424 1227 2482; x_wconf 72' lang='lat' dir='ltr'><strong>dextera</strong></span> <span class='ocrx_word' id='word_1_316' title='bbox 1244 2423 1557 2496; x_wconf 85' lang='lat' dir='ltr'><strong>iniquitatis.</strong></span> <span class='ocrx_word' id='word_1_317' title='bbox 1591 2423 1892 2498; x_wconf 88' lang='lat' dir='ltr'><strong>Utrumque</strong></span> <span class='ocrx_word' id='word_1_318' title='bbox 1920 2439 2053 2480; x_wconf 88' lang='lat' dir='ltr'><strong>con-</strong></span> 
     </span>
    </p>
   </div>
   <div class='ocr_carea' id='block_1_41' title="bbox 455 2514 2048 2591">
    <p class='ocr_par' dir='ltr' id='par_1_41' title="bbox 455 2514 2048 2591">
     <span class='ocr_line' id='line_1_41' title="bbox 455 2514 2048 2591; baseline -0.001 -14"><span class='ocrx_word' id='word_1_319' title='bbox 455 2514 770 2588; x_wconf 88' lang='lat' dir='ltr'><strong>demnatur,</strong></span> <span class='ocrx_word' id='word_1_320' title='bbox 816 2528 872 2575; x_wconf 90' lang='lat' dir='ltr'><strong>et</strong></span> <span class='ocrx_word' id='word_1_321' title='bbox 923 2535 985 2573; x_wconf 92' lang='lat' dir='ltr'><strong>os</strong></span> <span class='ocrx_word' id='word_1_322' title='bbox 1040 2528 1097 2575; x_wconf 91' lang='lat' dir='ltr'><strong>et</strong></span> <span class='ocrx_word' id='word_1_323' title='bbox 1127 2536 1356 2587; x_wconf 87' lang='lat' dir='ltr'><strong>manus,</strong></span> <span class='ocrx_word' id='word_1_324' title='bbox 1416 2528 1468 2575; x_wconf 90' lang='lat' dir='ltr'><strong>et</strong></span> <span class='ocrx_word' id='word_1_325' title='bbox 1499 2519 1725 2576; x_wconf 87' lang='lat' dir='ltr'><strong>scientia</strong></span> <span class='ocrx_word' id='word_1_326' title='bbox 1765 2530 1821 2576; x_wconf 91' lang='lat' dir='ltr'><strong>et</strong></span> <span class='ocrx_word' id='word_1_327' title='bbox 1860 2535 2048 2591; x_wconf 86' lang='lat' dir='ltr'><strong>opera.</strong></span> 
     </span>
    </p>
   </div>
   <div class='ocr_carea' id='block_1_42' title="bbox 456 2611 2047 2685">
    <p class='ocr_par' dir='ltr' id='par_1_42' title="bbox 456 2611 2047 2685">
     <span class='ocr_line' id='line_1_42' title="bbox 456 2611 2047 2685; baseline -0.001 -16"><span class='ocrx_word' id='word_1_328' title='bbox 456 2613 689 2685; x_wconf 78' lang='lat' dir='ltr'><strong>Quorum</strong></span> <span class='ocrx_word' id='word_1_329' title='bbox 714 2630 771 2669; x_wconf 81' lang='lat' dir='ltr'><strong>os</strong></span> <span class='ocrx_word' id='word_1_330' title='bbox 800 2612 1032 2669; x_wconf 86' lang='lat' dir='ltr'><strong>locutum</strong></span> <span class='ocrx_word' id='word_1_331' title='bbox 1052 2623 1124 2668; x_wconf 87' lang='lat' dir='ltr'><strong>est</strong></span> <span class='ocrx_word' id='word_1_332' title='bbox 1146 2612 1445 2678; x_wconf 81' lang='lat' dir='ltr'><strong>vanitatem,</strong></span> <span class='ocrx_word' id='word_1_333' title='bbox 1481 2614 1582 2668; x_wconf 91' lang='lat' dir='ltr'><strong>hoc</strong></span> <span class='ocrx_word' id='word_1_334' title='bbox 1612 2623 1717 2680; x_wconf 84' lang='lat' dir='ltr'><strong>est,</strong></span> <span class='ocrx_word' id='word_1_335' title='bbox 1739 2611 2047 2668; x_wconf 90' lang='lat' dir='ltr'><strong>scientiam.</strong></span> 
     </span>
    </p>
   </div>
   <div class='ocr_carea' id='block_1_43' title="bbox 456 2704 2051 2780">
    <p class='ocr_par' dir='ltr' id='par_1_43' title="bbox 456 2704 2051 2780">
     <span class='ocr_line' id='line_1_43' title="bbox 456 2704 2051 2780; baseline -0.001 -17"><span class='ocrx_word' id='word_1_336' title='bbox 456 2704 525 2763; x_wconf 86' lang='lat' dir='ltr'><strong>Et</strong></span> <span class='ocrx_word' id='word_1_337' title='bbox 572 2707 783 2764; x_wconf 66' lang='lat' dir='ltr'><strong>dextera</strong></span> <span class='ocrx_word' id='word_1_338' title='bbox 831 2724 1041 2778; x_wconf 87' lang='lat' dir='ltr'><strong>eorum,</strong></span> <span class='ocrx_word' id='word_1_339' title='bbox 1088 2707 1298 2763; x_wconf 73' lang='lat' dir='ltr'><strong>dextera</strong></span> <span class='ocrx_word' id='word_1_340' title='bbox 1332 2705 1638 2780; x_wconf 86' lang='lat' dir='ltr'><strong>iniquitatis.</strong></span> <span class='ocrx_word' id='word_1_341' title='bbox 1694 2706 1949 2773; x_wconf 84' lang='lat' dir='ltr'><strong>Dextera,</strong></span> <span class='ocrx_word' id='word_1_342' title='bbox 1996 2706 2051 2761; x_wconf 89' lang='lat' dir='ltr'><strong>in</strong></span> 
     </span>
    </p>
   </div>
   <div class='ocr_carea' id='block_1_44' title="bbox 457 2800 2049 2873">
    <p class='ocr_par' dir='ltr' id='par_1_44' title="bbox 457 2800 2049 2873">
     <span class='ocr_line' id='line_1_44' title="bbox 457 2800 2049 2873; baseline 0.001 -17"><span class='ocrx_word' id='word_1_343' title='bbox 457 2816 641 2873; x_wconf 88' lang='lat' dir='ltr'><strong>opere.</strong></span> <span class='ocrx_word' id='word_1_344' title='bbox 678 2802 963 2857; x_wconf 83' lang='lat' dir='ltr'><strong>Dexteram</strong></span> <span class='ocrx_word' id='word_1_345' title='bbox 993 2816 1052 2858; x_wconf 89' lang='lat' dir='ltr'><strong>se</strong></span> <span class='ocrx_word' id='word_1_346' title='bbox 1080 2800 1285 2857; x_wconf 85' lang='lat' dir='ltr'><strong>habere</strong></span> <span class='ocrx_word' id='word_1_347' title='bbox 1313 2800 1505 2856; x_wconf 89' lang='lat' dir='ltr'><strong>dicunt</strong></span> <span class='ocrx_word' id='word_1_348' title='bbox 1537 2819 1548 2854; x_wconf 91' lang='lat'><strong>:</strong></span> <span class='ocrx_word' id='word_1_349' title='bbox 1579 2800 1677 2856; x_wconf 90' lang='lat' dir='ltr'><strong>sed</strong></span> <span class='ocrx_word' id='word_1_350' title='bbox 1710 2800 1807 2856; x_wconf 90' lang='lat' dir='ltr'><strong>toti</strong></span> <span class='ocrx_word' id='word_1_351' title='bbox 1838 2800 2049 2862; x_wconf 86' lang='lat' dir='ltr'><strong>sinistri</strong></span> 
     </span>
    </p>
   </div>
   <div class='ocr_carea' id='block_1_45' title="bbox 454 2892 2047 2966">
    <p class='ocr_par' dir='ltr' id='par_1_45' title="bbox 454 2892 2047 2966">
     <span class='ocr_line' id='line_1_45' title="bbox 454 2892 2047 2966; baseline 0.001 -17"><span class='ocrx_word' id='word_1_352' title='bbox 454 2903 602 2949; x_wconf 88' lang='lat' dir='ltr'><strong>sunt.</strong></span> <span class='ocrx_word' id='word_1_353' title='bbox 634 2893 864 2950; x_wconf 82' lang='lat' dir='ltr'><strong>Dextera</strong></span> <span class='ocrx_word' id='word_1_354' title='bbox 913 2892 1220 2966; x_wconf 86' lang='lat' dir='ltr'><strong>iniquitatis</strong></span> <span class='ocrx_word' id='word_1_355' title='bbox 1271 2902 1375 2958; x_wconf 87' lang='lat' dir='ltr'><strong>est,</strong></span> <span class='ocrx_word' id='word_1_356' title='bbox 1421 2905 1473 2948; x_wconf 89' lang='lat' dir='ltr'><strong>et</strong></span> <span class='ocrx_word' id='word_1_357' title='bbox 1505 2908 1611 2949; x_wconf 89' lang='lat' dir='ltr'><strong>non</strong></span> <span class='ocrx_word' id='word_1_358' title='bbox 1642 2905 1720 2949; x_wconf 88' lang='lat' dir='ltr'><strong>est</strong></span> <span class='ocrx_word' id='word_1_359' title='bbox 1754 2893 2047 2966; x_wconf 79' lang='lat' dir='ltr'><strong>aequitatis.</strong></span> 
     </span>
    </p>
   </div>
   <div class='ocr_carea' id='block_1_46' title="bbox 460 2986 2061 3046">
    <p class='ocr_par' dir='ltr' id='par_1_46' title="bbox 460 2986 2061 3046">
     <span class='ocr_line' id='line_1_46' title="bbox 460 2986 2061 3046; baseline -0.002 0"><span class='ocrx_word' id='word_1_360' title='bbox 460 2988 614 3046; x_wconf 89' lang='lat' dir='ltr'><strong>Unde</strong></span> <span class='ocrx_word' id='word_1_361' title='bbox 635 2995 691 3044; x_wconf 86' lang='lat' dir='ltr'><strong>et</strong></span> <span class='ocrx_word' id='word_1_362' title='bbox 719 2988 812 3044; x_wconf 86' lang='lat' dir='ltr'><strong>tali</strong></span> <span class='ocrx_word' id='word_1_363' title='bbox 836 2988 1071 3043; x_wconf 76' lang='lat' dir='ltr'><strong>sinistrae</strong></span> <span class='ocrx_word' id='word_1_364' title='bbox 1088 2987 1287 3045; x_wconf 90' lang='lat' dir='ltr'><strong>dicitur</strong></span> <span class='ocrx_word' id='word_1_365' title='bbox 1319 3006 1332 3042; x_wconf 87' lang='lat'><strong>:</strong></span> <span class='ocrx_word' id='word_1_366' title='bbox 1365 2987 1489 3044; x_wconf 88' lang='lat' dir='ltr'><strong>Stet</strong></span> <span class='ocrx_word' id='word_1_367' title='bbox 1517 2988 1764 3044; x_wconf 87' lang='lat' dir='ltr'><strong>diabolus</strong></span> <span class='ocrx_word' id='word_1_368' title='bbox 1786 3003 1815 3042; x_wconf 90' lang='lat' dir='ltr'><strong>a</strong></span> <span class='ocrx_word' id='word_1_369' title='bbox 1843 2986 2061 3042; x_wconf 68' lang='lat' dir='ltr'><strong>destris.</strong></span> 
     </span>
    </p>
   </div>
   <div class='ocr_carea' id='block_1_47' title="bbox 456 3079 2052 3153">
    <p class='ocr_par' dir='ltr' id='par_1_47' title="bbox 456 3079 2052 3153">
     <span class='ocr_line' id='line_1_47' title="bbox 456 3079 2052 3153; baseline -0.004 -14"><span class='ocrx_word' id='word_1_370' title='bbox 456 3081 596 3153; x_wconf 85' lang='lat' dir='ltr'><strong>ejus.</strong></span> <span class='ocrx_word' id='word_1_371' title='bbox 620 3080 726 3150; x_wconf 89' lang='lat' dir='ltr'><strong>Qui</strong></span> <span class='ocrx_word' id='word_1_372' title='bbox 756 3081 919 3137; x_wconf 90' lang='lat' dir='ltr'><strong>talem</strong></span> <span class='ocrx_word' id='word_1_373' title='bbox 953 3081 1117 3137; x_wconf 83' lang='lat' dir='ltr'><strong>habet</strong></span> <span class='ocrx_word' id='word_1_374' title='bbox 1146 3083 1461 3147; x_wconf 82' lang='lat' dir='ltr'><strong>dexteram,</strong></span> <span class='ocrx_word' id='word_1_375' title='bbox 1493 3092 1547 3136; x_wconf 90' lang='lat' dir='ltr'><strong>et</strong></span> <span class='ocrx_word' id='word_1_376' title='bbox 1595 3080 1895 3151; x_wconf 79' lang='lat' dir='ltr'><strong>iniquitatis</strong></span> <span class='ocrx_word' id='word_1_377' title='bbox 1921 3079 2052 3136; x_wconf 82' lang='lat' dir='ltr'><strong>dex-</strong></span> 
     </span>
    </p>
   </div>
   <div class='ocr_carea' id='block_1_48' title="bbox 460 3173 1905 3250">
    <p class='ocr_par' dir='ltr' id='par_1_48' title="bbox 460 3173 1905 3250">
     <span class='ocr_line' id='line_1_48' title="bbox 460 3173 1905 3250; baseline -0.001 -20"><span class='ocrx_word' id='word_1_378' title='bbox 460 3185 652 3239; x_wconf 86' lang='lat' dir='ltr'><strong>teram,</strong></span> <span class='ocrx_word' id='word_1_379' title='bbox 680 3184 788 3231; x_wconf 82' lang='lat' dir='ltr'><strong>stat</strong></span> <span class='ocrx_word' id='word_1_380' title='bbox 807 3175 1052 3231; x_wconf 74' lang='lat' dir='ltr'><strong>diabolus</strong></span> <span class='ocrx_word' id='word_1_381' title='bbox 1080 3174 1342 3250; x_wconf 71' lang='lat' dir='ltr'><strong>adextris</strong></span> <span class='ocrx_word' id='word_1_382' title='bbox 1370 3175 1488 3246; x_wconf 89' lang='lat' dir='ltr'><strong>ejus</strong></span> <span class='ocrx_word' id='word_1_383' title='bbox 1518 3173 1694 3248; x_wconf 83' lang='lat' dir='ltr'><strong>(Psal.</strong></span> <span class='ocrx_word' id='word_1_384' title='bbox 1728 3175 1905 3246; x_wconf 90' lang='lat' dir='ltr'><strong>cvnt).</strong></span> 
     </span>
    </p>
   </div>
   <div class='ocr_carea' id='block_1_49' title="bbox 530 3264 2047 3337">
    <p class='ocr_par' dir='ltr' id='par_1_49' title="bbox 530 3264 2047 3337">
     <span class='ocr_line' id='line_1_49' title="bbox 530 3264 2047 3337; baseline -0.001 -15"><span class='ocrx_word' id='word_1_385' title='bbox 530 3267 699 3334; x_wconf 82' lang='lat' dir='ltr'><strong>Deus,</strong></span> <span class='ocrx_word' id='word_1_386' title='bbox 733 3267 995 3322; x_wconf 87' lang='lat' dir='ltr'><strong>canticum</strong></span> <span class='ocrx_word' id='word_1_387' title='bbox 1034 3283 1218 3322; x_wconf 83' lang='lat' dir='ltr'><strong>novum</strong></span> <span class='ocrx_word' id='word_1_388' title='bbox 1257 3266 1475 3320; x_wconf 87' lang='lat' dir='ltr'><strong>cantabo</strong></span> <span class='ocrx_word' id='word_1_389' title='bbox 1515 3268 1626 3321; x_wconf 84' lang='lat' dir='ltr'><strong>tibi.</strong></span> <span class='ocrx_word' id='word_1_390' title='bbox 1651 3264 1834 3322; x_wconf 85' lang='lat' dir='ltr'><strong>Novus</strong></span> <span class='ocrx_word' id='word_1_391' title='bbox 1859 3266 2047 3337; x_wconf 88' lang='lat' dir='ltr'><strong>homo,</strong></span> 
     </span>
    </p>
   </div>
   <div class='ocr_carea' id='block_1_50' title="bbox 456 3358 2049 3428">
    <p class='ocr_par' dir='ltr' id='par_1_50' title="bbox 456 3358 2049 3428">
     <span class='ocr_line' id='line_1_50' title="bbox 456 3358 2049 3428; baseline 0.001 -13"><span class='ocrx_word' id='word_1_392' title='bbox 456 3375 656 3415; x_wconf 91' lang='lat' dir='ltr'><strong>novum</strong></span> <span class='ocrx_word' id='word_1_393' title='bbox 686 3360 975 3417; x_wconf 88' lang='lat' dir='ltr'><strong>canticmu.</strong></span> <span class='ocrx_word' id='word_1_394' title='bbox 1016 3358 1172 3428; x_wconf 82' lang='lat' dir='ltr'><strong>Deus,</strong></span> <span class='ocrx_word' id='word_1_395' title='bbox 1204 3360 1459 3414; x_wconf 85' lang='lat' dir='ltr'><strong>canticum</strong></span> <span class='ocrx_word' id='word_1_396' title='bbox 1486 3376 1667 3415; x_wconf 83' lang='lat' dir='ltr'><strong>novum</strong></span> <span class='ocrx_word' id='word_1_397' title='bbox 1696 3362 1914 3415; x_wconf 81' lang='lat' dir='ltr'><strong>cantabo</strong></span> <span class='ocrx_word' id='word_1_398' title='bbox 1937 3361 2049 3416; x_wconf 86' lang='lat' dir='ltr'><strong>tibi.</strong></span> 
     </span>
    </p>
   </div>
   <div class='ocr_carea' id='block_1_51' title="bbox 455 3448 2051 3528">
    <p class='ocr_par' dir='ltr' id='par_1_51' title="bbox 455 3448 2051 3528">
     <span class='ocr_line' id='line_1_51' title="bbox 455 3448 2051 3528; baseline 0.003 -18"><span class='ocrx_word' id='word_1_399' title='bbox 455 3448 687 3510; x_wconf 76' lang='lat' dir='ltr'><strong>Caritate</strong></span> <span class='ocrx_word' id='word_1_400' title='bbox 716 3454 944 3510; x_wconf 86' lang='lat' dir='ltr'><strong>Domino</strong></span> <span class='ocrx_word' id='word_1_401' title='bbox 974 3456 1239 3510; x_wconf 83' lang='lat' dir='ltr'><strong>canticum</strong></span> <span class='ocrx_word' id='word_1_402' title='bbox 1270 3470 1470 3510; x_wconf 89' lang='lat' dir='ltr'><strong>novum</strong></span> <span class='ocrx_word' id='word_1_403' title='bbox 1503 3452 1676 3527; x_wconf 88' lang='lat' dir='ltr'><strong>(Psal.</strong></span> <span class='ocrx_word' id='word_1_404' title='bbox 1701 3455 1849 3528; x_wconf 79' lang='lat' dir='ltr'><strong>xcv).</strong></span> <span class='ocrx_word' id='word_1_405' title='bbox 1878 3455 2051 3525; x_wconf 86' lang='lat' dir='ltr'><strong>Quam</strong></span> 
     </span>
    </p>
   </div>
   <div class='ocr_carea' id='block_1_52' title="bbox 375 3546 2056 3618">
    <p class='ocr_par' dir='ltr' id='par_1_52' title="bbox 375 3546 2056 3618">
     <span class='ocr_line' id='line_1_52' title="bbox 375 3546 2056 3618; baseline 0.001 -16"><span class='ocrx_word' id='word_1_406' title='bbox 375 3575 385 3583; x_wconf 73' lang='grc' dir='ltr'><strong><em>ο</em></strong></span> <span class='ocrx_word' id='word_1_407' title='bbox 457 3547 690 3618; x_wconf 86' lang='lat' dir='ltr'><strong>pulchre</strong></span> <span class='ocrx_word' id='word_1_408' title='bbox 738 3563 844 3603; x_wconf 90' lang='lat' dir='ltr'><strong>non</strong></span> <span class='ocrx_word' id='word_1_409' title='bbox 875 3546 1011 3601; x_wconf 85' lang='lat' dir='ltr'><strong>dixit</strong></span> <span class='ocrx_word' id='word_1_410' title='bbox 1040 3560 1225 3613; x_wconf 87' lang='lat' dir='ltr'><strong>canto,</strong></span> <span class='ocrx_word' id='word_1_411' title='bbox 1257 3547 1351 3603; x_wconf 90' lang='lat' dir='ltr'><strong>sed</strong></span> <span class='ocrx_word' id='word_1_412' title='bbox 1394 3548 1633 3602; x_wconf 61' lang='lat' dir='ltr'><strong>cantato.</strong></span> <span class='ocrx_word' id='word_1_413' title='bbox 1667 3547 1726 3604; x_wconf 87' lang='lat' dir='ltr'><strong>In</strong></span> <span class='ocrx_word' id='word_1_414' title='bbox 1761 3550 1945 3603; x_wconf 81' lang='lat' dir='ltr'><strong>futuro</strong></span> <span class='ocrx_word' id='word_1_415' title='bbox 1970 3564 2056 3603; x_wconf 87' lang='lat' dir='ltr'><strong>re-</strong></span> 
     </span>
    </p>
   </div>
   <div class='ocr_carea' id='block_1_53' title="bbox 458 3639 2054 3710">
    <p class='ocr_par' dir='ltr' id='par_1_53' title="bbox 458 3639 2054 3710">
     <span class='ocr_line' id='line_1_53' title="bbox 458 3639 2054 3710; baseline 0.002 -17"><span class='ocrx_word' id='word_1_416' title='bbox 458 3640 740 3709; x_wconf 88' lang='lat' dir='ltr'><strong>promisit:</strong></span> <span class='ocrx_word' id='word_1_417' title='bbox 772 3639 824 3694; x_wconf 94' lang='lat' dir='ltr'><strong>in</strong></span> <span class='ocrx_word' id='word_1_418' title='bbox 875 3639 1130 3710; x_wconf 71' lang='lat' dir='ltr'><strong>praesenti</strong></span> <span class='ocrx_word' id='word_1_419' title='bbox 1161 3641 1304 3697; x_wconf 90' lang='lat' dir='ltr'><strong>enim</strong></span> <span class='ocrx_word' id='word_1_420' title='bbox 1328 3641 1428 3695; x_wconf 89' lang='lat' dir='ltr'><strong>scit</strong></span> <span class='ocrx_word' id='word_1_421' title='bbox 1452 3648 1730 3697; x_wconf 89' lang='lat' dir='ltr'><strong>certamen</strong></span> <span class='ocrx_word' id='word_1_422' title='bbox 1766 3655 1912 3706; x_wconf 81' lang='lat' dir='ltr'><strong>esse,</strong></span> <span class='ocrx_word' id='word_1_423' title='bbox 1946 3656 2054 3696; x_wconf 89' lang='lat' dir='ltr'><strong>non</strong></span> 
     </span>
    </p>
   </div>
   <div class='ocr_carea' id='block_1_54' title="bbox 457 3730 2055 3804">
    <p class='ocr_par' dir='ltr' id='par_1_54' title="bbox 457 3730 2055 3804">
     <span class='ocr_line' id='line_1_54' title="bbox 457 3730 2055 3804; baseline 0.001 -17"><span class='ocrx_word' id='word_1_424' title='bbox 457 3731 748 3787; x_wconf 83' lang='lat' dir='ltr'><strong>canticum.</strong></span> <span class='ocrx_word' id='word_1_425' title='bbox 797 3730 1102 3804; x_wconf 79' lang='lat' dir='ltr'><strong>Numquam</strong></span> <span class='ocrx_word' id='word_1_426' title='bbox 1135 3743 1313 3788; x_wconf 90' lang='lat' dir='ltr'><strong>cantat</strong></span> <span class='ocrx_word' id='word_1_427' title='bbox 1351 3732 1655 3801; x_wconf 81' lang='lat' dir='ltr'><strong>exercitus,</strong></span> <span class='ocrx_word' id='word_1_428' title='bbox 1686 3734 1791 3788; x_wconf 89' lang='lat' dir='ltr'><strong>nisi</strong></span> <span class='ocrx_word' id='word_1_429' title='bbox 1838 3732 2055 3804; x_wconf 88' lang='lat' dir='ltr'><strong>quando</strong></span> 
     </span>
    </p>
   </div>
   <div class='ocr_carea' id='block_1_55' title="bbox 458 3821 2055 3899">
    <p class='ocr_par' dir='ltr' id='par_1_55' title="bbox 458 3821 2055 3899">
     <span class='ocr_line' id='line_1_55' title="bbox 458 3821 2055 3899; baseline 0.003 -22"><span class='ocrx_word' id='word_1_430' title='bbox 458 3821 672 3878; x_wconf 90' lang='lat' dir='ltr'><strong>vicerit.</strong></span> <span class='ocrx_word' id='word_1_431' title='bbox 734 3824 874 3895; x_wconf 84' lang='lat' dir='ltr'><strong>Ergo</strong></span> <span class='ocrx_word' id='word_1_432' title='bbox 921 3825 1178 3897; x_wconf 90' lang='lat' dir='ltr'><strong>quoniam</strong></span> <span class='ocrx_word' id='word_1_433' title='bbox 1237 3826 1289 3880; x_wconf 90' lang='lat' dir='ltr'><strong>in</strong></span> <span class='ocrx_word' id='word_1_434' title='bbox 1340 3824 1601 3899; x_wconf 64' lang='lat' dir='ltr'><strong>praisenti</strong></span> <span class='ocrx_word' id='word_1_435' title='bbox 1653 3841 1833 3897; x_wconf 85' lang='lat' dir='ltr'><strong>pugno</strong></span> <span class='ocrx_word' id='word_1_436' title='bbox 1886 3843 1897 3879; x_wconf 88' lang='lat'><strong>:</strong></span> <span class='ocrx_word' id='word_1_437' title='bbox 1948 3841 2055 3882; x_wconf 83' lang='lat' dir='ltr'><strong>non</strong></span> 
     </span>
    </p>
   </div>
   <div class='ocr_carea' id='block_1_56' title="bbox 459 3917 2056 3984">
    <p class='ocr_par' dir='ltr' id='par_1_56' title="bbox 459 3917 2056 3984">
     <span class='ocr_line' id='line_1_56' title="bbox 459 3917 2056 3984; baseline 0.001 -13"><span class='ocrx_word' id='word_1_438' title='bbox 459 3917 588 3971; x_wconf 90' lang='lat' dir='ltr'><strong>mihi</strong></span> <span class='ocrx_word' id='word_1_439' title='bbox 631 3928 785 3973; x_wconf 72' lang='lat' dir='ltr'><strong>varat</strong></span> <span class='ocrx_word' id='word_1_440' title='bbox 818 3928 1061 3973; x_wconf 86' lang='lat' dir='ltr'><strong>cantare.</strong></span> <span class='ocrx_word' id='word_1_441' title='bbox 1109 3918 1243 3973; x_wconf 76' lang='lat' dir='ltr'><strong>Cum</strong></span> <span class='ocrx_word' id='word_1_442' title='bbox 1269 3918 1486 3984; x_wconf 89' lang='lat' dir='ltr'><strong>vicero,</strong></span> <span class='ocrx_word' id='word_1_443' title='bbox 1522 3930 1648 3973; x_wconf 84' lang='lat' dir='ltr'><strong>tunc</strong></span> <span class='ocrx_word' id='word_1_444' title='bbox 1682 3919 1954 3973; x_wconf 79' lang='lat' dir='ltr'><strong>cantabo:</strong></span> <span class='ocrx_word' id='word_1_445' title='bbox 1989 3917 2056 3973; x_wconf 88' lang='lat' dir='ltr'><strong>In</strong></span> 
     </span>
    </p>
   </div>
   <div class='ocr_carea' id='block_1_57' title="bbox 458 4008 2055 4084">
    <p class='ocr_par' dir='ltr' id='par_1_57' title="bbox 458 4008 2055 4084">
     <span class='ocr_line' id='line_1_57' title="bbox 458 4008 2055 4084; baseline -0.001 -19"><span class='ocrx_word' id='word_1_446' title='bbox 458 4008 707 4084; x_wconf 88' lang='lat' dir='ltr'><strong>psalterio</strong></span> <span class='ocrx_word' id='word_1_447' title='bbox 758 4009 1079 4065; x_wconf 77' lang='lat' dir='ltr'><strong>decacltordo</strong></span> <span class='ocrx_word' id='word_1_448' title='bbox 1127 4011 1351 4083; x_wconf 84' lang='lat' dir='ltr'><strong>psallam</strong></span> <span class='ocrx_word' id='word_1_449' title='bbox 1401 4009 1517 4065; x_wconf 86' lang='lat' dir='ltr'><strong>tibi.</strong></span> <span class='ocrx_word' id='word_1_450' title='bbox 1572 4009 1723 4065; x_wconf 84' lang='lat' dir='ltr'><strong>Tune</strong></span> <span class='ocrx_word' id='word_1_451' title='bbox 1767 4009 2055 4065; x_wconf 80' lang='lat' dir='ltr'><strong>extendam</strong></span> 
     </span>
    </p>
   </div>
   <div class='ocr_carea' id='block_1_58' title="bbox 460 4102 2054 4176">
    <p class='ocr_par' dir='ltr' id='par_1_58' title="bbox 460 4102 2054 4176">
     <span class='ocr_line' id='line_1_58' title="bbox 460 4102 2054 4176; baseline -0.001 -17"><span class='ocrx_word' id='word_1_452' title='bbox 460 4117 746 4176; x_wconf 87' lang='lat' dir='ltr'><strong>utramque</strong></span> <span class='ocrx_word' id='word_1_453' title='bbox 779 4120 1025 4172; x_wconf 87' lang='lat' dir='ltr'><strong>manum,</strong></span> <span class='ocrx_word' id='word_1_454' title='bbox 1079 4113 1135 4160; x_wconf 86' lang='lat' dir='ltr'><strong>et</strong></span> <span class='ocrx_word' id='word_1_455' title='bbox 1166 4104 1425 4160; x_wconf 81' lang='lat' dir='ltr'><strong>vitalibus</strong></span> <span class='ocrx_word' id='word_1_456' title='bbox 1460 4104 1553 4159; x_wconf 89' lang='lat' dir='ltr'><strong>tibi</strong></span> <span class='ocrx_word' id='word_1_457' title='bbox 1584 4102 1810 4160; x_wconf 88' lang='lat' dir='ltr'><strong>chordis</strong></span> <span class='ocrx_word' id='word_1_458' title='bbox 1839 4119 2054 4167; x_wconf 87' lang='lat' dir='ltr'><strong>canam,</strong></span> 
     </span>
    </p>
   </div>
   <div class='ocr_carea' id='block_1_59' title="bbox 458 4195 1488 4269">
    <p class='ocr_par' dir='ltr' id='par_1_59' title="bbox 458 4195 1488 4269">
     <span class='ocr_line' id='line_1_59' title="bbox 458 4195 1488 4269; baseline 0.001 -18"><span class='ocrx_word' id='word_1_459' title='bbox 458 4195 646 4252; x_wconf 87' lang='lat' dir='ltr'><strong>Oratio</strong></span> <span class='ocrx_word' id='word_1_460' title='bbox 678 4213 820 4265; x_wconf 89' lang='lat' dir='ltr'><strong>mea,</strong></span> <span class='ocrx_word' id='word_1_461' title='bbox 852 4198 1172 4269; x_wconf 90' lang='lat' dir='ltr'><strong>psalterium</strong></span> <span class='ocrx_word' id='word_1_462' title='bbox 1204 4207 1353 4252; x_wconf 91' lang='lat' dir='ltr'><strong>tuum</strong></span> <span class='ocrx_word' id='word_1_463' title='bbox 1386 4205 1488 4253; x_wconf 89' lang='lat' dir='ltr'><strong>est.</strong></span> 
     </span>
    </p>
   </div>
   <div class='ocr_carea' id='block_1_60' title="bbox 533 4290 2061 4367">
    <p class='ocr_par' dir='ltr' id='par_1_60' title="bbox 533 4290 2061 4367">
     <span class='ocr_line' id='line_1_60' title="bbox 533 4290 2061 4367; baseline 0.001 -23"><span class='ocrx_word' id='word_1_464' title='bbox 533 4291 638 4357; x_wconf 82' lang='lat' dir='ltr'><strong>Qui</strong></span> <span class='ocrx_word' id='word_1_465' title='bbox 665 4292 759 4346; x_wconf 85' lang='lat' dir='ltr'><strong>das</strong></span> <span class='ocrx_word' id='word_1_466' title='bbox 786 4297 1002 4347; x_wconf 83' lang='lat' dir='ltr'><strong>salutem</strong></span> <span class='ocrx_word' id='word_1_467' title='bbox 1031 4291 1257 4367; x_wconf 85' lang='lat' dir='ltr'><strong>regibus,</strong></span> <span class='ocrx_word' id='word_1_468' title='bbox 1288 4302 1396 4349; x_wconf 87' lang='lat' dir='ltr'><strong>etc.</strong></span> <span class='ocrx_word' id='word_1_469' title='bbox 1426 4290 1631 4362; x_wconf 88' lang='lat' dir='ltr'><strong>Quibus</strong></span> <span class='ocrx_word' id='word_1_470' title='bbox 1669 4290 1921 4364; x_wconf 69' lang='lat' dir='ltr'><strong>regibus?</strong></span> <span class='ocrx_word' id='word_1_471' title='bbox 1951 4290 2061 4347; x_wconf 85' lang='lat' dir='ltr'><strong>Cor</strong></span> 
     </span>
    </p>
   </div>
   <div class='ocr_carea' id='block_1_61' title="bbox 458 4383 2059 4458">
    <p class='ocr_par' dir='ltr' id='par_1_61' title="bbox 458 4383 2059 4458">
     <span class='ocr_line' id='line_1_61' title="bbox 458 4383 2059 4458; baseline -0.001 -16"><span class='ocrx_word' id='word_1_472' title='bbox 458 4390 599 4457; x_wconf 85' lang='lat' dir='ltr'><strong>regis</strong></span> <span class='ocrx_word' id='word_1_473' title='bbox 623 4387 675 4441; x_wconf 92' lang='lat' dir='ltr'><strong>in</strong></span> <span class='ocrx_word' id='word_1_474' title='bbox 700 4401 861 4442; x_wconf 89' lang='lat' dir='ltr'><strong>manu</strong></span> <span class='ocrx_word' id='word_1_475' title='bbox 890 4386 980 4442; x_wconf 89' lang='lat' dir='ltr'><strong>Dei</strong></span> <span class='ocrx_word' id='word_1_476' title='bbox 1005 4383 1194 4456; x_wconf 83' lang='lat' dir='ltr'><strong>(Prov.</strong></span> <span class='ocrx_word' id='word_1_477' title='bbox 1221 4385 1334 4458; x_wconf 72' lang='lat' dir='ltr'><strong>ut)</strong></span> <span class='ocrx_word' id='word_1_478' title='bbox 1360 4385 1483 4457; x_wconf 89' lang='lat' dir='ltr'><strong>:qui</strong></span> <span class='ocrx_word' id='word_1_479' title='bbox 1507 4395 1731 4456; x_wconf 90' lang='lat' dir='ltr'><strong>regnant</strong></span> <span class='ocrx_word' id='word_1_480' title='bbox 1754 4385 1805 4440; x_wconf 92' lang='lat' dir='ltr'><strong>in</strong></span> <span class='ocrx_word' id='word_1_481' title='bbox 1827 4399 2059 4455; x_wconf 88' lang='lat' dir='ltr'><strong>corpore</strong></span> 
     </span>
    </p>
   </div>
   <div class='ocr_carea' id='block_1_62' title="bbox 460 4476 2056 4557">
    <p class='ocr_par' dir='ltr' id='par_1_62' title="bbox 460 4476 2056 4557">
     <span class='ocr_line' id='line_1_62' title="bbox 460 4476 2056 4557; baseline -0.001 -25"><span class='ocrx_word' id='word_1_482' title='bbox 460 4492 582 4543; x_wconf 89' lang='lat' dir='ltr'><strong>suo,</strong></span> <span class='ocrx_word' id='word_1_483' title='bbox 628 4480 718 4557; x_wconf 89' lang='lat' dir='ltr'><strong>qui</strong></span> <span class='ocrx_word' id='word_1_484' title='bbox 749 4478 1046 4549; x_wconf 87' lang='lat' dir='ltr'><strong>subjiciunt</strong></span> <span class='ocrx_word' id='word_1_485' title='bbox 1076 4495 1272 4553; x_wconf 89' lang='lat' dir='ltr'><strong>corpus</strong></span> <span class='ocrx_word' id='word_1_486' title='bbox 1304 4493 1484 4551; x_wconf 90' lang='lat' dir='ltr'><strong>suum,</strong></span> <span class='ocrx_word' id='word_1_487' title='bbox 1532 4487 1588 4535; x_wconf 90' lang='lat' dir='ltr'><strong>et</strong></span> <span class='ocrx_word' id='word_1_488' title='bbox 1628 4477 1875 4533; x_wconf 83' lang='lat' dir='ltr'><strong>servituti</strong></span> <span class='ocrx_word' id='word_1_489' title='bbox 1914 4476 2056 4531; x_wconf 87' lang='lat' dir='ltr'><strong>redi-</strong></span> 
     </span>
    </p>
   </div>
   <div class='ocr_carea' id='block_1_63' title="bbox 2155 1859 3841 1938">
    <p class='ocr_par' dir='ltr' id='par_1_63' title="bbox 2155 1859 3841 1938">
     <span class='ocr_line' id='line_1_63' title="bbox 2155 1859 3841 1938; baseline 0.008 -24"><span class='ocrx_word' id='word_1_490' title='bbox 2155 1859 2305 1916; x_wconf 87' lang='lat' dir='ltr'><strong>Beati</strong></span> <span class='ocrx_word' id='word_1_491' title='bbox 2335 1875 2523 1917; x_wconf 86' lang='lat' dir='ltr'><strong>omnes</strong></span> <span class='ocrx_word' id='word_1_492' title='bbox 2558 1860 2648 1934; x_wconf 90' lang='lat' dir='ltr'><strong>qui</strong></span> <span class='ocrx_word' id='word_1_493' title='bbox 2678 1861 2871 1919; x_wconf 87' lang='lat' dir='ltr'><strong>timent</strong></span> <span class='ocrx_word' id='word_1_494' title='bbox 2916 1862 3226 1930; x_wconf 87' lang='lat' dir='ltr'><strong>Dominum,</strong></span> <span class='ocrx_word' id='word_1_495' title='bbox 3273 1868 3363 1938; x_wconf 83' lang='lat' dir='ltr'><strong>qui</strong></span> <span class='ocrx_word' id='word_1_496' title='bbox 3393 1868 3681 1925; x_wconf 85' lang='lat' dir='ltr'><strong>ambulant</strong></span> <span class='ocrx_word' id='word_1_497' title='bbox 3707 1870 3764 1927; x_wconf 83' lang='lat' dir='ltr'><strong>in</strong></span> <span class='ocrx_word' id='word_1_498' title='bbox 3835 1896 3841 1905; x_wconf 67' lang='grc' dir='ltr'>ι</span> 
     </span>
    </p>
   </div>
   <div class='ocr_carea' id='block_1_64' title="bbox 2152 1952 3764 2024">
    <p class='ocr_par' dir='ltr' id='par_1_64' title="bbox 2152 1952 3764 2024">
     <span class='ocr_line' id='line_1_64' title="bbox 2152 1952 3764 2024; baseline 0.007 -17"><span class='ocrx_word' id='word_1_499' title='bbox 2152 1953 2253 2007; x_wconf 91' lang='lat' dir='ltr'><strong>viis</strong></span> <span class='ocrx_word' id='word_1_500' title='bbox 2281 1952 2418 2024; x_wconf 87' lang='lat' dir='ltr'><strong>ejus.</strong></span> <span class='ocrx_word' id='word_1_501' title='bbox 2442 1953 2579 2022; x_wconf 88' lang='lat' dir='ltr'><strong>Quid</strong></span> <span class='ocrx_word' id='word_1_502' title='bbox 2596 1953 2795 2009; x_wconf 91' lang='lat' dir='ltr'><strong>dicitur</strong></span> <span class='ocrx_word' id='word_1_503' title='bbox 2818 1953 2887 2011; x_wconf 92' lang='lat' dir='ltr'><strong>de</strong></span> <span class='ocrx_word' id='word_1_504' title='bbox 2911 1955 3054 2011; x_wconf 85' lang='lat' dir='ltr'><strong>illis?</strong></span> <span class='ocrx_word' id='word_1_505' title='bbox 3086 1955 3205 2010; x_wconf 83' lang='lat' dir='ltr'><strong>Filii</strong></span> <span class='ocrx_word' id='word_1_506' title='bbox 3231 1956 3329 2022; x_wconf 91' lang='lat' dir='ltr'><strong>tui,</strong></span> <span class='ocrx_word' id='word_1_507' title='bbox 3360 1957 3503 2014; x_wconf 82' lang='lat' dir='ltr'><strong>sicut</strong></span> <span class='ocrx_word' id='word_1_508' title='bbox 3529 1959 3764 2019; x_wconf 69' lang='lat' dir='ltr'><strong>novella</strong></span> 
     </span>
    </p>
   </div>
   <div class='ocr_carea' id='block_1_65' title="bbox 2153 2044 3763 2112">
    <p class='ocr_par' dir='ltr' id='par_1_65' title="bbox 2153 2044 3763 2112">
     <span class='ocr_line' id='line_1_65' title="bbox 2153 2044 3763 2112; baseline 0.008 -13"><span class='ocrx_word' id='word_1_509' title='bbox 2153 2044 2418 2102; x_wconf 86' lang='lat' dir='ltr'><strong>olivarum</strong></span> <span class='ocrx_word' id='word_1_510' title='bbox 2442 2045 2497 2102; x_wconf 90' lang='lat' dir='ltr'><strong>in</strong></span> <span class='ocrx_word' id='word_1_511' title='bbox 2519 2047 2750 2103; x_wconf 88' lang='lat' dir='ltr'><strong>circuitu</strong></span> <span class='ocrx_word' id='word_1_512' title='bbox 2773 2064 2974 2105; x_wconf 81' lang='lat' dir='ltr'><strong>mensa:</strong></span> <span class='ocrx_word' id='word_1_513' title='bbox 3005 2058 3134 2105; x_wconf 84' lang='lat' dir='ltr'><strong>tuae.</strong></span> <span class='ocrx_word' id='word_1_514' title='bbox 3155 2048 3311 2108; x_wconf 78' lang='lat' dir='ltr'><strong>Circa</strong></span> <span class='ocrx_word' id='word_1_515' title='bbox 3332 2067 3584 2110; x_wconf 80' lang='lat' dir='ltr'><strong>mensam</strong></span> <span class='ocrx_word' id='word_1_516' title='bbox 3606 2054 3763 2112; x_wconf 84' lang='lat' dir='ltr'><strong>Chri-</strong></span> 
     </span>
    </p>
   </div>
   <div class='ocr_carea' id='block_1_66' title="bbox 2153 2125 3760 2215">
    <p class='ocr_par' dir='ltr' id='par_1_66' title="bbox 2153 2125 3760 2215">
     <span class='ocr_line' id='line_1_66' title="bbox 2153 2125 3760 2215; baseline 0.006 -22"><span class='ocrx_word' id='word_1_517' title='bbox 2153 2138 2221 2194; x_wconf 90' lang='lat' dir='ltr'><strong>sti</strong></span> <span class='ocrx_word' id='word_1_518' title='bbox 2255 2150 2382 2195; x_wconf 91' lang='lat' dir='ltr'><strong>sunt</strong></span> <span class='ocrx_word' id='word_1_519' title='bbox 2419 2140 2499 2197; x_wconf 91' lang='lat' dir='ltr'><strong>illi</strong></span> <span class='ocrx_word' id='word_1_520' title='bbox 2541 2140 2637 2194; x_wconf 89' lang='lat' dir='ltr'><strong>ﬁlii</strong></span> <span class='ocrx_word' id='word_1_521' title='bbox 2673 2159 2685 2193; x_wconf 88' lang='lat'><strong>:</strong></span> <span class='ocrx_word' id='word_1_522' title='bbox 2719 2157 2824 2197; x_wconf 93' lang='lat' dir='ltr'><strong>non</strong></span> <span class='ocrx_word' id='word_1_523' title='bbox 2863 2125 3025 2215; x_wconf 73' lang='lat' dir='ltr'><strong>longe</strong></span> <span class='ocrx_word' id='word_1_524' title='bbox 3053 2155 3178 2200; x_wconf 91' lang='lat' dir='ltr'><strong>sunt</strong></span> <span class='ocrx_word' id='word_1_525' title='bbox 3214 2159 3247 2200; x_wconf 90' lang='lat' dir='ltr'><strong>a</strong></span> <span class='ocrx_word' id='word_1_526' title='bbox 3288 2160 3479 2203; x_wconf 88' lang='lat' dir='ltr'><strong>mensa</strong></span> <span class='ocrx_word' id='word_1_527' title='bbox 3531 2147 3760 2205; x_wconf 85' lang='lat' dir='ltr'><strong>Christi.</strong></span> 
     </span>
    </p>
   </div>
   <div class='ocr_carea' id='block_1_67' title="bbox 2154 2229 3762 2307">
    <p class='ocr_par' dir='ltr' id='par_1_67' title="bbox 2154 2229 3762 2307">
     <span class='ocr_line' id='line_1_67' title="bbox 2154 2229 3762 2307; baseline 0.007 -22"><span class='ocrx_word' id='word_1_528' title='bbox 2154 2229 2229 2285; x_wconf 90' lang='lat' dir='ltr'><strong>lbi</strong></span> <span class='ocrx_word' id='word_1_529' title='bbox 2262 2246 2368 2286; x_wconf 91' lang='lat' dir='ltr'><strong>non</strong></span> <span class='ocrx_word' id='word_1_530' title='bbox 2410 2231 2631 2299; x_wconf 84' lang='lat' dir='ltr'><strong>dicitur,</strong></span> <span class='ocrx_word' id='word_1_531' title='bbox 2670 2233 2826 2299; x_wconf 82' lang='lat' dir='ltr'><strong>ﬁliae;</strong></span> <span class='ocrx_word' id='word_1_532' title='bbox 2865 2236 2958 2290; x_wconf 87' lang='lat' dir='ltr'><strong>sed</strong></span> <span class='ocrx_word' id='word_1_533' title='bbox 2991 2236 3387 2307; x_wconf 89' lang='lat' dir='ltr'><strong>tantummodo,</strong></span> <span class='ocrx_word' id='word_1_534' title='bbox 3418 2237 3542 2295; x_wconf 84' lang='lat' dir='ltr'><strong>ﬁlii.</strong></span> <span class='ocrx_word' id='word_1_535' title='bbox 3585 2239 3762 2297; x_wconf 55' lang='lat' dir='ltr'><strong>Cane.</strong></span> 
     </span>
    </p>
   </div>
   <div class='ocr_carea' id='block_1_68' title="bbox 2154 2329 3757 2407">
    <p class='ocr_par' dir='ltr' id='par_1_68' title="bbox 2154 2329 3757 2407">
     <span class='ocr_line' id='line_1_68' title="bbox 2154 2329 3757 2407; baseline 0.006 -24"><span class='ocrx_word' id='word_1_536' title='bbox 2154 2343 2274 2383; x_wconf 92' lang='lat' dir='ltr'><strong>rum</strong></span> <span class='ocrx_word' id='word_1_537' title='bbox 2307 2329 2552 2385; x_wconf 68' lang='lat' dir='ltr'><strong>haeretici</strong></span> <span class='ocrx_word' id='word_1_538' title='bbox 2580 2329 2787 2387; x_wconf 87' lang='lat' dir='ltr'><strong>habent</strong></span> <span class='ocrx_word' id='word_1_539' title='bbox 2821 2340 2877 2387; x_wconf 88' lang='lat' dir='ltr'><strong>et</strong></span> <span class='ocrx_word' id='word_1_540' title='bbox 2909 2331 3067 2399; x_wconf 88' lang='lat' dir='ltr'><strong>ﬁlias,</strong></span> <span class='ocrx_word' id='word_1_541' title='bbox 3100 2331 3302 2389; x_wconf 88' lang='lat' dir='ltr'><strong>habent</strong></span> <span class='ocrx_word' id='word_1_542' title='bbox 3338 2344 3395 2390; x_wconf 90' lang='lat' dir='ltr'><strong>et</strong></span> <span class='ocrx_word' id='word_1_543' title='bbox 3424 2336 3757 2407; x_wconf 81' lang='lat' dir='ltr'><strong>lragiliarem</strong></span> 
     </span>
    </p>
   </div>
   <div class='ocr_carea' id='block_1_69' title="bbox 2156 2420 3755 2496">
    <p class='ocr_par' dir='ltr' id='par_1_69' title="bbox 2156 2420 3755 2496">
     <span class='ocr_line' id='line_1_69' title="bbox 2156 2420 3755 2496; baseline 0.007 -22"><span class='ocrx_word' id='word_1_544' title='bbox 2156 2436 2368 2489; x_wconf 81' lang='lat' dir='ltr'><strong>sexum,</strong></span> <span class='ocrx_word' id='word_1_545' title='bbox 2404 2420 2731 2493; x_wconf 80' lang='lat' dir='ltr'><strong>Voluptates.</strong></span> <span class='ocrx_word' id='word_1_546' title='bbox 2761 2423 3011 2480; x_wconf 84' lang='lat' dir='ltr'><strong>delicias.</strong></span> <span class='ocrx_word' id='word_1_547' title='bbox 3045 2422 3201 2480; x_wconf 72' lang='lat' dir='ltr'><strong>Filite</strong></span> <span class='ocrx_word' id='word_1_548' title='bbox 3229 2442 3407 2481; x_wconf 84' lang='lat' dir='ltr'><strong>eorum</strong></span> <span class='ocrx_word' id='word_1_549' title='bbox 3437 2428 3755 2496; x_wconf 68' lang='lat' dir='ltr'><strong>composita.</strong></span> 
     </span>
    </p>
   </div>
   <div class='ocr_carea' id='block_1_70' title="bbox 2154 2514 3753 2595">
    <p class='ocr_par' dir='ltr' id='par_1_70' title="bbox 2154 2514 3753 2595">
     <span class='ocr_line' id='line_1_70' title="bbox 2154 2514 3753 2595; baseline 0.005 -25"><span class='ocrx_word' id='word_1_550' title='bbox 2154 2514 2348 2571; x_wconf 87' lang='lat' dir='ltr'><strong>Sermo</strong></span> <span class='ocrx_word' id='word_1_551' title='bbox 2380 2518 2714 2586; x_wconf 86' lang='lat' dir='ltr'><strong>compositus</strong></span> <span class='ocrx_word' id='word_1_552' title='bbox 2742 2527 2845 2584; x_wconf 91' lang='lat' dir='ltr'><strong>est,</strong></span> <span class='ocrx_word' id='word_1_553' title='bbox 2877 2525 2935 2575; x_wconf 88' lang='lat' dir='ltr'><strong>et</strong></span> <span class='ocrx_word' id='word_1_554' title='bbox 2968 2533 3159 2574; x_wconf 76' lang='lat' dir='ltr'><strong>sensus</strong></span> <span class='ocrx_word' id='word_1_555' title='bbox 3188 2519 3463 2575; x_wconf 88' lang='lat' dir='ltr'><strong>sordidus.</strong></span> <span class='ocrx_word' id='word_1_556' title='bbox 3496 2518 3555 2576; x_wconf 83' lang='lat' dir='ltr'><strong>In</strong></span> <span class='ocrx_word' id='word_1_557' title='bbox 3586 2522 3753 2595; x_wconf 82' lang='lat' dir='ltr'><strong>serip-</strong></span> 
     </span>
    </p>
   </div>
   <div class='ocr_carea' id='block_1_71' title="bbox 2157 2608 3755 2681">
    <p class='ocr_par' dir='ltr' id='par_1_71' title="bbox 2157 2608 3755 2681">
     <span class='ocr_line' id='line_1_71' title="bbox 2157 2608 3755 2681; baseline 0.006 -19"><span class='ocrx_word' id='word_1_558' title='bbox 2157 2608 2290 2663; x_wconf 83' lang='lat' dir='ltr'><strong>turis</strong></span> <span class='ocrx_word' id='word_1_559' title='bbox 2350 2609 2554 2664; x_wconf 88' lang='lat' dir='ltr'><strong>sanctis</strong></span> <span class='ocrx_word' id='word_1_560' title='bbox 2600 2610 2958 2680; x_wconf 80' lang='lat' dir='ltr'><strong>cogitationes</strong></span> <span class='ocrx_word' id='word_1_561' title='bbox 3006 2625 3225 2681; x_wconf 89' lang='lat' dir='ltr'><strong>semper</strong></span> <span class='ocrx_word' id='word_1_562' title='bbox 3293 2611 3390 2668; x_wconf 91' lang='lat' dir='ltr'><strong>ﬁlii</strong></span> <span class='ocrx_word' id='word_1_563' title='bbox 3458 2612 3755 2671; x_wconf 88' lang='lat' dir='ltr'><strong>dicuntur:</strong></span> 
     </span>
    </p>
   </div>
   <div class='ocr_carea' id='block_1_72' title="bbox 2154 2702 3761 2777">
    <p class='ocr_par' dir='ltr' id='par_1_72' title="bbox 2154 2702 3761 2777">
     <span class='ocr_line' id='line_1_72' title="bbox 2154 2702 3761 2777; baseline 0.004 -20"><span class='ocrx_word' id='word_1_564' title='bbox 2154 2702 2339 2769; x_wconf 87' lang='lat' dir='ltr'><strong>verba,</strong></span> <span class='ocrx_word' id='word_1_565' title='bbox 2376 2703 2520 2757; x_wconf 62' lang='lat' dir='ltr'><strong>tiliae.</strong></span> <span class='ocrx_word' id='word_1_566' title='bbox 2556 2703 2689 2759; x_wconf 84' lang='lat' dir='ltr'><strong>Vide</strong></span> <span class='ocrx_word' id='word_1_567' title='bbox 2732 2717 2866 2774; x_wconf 90' lang='lat' dir='ltr'><strong>ergo</strong></span> <span class='ocrx_word' id='word_1_568' title='bbox 2904 2704 3029 2775; x_wconf 89' lang='lat' dir='ltr'><strong>quid</strong></span> <span class='ocrx_word' id='word_1_569' title='bbox 3058 2703 3191 2760; x_wconf 87' lang='lat' dir='ltr'><strong>dicit</strong></span> <span class='ocrx_word' id='word_1_570' title='bbox 3219 2723 3231 2760; x_wconf 92' lang='lat'><strong>:</strong></span> <span class='ocrx_word' id='word_1_571' title='bbox 3257 2703 3628 2777; x_wconf 77' lang='lat' dir='ltr'><strong>Cogitationes</strong></span> <span class='ocrx_word' id='word_1_572' title='bbox 3667 2722 3761 2764; x_wconf 84' lang='lat' dir='ltr'><strong>eo-</strong></span> 
     </span>
    </p>
   </div>
   <div class='ocr_carea' id='block_1_73' title="bbox 2155 2794 3758 2863">
    <p class='ocr_par' dir='ltr' id='par_1_73' title="bbox 2155 2794 3758 2863">
     <span class='ocr_line' id='line_1_73' title="bbox 2155 2794 3758 2863; baseline 0.004 -13"><span class='ocrx_word' id='word_1_573' title='bbox 2155 2812 2296 2863; x_wconf 90' lang='lat' dir='ltr'><strong>rum,</strong></span> <span class='ocrx_word' id='word_1_574' title='bbox 2327 2794 2429 2850; x_wconf 90' lang='lat' dir='ltr'><strong>hoc</strong></span> <span class='ocrx_word' id='word_1_575' title='bbox 2460 2805 2567 2858; x_wconf 89' lang='lat' dir='ltr'><strong>est,</strong></span> <span class='ocrx_word' id='word_1_576' title='bbox 2602 2795 2694 2851; x_wconf 88' lang='lat' dir='ltr'><strong>ﬁlii</strong></span> <span class='ocrx_word' id='word_1_577' title='bbox 2721 2797 2845 2851; x_wconf 88' lang='lat' dir='ltr'><strong>novi</strong></span> <span class='ocrx_word' id='word_1_578' title='bbox 2877 2807 3023 2852; x_wconf 90' lang='lat' dir='ltr'><strong>sunt.</strong></span> <span class='ocrx_word' id='word_1_579' title='bbox 3049 2797 3228 2853; x_wconf 87' lang='lat' dir='ltr'><strong>Verba</strong></span> <span class='ocrx_word' id='word_1_580' title='bbox 3252 2813 3383 2853; x_wconf 89' lang='lat' dir='ltr'><strong>vero</strong></span> <span class='ocrx_word' id='word_1_581' title='bbox 3413 2813 3625 2863; x_wconf 90' lang='lat' dir='ltr'><strong>eorum.</strong></span> <span class='ocrx_word' id='word_1_582' title='bbox 3659 2800 3758 2857; x_wconf 90' lang='lat' dir='ltr'><strong>hoc</strong></span> 
     </span>
    </p>
   </div>
   <div class='ocr_carea' id='block_1_74' title="bbox 2155 2890 3750 2963">
    <p class='ocr_par' dir='ltr' id='par_1_74' title="bbox 2155 2890 3750 2963">
     <span class='ocr_line' id='line_1_74' title="bbox 2155 2890 3750 2963; baseline 0.003 -18"><span class='ocrx_word' id='word_1_583' title='bbox 2155 2901 2258 2961; x_wconf 85' lang='lat' dir='ltr'><strong>est,</strong></span> <span class='ocrx_word' id='word_1_584' title='bbox 2290 2890 2688 2957; x_wconf 72' lang='lat' dir='ltr'><strong>hzereticorum,</strong></span> <span class='ocrx_word' id='word_1_585' title='bbox 2717 2906 2835 2963; x_wconf 74' lang='lat' dir='ltr'><strong>qua:</strong></span> <span class='ocrx_word' id='word_1_586' title='bbox 2863 2890 3067 2947; x_wconf 85' lang='lat' dir='ltr'><strong>habent</strong></span> <span class='ocrx_word' id='word_1_587' title='bbox 3095 2890 3164 2947; x_wconf 90' lang='lat' dir='ltr'><strong>de</strong></span> <span class='ocrx_word' id='word_1_588' title='bbox 3193 2892 3457 2963; x_wconf 78' lang='lat' dir='ltr'><strong>Sapientia</strong></span> <span class='ocrx_word' id='word_1_589' title='bbox 3486 2895 3750 2963; x_wconf 75' lang='lat' dir='ltr'><strong>smcnlari,</strong></span> 
     </span>
    </p>
   </div>
   <div class='ocr_carea' id='block_1_75' title="bbox 2155 2983 3758 3056">
    <p class='ocr_par' dir='ltr' id='par_1_75' title="bbox 2155 2983 3758 3056">
     <span class='ocr_line' id='line_1_75' title="bbox 2155 2983 3758 3056; baseline 0.001 -18"><span class='ocrx_word' id='word_1_590' title='bbox 2155 2983 2454 3051; x_wconf 60' lang='lat' dir='ltr'><strong>00m|203il8</strong></span> <span class='ocrx_word' id='word_1_591' title='bbox 2485 2992 2613 3038; x_wconf 86' lang='lat' dir='ltr'><strong>sunt</strong></span> <span class='ocrx_word' id='word_1_592' title='bbox 2645 3000 2659 3039; x_wconf 90' lang='lat'><strong>:</strong></span> <span class='ocrx_word' id='word_1_593' title='bbox 2690 2983 2888 3040; x_wconf 90' lang='lat' dir='ltr'><strong>habent</strong></span> <span class='ocrx_word' id='word_1_594' title='bbox 2921 2983 3067 3039; x_wconf 89' lang='lat' dir='ltr'><strong>enim</strong></span> <span class='ocrx_word' id='word_1_595' title='bbox 3102 2983 3262 3039; x_wconf 86' lang='lat' dir='ltr'><strong>verba</strong></span> <span class='ocrx_word' id='word_1_596' title='bbox 3287 2986 3615 3056; x_wconf 87' lang='lat' dir='ltr'><strong>composita,</strong></span> <span class='ocrx_word' id='word_1_597' title='bbox 3647 2986 3758 3040; x_wconf 82' lang='lat' dir='ltr'><strong>lau-</strong></span> 
     </span>
    </p>
   </div>
   <div class='ocr_carea' id='block_1_76' title="bbox 2156 3075 3757 3151">
    <p class='ocr_par' dir='ltr' id='par_1_76' title="bbox 2156 3075 3757 3151">
     <span class='ocr_line' id='line_1_76' title="bbox 2156 3075 3757 3151; baseline 0.004 -20"><span class='ocrx_word' id='word_1_598' title='bbox 2156 3078 2339 3133; x_wconf 86' lang='lat' dir='ltr'><strong>datum</strong></span> <span class='ocrx_word' id='word_1_599' title='bbox 2371 3093 2699 3133; x_wconf 74' lang='lat' dir='ltr'><strong>sermonem.</strong></span> <span class='ocrx_word' id='word_1_600' title='bbox 2740 3075 2899 3132; x_wconf 72' lang='lat' dir='ltr'><strong>Filia:</strong></span> <span class='ocrx_word' id='word_1_601' title='bbox 2924 3094 3099 3133; x_wconf 86' lang='lat' dir='ltr'><strong>eorum</strong></span> <span class='ocrx_word' id='word_1_602' title='bbox 3129 3080 3449 3151; x_wconf 64' lang='lat' dir='ltr'><strong>composita}.</strong></span> <span class='ocrx_word' id='word_1_603' title='bbox 3506 3079 3757 3138; x_wconf 80' lang='lat' dir='ltr'><strong>Videntur</strong></span> 
     </span>
    </p>
   </div>
   <div class='ocr_carea' id='block_1_77' title="bbox 2156 3170 3755 3242">
    <p class='ocr_par' dir='ltr' id='par_1_77' title="bbox 2156 3170 3755 3242">
     <span class='ocr_line' id='line_1_77' title="bbox 2156 3170 3755 3242; baseline 0.006 -20"><span class='ocrx_word' id='word_1_604' title='bbox 2156 3170 2372 3240; x_wconf 79' lang='lat' dir='ltr'><strong>quidem</strong></span> <span class='ocrx_word' id='word_1_605' title='bbox 2405 3186 2527 3226; x_wconf 75' lang='lat' dir='ltr'><strong>esse</strong></span> <span class='ocrx_word' id='word_1_606' title='bbox 2563 3170 2898 3242; x_wconf 79' lang='lat' dir='ltr'><strong>compositae,</strong></span> <span class='ocrx_word' id='word_1_607' title='bbox 2933 3170 3027 3226; x_wconf 90' lang='lat' dir='ltr'><strong>sed</strong></span> <span class='ocrx_word' id='word_1_608' title='bbox 3057 3173 3179 3242; x_wconf 90' lang='lat' dir='ltr'><strong>quia</strong></span> <span class='ocrx_word' id='word_1_609' title='bbox 3214 3172 3338 3226; x_wconf 75' lang='lat' dir='ltr'><strong>lilia:</strong></span> <span class='ocrx_word' id='word_1_610' title='bbox 3367 3182 3525 3238; x_wconf 74' lang='lat' dir='ltr'><strong>siml,</strong></span> <span class='ocrx_word' id='word_1_611' title='bbox 3559 3185 3613 3229; x_wconf 91' lang='lat' dir='ltr'><strong>et</strong></span> <span class='ocrx_word' id='word_1_612' title='bbox 3656 3188 3755 3231; x_wconf 87' lang='lat' dir='ltr'><strong>non</strong></span> 
     </span>
    </p>
   </div>
   <div class='ocr_carea' id='block_1_78' title="bbox 2158 3263 3756 3330">
    <p class='ocr_par' dir='ltr' id='par_1_78' title="bbox 2158 3263 3756 3330">
     <span class='ocr_line' id='line_1_78' title="bbox 2158 3263 3756 3330; baseline 0.004 -13"><span class='ocrx_word' id='word_1_613' title='bbox 2158 3264 2275 3330; x_wconf 88' lang='lat' dir='ltr'><strong>lilii,</strong></span> <span class='ocrx_word' id='word_1_614' title='bbox 2325 3263 2466 3320; x_wconf 89' lang='lat' dir='ltr'><strong>vires</strong></span> <span class='ocrx_word' id='word_1_615' title='bbox 2506 3282 2611 3322; x_wconf 87' lang='lat' dir='ltr'><strong>non</strong></span> <span class='ocrx_word' id='word_1_616' title='bbox 2663 3265 2876 3320; x_wconf 86' lang='lat' dir='ltr'><strong>habent.</strong></span> <span class='ocrx_word' id='word_1_617' title='bbox 2926 3266 3334 3321; x_wconf 73' lang='lat' dir='ltr'><strong>Circunzornata:</strong></span> <span class='ocrx_word' id='word_1_618' title='bbox 3376 3277 3431 3321; x_wconf 85' lang='lat' dir='ltr'><strong>ut</strong></span> <span class='ocrx_word' id='word_1_619' title='bbox 3477 3267 3756 3324; x_wconf 76' lang='lat' dir='ltr'><strong>similitudo</strong></span> 
     </span>
    </p>
   </div>
   <div class='ocr_carea' id='block_1_79' title="bbox 2157 3356 3756 3431">
    <p class='ocr_par' dir='ltr' id='par_1_79' title="bbox 2157 3356 3756 3431">
     <span class='ocr_line' id='line_1_79' title="bbox 2157 3356 3756 3431; baseline 0.006 -22"><span class='ocrx_word' id='word_1_620' title='bbox 2157 3357 2351 3431; x_wconf 85' lang='lat' dir='ltr'><strong>templi.</strong></span> <span class='ocrx_word' id='word_1_621' title='bbox 2398 3358 2630 3414; x_wconf 80' lang='lat' dir='ltr'><strong>Pulchre</strong></span> <span class='ocrx_word' id='word_1_622' title='bbox 2660 3358 2814 3423; x_wconf 78' lang='lat' dir='ltr'><strong>dixit,</strong></span> <span class='ocrx_word' id='word_1_623' title='bbox 2854 3356 3142 3412; x_wconf 84' lang='lat' dir='ltr'><strong>similitudo</strong></span> <span class='ocrx_word' id='word_1_624' title='bbox 3172 3358 3371 3431; x_wconf 81' lang='lat' dir='ltr'><strong>templi.</strong></span> <span class='ocrx_word' id='word_1_625' title='bbox 3403 3358 3521 3414; x_wconf 85' lang='lat' dir='ltr'><strong>Non</strong></span> <span class='ocrx_word' id='word_1_626' title='bbox 3566 3360 3756 3421; x_wconf 83' lang='lat' dir='ltr'><strong>habent</strong></span> 
     </span>
    </p>
   </div>
   <div class='ocr_carea' id='block_1_80' title="bbox 2154 3451 3581 3522">
    <p class='ocr_par' dir='ltr' id='par_1_80' title="bbox 2154 3451 3581 3522">
     <span class='ocr_line' id='line_1_80' title="bbox 2154 3451 3581 3522; baseline 0.004 -16"><span class='ocrx_word' id='word_1_627' title='bbox 2154 3467 2337 3506; x_wconf 83' lang='lat' dir='ltr'><strong>veram</strong></span> <span class='ocrx_word' id='word_1_628' title='bbox 2373 3452 2702 3522; x_wconf 78' lang='lat' dir='ltr'><strong>Erclesiam,</strong></span> <span class='ocrx_word' id='word_1_629' title='bbox 2734 3452 2828 3508; x_wconf 88' lang='lat' dir='ltr'><strong>sed</strong></span> <span class='ocrx_word' id='word_1_630' title='bbox 2856 3451 3265 3509; x_wconf 86' lang='lat' dir='ltr'><strong>similitudinem</strong></span> <span class='ocrx_word' id='word_1_631' title='bbox 3298 3453 3581 3511; x_wconf 58' lang='lat' dir='ltr'><strong>Ecclesia.</strong></span> 
     </span>
    </p>
   </div>
   <div class='ocr_carea' id='block_1_81' title="bbox 2229 3542 3747 3619">
    <p class='ocr_par' dir='ltr' id='par_1_81' title="bbox 2229 3542 3747 3619">
     <span class='ocr_line' id='line_1_81' title="bbox 2229 3542 3747 3619; baseline 0.002 -20"><span class='ocrx_word' id='word_1_632' title='bbox 2229 3542 2457 3599; x_wconf 82' lang='lat' dir='ltr'><strong>Cellaria</strong></span> <span class='ocrx_word' id='word_1_633' title='bbox 2498 3561 2672 3601; x_wconf 87' lang='lat' dir='ltr'><strong>eorum</strong></span> <span class='ocrx_word' id='word_1_634' title='bbox 2716 3544 2870 3619; x_wconf 76' lang='lat' dir='ltr'><strong>plena</strong></span> <span class='ocrx_word' id='word_1_635' title='bbox 2902 3561 2920 3600; x_wconf 92' lang='lat'><strong><em>:</em></strong></span> <span class='ocrx_word' id='word_1_636' title='bbox 2958 3548 3250 3601; x_wconf 87' lang='lat' dir='ltr'><strong>eructantia</strong></span> <span class='ocrx_word' id='word_1_637' title='bbox 3278 3563 3342 3601; x_wconf 81' lang='lat' dir='ltr'><strong>ea:</strong></span> <span class='ocrx_word' id='word_1_638' title='bbox 3382 3546 3485 3601; x_wconf 90' lang='lat' dir='ltr'><strong>Itoc</strong></span> <span class='ocrx_word' id='word_1_639' title='bbox 3513 3548 3567 3601; x_wconf 85' lang='lat' dir='ltr'><strong>in</strong></span> <span class='ocrx_word' id='word_1_640' title='bbox 3604 3546 3747 3603; x_wconf 81' lang='lat' dir='ltr'><strong>illud.</strong></span> 
     </span>
    </p>
   </div>
   <div class='ocr_carea' id='block_1_82' title="bbox 2158 3622 3754 3696">
    <p class='ocr_par' dir='ltr' id='par_1_82' title="bbox 2158 3622 3754 3696">
     <span class='ocr_line' id='line_1_82' title="bbox 2158 3622 3754 3696; baseline 0.002 -3"><span class='ocrx_word' id='word_1_641' title='bbox 2158 3637 2339 3693; x_wconf 84' lang='lat' dir='ltr'><strong>Parati</strong></span> <span class='ocrx_word' id='word_1_642' title='bbox 2362 3649 2484 3693; x_wconf 88' lang='lat' dir='ltr'><strong>sunt</strong></span> <span class='ocrx_word' id='word_1_643' title='bbox 2506 3636 2571 3691; x_wconf 90' lang='lat' dir='ltr'><strong>ad</strong></span> <span class='ocrx_word' id='word_1_644' title='bbox 2594 3637 3058 3694; x_wconf 89' lang='lat' dir='ltr'><strong>contendendum.</strong></span> <span class='ocrx_word' id='word_1_645' title='bbox 3084 3638 3139 3694; x_wconf 90' lang='lat' dir='ltr'><strong>Si</strong></span> <span class='ocrx_word' id='word_1_646' title='bbox 3165 3639 3285 3694; x_wconf 89' lang='lat' dir='ltr'><strong>illos</strong></span> <span class='ocrx_word' id='word_1_647' title='bbox 3308 3641 3551 3695; x_wconf 88' lang='lat' dir='ltr'><strong>tenueris</strong></span> <span class='ocrx_word' id='word_1_648' title='bbox 3580 3622 3633 3694; x_wconf 84' lang='lat' dir='ltr'><strong>in</strong></span> <span class='ocrx_word' id='word_1_649' title='bbox 3656 3656 3754 3696; x_wconf 86' lang='lat' dir='ltr'><strong>uno</strong></span> 
     </span>
    </p>
   </div>
   <div class='ocr_carea' id='block_1_83' title="bbox 2162 3730 3753 3803">
    <p class='ocr_par' dir='ltr' id='par_1_83' title="bbox 2162 3730 3753 3803">
     <span class='ocr_line' id='line_1_83' title="bbox 2162 3730 3753 3803; baseline 0.002 -17"><span class='ocrx_word' id='word_1_650' title='bbox 2162 3730 2492 3799; x_wconf 88' lang='lat' dir='ltr'><strong>testimonio,</strong></span> <span class='ocrx_word' id='word_1_651' title='bbox 2530 3731 2597 3785; x_wconf 91' lang='lat' dir='ltr'><strong>ad</strong></span> <span class='ocrx_word' id='word_1_652' title='bbox 2636 3731 2779 3787; x_wconf 88' lang='lat' dir='ltr'><strong>aliud</strong></span> <span class='ocrx_word' id='word_1_653' title='bbox 2819 3740 3121 3787; x_wconf 67' lang='lat' dir='ltr'><strong>transeunt.</strong></span> <span class='ocrx_word' id='word_1_654' title='bbox 3157 3732 3212 3787; x_wconf 87' lang='lat' dir='ltr'><strong>Si</strong></span> <span class='ocrx_word' id='word_1_655' title='bbox 3253 3731 3305 3787; x_wconf 91' lang='lat' dir='ltr'><strong>in</strong></span> <span class='ocrx_word' id='word_1_656' title='bbox 3338 3731 3641 3803; x_wconf 82' lang='lat' dir='ltr'><strong>Seripturis</strong></span> <span class='ocrx_word' id='word_1_657' title='bbox 3680 3743 3753 3789; x_wconf 90' lang='lat' dir='ltr'><strong>te-</strong></span> 
     </span>
    </p>
   </div>
   <div class='ocr_carea' id='block_1_84' title="bbox 2161 3824 3756 3897">
    <p class='ocr_par' dir='ltr' id='par_1_84' title="bbox 2161 3824 3756 3897">
     <span class='ocr_line' id='line_1_84' title="bbox 2161 3824 3756 3897; baseline 0.003 -19"><span class='ocrx_word' id='word_1_658' title='bbox 2161 3824 2364 3896; x_wconf 84' lang='lat' dir='ltr'><strong>nueris,</strong></span> <span class='ocrx_word' id='word_1_659' title='bbox 2392 3824 2453 3876; x_wconf 67' lang='lat' dir='ltr'><strong>ad</strong></span> <span class='ocrx_word' id='word_1_660' title='bbox 2480 3824 2829 3879; x_wconf 78' lang='lat' dir='ltr'><strong>Aristotelem</strong></span> <span class='ocrx_word' id='word_1_661' title='bbox 2852 3824 3087 3897; x_wconf 80' lang='lat' dir='ltr'><strong>fugiunt.</strong></span> <span class='ocrx_word' id='word_1_662' title='bbox 3119 3825 3175 3882; x_wconf 91' lang='lat' dir='ltr'><strong>Si</strong></span> <span class='ocrx_word' id='word_1_663' title='bbox 3205 3825 3554 3883; x_wconf 72' lang='lat' dir='ltr'><strong>Aristotelem</strong></span> <span class='ocrx_word' id='word_1_664' title='bbox 3580 3836 3756 3883; x_wconf 83' lang='lat' dir='ltr'><strong>tenue-</strong></span> 
     </span>
    </p>
   </div>
   <div class='ocr_carea' id='block_1_85' title="bbox 2163 3917 3753 3995">
    <p class='ocr_par' dir='ltr' id='par_1_85' title="bbox 2163 3917 3753 3995">
     <span class='ocr_line' id='line_1_85' title="bbox 2163 3917 3753 3995; baseline 0.001 -22"><span class='ocrx_word' id='word_1_665' title='bbox 2163 3918 2259 3983; x_wconf 86' lang='lat' dir='ltr'><strong>ris,</strong></span> <span class='ocrx_word' id='word_1_666' title='bbox 2303 3919 2355 3972; x_wconf 93' lang='lat' dir='ltr'><strong>in</strong></span> <span class='ocrx_word' id='word_1_667' title='bbox 2401 3918 2678 3973; x_wconf 82' lang='lat' dir='ltr'><strong>Platonem</strong></span> <span class='ocrx_word' id='word_1_668' title='bbox 2713 3926 3016 3974; x_wconf 91' lang='lat' dir='ltr'><strong>transeunt.</strong></span> <span class='ocrx_word' id='word_1_669' title='bbox 3066 3917 3293 3974; x_wconf 88' lang='lat' dir='ltr'><strong>Cellaria</strong></span> <span class='ocrx_word' id='word_1_670' title='bbox 3339 3936 3523 3975; x_wconf 86' lang='lat' dir='ltr'><strong>eorum</strong></span> <span class='ocrx_word' id='word_1_671' title='bbox 3564 3922 3753 3995; x_wconf 82' lang='lat' dir='ltr'><strong>plena:</strong></span> 
     </span>
    </p>
   </div>
   <div class='ocr_carea' id='block_1_86' title="bbox 2160 4009 3751 4087">
    <p class='ocr_par' dir='ltr' id='par_1_86' title="bbox 2160 4009 3751 4087">
     <span class='ocr_line' id='line_1_86' title="bbox 2160 4009 3751 4087; baseline 0.003 -23"><span class='ocrx_word' id='word_1_672' title='bbox 2160 4015 2447 4066; x_wconf 84' lang='lat' dir='ltr'><strong>eructantia</strong></span> <span class='ocrx_word' id='word_1_673' title='bbox 2486 4027 2549 4065; x_wconf 73' lang='lat' dir='ltr'><strong>ex</strong></span> <span class='ocrx_word' id='word_1_674' title='bbox 2576 4009 2674 4065; x_wconf 86' lang='lat' dir='ltr'><strong>hoc</strong></span> <span class='ocrx_word' id='word_1_675' title='bbox 2703 4012 2757 4065; x_wconf 90' lang='lat' dir='ltr'><strong>in</strong></span> <span class='ocrx_word' id='word_1_676' title='bbox 2794 4011 2947 4066; x_wconf 88' lang='lat' dir='ltr'><strong>illud.</strong></span> <span class='ocrx_word' id='word_1_677' title='bbox 2978 4011 3266 4067; x_wconf 90' lang='lat' dir='ltr'><strong>Cellarium</strong></span> <span class='ocrx_word' id='word_1_678' title='bbox 3302 4014 3521 4087; x_wconf 86' lang='lat' dir='ltr'><strong>proprie</strong></span> <span class='ocrx_word' id='word_1_679' title='bbox 3549 4015 3751 4082; x_wconf 88' lang='lat' dir='ltr'><strong>dicitur,</strong></span> 
     </span>
    </p>
   </div>
   <div class='ocr_carea' id='block_1_87' title="bbox 2160 4102 3751 4176">
    <p class='ocr_par' dir='ltr' id='par_1_87' title="bbox 2160 4102 3751 4176">
     <span class='ocr_line' id='line_1_87' title="bbox 2160 4102 3751 4176; baseline 0.003 -19"><span class='ocrx_word' id='word_1_680' title='bbox 2160 4104 2301 4175; x_wconf 91' lang='lat' dir='ltr'><strong>quod</strong></span> <span class='ocrx_word' id='word_1_681' title='bbox 2329 4102 2547 4158; x_wconf 85' lang='lat' dir='ltr'><strong>divitias</strong></span> <span class='ocrx_word' id='word_1_682' title='bbox 2569 4103 2901 4176; x_wconf 87' lang='lat' dir='ltr'><strong>compositas</strong></span> <span class='ocrx_word' id='word_1_683' title='bbox 2932 4104 3115 4161; x_wconf 90' lang='lat' dir='ltr'><strong>habet.</strong></span> <span class='ocrx_word' id='word_1_684' title='bbox 3148 4105 3399 4161; x_wconf 63' lang='lat' dir='ltr'><strong>Hieretici</strong></span> <span class='ocrx_word' id='word_1_685' title='bbox 3427 4106 3648 4162; x_wconf 86' lang='lat' dir='ltr'><strong>cellaria</strong></span> <span class='ocrx_word' id='word_1_686' title='bbox 3673 4107 3751 4164; x_wconf 74' lang='lat' dir='ltr'><strong>ha-</strong></span> 
     </span>
    </p>
   </div>
   <div class='ocr_carea' id='block_1_88' title="bbox 2162 4196 3756 4271">
    <p class='ocr_par' dir='ltr' id='par_1_88' title="bbox 2162 4196 3756 4271">
     <span class='ocr_line' id='line_1_88' title="bbox 2162 4196 3756 4271; baseline 0.003 -18"><span class='ocrx_word' id='word_1_687' title='bbox 2162 4196 2309 4255; x_wconf 89' lang='lat' dir='ltr'><strong>bent.</strong></span> <span class='ocrx_word' id='word_1_688' title='bbox 2339 4198 2556 4253; x_wconf 80' lang='lat' dir='ltr'><strong>Habent</strong></span> <span class='ocrx_word' id='word_1_689' title='bbox 2594 4198 2737 4254; x_wconf 91' lang='lat' dir='ltr'><strong>enim</strong></span> <span class='ocrx_word' id='word_1_690' title='bbox 2768 4207 3067 4270; x_wconf 71' lang='lat' dir='ltr'><strong>praeparata</strong></span> <span class='ocrx_word' id='word_1_691' title='bbox 3115 4199 3281 4256; x_wconf 87' lang='lat' dir='ltr'><strong>verba</strong></span> <span class='ocrx_word' id='word_1_692' title='bbox 3316 4199 3516 4271; x_wconf 89' lang='lat' dir='ltr'><strong>quibus</strong></span> <span class='ocrx_word' id='word_1_693' title='bbox 3541 4209 3756 4258; x_wconf 85' lang='lat' dir='ltr'><strong>conten-</strong></span> 
     </span>
    </p>
   </div>
   <div class='ocr_carea' id='block_1_89' title="bbox 2162 4289 3758 4364">
    <p class='ocr_par' dir='ltr' id='par_1_89' title="bbox 2162 4289 3758 4364">
     <span class='ocr_line' id='line_1_89' title="bbox 2162 4289 3758 4364; baseline 0.001 -17"><span class='ocrx_word' id='word_1_694' title='bbox 2162 4291 2314 4349; x_wconf 89' lang='lat' dir='ltr'><strong>dant.</strong></span> <span class='ocrx_word' id='word_1_695' title='bbox 2336 4289 2606 4347; x_wconf 82' lang='lat' dir='ltr'><strong>Caeterum</strong></span> <span class='ocrx_word' id='word_1_696' title='bbox 2634 4290 3006 4348; x_wconf 82' lang='lat' dir='ltr'><strong>Ecclesiastiei</strong></span> <span class='ocrx_word' id='word_1_697' title='bbox 3029 4292 3308 4364; x_wconf 88' lang='lat' dir='ltr'><strong>simplices</strong></span> <span class='ocrx_word' id='word_1_698' title='bbox 3328 4304 3455 4350; x_wconf 90' lang='lat' dir='ltr'><strong>sunt</strong></span> <span class='ocrx_word' id='word_1_699' title='bbox 3484 4313 3498 4351; x_wconf 90' lang='lat'><strong>:</strong></span> <span class='ocrx_word' id='word_1_700' title='bbox 3523 4294 3656 4350; x_wconf 88' lang='lat' dir='ltr'><strong>nihil</strong></span> <span class='ocrx_word' id='word_1_701' title='bbox 3678 4292 3758 4349; x_wconf 86' lang='lat' dir='ltr'><strong>ha-</strong></span> 
     </span>
    </p>
   </div>
   <div class='ocr_carea' id='block_1_90' title="bbox 2160 4385 3751 4463">
    <p class='ocr_par' dir='ltr' id='par_1_90' title="bbox 2160 4385 3751 4463">
     <span class='ocr_line' id='line_1_90' title="bbox 2160 4385 3751 4463; baseline 0.001 -20"><span class='ocrx_word' id='word_1_702' title='bbox 2160 4386 2292 4443; x_wconf 89' lang='lat' dir='ltr'><strong>bent</strong></span> <span class='ocrx_word' id='word_1_703' title='bbox 2314 4397 2692 4459; x_wconf 71' lang='lat' dir='ltr'><strong>prmparatum.</strong></span> <span class='ocrx_word' id='word_1_704' title='bbox 2718 4385 2984 4459; x_wconf 78' lang='lat' dir='ltr'><strong>Aperiunt</strong></span> <span class='ocrx_word' id='word_1_705' title='bbox 3006 4402 3089 4455; x_wconf 90' lang='lat' dir='ltr'><strong>os,</strong></span> <span class='ocrx_word' id='word_1_706' title='bbox 3114 4396 3170 4443; x_wconf 89' lang='lat' dir='ltr'><strong>et</strong></span> <span class='ocrx_word' id='word_1_707' title='bbox 3182 4387 3426 4463; x_wconf 88' lang='lat' dir='ltr'><strong>repletur</strong></span> <span class='ocrx_word' id='word_1_708' title='bbox 3448 4406 3477 4444; x_wconf 90' lang='lat' dir='ltr'><strong>a</strong></span> <span class='ocrx_word' id='word_1_709' title='bbox 3508 4389 3751 4445; x_wconf 90' lang='lat' dir='ltr'><strong>Domino:</strong></span> 
     </span>
    </p>
   </div>
   <div class='ocr_carea' id='block_1_91' title="bbox 2163 4479 3755 4554">
    <p class='ocr_par' dir='ltr' id='par_1_91' title="bbox 2163 4479 3755 4554">
     <span class='ocr_line' id='line_1_91' title="bbox 2163 4479 3755 4554; baseline 0.001 -19"><span class='ocrx_word' id='word_1_710' title='bbox 2163 4481 2460 4537; x_wconf 83' lang='lat' dir='ltr'><strong>secundum</strong></span> <span class='ocrx_word' id='word_1_711' title='bbox 2502 4480 2644 4552; x_wconf 93' lang='lat' dir='ltr'><strong>quod</strong></span> <span class='ocrx_word' id='word_1_712' title='bbox 2673 4479 2869 4537; x_wconf 89' lang='lat' dir='ltr'><strong>dicitur</strong></span> <span class='ocrx_word' id='word_1_713' title='bbox 2900 4498 2913 4534; x_wconf 89' lang='lat'><strong>:</strong></span> <span class='ocrx_word' id='word_1_714' title='bbox 2957 4479 3121 4553; x_wconf 88' lang='lat' dir='ltr'><strong>Aperi</strong></span> <span class='ocrx_word' id='word_1_715' title='bbox 3152 4496 3214 4536; x_wconf 92' lang='lat' dir='ltr'><strong>os</strong></span> <span class='ocrx_word' id='word_1_716' title='bbox 3244 4490 3416 4548; x_wconf 91' lang='lat' dir='ltr'><strong>tuum,</strong></span> <span class='ocrx_word' id='word_1_717' title='bbox 3449 4490 3505 4537; x_wconf 86' lang='lat' dir='ltr'><strong>et</strong></span> <span class='ocrx_word' id='word_1_718' title='bbox 3532 4482 3755 4554; x_wconf 89' lang='lat' dir='ltr'><strong>implebo</strong></span> 
     </span>
    </p>
   </div>
   <div class='ocr_carea' id='block_1_92' title="bbox 460 4552 3755 4649">
    <p class='ocr_par' dir='ltr' id='par_1_92' title="bbox 460 4552 3755 4649">
     <span class='ocr_line' id='line_1_92' title="bbox 460 4552 3755 4649; baseline 0.002 -25"><span class='ocrx_word' id='word_1_719' title='bbox 460 4579 616 4642; x_wconf 91' lang='lat' dir='ltr'><strong>gunt,</strong></span> <span class='ocrx_word' id='word_1_720' title='bbox 652 4552 723 4625; x_wconf 82' lang='lat' dir='ltr'><strong>ne</strong></span> <span class='ocrx_word' id='word_1_721' title='bbox 761 4572 884 4629; x_wconf 86' lang='lat' dir='ltr'><strong>aliis</strong></span> <span class='ocrx_word' id='word_1_722' title='bbox 910 4573 1291 4645; x_wconf 67' lang='lat' dir='ltr'><strong>praedicantes,</strong></span> <span class='ocrx_word' id='word_1_723' title='bbox 1322 4574 1425 4646; x_wconf 89' lang='lat' dir='ltr'><strong>ipsi</strong></span> <span class='ocrx_word' id='word_1_724' title='bbox 1460 4573 1672 4644; x_wconf 89' lang='lat' dir='ltr'><strong>reprobi</strong></span> <span class='ocrx_word' id='word_1_725' title='bbox 1718 4573 2059 4628; x_wconf 88' lang='lat' dir='ltr'><strong>inveniantur</strong></span> <span class='ocrx_word' id='word_1_726' title='bbox 2086 4552 2138 4614; x_wconf 80' lang='grc' dir='ltr'><strong>Ῑ)</strong></span> <span class='ocrx_word' id='word_1_727' title='bbox 2163 4576 2292 4633; x_wconf 89' lang='lat' dir='ltr'><strong>illud</strong></span> <span class='ocrx_word' id='word_1_728' title='bbox 2323 4574 2504 4649; x_wconf 80' lang='lat' dir='ltr'><strong>(Psal.</strong></span> <span class='ocrx_word' id='word_1_729' title='bbox 2546 4576 2735 4646; x_wconf 77' lang='lat' dir='ltr'><strong>Lxxx).</strong></span> <span class='ocrx_word' id='word_1_730' title='bbox 2780 4574 2867 4645; x_wconf 87' lang='lat' dir='ltr'><strong>Et,</strong></span> <span class='ocrx_word' id='word_1_731' title='bbox 2898 4573 3077 4631; x_wconf 84' lang='lat' dir='ltr'><strong>Nolite</strong></span> <span class='ocrx_word' id='word_1_732' title='bbox 3115 4574 3354 4647; x_wconf 88' lang='lat' dir='ltr'><strong>cogitare</strong></span> <span class='ocrx_word' id='word_1_733' title='bbox 3382 4575 3510 4646; x_wconf 89' lang='lat' dir='ltr'><strong>quid</strong></span> <span class='ocrx_word' id='word_1_734' title='bbox 3540 4552 3755 4647; x_wconf 79' lang='lat' dir='ltr'><strong>respou-</strong></span> 
     </span>
    </p>
   </div>
   <div class='ocr_carea' id='block_1_93' title="bbox 461 4663 2059 4739">
    <p class='ocr_par' dir='ltr' id='par_1_93' title="bbox 461 4663 2059 4739">
     <span class='ocr_line' id='line_1_93' title="bbox 461 4663 2059 4739; baseline 0.005 -24"><span class='ocrx_word' id='word_1_735' title='bbox 461 4664 532 4739; x_wconf 89' lang='grc' dir='ltr'><strong>(ΙΙ</strong></span> <span class='ocrx_word' id='word_1_736' title='bbox 563 4663 685 4720; x_wconf 85' lang='lat' dir='ltr'><strong>Cor.</strong></span> <span class='ocrx_word' id='word_1_737' title='bbox 714 4665 819 4737; x_wconf 81' lang='lat' dir='ltr'><strong>ix).</strong></span> <span class='ocrx_word' id='word_1_738' title='bbox 854 4664 945 4721; x_wconf 86' lang='lat' dir='ltr'><strong>isti</strong></span> <span class='ocrx_word' id='word_1_739' title='bbox 975 4677 1101 4721; x_wconf 90' lang='lat' dir='ltr'><strong>sunt</strong></span> <span class='ocrx_word' id='word_1_740' title='bbox 1127 4682 1283 4738; x_wconf 89' lang='lat' dir='ltr'><strong>reges</strong></span> <span class='ocrx_word' id='word_1_741' title='bbox 1307 4666 1374 4722; x_wconf 90' lang='lat' dir='ltr'><strong>de</strong></span> <span class='ocrx_word' id='word_1_742' title='bbox 1400 4666 1593 4737; x_wconf 86' lang='lat' dir='ltr'><strong>quibus</strong></span> <span class='ocrx_word' id='word_1_743' title='bbox 1622 4666 1754 4723; x_wconf 87' lang='lat' dir='ltr'><strong>dicit</strong></span> <span class='ocrx_word' id='word_1_744' title='bbox 1782 4665 2059 4739; x_wconf 84' lang='lat' dir='ltr'><strong>Sapientia</strong></span> 
     </span>
    </p>
   </div>
   <div class='ocr_carea' id='block_1_94' title="bbox 460 4757 1914 4835">
    <p class='ocr_par' dir='ltr' id='par_1_94' title="bbox 460 4757 1914 4835">
     <span class='ocr_line' id='line_1_94' title="bbox 460 4757 1914 4835; baseline -0.002 -21"><span class='ocrx_word' id='word_1_745' title='bbox 460 4758 514 4814; x_wconf 88' lang='lat' dir='ltr'><strong>in</strong></span> <span class='ocrx_word' id='word_1_746' title='bbox 544 4757 854 4814; x_wconf 86' lang='lat' dir='ltr'><strong>Proverbiis</strong></span> <span class='ocrx_word' id='word_1_747' title='bbox 885 4776 896 4811; x_wconf 92' lang='lat'>:</span> <span class='ocrx_word' id='word_1_748' title='bbox 933 4759 1025 4813; x_wconf 85' lang='lat' dir='ltr'><strong>Dat</strong></span> <span class='ocrx_word' id='word_1_749' title='bbox 1059 4774 1280 4830; x_wconf 85' lang='lat' dir='ltr'><strong>regnum</strong></span> <span class='ocrx_word' id='word_1_750' title='bbox 1312 4759 1534 4831; x_wconf 79' lang='lat' dir='ltr'><strong>regibus</strong></span> <span class='ocrx_word' id='word_1_751' title='bbox 1561 4758 1746 4826; x_wconf 85' lang='lat' dir='ltr'><strong>(Prov.</strong></span> <span class='ocrx_word' id='word_1_752' title='bbox 1774 4757 1914 4835; x_wconf 83' lang='lat' dir='ltr'><strong>vni).</strong></span> 
     </span>
    </p>
   </div>
   <div class='ocr_carea' id='block_1_95' title="bbox 534 4848 2060 4925">
    <p class='ocr_par' dir='ltr' id='par_1_95' title="bbox 534 4848 2060 4925">
     <span class='ocr_line' id='line_1_95' title="bbox 534 4848 2060 4925; baseline -0.001 -19"><span class='ocrx_word' id='word_1_753' title='bbox 534 4851 697 4925; x_wconf 85' lang='lat' dir='ltr'><strong>Eripe</strong></span> <span class='ocrx_word' id='word_1_754' title='bbox 721 4866 823 4918; x_wconf 90' lang='lat' dir='ltr'><strong>me,</strong></span> <span class='ocrx_word' id='word_1_755' title='bbox 851 4862 898 4907; x_wconf 90' lang='lat' dir='ltr'><strong>et</strong></span> <span class='ocrx_word' id='word_1_756' title='bbox 931 4849 1095 4907; x_wconf 85' lang='lat' dir='ltr'><strong>libera</strong></span> <span class='ocrx_word' id='word_1_757' title='bbox 1116 4868 1194 4905; x_wconf 90' lang='lat' dir='ltr'><strong>me</strong></span> <span class='ocrx_word' id='word_1_758' title='bbox 1219 4850 1282 4907; x_wconf 86' lang='lat' dir='ltr'><strong>de</strong></span> <span class='ocrx_word' id='word_1_759' title='bbox 1310 4868 1465 4907; x_wconf 87' lang='lat' dir='ltr'><strong>manu</strong></span> <span class='ocrx_word' id='word_1_760' title='bbox 1491 4852 1719 4921; x_wconf 80' lang='lat' dir='ltr'><strong>ﬁliorum</strong></span> <span class='ocrx_word' id='word_1_761' title='bbox 1747 4848 2060 4905; x_wconf 86' lang='lat' dir='ltr'><strong>alienarum.</strong></span> 
     </span>
    </p>
   </div>
   <div class='ocr_carea' id='block_1_96' title="bbox 465 4941 2060 5015">
    <p class='ocr_par' dir='ltr' id='par_1_96' title="bbox 465 4941 2060 5015">
     <span class='ocr_line' id='line_1_96' title="bbox 465 4941 2060 5015; baseline -0.004 -13"><span class='ocrx_word' id='word_1_762' title='bbox 465 4943 728 5003; x_wconf 86' lang='lat' dir='ltr'><strong>Versiculi</strong></span> <span class='ocrx_word' id='word_1_763' title='bbox 766 4943 855 5015; x_wconf 90' lang='lat' dir='ltr'><strong>qui</strong></span> <span class='ocrx_word' id='word_1_764' title='bbox 899 4959 1063 5015; x_wconf 87' lang='lat' dir='ltr'><strong>supra</strong></span> <span class='ocrx_word' id='word_1_765' title='bbox 1107 4941 1237 4998; x_wconf 87' lang='lat' dir='ltr'><strong>dicti</strong></span> <span class='ocrx_word' id='word_1_766' title='bbox 1286 4952 1430 5008; x_wconf 87' lang='lat' dir='ltr'><strong>sunt,</strong></span> <span class='ocrx_word' id='word_1_767' title='bbox 1476 4943 1670 4998; x_wconf 91' lang='lat' dir='ltr'><strong>iterum</strong></span> <span class='ocrx_word' id='word_1_768' title='bbox 1720 4951 2060 5012; x_wconf 88' lang='lat' dir='ltr'><strong>repetuntur.</strong></span> 
     </span>
    </p>
   </div>
   <div class='ocr_carea' id='block_1_97' title="bbox 466 5037 2053 5106">
    <p class='ocr_par' dir='ltr' id='par_1_97' title="bbox 466 5037 2053 5106">
     <span class='ocr_line' id='line_1_97' title="bbox 466 5037 2053 5106; baseline -0.002 -13"><span class='ocrx_word' id='word_1_769' title='bbox 466 5037 702 5106; x_wconf 85' lang='lat' dir='ltr'><strong>Quorum</strong></span> <span class='ocrx_word' id='word_1_770' title='bbox 744 5055 799 5094; x_wconf 84' lang='lat' dir='ltr'><strong>os</strong></span> <span class='ocrx_word' id='word_1_771' title='bbox 838 5037 1069 5094; x_wconf 84' lang='lat' dir='ltr'><strong>locutum</strong></span> <span class='ocrx_word' id='word_1_772' title='bbox 1103 5046 1176 5093; x_wconf 84' lang='lat' dir='ltr'><strong>est</strong></span> <span class='ocrx_word' id='word_1_773' title='bbox 1198 5038 1497 5104; x_wconf 89' lang='lat' dir='ltr'><strong>vanitatem,</strong></span> <span class='ocrx_word' id='word_1_774' title='bbox 1537 5048 1583 5093; x_wconf 89' lang='lat' dir='ltr'><strong>et</strong></span> <span class='ocrx_word' id='word_1_775' title='bbox 1612 5037 1823 5093; x_wconf 73' lang='lat' dir='ltr'><strong>dextera</strong></span> <span class='ocrx_word' id='word_1_776' title='bbox 1854 5052 2053 5105; x_wconf 87' lang='lat' dir='ltr'><strong>eorum,</strong></span> 
     </span>
    </p>
   </div>
   <div class='ocr_carea' id='block_1_98' title="bbox 463 5131 2060 5207">
    <p class='ocr_par' dir='ltr' id='par_1_98' title="bbox 463 5131 2060 5207">
     <span class='ocr_line' id='line_1_98' title="bbox 463 5131 2060 5207; baseline 0 -19"><span class='ocrx_word' id='word_1_777' title='bbox 463 5134 677 5188; x_wconf 72' lang='lat' dir='ltr'><strong>dextera</strong></span> <span class='ocrx_word' id='word_1_778' title='bbox 712 5134 1012 5205; x_wconf 79' lang='lat' dir='ltr'><strong>iniquitatis.</strong></span> <span class='ocrx_word' id='word_1_779' title='bbox 1037 5132 1265 5202; x_wconf 84' lang='lat' dir='ltr'><strong>Quorum</strong></span> <span class='ocrx_word' id='word_1_780' title='bbox 1292 5131 1415 5204; x_wconf 83' lang='lat' dir='ltr'><strong>ﬁlii,</strong></span> <span class='ocrx_word' id='word_1_781' title='bbox 1442 5133 1573 5188; x_wconf 81' lang='lat' dir='ltr'><strong>sicut</strong></span> <span class='ocrx_word' id='word_1_782' title='bbox 1614 5134 1826 5190; x_wconf 72' lang='lat' dir='ltr'><strong>novella:</strong></span> <span class='ocrx_word' id='word_1_783' title='bbox 1852 5134 2060 5207; x_wconf 89' lang='lat' dir='ltr'><strong>planta-</strong></span> 
     </span>
    </p>
   </div>
   <div class='ocr_carea' id='block_1_99' title="bbox 462 5227 2057 5300">
    <p class='ocr_par' dir='ltr' id='par_1_99' title="bbox 462 5227 2057 5300">
     <span class='ocr_line' id='line_1_99' title="bbox 462 5227 2057 5300; baseline 0.001 -20"><span class='ocrx_word' id='word_1_784' title='bbox 462 5228 626 5283; x_wconf 85' lang='lat' dir='ltr'><strong>tiones</strong></span> <span class='ocrx_word' id='word_1_785' title='bbox 661 5228 713 5282; x_wconf 87' lang='lat' dir='ltr'><strong>in</strong></span> <span class='ocrx_word' id='word_1_786' title='bbox 732 5228 1004 5300; x_wconf 80' lang='lat' dir='ltr'><strong>juventnte</strong></span> <span class='ocrx_word' id='word_1_787' title='bbox 1037 5246 1153 5283; x_wconf 89' lang='lat' dir='ltr'><strong>sua.</strong></span> <span class='ocrx_word' id='word_1_788' title='bbox 1187 5228 1261 5284; x_wconf 89' lang='lat' dir='ltr'><strong>De</strong></span> <span class='ocrx_word' id='word_1_789' title='bbox 1297 5244 1453 5283; x_wconf 86' lang='lat' dir='ltr'><strong>manu</strong></span> <span class='ocrx_word' id='word_1_790' title='bbox 1484 5227 1712 5299; x_wconf 82' lang='lat' dir='ltr'><strong>ﬁliorum</strong></span> <span class='ocrx_word' id='word_1_791' title='bbox 1750 5227 2057 5284; x_wconf 90' lang='lat' dir='ltr'><strong>alienorum.</strong></span> 
     </span>
    </p>
   </div>
   <div class='ocr_carea' id='block_1_100' title="bbox 466 5320 2057 5394">
    <p class='ocr_par' dir='ltr' id='par_1_100' title="bbox 466 5320 2057 5394">
     <span class='ocr_line' id='line_1_100' title="bbox 466 5320 2057 5394; baseline 0 -18"><span class='ocrx_word' id='word_1_792' title='bbox 466 5320 858 5378; x_wconf 68' lang='lat' dir='ltr'><strong>[hereticorum</strong></span> <span class='ocrx_word' id='word_1_793' title='bbox 915 5320 1044 5392; x_wconf 89' lang='lat' dir='ltr'><strong>ﬁlii,</strong></span> <span class='ocrx_word' id='word_1_794' title='bbox 1076 5322 1354 5377; x_wconf 89' lang='lat' dir='ltr'><strong>videamus</strong></span> <span class='ocrx_word' id='word_1_795' title='bbox 1403 5322 1591 5394; x_wconf 84' lang='lat' dir='ltr'><strong>quales</strong></span> <span class='ocrx_word' id='word_1_796' title='bbox 1632 5322 1760 5376; x_wconf 87' lang='lat' dir='ltr'><strong>sint.</strong></span> <span class='ocrx_word' id='word_1_797' title='bbox 1818 5320 2057 5391; x_wconf 87' lang='lat' dir='ltr'><strong>Quorum</strong></span> 
     </span>
    </p>
   </div>
   <div class='ocr_carea' id='block_1_101' title="bbox 466 5413 2061 5488">
    <p class='ocr_par' dir='ltr' id='par_1_101' title="bbox 466 5413 2061 5488">
     <span class='ocr_line' id='line_1_101' title="bbox 466 5413 2061 5488; baseline 0 -18"><span class='ocrx_word' id='word_1_798' title='bbox 466 5414 585 5482; x_wconf 81' lang='lat' dir='ltr'><strong>lilii,</strong></span> <span class='ocrx_word' id='word_1_799' title='bbox 619 5417 759 5471; x_wconf 91' lang='lat' dir='ltr'><strong>sicut</strong></span> <span class='ocrx_word' id='word_1_800' title='bbox 790 5416 1015 5473; x_wconf 72' lang='lat' dir='ltr'><strong>novella:</strong></span> <span class='ocrx_word' id='word_1_801' title='bbox 1048 5417 1408 5488; x_wconf 84' lang='lat' dir='ltr'><strong>plantationes</strong></span> <span class='ocrx_word' id='word_1_802' title='bbox 1437 5416 1490 5472; x_wconf 92' lang='lat' dir='ltr'><strong>in</strong></span> <span class='ocrx_word' id='word_1_803' title='bbox 1511 5417 1794 5487; x_wconf 84' lang='lat' dir='ltr'><strong>juventnte</strong></span> <span class='ocrx_word' id='word_1_804' title='bbox 1822 5431 1936 5471; x_wconf 88' lang='lat' dir='ltr'><strong>sua.</strong></span> <span class='ocrx_word' id='word_1_805' title='bbox 1984 5413 2061 5470; x_wconf 87' lang='lat' dir='ltr'><strong>De</strong></span> 
     </span>
    </p>
   </div>
   <div class='ocr_carea' id='block_1_102' title="bbox 465 5507 2066 5583">
    <p class='ocr_par' dir='ltr' id='par_1_102' title="bbox 465 5507 2066 5583">
     <span class='ocr_line' id='line_1_102' title="bbox 465 5507 2066 5583; baseline 0.001 -20"><span class='ocrx_word' id='word_1_806' title='bbox 465 5525 623 5565; x_wconf 88' lang='lat' dir='ltr'><strong>manu</strong></span> <span class='ocrx_word' id='word_1_807' title='bbox 669 5508 896 5581; x_wconf 76' lang='lat' dir='ltr'><strong>ﬁliorum</strong></span> <span class='ocrx_word' id='word_1_808' title='bbox 940 5511 1251 5566; x_wconf 75' lang='lat' dir='ltr'><strong>alienorum.</strong></span> <span class='ocrx_word' id='word_1_809' title='bbox 1313 5511 1610 5583; x_wconf 81' lang='lat' dir='ltr'><strong>Diligenter</strong></span> <span class='ocrx_word' id='word_1_810' title='bbox 1651 5507 2066 5565; x_wconf 84' lang='lat' dir='ltr'><strong>animadvertite</strong></span> 
     </span>
    </p>
   </div>
   <div class='ocr_carea' id='block_1_103' title="bbox 467 5601 1235 5681">
    <p class='ocr_par' dir='ltr' id='par_1_103' title="bbox 467 5601 1235 5681">
     <span class='ocr_line' id='line_1_103' title="bbox 467 5601 1235 5681; baseline 0.005 -25"><span class='ocrx_word' id='word_1_811' title='bbox 467 5602 594 5681; x_wconf 84' lang='lat' dir='ltr'><strong>quid</strong></span> <span class='ocrx_word' id='word_1_812' title='bbox 624 5601 827 5658; x_wconf 89' lang='lat' dir='ltr'><strong>dicitur</strong></span> <span class='ocrx_word' id='word_1_813' title='bbox 850 5603 919 5660; x_wconf 89' lang='lat' dir='ltr'><strong>de</strong></span> <span class='ocrx_word' id='word_1_814' title='bbox 945 5602 1235 5660; x_wconf 57' lang='lat' dir='ltr'><strong>haereticis.</strong></span> 
     </span>
    </p>
   </div>
   <div class='ocr_carea' id='block_1_104' title="bbox 547 5692 2068 5764">
    <p class='ocr_par' dir='ltr' id='par_1_104' title="bbox 547 5692 2068 5764">
     <span class='ocr_line' id='line_1_104' title="bbox 547 5692 2068 5764; baseline 0.002 -17"><span class='ocrx_word' id='word_1_815' title='bbox 547 5692 703 5751; x_wconf 74' lang='lat' dir='ltr'><strong>Filiw</strong></span> <span class='ocrx_word' id='word_1_816' title='bbox 727 5711 906 5750; x_wconf 85' lang='lat' dir='ltr'><strong>eorum</strong></span> <span class='ocrx_word' id='word_1_817' title='bbox 933 5695 1234 5764; x_wconf 62' lang='lat' dir='ltr'><strong>composita</strong></span> <span class='ocrx_word' id='word_1_818' title='bbox 1255 5712 1272 5750; x_wconf 90' lang='lat'><strong><em>:</em></strong></span> <span class='ocrx_word' id='word_1_819' title='bbox 1294 5695 1686 5753; x_wconf 82' lang='lat' dir='ltr'><strong>circumornatte</strong></span> <span class='ocrx_word' id='word_1_820' title='bbox 1708 5704 1762 5751; x_wconf 87' lang='lat' dir='ltr'><strong>ut</strong></span> <span class='ocrx_word' id='word_1_821' title='bbox 1782 5692 2068 5750; x_wconf 83' lang='lat' dir='ltr'><strong>similitudo</strong></span> 
     </span>
    </p>
   </div>
   <div class='ocr_carea' id='block_1_105' title="bbox 474 5786 2065 5866">
    <p class='ocr_par' dir='ltr' id='par_1_105' title="bbox 474 5786 2065 5866">
     <span class='ocr_line' id='line_1_105' title="bbox 474 5786 2065 5866; baseline 0.003 -23"><span class='ocrx_word' id='word_1_822' title='bbox 474 5787 672 5859; x_wconf 77' lang='lat' dir='ltr'><strong>templi,</strong></span> <span class='ocrx_word' id='word_1_823' title='bbox 719 5796 826 5847; x_wconf 83' lang='lat' dir='ltr'><strong>etc.</strong></span> <span class='ocrx_word' id='word_1_824' title='bbox 869 5786 1091 5845; x_wconf 79' lang='lat' dir='ltr'><strong>Beatum</strong></span> <span class='ocrx_word' id='word_1_825' title='bbox 1132 5790 1374 5846; x_wconf 73' lang='lat' dir='ltr'><strong>dixerunt</strong></span> <span class='ocrx_word' id='word_1_826' title='bbox 1404 5791 1654 5866; x_wconf 83' lang='lat' dir='ltr'><strong>papulum</strong></span> <span class='ocrx_word' id='word_1_827' title='bbox 1684 5791 1768 5847; x_wconf 87' lang='lat' dir='ltr'><strong>cui</strong></span> <span class='ocrx_word' id='word_1_828' title='bbox 1793 5789 1903 5848; x_wconf 74' lang='lat' dir='ltr'><strong>lucc</strong></span> <span class='ocrx_word' id='word_1_829' title='bbox 1927 5798 2065 5848; x_wconf 81' lang='lat' dir='ltr'><strong>sunt.</strong></span> 
     </span>
    </p>
   </div>
   <div class='ocr_carea' id='block_1_106' title="bbox 1706 6048 1735 6073">
    <p class='ocr_par' dir='ltr' id='par_1_106' title="bbox 1706 6048 1735 6073">
     <span class='ocr_line' id='line_1_106' title="bbox 1706 6048 1735 6073; baseline 0 -2"><span class='ocrx_word' id='word_1_830' title='bbox 1706 6048 1735 6073; x_wconf 64' lang='grc' dir='ltr'><em>Ι</em></span> 
     </span>
    </p>
   </div>
   <div class='ocr_carea' id='block_1_107' title="bbox 2163 4665 3755 4726">
    <p class='ocr_par' dir='ltr' id='par_1_107' title="bbox 2163 4665 3755 4726">
     <span class='ocr_line' id='line_1_107' title="bbox 2163 4665 3755 4726; baseline 0.001 -3"><span class='ocrx_word' id='word_1_831' title='bbox 2163 4669 2336 4724; x_wconf 89' lang='lat' dir='ltr'><strong>deatis</strong></span> <span class='ocrx_word' id='word_1_832' title='bbox 2372 4666 2481 4723; x_wconf 90' lang='lat' dir='ltr'><strong>illis</strong></span> <span class='ocrx_word' id='word_1_833' title='bbox 2515 4684 2528 4721; x_wconf 91' lang='lat'><strong>:</strong></span> <span class='ocrx_word' id='word_1_834' title='bbox 2564 4667 2715 4723; x_wconf 88' lang='lat' dir='ltr'><strong>dabit</strong></span> <span class='ocrx_word' id='word_1_835' title='bbox 2748 4665 2893 4723; x_wconf 90' lang='lat' dir='ltr'><strong>enim</strong></span> <span class='ocrx_word' id='word_1_836' title='bbox 2940 4667 3095 4723; x_wconf 90' lang='lat' dir='ltr'><strong>vobis</strong></span> <span class='ocrx_word' id='word_1_837' title='bbox 3142 4667 3302 4723; x_wconf 84' lang='lat' dir='ltr'><strong>Pater</strong></span> <span class='ocrx_word' id='word_1_838' title='bbox 3338 4678 3520 4724; x_wconf 88' lang='lat' dir='ltr'><strong>vester</strong></span> <span class='ocrx_word' id='word_1_839' title='bbox 3572 4670 3624 4723; x_wconf 91' lang='lat' dir='ltr'><strong>in</strong></span> <span class='ocrx_word' id='word_1_840' title='bbox 3671 4667 3755 4726; x_wconf 75' lang='lat' dir='ltr'><strong>illa</strong></span> 
     </span>
    </p>
   </div>
   <div class='ocr_carea' id='block_1_108' title="bbox 2165 4759 3755 4837">
    <p class='ocr_par' dir='ltr' id='par_1_108' title="bbox 2165 4759 3755 4837">
     <span class='ocr_line' id='line_1_108' title="bbox 2165 4759 3755 4837; baseline 0.001 -20"><span class='ocrx_word' id='word_1_841' title='bbox 2165 4761 2297 4817; x_wconf 89' lang='lat' dir='ltr'><strong>hora</strong></span> <span class='ocrx_word' id='word_1_842' title='bbox 2323 4760 2451 4831; x_wconf 89' lang='lat' dir='ltr'><strong>quid</strong></span> <span class='ocrx_word' id='word_1_843' title='bbox 2474 4759 2670 4817; x_wconf 91' lang='lat' dir='ltr'><strong>dicatis</strong></span> <span class='ocrx_word' id='word_1_844' title='bbox 2693 4759 2871 4836; x_wconf 84' lang='lat' dir='ltr'><strong>(Matt.</strong></span> <span class='ocrx_word' id='word_1_845' title='bbox 2908 4759 2988 4835; x_wconf 73' lang='grc' dir='ltr'><strong>ι).</strong></span> <span class='ocrx_word' id='word_1_846' title='bbox 3013 4760 3227 4818; x_wconf 82' lang='lat' dir='ltr'><strong>Videtis</strong></span> <span class='ocrx_word' id='word_1_847' title='bbox 3252 4763 3508 4837; x_wconf 86' lang='lat' dir='ltr'><strong>quoniam</strong></span> <span class='ocrx_word' id='word_1_848' title='bbox 3536 4779 3643 4819; x_wconf 89' lang='lat' dir='ltr'><strong>non</strong></span> <span class='ocrx_word' id='word_1_849' title='bbox 3665 4762 3755 4818; x_wconf 82' lang='lat' dir='ltr'><strong>ha-</strong></span> 
     </span>
    </p>
   </div>
   <div class='ocr_carea' id='block_1_109' title="bbox 2166 4851 3754 4924">
    <p class='ocr_par' dir='ltr' id='par_1_109' title="bbox 2166 4851 3754 4924">
     <span class='ocr_line' id='line_1_109' title="bbox 2166 4851 3754 4924; baseline 0.001 -15"><span class='ocrx_word' id='word_1_850' title='bbox 2166 4854 2357 4909; x_wconf 90' lang='lat' dir='ltr'><strong>bemus</strong></span> <span class='ocrx_word' id='word_1_851' title='bbox 2387 4852 2606 4908; x_wconf 82' lang='lat' dir='ltr'><strong>cellaria</strong></span> <span class='ocrx_word' id='word_1_852' title='bbox 2633 4863 2934 4924; x_wconf 73' lang='lat' dir='ltr'><strong>prteparata</strong></span> <span class='ocrx_word' id='word_1_853' title='bbox 2965 4870 2979 4907; x_wconf 88' lang='lat'><strong>:</strong></span> <span class='ocrx_word' id='word_1_854' title='bbox 3012 4851 3106 4908; x_wconf 90' lang='lat' dir='ltr'><strong>sed</strong></span> <span class='ocrx_word' id='word_1_855' title='bbox 3130 4852 3331 4908; x_wconf 67' lang='lat' dir='ltr'><strong>divitiae</strong></span> <span class='ocrx_word' id='word_1_856' title='bbox 3360 4863 3559 4910; x_wconf 68' lang='lat' dir='ltr'><strong>nostra:</strong></span> <span class='ocrx_word' id='word_1_857' title='bbox 3584 4854 3754 4911; x_wconf 81' lang='lat' dir='ltr'><strong>subdi-</strong></span> 
     </span>
    </p>
   </div>
   <div class='ocr_carea' id='block_1_110' title="bbox 2170 4944 3757 5018">
    <p class='ocr_par' dir='ltr' id='par_1_110' title="bbox 2170 4944 3757 5018">
     <span class='ocr_line' id='line_1_110' title="bbox 2170 4944 3757 5018; baseline 0 -16"><span class='ocrx_word' id='word_1_858' title='bbox 2170 4957 2237 5002; x_wconf 76' lang='lat' dir='ltr'><strong>ta:</strong></span> <span class='ocrx_word' id='word_1_859' title='bbox 2286 4955 2432 5001; x_wconf 89' lang='lat' dir='ltr'><strong>sunt.</strong></span> <span class='ocrx_word' id='word_1_860' title='bbox 2483 4945 2619 5000; x_wconf 87' lang='lat' dir='ltr'><strong>Dicit</strong></span> <span class='ocrx_word' id='word_1_861' title='bbox 2661 4944 2854 5016; x_wconf 87' lang='lat' dir='ltr'><strong>aliquis</strong></span> <span class='ocrx_word' id='word_1_862' title='bbox 2898 4944 3024 5001; x_wconf 88' lang='lat' dir='ltr'><strong>:Da</strong></span> <span class='ocrx_word' id='word_1_863' title='bbox 3075 4944 3441 5003; x_wconf 87' lang='lat' dir='ltr'><strong>testimonium</strong></span> <span class='ocrx_word' id='word_1_864' title='bbox 3496 4944 3757 5018; x_wconf 89' lang='lat' dir='ltr'><strong>quomodo</strong></span> 
     </span>
    </p>
   </div>
   <div class='ocr_carea' id='block_1_111' title="bbox 2162 5037 3760 5113">
    <p class='ocr_par' dir='ltr' id='par_1_111' title="bbox 2162 5037 3760 5113">
     <span class='ocr_line' id='line_1_111' title="bbox 2162 5037 3760 5113; baseline 0.002 -18"><span class='ocrx_word' id='word_1_865' title='bbox 2162 5042 2334 5096; x_wconf 83' lang='lat' dir='ltr'><strong>sancti</strong></span> <span class='ocrx_word' id='word_1_866' title='bbox 2373 5039 2589 5096; x_wconf 64' lang='lat' dir='ltr'><strong>cellaria</strong></span> <span class='ocrx_word' id='word_1_867' title='bbox 2638 5053 2744 5093; x_wconf 92' lang='lat' dir='ltr'><strong>non</strong></span> <span class='ocrx_word' id='word_1_868' title='bbox 2790 5037 3007 5095; x_wconf 88' lang='lat' dir='ltr'><strong>habent.</strong></span> <span class='ocrx_word' id='word_1_869' title='bbox 3056 5037 3354 5110; x_wconf 71' lang='grc' dir='ltr'><strong>Βοεινὶρίιθ,</strong></span> <span class='ocrx_word' id='word_1_870' title='bbox 3394 5042 3589 5113; x_wconf 88' lang='lat' dir='ltr'><strong>inquit,</strong></span> <span class='ocrx_word' id='word_1_871' title='bbox 3638 5056 3760 5098; x_wconf 85' lang='lat' dir='ltr'><strong>aves</strong></span> 
     </span>
    </p>
   </div>
   <div class='ocr_carea' id='block_1_112' title="bbox 2164 5131 3761 5208">
    <p class='ocr_par' dir='ltr' id='par_1_112' title="bbox 2164 5131 3761 5208">
     <span class='ocr_line' id='line_1_112' title="bbox 2164 5131 3761 5208; baseline 0.001 -16"><span class='ocrx_word' id='word_1_872' title='bbox 2164 5135 2308 5203; x_wconf 79' lang='lat' dir='ltr'><strong>eteli,</strong></span> <span class='ocrx_word' id='word_1_873' title='bbox 2333 5133 2588 5208; x_wconf 87' lang='lat' dir='ltr'><strong>quoniam</strong></span> <span class='ocrx_word' id='word_1_874' title='bbox 2618 5147 2722 5187; x_wconf 90' lang='lat' dir='ltr'><strong>non</strong></span> <span class='ocrx_word' id='word_1_875' title='bbox 2759 5131 2963 5189; x_wconf 88' lang='lat' dir='ltr'><strong>habent</strong></span> <span class='ocrx_word' id='word_1_876' title='bbox 2987 5132 3210 5189; x_wconf 87' lang='lat' dir='ltr'><strong>cellaria</strong></span> <span class='ocrx_word' id='word_1_877' title='bbox 3239 5150 3415 5207; x_wconf 88' lang='lat' dir='ltr'><strong>neque</strong></span> <span class='ocrx_word' id='word_1_878' title='bbox 3445 5134 3679 5192; x_wconf 85' lang='lat' dir='ltr'><strong>horrea:</strong></span> <span class='ocrx_word' id='word_1_879' title='bbox 3712 5143 3761 5193; x_wconf 88' lang='lat' dir='ltr'><strong>et</strong></span> 
     </span>
    </p>
   </div>
   <div class='ocr_carea' id='block_1_113' title="bbox 2165 5210 3761 5303">
    <p class='ocr_par' dir='ltr' id='par_1_113' title="bbox 2165 5210 3761 5303">
     <span class='ocr_line' id='line_1_113' title="bbox 2165 5210 3761 5303; baseline 0.001 -19"><span class='ocrx_word' id='word_1_880' title='bbox 2165 5229 2325 5284; x_wconf 80' lang='lat' dir='ltr'><strong>Pater</strong></span> <span class='ocrx_word' id='word_1_881' title='bbox 2367 5210 2544 5284; x_wconf 77' lang='lat' dir='ltr'><strong>vester</strong></span> <span class='ocrx_word' id='word_1_882' title='bbox 2579 5225 2818 5282; x_wconf 57' lang='lat' dir='ltr'><strong>caelestis</strong></span> <span class='ocrx_word' id='word_1_883' title='bbox 2858 5227 3031 5298; x_wconf 89' lang='lat' dir='ltr'><strong>pascit</strong></span> <span class='ocrx_word' id='word_1_884' title='bbox 3069 5227 3190 5282; x_wconf 89' lang='lat' dir='ltr'><strong>illas</strong></span> <span class='ocrx_word' id='word_1_885' title='bbox 3219 5225 3435 5303; x_wconf 77' lang='lat' dir='ltr'><strong>(Matth.</strong></span> <span class='ocrx_word' id='word_1_886' title='bbox 3480 5226 3579 5299; x_wconf 88' lang='lat' dir='ltr'><strong>vt).</strong></span> <span class='ocrx_word' id='word_1_887' title='bbox 3626 5228 3761 5285; x_wconf 82' lang='lat' dir='ltr'><strong>Aves</strong></span> 
     </span>
    </p>
   </div>
   <div class='ocr_carea' id='block_1_114' title="bbox 2163 5320 3756 5395">
    <p class='ocr_par' dir='ltr' id='par_1_114' title="bbox 2163 5320 3756 5395">
     <span class='ocr_line' id='line_1_114' title="bbox 2163 5320 3756 5395; baseline -0.003 -15"><span class='ocrx_word' id='word_1_888' title='bbox 2163 5324 2253 5381; x_wconf 89' lang='lat' dir='ltr'><strong>isti</strong></span> <span class='ocrx_word' id='word_1_889' title='bbox 2293 5322 2603 5395; x_wconf 86' lang='lat' dir='ltr'><strong>specialiter</strong></span> <span class='ocrx_word' id='word_1_890' title='bbox 2644 5321 2895 5376; x_wconf 86' lang='lat' dir='ltr'><strong>monachi</strong></span> <span class='ocrx_word' id='word_1_891' title='bbox 2933 5328 3061 5377; x_wconf 90' lang='lat' dir='ltr'><strong>sunt</strong></span> <span class='ocrx_word' id='word_1_892' title='bbox 3092 5340 3105 5375; x_wconf 87' lang='lat'><strong>:</strong></span> <span class='ocrx_word' id='word_1_893' title='bbox 3147 5337 3252 5376; x_wconf 88' lang='lat' dir='ltr'><strong>non</strong></span> <span class='ocrx_word' id='word_1_894' title='bbox 3284 5320 3488 5381; x_wconf 87' lang='lat' dir='ltr'><strong>habent</strong></span> <span class='ocrx_word' id='word_1_895' title='bbox 3520 5322 3756 5390; x_wconf 79' lang='lat' dir='ltr'><strong>cellaria,</strong></span> 
     </span>
    </p>
   </div>
   <div class='ocr_carea' id='block_1_115' title="bbox 2167 5411 3758 5486">
    <p class='ocr_par' dir='ltr' id='par_1_115' title="bbox 2167 5411 3758 5486">
     <span class='ocr_line' id='line_1_115' title="bbox 2167 5411 3758 5486; baseline -0.003 -13"><span class='ocrx_word' id='word_1_896' title='bbox 2167 5434 2274 5473; x_wconf 87' lang='lat' dir='ltr'><strong>non</strong></span> <span class='ocrx_word' id='word_1_897' title='bbox 2309 5415 2511 5471; x_wconf 74' lang='lat' dir='ltr'><strong>habent</strong></span> <span class='ocrx_word' id='word_1_898' title='bbox 2552 5412 2847 5485; x_wconf 84' lang='lat' dir='ltr'><strong>apothecas</strong></span> <span class='ocrx_word' id='word_1_899' title='bbox 2880 5433 2890 5465; x_wconf 96' lang='lat'>:</span> <span class='ocrx_word' id='word_1_900' title='bbox 2925 5411 3019 5468; x_wconf 88' lang='lat' dir='ltr'><strong>sed</strong></span> <span class='ocrx_word' id='word_1_901' title='bbox 3060 5411 3263 5469; x_wconf 90' lang='lat' dir='ltr'><strong>habent</strong></span> <span class='ocrx_word' id='word_1_902' title='bbox 3294 5415 3682 5486; x_wconf 86' lang='lat' dir='ltr'><strong>apothecarum</strong></span> <span class='ocrx_word' id='word_1_903' title='bbox 3709 5420 3758 5469; x_wconf 84' lang='lat' dir='ltr'><strong>et</strong></span> 
     </span>
    </p>
   </div>
   <div class='ocr_carea' id='block_1_116' title="bbox 2167 5502 3760 5577">
    <p class='ocr_par' dir='ltr' id='par_1_116' title="bbox 2167 5502 3760 5577">
     <span class='ocr_line' id='line_1_116' title="bbox 2167 5502 3760 5577; baseline 0.001 -11"><span class='ocrx_word' id='word_1_904' title='bbox 2167 5502 2514 5567; x_wconf 84' lang='lat' dir='ltr'><strong>cellariorum</strong></span> <span class='ocrx_word' id='word_1_905' title='bbox 2545 5507 2861 5575; x_wconf 88' lang='lat' dir='ltr'><strong>Dominum,</strong></span> <span class='ocrx_word' id='word_1_906' title='bbox 2887 5506 3062 5577; x_wconf 86' lang='lat' dir='ltr'><strong>ipsum</strong></span> <span class='ocrx_word' id='word_1_907' title='bbox 3090 5503 3394 5565; x_wconf 88' lang='lat' dir='ltr'><strong>Christum.</strong></span> <span class='ocrx_word' id='word_1_908' title='bbox 3416 5506 3537 5563; x_wconf 88' lang='lat' dir='ltr'><strong>Non</strong></span> <span class='ocrx_word' id='word_1_909' title='bbox 3568 5508 3760 5567; x_wconf 81' lang='lat' dir='ltr'><strong>habent</strong></span> 
     </span>
    </p>
   </div>
   <div class='ocr_carea' id='block_1_117' title="bbox 2168 5598 3755 5669">
    <p class='ocr_par' dir='ltr' id='par_1_117' title="bbox 2168 5598 3755 5669">
     <span class='ocr_line' id='line_1_117' title="bbox 2168 5598 3755 5669; baseline -0.003 -10"><span class='ocrx_word' id='word_1_910' title='bbox 2168 5602 2388 5669; x_wconf 89' lang='lat' dir='ltr'><strong>horrea,</strong></span> <span class='ocrx_word' id='word_1_911' title='bbox 2420 5600 2515 5657; x_wconf 90' lang='lat' dir='ltr'><strong>sed</strong></span> <span class='ocrx_word' id='word_1_912' title='bbox 2546 5600 2871 5661; x_wconf 86' lang='lat' dir='ltr'><strong>horreorum</strong></span> <span class='ocrx_word' id='word_1_913' title='bbox 2905 5599 3212 5659; x_wconf 89' lang='lat' dir='ltr'><strong>Dominum.</strong></span> <span class='ocrx_word' id='word_1_914' title='bbox 3245 5598 3363 5658; x_wconf 89' lang='lat' dir='ltr'><strong>Non</strong></span> <span class='ocrx_word' id='word_1_915' title='bbox 3395 5599 3597 5658; x_wconf 87' lang='lat' dir='ltr'><strong>habent</strong></span> <span class='ocrx_word' id='word_1_916' title='bbox 3626 5598 3755 5656; x_wconf 88' lang='lat' dir='ltr'><strong>divi-</strong></span> 
     </span>
    </p>
   </div>
   <div class='ocr_carea' id='block_1_118' title="bbox 2167 5690 3758 5764">
    <p class='ocr_par' dir='ltr' id='par_1_118' title="bbox 2167 5690 3758 5764">
     <span class='ocr_line' id='line_1_118' title="bbox 2167 5690 3758 5764; baseline -0.003 -12"><span class='ocrx_word' id='word_1_917' title='bbox 2167 5696 2272 5752; x_wconf 90' lang='lat' dir='ltr'><strong>tias</strong></span> <span class='ocrx_word' id='word_1_918' title='bbox 2298 5693 2522 5761; x_wconf 87' lang='lat' dir='ltr'><strong>diaboli,</strong></span> <span class='ocrx_word' id='word_1_919' title='bbox 2554 5692 2649 5748; x_wconf 91' lang='lat' dir='ltr'><strong>sed</strong></span> <span class='ocrx_word' id='word_1_920' title='bbox 2682 5691 2881 5749; x_wconf 88' lang='lat' dir='ltr'><strong>habent</strong></span> <span class='ocrx_word' id='word_1_921' title='bbox 2926 5701 3299 5764; x_wconf 86' lang='lat' dir='ltr'><strong>paupertatem</strong></span> <span class='ocrx_word' id='word_1_922' title='bbox 3324 5690 3547 5750; x_wconf 87' lang='lat' dir='ltr'><strong>Christi.</strong></span> <span class='ocrx_word' id='word_1_923' title='bbox 3579 5691 3758 5748; x_wconf 79' lang='lat' dir='ltr'><strong>Diabo-</strong></span> 
     </span>
    </p>
   </div>
   <div class='ocr_carea' id='block_1_119' title="bbox 2172 5785 3761 5868">
    <p class='ocr_par' dir='ltr' id='par_1_119' title="bbox 2172 5785 3761 5868">
     <span class='ocr_line' id='line_1_119' title="bbox 2172 5785 3761 5868; baseline -0.004 -21"><span class='ocrx_word' id='word_1_924' title='bbox 2172 5792 2259 5850; x_wconf 87' lang='lat' dir='ltr'><strong>lus</strong></span> <span class='ocrx_word' id='word_1_925' title='bbox 2288 5788 2414 5863; x_wconf 84' lang='lat' dir='ltr'><strong>quid</strong></span> <span class='ocrx_word' id='word_1_926' title='bbox 2446 5786 2616 5847; x_wconf 67' lang='lat' dir='ltr'><strong>dicit?</strong></span> <span class='ocrx_word' id='word_1_927' title='bbox 2655 5785 2782 5849; x_wconf 59' lang='lat' dir='ltr'><strong>llaec</strong></span> <span class='ocrx_word' id='word_1_928' title='bbox 2811 5785 2988 5844; x_wconf 89' lang='lat' dir='ltr'><strong>omnia</strong></span> <span class='ocrx_word' id='word_1_929' title='bbox 3031 5800 3152 5845; x_wconf 85' lang='lat' dir='ltr'><strong>mea</strong></span> <span class='ocrx_word' id='word_1_930' title='bbox 3190 5794 3353 5843; x_wconf 90' lang='lat' dir='ltr'><strong>sunt:</strong></span> <span class='ocrx_word' id='word_1_931' title='bbox 3395 5786 3443 5847; x_wconf 91' lang='lat' dir='ltr'><strong>si</strong></span> <span class='ocrx_word' id='word_1_932' title='bbox 3481 5785 3761 5868; x_wconf 68' lang='lat' dir='ltr'><strong>procidant</strong></span> 
     </span>
    </p>
   </div>
  </div>
