4008 6336
211 332 348 393 ηδε

1110 309 1543 373 B'lEVIARIUM
1580 307 1646 365 IN
1687 300 2022 369 Ρδιιικος.
2061 295 2306 355 PSALM.
2349 288 2577 349 CXLIV.

3360 267 3509 328 4246

205 446 522 509 adoraveris
566 457 676 510 me,
720 437 863 497 dabo
903 435 997 492 tibi
1039 448 1102 489 ea
1136 428 1356 507 (Matth.
1401 424 1509 497 ιιι).
1552 421 1800 481 Christus
1829 418 1876 481 Α
1904 413 1971 470 ad
2004 427 2086 481 se,
2109 418 2166 467 ει
2185 406 2313 466 dicit
2343 424 2355 461 :
2385 405 2483 476 Qui
2515 401 2650 470 silit,
2674 398 2853 455 veniat
2877 403 2935 501 et
2960 393 3106 510 bibat
3137 388 3357 510 (laena.
3386 383 3512 491 vn).

207 543 337 617 quid
365 541 499 599 dicit
537 536 605 595 ad
648 535 815 593 suos?
844 530 948 602 Qui
987 542 1095 587 non
1141 521 1449 583 vendiderit
1486 518 1666 574 omnia
1705 528 1801 573 sua

207 652 327 710 quae
377 632 565 697 habet,
606 639 659 687 et
686 624 900 684 dederit
931 619 1277 710 pauperibus,
1318 630 1427 673 non
1467 618 1644 684 potest
1681 622 1803 665 esse

207 704 361 786 meus
388 722 688 795 discipulus
717 717 931 794 (Matth.
960 730 1056 770 xm
1075 754 1090 779 ,
1116 720 1165 767 et
1195 709 1325 763 Luc.
1366 707 1486 776 xu).
1517 704 1614 760 Ille
1637 715 1803 773 regna

205 831 262 883 et
285 819 504 879 divitias
524 793 813 888 pollicetur
837 816 897 866 ut
914 806 1156 871 occidat;
1184 802 1274 859 hic
1295 805 1662 873 paupertatem
1688 793 1805 864 pol-

207 915 403 975 licetur
421 920 482 969 ut
501 909 691 969 salvet.
716 904 857 964 Nihil
878 901 1085 975 grande
1104 900 1348 963 facimus,
1363 894 1408 950 si
1428 902 1610 948 nostra
1639 888 1807 946 relin-

206 1021 457 1083 quamus.
481 1001 728 1059 Christus
754 998 967 1053 Patrem
990 991 1230 1063 reliquit,
1260 997 1316 1045 et
1350 1001 1514 1058 regna
1539 982 1802 1040 caelorum

206 1073 431 1175 propter
452 1112 571 1159 nos.
601 1094 771 1155 Nemo
796 1098 947 1160 putet
966 1102 1054 1146 me
1077 1085 1455 1156 blasphemare
1481 1097 1494 1133 :
1517 1077 1643 1149 quia
1668 1073 1802 1142 dixi,

204 1171 425 1251 Patrem
458 1189 698 1262 reliquit.
741 1182 1049 1244 Secundum
1080 1176 1540 1249 dispensationem
1580 1171 1803 1239 loquor,

202 1287 505 1348 secundum
547 1280 695 1355 quod
736 1279 1009 1336 mittitur:
1039 1270 1340 1331 secundum
1376 1264 1516 1338 quod
1564 1262 1805 1355 dicitur:

204 1381 371 1441 Pater
397 1379 487 1450 qui
653 1372 823 1440 misit,
852 1368 1027 1438 major
1066 1380 1155 1422 me
1180 1373 1262 1421 est
1293 1359 1474 1435 (Joan.
1508 1373 1563 1423 ι,
1593 1363 1641 1410 ει
1668 1349 1803 1425 xlv).

202 1474 351 1531 Deus
396 1446 506 1528 non
545 1469 778 1526 mittitur
811 1482 825 1519 :
857 1464 1000 1519 Deus
1045 1476 1153 1517 non
1195 1454 1481 1526 subjicitur
1510 1446 1758 1505 servituti
1789 1462 1803 1503 :

199 1568 301 1627 sed
328 1562 667 1638 dispensatio
699 1558 948 1617 mittitur.
981 1555 1039 1613 Si
1073 1555 1214 1610 Deus
1238 1550 1437 1620 ubique
1466 1555 1571 1638 est,
1599 1552 1655 1601 et
1691 1556 1809 1597 om-

199 1663 294 1719 nia
322 1660 377 1721 in
410 1633 524 1714 Deo
548 1665 677 1713 sunt
709 1670 722 1708 :
752 1646 1024 1724 quomodo
1050 1645 1193 1702 Deus
1220 1641 1286 1698 ad
1315 1636 1519 1710 aliquid
1551 1633 1805 1705 mittitur,

198 1770 329 1812 cum
354 1752 501 1808 Deus
518 1752 592 1808 sit
611 1744 831 1810 omnia?
853 1741 1103 1801 Christus
1120 1738 1285 1811 igitur
1306 1750 1401 1805 pro
1425 1729 1581 1789 nobis
1603 1740 1808 1799 pauper

201 1847 382 1905 factus
422 1852 508 1902 est
546 1841 617 1918 (11
649 1840 770 1897 Cor.
797 1838 942 1906 vut).
973 1834 1088 1891 liae
1120 1838 1291 1888 totum
1324 1840 1490 1899 quare
1531 1834 1749 1911 uisimus

199 1942 341 2013 Quia
370 1953 517 1997 nunc
560 1937 758 1995 lectum
802 1940 922 1991 est:
953 1928 1179 1986 Cellaria
1216 1940 1392 1982 eorum
1432 1919 1587 1994 plena
1616 1932 1636 1972 :
1666 1929 1814 1969 eruo-

200 2005 375 2091 tisntia
408 2047 474 2089 es
512 2028 610 2087 hoc
643 2029 697 2085 in
724 2024 881 2105 illud.
918 2019 1155 2079 Pulchre
1183 2016 1320 2073 dixit
1346 2056 1361 2083 ,
1392 2009 1678 2069 eructantia
1702 2022 1719 2061 :
1743 2005 1811 2064 de

198 2125 495 2183 saturitate
532 2119 726 2180 nimia.
763 2118 848 2176 illi
875 2120 1125 2175 eructant
1163 2111 1231 2167 de
1274 2107 1581 2169 saturitate,
1609 2108 1665 2159 et
1687 2113 1813 2172 per-

200 2229 341 2281 euut
369 2235 384 2273 :
410 2231 515 2275 nos
540 2214 611 2273 de
631 2211 861 2287 jejunio,
896 2220 952 2267 ut
976 2208 1272 2264 salvemnr.

280 2311 415 2369 Oves
452 2284 639 2364 eorum
679 2284 877 2379 fetoste.
919 2300 1116 2359 Multos
1156 2295 1358 2353 habent
1404 2291 1564 2346 ﬁlios.
1614 2284 1813 2343 Multus

200 2404 352 2461 enim
384 2416 643 2461 numerus
684 2398 1067 2455 haereticorum
1101 2400 1208 2449 est.
1240 2388 1371 2444 Oves
1410 2400 1585 2442 eorum
1613 2382 1809 2454 fetostz.

202 2495 366 2557 Unde
395 2494 596 2555 dicitur
628 2500 684 2553 et
710 2491 766 2547 in
797 2490 938 2548 Osee
965 2486 1232 2559 prepheta
1262 2501 1276 2539 :
1312 2479 1534 2536 Domine
1558 2519 1575 2545 ,
1605 2475 1671 2532 da
1704 2473 1815 2535 illis

204 2588 370 2665 (Osee
392 2584 495 2661 sx).
521 2583 661 2657 Quid
683 2583 842 2643 dabis
877 2579 1025 2639 illis?
1052 2578 1274 2635 Vulvam
1300 2573 1621 2631 sterilem~et
1643 2568 1810 2629 ubera

201 2683 441 2741 arentia.
471 2681 587 2738 Hoc
611 2680 678 2739 de
697 2678 897 2749 quibus
921 2675 1119 2733 dicitur
1136 2672 1160 2727 ‘t
1180 2672 1259 2729 De
1287 2668 1668 2726 haereticorum
1699 2679 1811 2723 ma-

203 2778 399 2853 gistris
423 2793 438 2832 :
463 2776 553 2850 qui
582 2774 685 2831 sibi
714 2775 765 2830 in
791 2786 1018 2828 numero
1039 2767 1432 2840 discipulorum
1456 2761 1809 2835 applaudunt.

206 2874 344 2932 Oves
376 2887 553 2929 eorum
582 2869 764 2941 [δεθείη
789 2865 1109 2923 abundantes
1134 2863 1187 2918 in
1218 2859 1504 2935 egressibus
1531 2857 1659 2913 suis.
1691 2854 1811 2911 Non

199 2969 349 3026 dixit
373 2969 427 3022 in
454 2963 790 3038 ingressibus
819 2960 955 3027 suis,
986 2958 1080 3016 sed
1105 2960 1161 3014 in
1182 2954 1489 3030 egressibus.
1515 2952 1634 3009 Non
1665 2951 1810 3011 cuiut

200 3058 590 3131 ingrediuntur
610 3058 662 3113 in
689 3054 1014 3120 Ecclesiam,
1040 3051 1136 3109 sed
1159 3051 1515 3122 egrediuntur
1534 3047 1601 3102 de
1626 3045 1813 3101 Eccle-

199 3157 310 3224 sia,
354 3154 408 3212 id
439 3162 543 3217 εει.
584 3168 652 3209 ex
683 3151 842 3207 nobis
872 3147 1119 3206 exierunt
1148 3192 1162 3218 ,
1204 3145 1297 3201 sed
1339 3160 1447 3200 non
1490 3142 1706 3198 fuerunt
1744 3155 1809 3195 cx

200 3248 388 3306 nobis.
420 3246 475 3304 Si
499 3246 645 3302 enim
677 3243 908 3301 fuissent
939 3258 1004 3299 ex
1036 3239 1189 3297 nobis
1209 3284 1223 3308 ,
1265 3236 1596 3295 mansissent
1622 3233 1806 3303 utique

201 3339 517 3397 nobiscum.
572 3336 905 3391 Abundantes
948 3334 1004 3387 in
1050 3329 1339 3404 egressibus
1376 3328 1507 3382 suis.
1556 3323 1809 3393 Quotidie

198 3431 566 3505 egrediuntur
606 3429 672 3484 de
710 3425 954 3485 Esclesia
997 3441 1013 3485 ξ
1057 3422 1377 3479 abundantes
1420 3421 1471 3474 in
1520 3415 1810 3490 egressibus

199 3526 338 3582 suis.
392 3524 468 3581 De
496 3520 742 3578 Ecclesia
785 3518 910 3587 quid
957 3516 1193 3573 dicitur?
1234 3512 1426 3571 Omnis
1467 3508 1637 3582 gloria
1689 3509 1810 3581 ejus

201 3617 340 3672 ηιιευ
364 3614 507 3685 regis
532 3613 602 3667 ab
632 3612 779 3667 intus
810 3607 986 3681 (Psal.
1015 3604 1183 3679 xuv).
1212 3604 1375 3660 Boves
1405 3619 1583 3658 eorum
1622 3601 1807 3656 crassi.

200 3709 359 3767 Vidit
388 3720 439 3763 et
467 3706 681 3764 Pharao
708 3704 760 3760 in
789 3703 999 3759 somnia
1031 3702 1198 3756 boves
1221 3711 1438 3753 crassos
1466 3694 1621 3767 (Gen.
1653 3701 1807 3761 xu):

199 3799 493 3860 Israelitici
527 3797 706 3871 populi
740 3805 934 3853 tenues
964 3800 1112 3861 sunt,
1152 3789 1391 3863 Egyptii
1423 3785 1615 3843 crassi.
1644 3784 1808 3839 Vide-

202 3895 277 3950 tis
305 3893 454 3949 enim
484 3890 778 3960 magistros
814 3886 1192 3942 barreticorum
1224 3881 1357 3938 nihil
1395 3877 1543 3935 aliud
1590 3879 1767 3934 facere
1790 3916 1808 3945 ,

199 3985 316 4044 nisi
357 3982 580 4043 studere
607 3981 833 4039 divitiis.
884 3977 1097 4035 Divitiis
1135 3975 1374 4035 student.
1412 3981 1468 4029 et
1518 3984 1810 4042 pauperem

200 4081 493 4140 Christum
535 4084 910 4134 contenmunt.
949 4072 1111 4127 Boves
1149 4087 1322 4126 eorum
1350 4067 1535 4124 crassi.
1583 4064 1813 4121 Pulchre

200 4176 368 4240 dicit,
395 4171 541 4228 boves
559 4170 723 4229 crassi
749 4185 769 4224 :
790 4181 1020 4241 quorum
1043 4165 1188 4225 Deus
1209 4170 1397 4219 venter
1426 4170 1533 4228 est,
1560 4171 1612 4215 et
1637 4155 1810 4229 gloria

200 4270 264 4328 in
298 4265 835 4337 confusioneeorum
868 4260 1094 4336 (Philip.
1128 4259 1235 4328 ιιι).

284 4358 413 4416 Non
458 4367 533 4414 est
580 4356 735 4412 ruina
776 4353 1047 4420 maceria,
1088 4366 1251 4424 neque
1300 4347 1567 4407 transitus.
1623 4342 1813 4399 Nonne

200 4454 428 4512 videtur
457 4449 611 4513 vobis
652 4448 942 4507 obscurum
973 4459 1094 4500 esse
1119 4441 1262 4515 quod
1302 4440 1501 4498 dicitur
1529 4456 1543 4492 :
1584 4436 1707 4497 Non
1737 4443 1814 4493 est

200 4550 366 4605 ruina
388 4545 651 4612 maceriae,
674 4557 835 4613 neque
860 4539 1129 4603 transitus,
1157 4550 1320 4611 neque
1340 4534 1535 4591 clamor
1555 4532 1608 4587 in
1631 4530 1813 4604 plateis

202 4637 432 4698 eorum?
452 4635 683 4693 Difﬁcile
705 4601 994 4691 haereticos
1017 4601 1262 4686 invenies
1285 4626 1587 4698 imperitos.
1612 4601 1816 4679 Omnes
1841 4603 1895 4671 ι)
1922 4604 1977 4660 in
1996 4604 2184 4698 iacum
2227 4601 2351 4669 Ῐυιῖ,

199 4734 360 4791 enim
392 4729 633 4802 magistri
666 4723 923 4787 inStructi
950 4731 1077 4780 sunt
1116 4723 1343 4779 scientia
1373 4716 1643 4774 saeculari.
1687 4712 1814 4773 Non

199 4838 285 4887 est
310 4826 466 4885 ruina
490 4822 748 4889 ttmceritz,
771 4835 938 4893 neque
965 4816 1234 4875 transitus.
1265 4813 1325 4871 Si
1355 4811 1574 4885 quando
1603 4816 1731 4865 sunt
1762 4807 1813 4873 in

199 4915 694 4990 diaputationibus,
728 4911 949 4988 quando
979 4919 1162 4967 tecum
1206 4908 1476 4979 coeperint
1510 4904 1812 4975 disputare,

201 5016 296 5075 sic
325 5013 488 5069 verba
525 5025 716 5069 eorum
762 5009 945 5067 brevia
986 5014 1114 5064 sunt
1152 5023 1165 5061 :
1206 5006 1285 5061 sic
1321 5001 1517 5061 artiﬁci
1563 5014 1820 5062 sermone

200 5107 496 5174 conclusa,
528 5116 586 5162 ut
623 5103 854 5162 evadere
885 5100 1013 5165 inde
1038 5098 1264 5159 difﬁcile
1301 5097 1394 5154 sit.
1420 5097 1554 5153 Cum
1587 5096 1730 5150 enim
1763 5101 1817 5153 te

198 5199 505 5273 ligaverint
530 5196 865 5271 syllogismis
895 5193 1031 5269 suis,
1066 5199 1122 5251 et
1149 5200 1201 5248 te
1232 5190 1546 5257 clauserint,
1576 5198 1632 5245 ,ει
1656 5186 1811 5258 quasi

202 5292 510 5354 maceriem
551 5290 928 5369 syllogismum
972 5287 1066 5345 tibi
1113 5285 1391 5349 texuerint
1419 5292 1475 5343 et
1511 5281 1815 5345 adilicaveu

204 5390 353 5458 rint,
379 5401 488 5443 non
518 5392 676 5459 potes
702 5391 1027 5441 convertere
1061 5399 1074 5437 :
1106 5395 1213 5437 non
1242 5386 1399 5459 potes
1427 5374 1663 5437 transire
1693 5393 1705 5429 :
1738 5383 1819 5435 te.

202 5482 370 5542 neris
411 5479 673 5543 inclusus.
717 5476 840 5533 Non
873 5486 948 5535 est
985 5475 1137 5535 ruina
1163 5470 1423 5535 maceries,
1453 5484 1612 5541 neque
1642 5477 1817 5523 trans-

199 5581 342 5634 itus.
365 5573 611 5646 Cumque
640 5571 715 5627 ibi
753 5579 806 5627 te
832 5569 1109 5629 tenuerint
1130 5564 1285 5640 quasi
1319 5561 1555 5636 quodam
1582 5574 1716 5634 gyro
1738 5559 1820 5615 in-

201 5668 431 5729 clusum
463 5686 475 5727 :
505 5673 636 5727 tunc
668 5678 775 5721 non
805 5662 914 5723 eris
936 5661 994 5717 in
1021 5669 1244 5733 angusta
1279 5658 1386 5723 via,
1417 5669 1540 5729 quae
1565 5652 1719 5709 ducit
1749 5651 1817 5717 ad

199 5761 384 5823 vitam
420 5778 432 5815 :
459 5758 553 5816 sed
580 5758 787 5825 inlata,
814 5769 935 5828 qua:
964 5752 1110 5817 ducit
1136 5750 1202 5811 ad
1233 5760 1459 5807 mortem
1489 5744 1669 5815 (Matt.
1692 5744 1814 5820 vn).

205 5855 410 5927 Neque
434 5852 631 5909 clamor
656 5851 708 5908 in
737 5846 925 5923 plateis
954 5861 1168 5903 eorum:
1194 5844 1413 5901 Clamor
1440 5841 1567 5905 Jesu
1594 5846 1816 5905 revocat

1907 477 2125 563 Clamor
2149 503 2274 560 Jesu
2305 500 2360 556 in
2390 499 2474 553 via
2500 505 2729 567 angusta
2753 499 2839 549 est
2868 508 2881 545 :
2907 488 2960 545 in
2988 486 3187 560 plateis
3214 477 3508 540 heretico-

1905 614 2026 657 rum
2060 613 2169 654 non
2203 603 2310 652 est.

1977 694 2197 750 Beatum
2225 691 2465 748 dixerunt
2491 683 2743 759 populum
2777 682 2862 739 cui
2899 678 3010 735 hwc
3036 684 3179 733 sunt.
3221 670 3370 731 Multi
3415 682 3515 727 ne-

1905 788 2167 852 scientes,
2197 786 2385 847 beatos
2415 780 2551 837 tales
2583 784 2794 848 putant.
2816 774 3088 831 Caeterum
3114 767 3274 825 nobis
3302 761 3516 835 simpli-

1905 880 2042 937 citas
2071 851 2380 935 Cbristiana
2413 882 2495 928 est
2524 887 2537 925 :
2580 869 2833 924 nolumus
2874 863 3238 933 eloquentiam
3271 851 3516 913 Platoni-

1906 987 2027 1030 cam
2073 990 2085 1026 :
2129 970 2224 1028 sed
2254 968 2507 1024 volumus
2536 961 2940 1032 simplicitatem
2981 954 3355 1028 apostolicam.
3396 948 3517 1003 Pis-

1906 1075 2061 1122 cator
2092 1064 2193 1121 iste
2227 1070 2341 1119 rete
2373 1070 2538 1128 tenet,
2575 1057 2782 1112 lutosus
2811 1052 2978 1109 habet
3009 1048 3198 1120 pedes,
3225 1054 3283 1102 et
3319 1055 3514 1101 manus

1907 1174 1976 1214 ex
1999 1171 2166 1229 opere
2192 1154 2422 1213 callosas
2451 1151 2632 1207 habet.
2664 1147 2852 1204 Beatus
2874 1142 3097 1219 populus
3121 1140 3275 1214 cujus
3304 1145 3375 1193 est
3403 1133 3517 1191 Deo

1909 1252 2080 1307 minus
2104 1247 2242 1307 Deus
2264 1251 2395 1323 ejus.
2418 1246 2619 1303 Beatus
2644 1252 2728 1300 est
2749 1240 3006 1315 populus,
3030 1236 3119 1307 qui
3144 1250 3244 1307 pro
3260 1231 3517 1293 omnibus

1909 1343 2112 1400 divitiis
2140 1341 2415 1398 Christum
2459 1340 2645 1394 habet.
2674 1337 2751 1393 Illi
2784 1334 2986 1390 habent
3016 1331 3159 1401 ﬁlios
3188 1338 3240 1385 el
3274 1326 3434 1390 ﬁlias,
3460 1329 3519 1381 et

1908 1436 2150 1503 cellaria,
2191 1444 2247 1490 et
2294 1448 2422 1489 oves
2464 1432 2687 1495 fetosas,
2731 1429 2898 1485 boves
2935 1437 3172 1491 crassos,
3219 1427 3276 1476 et
3315 1415 3516 1474 nitidos

1909 1539 2069 1604 atque
2099 1528 2387 1584 formesos.
2417 1524 2682 1580 Caeterum
2713 1536 2810 1575 uos
2835 1533 2940 1572 non
2972 1514 3233 1570 habemus
3263 1508 3511 1566 multitu-

1910 1598 2091 1679 dinem
2134 1640 2146 1676 :
2181 1618 2275 1675 sed
2308 1617 2510 1673 scimus
2536 1613 2667 1669 illud
2696 1612 2896 1668 dictum
2930 1611 2981 1663 in
3011 1602 3347 1676 Evangelio:
3382 1598 3515 1661 Ubi—

1911 1730 2141 1788 cumque
2187 1712 2386 1771 fuerint
2417 1709 2524 1765 duo
2566 1714 2659 1764 aut
2699 1716 2808 1763 tres
2835 1699 3150 1774 congregati
3185 1699 3240 1754 in
3290 1693 3511 1755 nomine

1120 1788 1490 1899 tritum'quare
1531 1788 1809 1877 uisimus?
1840 1824 1888 1885 Β
1915 1827 2058 1878 meo,
2099 1811 2169 1866 ibi
2204 1808 2257 1865 in
2288 1807 2467 1863 medio
2498 1819 2687 1860 eorum
2723 1816 2842 1859 sum
2874 1796 3091 1873 (Matth.
3134 1792 3309 1864 svnt).
3340 1789 3420 1846 Ne
3448 1788 3517 1845 tiu-

1915 1916 2087 1968 meas,
2126 1915 2261 1972 grex
2289 1897 2542 1971 parvule;
2579 1894 2703 1965 quia
2745 1888 3073 1963 complacuit
3118 1887 3227 1941 Deo
3265 1882 3515 1943 habitare

1915 1997 1966 2051 in
1994 2005 2063 2050 te.
2095 1993 2171 2049 Ne
2203 1994 2386 2047 dicant
2418 1989 2669 2046 monachi
2698 2005 2710 2039 :
2742 1984 2889 2042 Ecce
2920 1992 3083 2039 tantae
3115 1975 3514 2044 multitudines,

1912 2089 2165 2146 civitates
2196 2088 2368 2159 plente
2392 2092 2540 2150 sunt,
2571 2080 2752 2138 omnis
2782 2079 2962 2144 orbis;
2997 2089 3155 2131 nemo
3182 2085 3316 2143 ergo
3341 2069 3519 2125 salva-

1914 2192 2021 2252 tur,
2045 2182 2147 2238 nisi
2178 2182 2266 2254 qui
2300 2180 2353 2235 in
2382 2174 2727 2234 monasteriis
2754 2171 2875 2229 est?
2907 2170 3045 2226 Ecce
3068 2176 3234 2223 tantae
3260 2161 3509 2219 multitu.

1911 2272 2066 2328 dines
2097 2289 2111 2327 :
2163 2284 2261 2327 nos
2300 2284 2432 2342 ergo
2474 2268 2573 2324 soli
2606 2261 2923 2321 salvamur?
2953 2258 3183 2331 Quando
3221 2270 3354 2326 ergo
3398 2253 3516 2317 hare

1912 2366 2261 2440 cogitaveris,
2293 2363 2415 2421 audi
2443 2380 2456 2418 :
2484 2361 2563 2419 Ne
2595 2361 2806 2421 timeas.
2835 2371 2966 2428 grex
3011 2352 3231 2427 parvule
3261 2367 3275 2407 :
3309 2350 3513 2409 dictum

1912 2468 1995 2513 est
2023 2457 2078 2513 in
2105 2455 2429 2527 Evangelia,
2462 2452 2604 2525 quod
2636 2466 2739 2506 una
2771 2449 2947 2504 anima
2983 2444 3224 2503 solvatur
3257 2460 3267 2494 :
3302 2452 3359 2499 ut
3404 2439 3515 2497 duo

1915 2551 2079 2606 millia
2105 2565 2395 2622 porcormn
2428 2554 2651 2619 pereant
2674 2542 2870 2616 (Marc.
2907 2539 2981 2613 v).
3012 2538 3124 2594 lloc
3148 2545 3317 2591 totum
3344 2546 3516 2606 quare

1912 2645 2070 2702 dico?
2117 2642 2382 2712 Quoniam
2432 2638 2726 2715 pretiosior
2763 2646 2845 2692 est
2899 2632 3058 2688 unius
3096 2628 3267 2687 sancti
3307 2625 3511 2697 anima,

1912 2757 2071 2812 quam
2133 2737 2357 2794 inﬁnitae
2404 2733 2775 2792 multitudines
2823 2736 3189 2800 peccatorum.
3267 2721 3341 2776 De
3401 2730 3518 2778 toto
3586 2720 3591 2729 ’

1914 2833 2118 2889 mundo
2145 2830 2432 2886 duodecim
2459 2828 2620 2898 elegit
2650 2823 2950 2892 apostolos,
2976 2819 3042 2875 de
3065 2815 3349 2874 duodecim
3375 2826 3517 2870 unus

1913 2929 2139 2984 recessit
2175 2945 2185 2979 :
2220 2932 2600 2981 remanserunt
2633 2918 2909 2975 undecim.
2938 2915 3097 2970 Venit
3117 2927 3251 2969 crux
3279 2928 3289 2964 :
3323 2908 3515 2964 decem

1915 3023 2164 3094 fugerunt
2199 3038 2210 3074 :
2244 3016 2504 3075 remansit
2532 3029 2669 3072 unus
2698 3014 2891 3070 Petrus
2919 3028 2933 3067 :
2957 3021 3100 3063 unus
3129 3021 3251 3062 cum
3282 3017 3411 3058 uno.
3444 3000 3514 3067 Et

1915 3116 2035 3185 ipse
2063 3129 2199 3169 unus
2222 3110 2377 3181 fugit,
2407 3119 2568 3180 atque
2595 3107 2798 3161 utinam
2830 3102 3075 3172 fugisset,
3103 3107 3158 3154 et
3185 3113 3291 3152 non
3323 3107 3514 3166 negas.

1833 3210 1877 3270 C
1911 3218 2015 3263 sel.
2059 3207 2201 3277 Ergo
2222 3205 2483 3266 dicamus,
2520 3201 2831 3255 universum
2865 3208 3035 3266 genus
3065 3191 3356 3246 humanum
3387 3201 3516 3258 per-

1912 3302 1974 3357 iit
2025 3300 2332 3369 :Quoniam
2378 3298 2644 3369 perierat,
2696 3300 2983 3363 propterea
3026 3284 3289 3340 Dominus
3334 3279 3519 3336 cruci.-

1915 3397 2053 3450 ﬁxus
2078 3396 2153 3449 ait
2178 3412 2190 3447 :
2219 3391 2485 3449 Torcular
2511 3387 2711 3443 calcavi
2742 3384 2914 3450 solus,
2944 3389 2999 3435 ct
3020 3379 3089 3435 de
3116 3375 3370 3448 gentibus
3402 3387 3510 3435 non
3534 3421 3543 3428 .

1910 3494 1995 3541 est
2031 3487 2112 3540 vir
2155 3498 2365 3539 mecum
2394 3479 2545 3551 (Isai.
2596 3479 2771 3547 thu).
2817 3474 2893 3529 Eo
2923 3483 3167 3542 tempore
3211 3465 3514 3536 completus

1911 3591 1993 3636 est
2028 3578 2266 3648 psalmus
2297 3594 2309 3631 :
2343 3575 2562 3631 Salvqu
2595 3587 2682 3626 me
2713 3571 2819 3634 fac,
2856 3566 3105 3626 Domine.
3136 3560 3389 3635 quoniam
3420 3557 3517 3614 de-

1910 3674 2039 3730 fecit
2080 3681 2296 3727 sanctus
2324 3664 2499 3741 (Psal.
2544 3667 2644 3736 ιιι).
2675 3658 2915 3719 Νοιιέει
2953 3660 3044 3733 qui
3090 3656 3253 3713 faciat
3288 3655 3516 3722 bonum,

1913 3785 2017 3823 non
2043 3775 2127 3822 est
2158 3781 2325 3834 usque
2354 3763 2421 3817 ad
2456 3776 2645 3816 unum.
2679 3757 2772 3812 Illo
2803 3756 2891 3827 qui
2919 3752 3259 3823 promiserat,
3285 3747 3515 3803 dicens:

1910 3859 1967 3916 Si
1999 3874 2087 3914 me
2114 3870 2335 3913 necesse
2362 3866 2445 3909 est
2476 3853 2646 3921 mori,
2678 3860 2770 3904 aut
2799 3850 2879 3902 ire
2908 3849 2958 3900 iu
2991 3858 3289 3909 carcerem,
3322 3856 3427 3894 non
3464 3848 3519 3894 te

1915 3949 2124 4022 negabo
2153 3966 2165 4002 :
2191 3947 2402 4019 negavit
2430 3944 2626 4018 (Marc.
2660 3940 2795 4012 xw).
2823 3939 2940 3995 line
2963 3946 3134 3991 totum
3158 3947 3324 4004 quare
3350 3931 3474 3986 dico
3497 3945 3516 3993 ς

1914 4044 2046 4114 Quia
2085 4040 2380 4098 monachus
2408 4055 2515 4094 non
2543 4036 2705 4093 debet
2737 4034 2986 4104 aspicere
3015 4028 3081 4082 ad
3114 4023 3516 4087 multitudinem

1915 4145 2285 4209 peccatorum,
2333 4132 2429 4189 sed
2469 4131 2535 4186 ad
2584 4124 3056 4186 conversationem
3093 4133 3145 4177 et
3188 4118 3516 4192 paucitatem

1916 4208 2247 4285 sanctorum.
2301 4226 2565 4284 Universa
2609 4220 2795 4280 Judtea
2849 4215 3150 4273 ducebatur
3199 4213 3250 4268 in
3292 4208 3520 4283 captivi-

1916 4332 2104 4380 tatem.
2158 4320 2398 4378 Venerat
2442 4314 2979 4381 Nabuchodonosor,
3040 4320 3189 4364 tanta
3237 4305 3518 4363 hominum

1918 4417 2084 4472 millia
2111 4414 2446 4471 ducebantur
2473 4412 2682 4483 captiva
2711 4407 2765 4463 in
2795 4405 3148 4478 Babylonem.
3180 4400 3340 4459 Solus
3365 4398 3522 4457 Jeru-

1919 4509 2057 4564 mias
2083 4515 2200 4564 erat
2222 4507 2311 4581 qui
2339 4503 2702 4567 conﬁtebatur
2732 4500 2925 4568 Deum,
2968 4504 3023 4552 et
3059 4494 3177 4569 ipse
3204 4492 3523 4553 mittebatur

2393 4609 2445 4655 et
2482 4608 2659 4653 tamen
2691 4591 2985 4667 pretiosior
3014 4599 3134 4646 erat
3173 4586 3332 4643 unius
3375 4584 3529 4641 illius

1921 4696 2122 4763 anima,
2152 4708 2313 4766 quam
2343 4691 2523 4747 omnis
2552 4686 2733 4762 populi
2766 4683 2984 4761 (larem.
3020 4683 3132 4755 xv).
3164 4678 3339 4737 Vultis
3380 4677 3525 4737 scire

1919 4791 2046 4863 quid
2079 4789 2243 4846 faciat
2274 4802 2415 4843 unus
2441 4782 2642 4841 homo?
2668 4780 2827 4839 Jesus
2867 4778 3010 4835 ﬁlius
3053 4775 3203 4832 Nave
3234 4788 3355 4830 cum
3398 4771 3525 4827 uni-

1919 4862 2074 4940 versa
2102 4892 2246 4938 terra
2279 4880 2637 4948 habitaretur,
2668 4874 2817 4930 solus
2846 4881 2985 4929 erat.
3016 4867 3218 4941 Utique
3247 4873 3404 4922 erant
3435 4862 3524 4919 in-

1921 4975 2085 5031 ﬁnitae
2113 4972 2511 5041 multitudines,
2547 4980 2602 5027 et
2630 4969 2722 5025 ille
2750 4966 2899 5023 solus
2919 4972 3059 5021 erat.
3096 4960 3257 5017 Solus
3287 4957 3524 5026 imperat

1919 5066 2025 5122 soli
2061 5073 2115 5121 et
2147 5064 2308 5129 lunae,
2353 5072 2408 5118 et
2445 5070 2598 5117 stat:
2631 5061 2795 5115 homo
2831 5058 3005 5129 jubet,
3054 5062 3110 5109 et
3149 5050 3346 5107 cmlum
3375 5046 3529 5107 audit

1915 5156 2055 5229 (los.
2085 5157 2165 5225 ι).
2197 5155 2362 5213 Audit
2393 5154 2542 5230 illum
2574 5154 2770 5210 ctutum
2800 5168 2814 5205 :
2844 5149 2967 5223 quia
2990 5147 3109 5218 ipse
3139 5142 3389 5199 audiebat
3422 5141 3529 5197 Do-

1916 5249 2142 5305 minum.
2171 5248 2437 5307 Jeremias
2461 5257 2579 5305 erat
2623 5244 2675 5301 in
2709 5240 3024 5316 captivitate
3063 5256 3077 5295 :
3111 5246 3272 5294 erant
3319 5246 3532 5315 autem,

1918 5355 1972 5402 et
1995 5345 2180 5401 multa:
2205 5343 2606 5400 multitudines.
2625 5340 2692 5398 Et
2712 5336 2839 5411 quid
2864 5336 2993 5393 dicit
3012 5335 3037 5390 ?
3056 5333 3215 5392 Solus
3252 5331 3529 5407 sedebam,

1918 5443 2046 5515 quia
2064 5440 2426 5498 amaritudine
2447 5439 2686 5515 repletus
2707 5449 2826 5490 sum
2865 5429 3082 5506 (Jerem.
3110 5428 3224 5503 xv).
3250 5426 3537 5501 Quomodo

1920 5535 2072 5590 solus
2092 5534 2147 5590 in
2173 5533 2388 5591 civitate
2417 5528 2574 5587 eras?
2604 5526 2710 5586 Sed
2746 5526 2870 5583 ideo
2897 5523 3047 5581 solus
3072 5540 3089 5581 :
3114 5523 3239 5596 quia
3277 5515 3540 5597 propositi

1930 5627 2038 5685 mei
2069 5627 2279 5709 socium
2310 5623 2600 5681 habebam.

2416 5736 2642 5801 PSALM
2652 5736 2735 5795 US
2788 5733 3028 5793 CXLIV.

2004 5834 2266 5892 Laudatio
2311 5833 2413 5906 ipsi
2446 5830 2633 5888 David.
2697 5828 2806 5887 Iste
2850 5826 3090 5900 psalmus
3129 5840 3198 5884 ex
3243 5837 3380 5885 voce
3414 5836 3549 5899 pro-
