4008 6336
473 265 613 327 ﬂ"

1277 258 1629 320 APPENDIX
1666 259 1760 320 AD
1796 257 2043 319 TOMUM
2080 256 2433 320 SEPTIMUM
2472 259 2531 319 Β.
2574 257 2978 320 HIERONVMI.

3636 260 3775 319 19.48

542 382 783 458 phetlca,
810 380 907 458 Dei
933 379 1178 439 continet
1206 377 1425 437 laudem
1453 397 1465 434 :
1494 377 1635 436 sicut
1668 377 1787 451 ipse
1813 376 1884 434 ad
1933 390 2058 434 eum
2085 377 2134 438 Δ
2238 377 2395 435 Oculi
2420 380 2651 435 omnium
2676 380 2730 435 in
2757 386 2805 435 te
2830 386 3060 453 sperant,
3096 377 3338 449 Domine,
3388 387 3438 436 et
3493 387 3552 435 tu
3582 378 3679 434 das
3701 380 3774 435 eis

547 455 813 528 eloquens
839 455 914 510 ait
940 471 961 532 :g

546 569 809 628 Exaltabo
831 577 901 635 te,
929 567 1068 623 Deus
1092 583 1237 623 nteus
1260 582 1378 634 rex,
1425 573 1475 621 et
1521 565 1816 622 benedicam
1872 564 2073 620 nomini

475 675 562 723 tuo
588 665 645 719 in
666 671 939 729 aeternum,
970 671 1017 717 et
1039 663 1096 716 in
1132 660 1381 716 steculum
1419 658 1618 717 steculi.
1654 658 1869 714 Exultat
1901 658 2069 714 Deum

474 758 602 833 quia
622 758 725 815 scit
748 754 1011 828 aequalem
1039 754 1186 811 Patri
1215 773 1227 809 :
1261 767 1465 826 regem,
1500 752 1628 825 quia
1656 750 1812 808 novit
1832 750 2069 823 judicem

475 851 686 910 mundi.
2064 868 2067 871 η

546 945 657 1001 Per
684 943 919 1018 singulos
942 944 1052 998 dies
1097 943 1392 998 benedicant
1437 950 1505 1012 te,
1545 951 1595 998 et
1634 940 1862 997 laudabo
1889 957 2071 997 nomen

475 1049 621 1095 tuum
649 1039 705 1094 in
734 1038 1005 1104 steculum,
1033 1048 1080 1092 et
1120 1037 1174 1091 in
1216 1037 1465 1092 saeculum
1488 1036 1688 1091 surculi.
1747 1035 1816 1091 Et
1855 1035 1926 1091 ob
1970 1035 2075 1093 hoc

475 1134 716 1192 maxime
745 1132 969 1189 laudat:
999 1133 1125 1205 quia
1147 1129 1486 1188 coniormem
1526 1138 1711 1202 sperat
1740 1144 1801 1187 se
1840 1129 2072 1187 ﬂerino—

476 1229 610 1286 mini
634 1227 782 1285 illius
813 1244 827 1283 :
861 1226 917 1284 id
943 1234 1060 1294 est,
1096 1224 1318 1285 Christo
1353 1224 1617 1291 Domino,
1654 1223 1712 1281 in
1747 1223 1949 1281 steculo
1992 1223 2076 1280 iu-

480 1332 625 1381 ιυτο.

552 1416 778 1489 Magnus
799 1413 1078 1481 Dominus,
1107 1421 1156 1467 et
1182 1411 1463 1468 laudabilis
1495 1411 1671 1478 nimis,
1715 1419 1763 1466 et
1816 1412 2076 1485 magnitu-

446 1510 615 1565 -dinis
645 1511 759 1583 ejus
785 1524 890 1563 non
913 1515 989 1563 est
1012 1505 1154 1577 linis.
1185 1504 1325 1573 Quia
1369 1502 1490 1561 sine
1539 1504 1647 1559 line
1677 1516 1925 1575 magnus,
1956 1502 2078 1558 sine

483 1603 594 1661 line
622 1601 932 1660 laudabilis.

556 1695 855 1752 Generatio.
868 1694 1040 1763 Quam
1073 1691 1209 1749 lides
1239 1690 1487 1763 protulit.
1502 1687 1575 1745 Et
1596 1691 1888 1765 progenies.
1904 1688 2077 1757 Quam

2173 488 2342 530 escam
2384 474 2441 528 in
2495 481 2718 546 tempore
2771 480 3083 545 opportuno.
3139 471 3461 529 Sanctorum
3546 470 3775 527 interior

2173 573 2427 638 aspectus
2462 565 2518 622 in
2556 564 2653 621 illo
2681 562 2864 621 futuro
2895 563 3273 622 retributionis
3304 562 3597 635 suscipitur
3637 571 3774 621 tem-

2174 673 2327 732 pore.
2730 646 2733 647 ⁷

2244 755 2425 828 Aperis
2447 764 2502 810 tu
2531 770 2741 810 manum
2761 762 2926 821 tuam,
2946 763 2996 809 et
3023 754 3203 827 imples
3218 770 3372 810 omne
3389 752 3593 809 animal
3623 752 3773 808 bene-

2174 848 2417 906 dictione.
2440 848 2596 917 Quod
2628 848 3044 905 maledictiones
3089 858 3145 904 et
3193 846 3524 921 improperia
3578 845 3777 905 mundo

2176 957 2278 1015 pro
2299 942 2520 998 nomine
2553 953 2646 998 tuo
2669 942 2947 998 sustinuit.

2245 1036 2278 1091 J
2286 1033 2701 1107 ustusDominus
2724 1038 2779 1091 in
2796 1035 3029 1091 erunibus
3039 1036 3135 1091 viis
3151 1035 3283 1104 suis,
3296 1044 3345 1091 et
3361 1043 3577 1092 sanctus
3590 1036 3646 1090 in
3666 1051 3777 1091 om-

2176 1131 2326 1186 nibus
2348 1131 2587 1199 operibus
2608 1131 2739 1185 suis.
2776 1130 2928 1186 Sicut
2951 1129 3062 1201 jam
3091 1130 3346 1201 superius
3365 1129 3576 1186 dictum
3601 1139 3706 1186 est.

2249 1221 2424 1297 Prope
2452 1232 2527 1279 est
2573 1221 2827 1278 Dominus
2876 1222 3111 1278 omnibus
3164 1222 3526 1278 invocantibus
3580 1238 3699 1277 eum
3725 1225 3781 1278 in

2177 1318 2407 1377 veritate.
2428 1318 2556 1390 ipse
2577 1318 2705 1390 quid
2729 1319 2845 1373 ait?
2876 1318 2988 1390 Ego
3008 1333 3128 1374 sum
3159 1317 3301 1374 Deus
3333 1332 3524 1389 prope.
3572 1324 3632 1374 et
3675 1331 3781 1375 non

2179 1411 2324 1470 Deus
2347 1412 2415 1469 de
2436 1412 2597 1484 longe
2623 1410 2842 1483 (Jerem.
2875 1411 3030 1484 χχιι).

2261 1505 2587 1562 Voluntatem
2638 1507 2929 1561 timentium
2971 1521 3027 1561 se
3078 1505 3232 1578 faciet
3283 1513 3332 1560 et
3384 1520 3562 1576 preces
3607 1520 3783 1560 eorum

2181 1602 2442 1667 exaudiet,
2473 1608 2520 1656 et
2550 1599 2720 1656 salvos
2747 1602 2903 1673 faciet
2927 1616 3036 1654 eos.
3072 1599 3208 1654 Dum
3250 1612 3347 1656 eos
3385 1597 3552 1665 eruit,
3587 1597 3673 1654 vel
3716 1598 3784 1654 ab

2184 1695 2531 1769 insﬁgatione
2550 1694 2774 1763 diaboli,
2806 1695 2892 1751 vel
2922 1694 2992 1750 ab
3014 1693 3209 1750 ardore
3225 1694 3457 1765 peccati.

482 1790 684 1848 Christi
710 1791 893 1862 passio
940 1788 1272 1860 procuravit.
1326 1786 1643 1843 Laudabunt
1681 1801 1841 1851 opera
1888 1794 2000 1852 tua,
2032 1795 2082 1840 et
2113 1780 2159 1841 Β
2258 1788 2497 1846 Custodit
2521 1788 2779 1845 Dominus
2803 1788 3079 1860 diligentes
3100 1804 3175 1853 se,
3199 1794 3249 1844 et
3280 1804 3456 1844 omnes
3488 1794 3787 1858 peccatores

484 1883 771 1954 potentiam
806 1891 949 1936 tuam
998 1878 1433 1954 pronuntiabunt.
1473 1876 1610 1935 Cum
1648 1877 1736 1934 vel
1771 1892 1802 1933 a
1851 1885 1906 1935 te
1938 1875 2083 1935 facta

484 1986 635 2043 sunt,
671 1976 757 2033 vel
784 1991 813 2030 a
840 1982 896 2032 te
920 1981 1298 2046 proteguntur.

559 2066 1007 2141 Magniﬁcentiam
1030 2065 1313 2138 majestatis
1340 2073 1463 2133 tute,
1494 2072 1540 2120 et
1566 2066 1893 2120 sanctitatem
1938 2072 2083 2119 tuam

488 2161 786 2237 loquentur.
815 2163 895 2218 Tu
925 2176 1025 2219 nos
1054 2153 1297 2217 sanctos"
1322 2173 1445 2218 esse
1482 2158 1592 2224 vis.
1641 2158 1867 2216 dicens:
1896 2157 2083 2217 Sancti

489 2266 687 2324 estote,
714 2256 970 2329 quoniam
1012 2271 1114 2327 ego
1161 2264 1387 2312 sanctus
1439 2269 1558 2311 sum
1583 2252 1771 2329 (Leuit.
1810 2269 1925 2321 xxx,
1961 2251 2080 2322 xx).

491 2352 604 2410 Hoc
631 2361 686 2409 et
706 2365 806 2408 nos
830 2351 1048 2408 caeteris
1078 2350 1373 2421 loquimur.
1407 2349 1476 2405 Et
1500 2348 1759 2405 mirabilia
1780 2357 1868 2405 tua
1895 2363 2086 2404 narra-

492 2449 636 2505 bunt.
653 2448 786 2517 Quae
802 2446 1051 2518 quotidie
1080 2446 1133 2501 in
1146 2444 1395 2503 Ecclesia
1420 2446 1689 2516 operaria.

571 2544 827 2601 Virtutem
847 2541 1162 2599 terribilium
1195 2551 1399 2599 tuorum
1421 2542 1617 2611 dicent,
1664 2549 1714 2598 et
1767 2544 2086 2615 magnitudi-

493 2655 611 2694 nem
650 2648 791 2695 tuam
841 2637 1137 2705 loquentur.
1195 2635 1377 2692 Virtus
1429 2643 1512 2692 est
1531 2634 1817 2702 terribilis,
1875 2651 2003 2692 cum
2033 2637 2087 2692 in

494 2732 694 2803 impios
728 2730 1030 2797 ulciscitur,
1063 2738 1122 2786 ut
1151 2729 1205 2785 in
1233 2728 1594 2786 Pharaonem.
1622 2726 1932 2800 Magnitudo
1979 2736 2084 2799 est,

492 2840 614 2884 cum
632 2826 769 2899 justi
795 2827 1099 2898 eriguntur,
1123 2835 1181 2881 ut
1209 2823 1399 2881 Israel.

568 2918 877 2974 Memoriam
925 2917 1265 2974 abundantia:
1297 2916 1568 2972 suavitatis
1616 2926 1720 2973 tua:
1760 2915 2086 2974 eructabunt.

494 3011 629 3082 Quia
657 3025 753 3069 eos
778 3010 964 3068 fovere
994 3010 1254 3083 dignaris.
1281 3008 1350 3066 Et
1369 3010 1575 3081 iustitia
1597 3017 1689 3066 tua
1732 3009 2086 3067 exsultabant.

494 3105 631 3175 Quia
662 3106 716 3162 in
743 3105 939 3177 impios
967 3104 1271 3162 ulcisceris.

2183 1883 2468 1955 disperdet.
2497 1882 2627 1938 lllos
2652 1881 2849 1954 diligit,
2869 1881 2962 1954 qui
2991 1882 3339 1938 dilectionem
3383 1881 3504 1951 ejus
3544 1880 3783 1938 munda-

2182 1978 2267 2035 nis
2295 1976 2678 2034 dilectionibus
2724 1976 3102 2048 praetulerunt.
3154 1975 3281 2032 Illos
3302 1991 3437 2032 vero
3486 1975 3781 2049 dispertiit,

2182 2070 2275 2143 qui
2299 2071 2468 2126 amori
2490 2070 2609 2141 ejus
2636 2084 2878 2127 amorem
2896 2069 3083 2125 saeculi
3115 2078 3540 2141 proposuerunt.

2260 2164 2489 2220 Laudent
2526 2162 2743 2220 Domini
2764 2163 2999 2237 loquetur
3026 2180 3083 2218 os
3104 2179 3292 2218 meum.
3317 2162 3492 2235 Nunc,
3521 2173 3581 2221 et
3611 2163 3667 2219 in
3707 2163 3790 2221 fu-

2185 2265 2308 2315 turo
2334 2256 2709 2314 retributionis
2740 2266 3005 2327 tempore.
3039 2255 3109 2311 Et
3137 2256 3408 2312 benedicat
3460 2256 3630 2312 omnis
3668 2272 3785 2312 caro

2184 2354 2382 2409 nomini
2406 2362 2583 2408 sancto
2612 2356 2725 2427 ejus
2762 2353 2818 2408 in
2842 2361 3123 2420 aeternum,
3153 2362 3203 2407 et
3227 2344 3284 2408 in
3309 2353 3561 2409 sweulum
3583 2352 3781 2410 saeculi.

2187 2445 2342 2516 Quod
2365 2447 2468 2503 ait:
2487 2447 2668 2502 Omnis
2689 2463 2835 2511 caro,
2856 2463 2962 2501 non
2988 2447 3055 2501 ad
3078 2446 3417 2503 insensibilia
3436 2445 3783 2503 referendum

2140 2610 2151 2620 κ
2188 2549 2274 2597 est
2303 2558 2317 2593 :
2349 2540 2445 2597 sed
2473 2540 2541 2595 ad
2557 2555 2722 2597 omne
2745 2554 2943 2611 corpus
2970 2540 3249 2606 Ecclesiae,
3280 2540 3426 2613 quod
3456 2556 3561 2597 nos
3580 2555 3783 2609 sumus,

2188 2634 2279 2707 qui
2302 2633 2475 2691 Deum
2500 2635 2744 2704 laudare,
2777 2634 3126 2703 benedicere,
3154 2634 3439 2705 extollere,
3490 2651 3557 2692 ae
3594 2633 3786 2707 praedi.

2189 2742 2317 2785 care
2354 2728 2641 2798 debemus,
2693 2744 2788 2799 per
2807 2744 2968 2801 quem
2998 2729 3254 2795 vivimus,
3287 2744 3383 2800 per
3408 2745 3573 2801 quem
3598 2729 3788 2784 alimur

2190 2835 2256 2877 ac
2275 2836 2485 2878 sumus.
2518 2823 2615 2877 Cui
2641 2828 2859 2878 estcum
2877 2829 3084 2878 aeterno
3109 2821 3272 2879 Patre
3292 2830 3347 2877 et
3373 2821 3582 2893 Spiritu
3603 2832 3784 2878 sancto

2194 2912 2371 2972 honor
2391 2923 2446 2972 et
2466 2914 2637 2987 gloria
2662 2914 2719 2971 in
2749 2915 2949 2972 saecula
2971 2916 3321 2971 steculorum.
3349 2913 3552 2971 Amen.

2702 3028 3019 3088 PSALMUS
3076 3026 3284 3086 CXLV.

2197 3120 2457 3195 Alleluia.
2480 3121 2659 3195 Λειρωί
2706 3132 2753 3176 et
2792 3120 3085 3195 Zachariae.
3137 3120 3244 3175 lste
3293 3118 3535 3195 psalmus
3579 3133 3647 3175 ex
3694 3133 3787 3195 no—

571 3200 871 3255 Misericors
892 3208 941 3255 et
967 3200 1239 3256 miserator
1261 3197 1767 3273 Dominus:patiens
1792 3208 1843 3255 et
1871 3200 2092 3256 multum
2118 3171 2164 3235 Ο
2268 3195 2412 3251 mine
2430 3171 2662 3273 duoaraum
2693 3193 3079 3273 prophetarum
3116 3171 3471 3265 praescriptus
3509 3206 3577 3248 ex
3633 3190 3784 3248 unius

496 3293 810 3350 misericors.
837 3292 908 3349 Et
935 3301 1160 3350 sanctus
1213 3293 1267 3348 in
1314 3293 1569 3348 omnibus
1622 3294 1879 3365 operibus
1926 3295 2087 3351 suis:

496 3387 622 3459 quia
653 3386 797 3457 quod
827 3385 1027 3442 factum
1058 3393 1142 3443 est
1170 3386 1223 3442 in
1255 3399 1345 3453 eo,
1376 3386 1486 3441 vita
1508 3395 1612 3443 est.

569 3478 761 3535 Suavis
789 3477 1046 3534 Dominus
1075 3479 1347 3545 uniuersis,
1378 3486 1425 3532 et
1473 3479 1824 3536 miserationes
1862 3484 1977 3556 ejus
2005 3497 2094 3536 su-

497 3588 590 3647 per
624 3576 797 3628 omnia
836 3588 996 3644 opera
1028 3574 1163 3645 ejus.
1200 3569 1552 3629 Miseralione
1597 3571 1742 3628 enim
1783 3587 1881 3629 sua
1930 3587 2095 3631 omne

497 3677 634 3737 epus
659 3663 783 3720 facit
809 3671 865 3719 et
895 3663 1147 3736 protegit.

569 3757 931 3827 Conﬁteantur
977 3757 1089 3826 tibi,
1152 3756 1396 3830 Domine,
1445 3760 1621 3815 omnia
1668 3777 1828 3831 opera
1881 3772 1995 3835 tua,
2049 3775 2096 3821 et

495 3854 665 3910 sancti
690 3854 765 3908 tui
794 3852 1101 3908 benedieant
1128 3852 1239 3909 tibi.
1256 3853 1325 3911 Ut
1346 3867 1443 3926 per
1468 3862 1688 3912 sanctos
1708 3856 1797 3927 qui
1823 3865 1874 3914 te
1891 3857 2097 3929 jugitcr

497 3947 851 4016 benedicunt,
875 3946 1202 4021 intelligaris
1221 3948 1464 4004 omnium
1495 3962 1621 4006 esse
1639 3958 1855 4007 creator
1879 3959 1935 4007 et
1959 3966 2091 4009 cono

497 4040 661 4099 dltor.

567 4134 803 4191 Gloriam
825 4133 974 4208 regni
999 4135 1075 4190 tui
1095 4133 1286 4190 dicent.
1334 4131 1400 4190 Ut
1427 4132 1497 4188 ab
1536 4135 1789 4193 omnibus
1815 4134 2096 4194 desidere-

497 4237 605 4285 tur.
638 4228 702 4285 Et
725 4230 1007 4299 potentiam
1030 4238 1171 4284 tuam
1201 4229 1500 4299 loquentur.
1523 4228 1596 4288 Ut
1616 4229 1687 4286 ab
1724 4229 1979 4286 omnibus
2028 4230 2095 4287 ti-

501 4331 731 4379 meatur.

574 4414 642 4473 Ut
665 4425 837 4473 notam
856 4418 1051 4489 faciant
1074 4417 1202 4488 ﬁliis
1229 4418 1496 4474 hominum
1533 4419 1815 4492 potentiam
1859 4425 2024 4489 tuam,
2048 4428 2099 4474 et

2266 3281 2401 3324 voce
2429 3266 2694 3338 loquitur,
2725 3265 2913 3322 dicens
2942 3282 2956 3320 :

2267 3383 2475 3453 Lauda,
2517 3385 2693 3439 anima
2719 3398 2853 3449 mea,
2887 3379 3192 3437 Dominum.
3233 3380 3483 3437 Psalmus
3532 3379 3636 3435 iste
3666 3379 3784 3435 titu—

2201 3480 2313 3537 lum
2341 3479 2503 3535 habet
2528 3478 2711 3550 Aggtei
2732 3476 3099 3535 etZacharitn.
3117 3475 3226 3533 Sed
3257 3474 3361 3532 hoc
3384 3476 3621 3545 primum
3650 3474 3782 3532 scire

2196 3573 2479 3642 debemus,
2520 3571 2665 3644 quod
2709 3569 2766 3626 in
2811 3569 3080 3627 Hebraieo
3123 3584 3232 3626 non
3286 3568 3544 3637 habetur,
3598 3566 3692 3623 scd
3733 3568 3781 3621 in

2196 3667 2553 3740 Septuaginta
2573 3667 2980 3737 interpretibus.
3006 3664 3256 3720 Dicamus
3285 3671 3466 3720 autem
3492 3672 3552 3718 et
3580 3662 3646 3719 de
3671 3661 3781 3717 edi-

2197 3762 2344 3819 tione
2371 3760 2600 3833 Vulgata
2628 3759 2810 3831 Aggaei
2847 3768 2903 3815 et
2933 3757 3233 3814 Zacharias.
3282 3757 3420 3826 Quia
3472 3755 3783 3812 instauratio

2196 3855 2287 3913 hie
2305 3855 2505 3911 dicitur
2528 3854 2831 3911 Jerusalem
2865 3872 2878 3908 :
2922 3852 3176 3924 Regnavit
3221 3848 3474 3907 Dominus
3517 3851 3572 3905 in
3602 3850 3783 3905 serrula

2197 3948 2339 4005 Deus
2353 3958 2492 4015 tuus,
2520 3946 2673 4015 Sion,
2698 3949 2749 4001 in
2775 3946 3110 4021 generatione
3129 3953 3180 3999 et
3197 3945 3585 4016 generationem
3606 3961 3625 3999 :
3644 3942 3783 4016 quasi

2195 4042 2265 4100 de
2288 4041 2678 4098 instauratione
2724 4040 3027 4097 Jerusalem
3074 4039 3179 4096 dici
3233 4049 3446 4110 putant,
3502 4053 3627 4110 qua:
3655 4036 3783 4093 facta

2194 4145 2282 4192 est
2307 4135 2410 4191 sub
2433 4136 2630 4206 Aggano
2652 4146 2705 4190 et
2726 4133 3017 4190 Zacharia.
3061 4132 3265 4199 Lauda,
3311 4133 3491 4189 anima
3520 4148 3655 4198 utea,
3690 4130 3785 4185 Do-

2196 4232 2414 4287 minum.
2442 4230 2560 4287 Non
2588 4230 2743 4291 dixit.
2762 4229 3157 4300 lauda,corpus
3181 4245 3194 4283 :
3223 4226 3342 4291 sed,
3371 4226 3557 4295 lauda,
3584 4225 3785 4280 anima:

2197 4337 2307 4381 non
2330 4339 2437 4395 quo
2465 4339 2664 4393 corpus
2685 4322 3046 4389 damnaverit,
3093 4320 3190 4377 sed
3239 4319 3423 4377 carnis
3469 4334 3640 4390 opera
3666 4332 3787 4375 con-

2197 4415 2495 4474 demnavit.
2518 4416 2726 4482 Lauda,
2759 4416 2936 4470 anima
2960 4431 3093 4479 mea,
3124 4413 3431 4470 Dominum.
3459 4412 3659 4469 Anima
3680 4412 3785 4483 ipsa

499 4508 722 4584 gloriam
754 4511 1152 4583 magniﬁcentia:
1201 4512 1350 4585 regni
1402 4512 1501 4569 tui.
1542 4508 1625 4569 Ne
1674 4512 1956 4569 excusatio
1992 4527 2098 4585 per
2122 4582 2157 4585 _
2199 4527 2259 4570 se
2289 4511 2558 4567 hortatur.
2582 4509 2867 4579 Quomodo
2890 4508 2935 4564 si
2967 4507 3111 4564 dicat
3136 4506 3338 4563 David:
3363 4506 3573 4574 Lauda,
3597 4503 3785 4569 David,

499 4601 860 4673 ignorantiam
890 4601 1230 4659 adhibeatur.

569 4694 805 4767 Regnum
834 4703 1001 4765 tuum,
1035 4695 1279 4763 Domine,
1333 4713 1550 4770 regnum
1599 4697 1834 4751 omnium
1879 4697 2096 4753 sarculo-

495 4803 634 4842 rum.
661 4784 855 4841 Omnia
878 4785 1024 4843 enim
1055 4786 1253 4842 saecula
1294 4789 1444 4860 regni
1472 4786 1549 4844 tui
1577 4787 1950 4845 dominatione
1980 4789 2096 4845 vol-

498 4866 718 4936 tzuntur.
745 4877 813 4934 Et
843 4879 1129 4935 dominatio
1152 4886 1245 4934 tua
1262 4880 1316 4934 in
1338 4882 1475 4935 omni
1515 4883 1845 4954 generatione
1890 4889 1939 4937 et
1968 4888 2093 4955 pro-

499 4974 664 5046 genie.
692 4972 1071 5030 Ecelesiastica
1114 4973 1465 5046 generatione
1503 4974 1556 5031 in
1605 4974 1865 5048 progenie
1921 4973 2094 5032 futuri

498 5066 685 5124 δεουιί
710 5065 957 5123 dilatata.

566 5156 773 5216 Fidelis
796 5160 1052 5217 Dominus
1076 5161 1130 5217 in
1153 5160 1390 5218 omnibus
1412 5162 1578 5218 verbis
1598 5164 1729 5219 suis.
1752 5160 1887 5220 Cum
1908 5167 2093 5220 omnia

496 5268 616 5323 qua:
639 5268 735 5326 per
755 5253 1048 5327 prephetas
1078 5254 1290 5312 locutus
1308 5265 1394 5312 est
1417 5254 1750 5327 adimplevit.
1782 5255 1853 5310 Et
1879 5266 2093 5313 sanctus

497 5345 553 5401 in
584 5346 820 5402 omnibus
848 5346 1092 5419 operibus
1112 5347 1486 5405 suis.Utsicut
1510 5348 1602 5405 ille
1622 5358 1844 5404 sanctus
1871 5358 1957 5405 est
1980 5369 1991 5403 :
2019 5350 2091 5405 ita

496 5448 553 5499 et
582 5454 684 5496 nos
709 5441 799 5511 qui
821 5454 987 5511 opera
1015 5440 1134 5512 ejus
1164 5455 1372 5507 sumus,
1394 5440 1568 5496 sancti
1595 5439 1895 5497 efﬁciamur
1925 5442 1978 5497 in
2000 5456 2088 5499 eo.

565 5535 767 5591 Allevat
794 5533 1054 5591 Dominus
1081 5552 1256 5592 omnes
1300 5536 1387 5608 qui
1417 5544 1684 5592 corruunt.
1705 5534 1783 5593 Ne
1811 5537 1865 5592 in
1894 5545 2096 5593 teterna

495 5631 658 5688 ruina
689 5642 1021 5704 mergantur.
1060 5630 1125 5687 Et
1155 5633 1308 5705 erigit
1343 5647 1519 5687 omnes
1571 5631 1749 5687 elisos.
1793 5630 1943 5700 Quos
1975 5645 2098 5687 cor-

493 5739 674 5798 poreae
693 5726 988 5799 voluptatis
1011 5724 1369 5800 prmeipitavit
1404 5725 1677 5793 stimulus,
1727 5725 1773 5781 si
1824 5724 2096 5797 poeniten-

496 5820 629 5875 tiam
653 5828 835 5892 agant.

2121 4582 2178 4644 Ῑ)
2201 4607 2489 4664 Dominum
2516 4621 2530 4661 :
2563 4604 2644 4661 sic
2667 4613 2724 4660 et
2768 4605 2884 4675 ipsa
2913 4603 3090 4659 anima
3146 4601 3279 4657 dicit
3328 4602 3395 4656 ad
3445 4616 3506 4657 se
3541 4617 3557 4657 :
3588 4598 3785 4665 Lauda,

2197 4702 2375 4757 anima
2428 4716 2564 4767 mea,
2624 4695 2943 4753 Dominum:
3003 4694 3230 4751 laudabo
3276 4692 3561 4748 Dominum
3599 4693 3654 4748 in
3692 4691 3787 4746 rita

2198 4810 2332 4851 mea.
2363 4792 2499 4849 Vide
2538 4791 2669 4863 quid
2713 4791 2909 4847 dicat:
2960 4790 3081 4859 lpsa
3128 4802 3188 4844 se
3238 4785 3512 4853 hortatur,
3570 4794 3627 4841 et
3678 4784 3785 4853 ipsa

2199 4882 2508 4955 respondet.
2532 4881 2674 4951 Quid
2696 4881 2865 4937 dicit?
2895 4879 3035 4935 Dicit
3052 4877 3215 4942 mihi;
3231 4876 3437 4945 Lauda,
3464 4877 3643 4931 anima
3664 4891 3783 4940 mea,

2198 4981 2499 5038 Dominum.
2535 4980 2648 5051 Ego
2680 4980 2799 5051 ipsa
2832 4978 3174 5048 respondeo:
3208 4975 3464 5032 Laudabo
3493 4975 3784 5039 Dominum,

2200 5075 2256 5129 in
2281 5074 2384 5129 vita
2409 5089 2542 5128 mea.
2574 5072 2731 5128 Modo
2753 5070 2980 5128 laudare
3001 5085 3107 5126 non
3133 5084 3380 5141 possum,
3411 5069 3654 5141 peccatis
3674 5083 3788 5140 prc-

2200 5181 2341 5223 mor.
2386 5166 2845 5237 Quotiescumque
2890 5162 3031 5219 labia
3080 5163 3134 5218 in
3189 5161 3377 5219 laudes
3425 5164 3523 5219 Dei
3568 5164 3786 5235 aperio:

2201 5260 2400 5316 totiens
2421 5258 2515 5314 illa
2535 5258 2871 5330 cenglutinat
2895 5257 3236 5313 conscientia
3262 5265 3636 5326 peccatorum.
3661 5254 3789 5309 Lau-

2201 5353 2332 5410 dabo
2357 5351 2640 5407 Dominum
2671 5354 2725 5407 in
2756 5353 2861 5407 vita
2884 5369 3018 5409 mea.
3046 5349 3278 5407 Pulchre
3309 5350 3468 5421 dixit,
3518 5351 3743 5406 laudabo
3768 5365 3786 5404 :

2202 5463 2331 5515 non,
2367 5446 2544 5502 laudo.
2571 5446 2798 5517 Quando
2824 5461 2946 5502 eum
2983 5445 3214 5503 Domino
3268 5460 3395 5502 meo
3448 5443 3627 5510 fuero,
3674 5454 3789 5499 tunc

2190 5542 2730 5613 ~laudaboDominum
2752 5542 2805 5597 in
2827 5541 2933 5597 vita
2960 5556 3100 5597 mea.
3144 5539 3299 5596 Nunc
3327 5541 3380 5595 in
3429 5548 3607 5596 morte
3652 5552 3781 5603 sum,

2201 5638 2425 5695 laudare
2450 5651 2559 5692 non
2591 5649 2832 5707 possum.
2856 5632 3109 5688 Laudabo
3134 5631 3414 5688 Dominum
3443 5632 3499 5687 in
3519 5633 3624 5687 vita
3653 5645 3777 5684 mea.

2203 5732 2326 5791 Vita
2359 5740 2545 5789 nostra
2567 5729 2816 5787 Christus
2837 5728 3246 5786 est.Dominum
3278 5726 3564 5783 laudemus
3591 5726 3644 5782 in
3661 5726 3782 5779 vita.

2210 5825 2447 5883 Psallam
2491 5824 2611 5883 Deo'
2639 5840 2749 5882 meo
2782 5822 3029 5896 quamdiu
3060 5823 3234 5894 fuero.
3260 5819 3397 5878 Vide
3427 5819 3559 5892 quid
3602 5818 3738 5877 dicat
3768 5831 3779 5865 :
