4008 6336
193 310 330 368 1269

1117 313 1547 375 suamnam
1583 317 1650 376 IN
1687 291 2025 379 pSALMos'.
2066 319 2314 380 psam.
2353 322 2560 383 CXLV.

3351 331 3486 392 i250

191 427 581 503 Quandojuste
610 433 812 504 aliquid
846 435 1079 507 agimus,
1130 453 1355 494 sumus:
1405 440 1622 509 quando
1656 457 1784 499 vero
1810 450 1858 509 Α
1890 445 1989 497 Ista
2013 443 2341 510 combustio,
2399 455 2586 501 nostra
2635 445 2886 518 purgatio
2926 454 3031 503 est.
3087 447 3278 506 Beatus
3331 457 3481 526 cujus

192 537 500 594 pereamus,
525 540 647 582 esse
669 526 1003 584 desistimus.
1029 530 1196 586 Multa
1214 540 1339 587 sunt
1357 547 1480 604 quas
1506 533 1783 590 dicantur:

191 617 284 672 sed
316 617 382 671 ad
417 619 578 673 linem
609 618 835 676 festinat
867 623 1062 678 oratio.

262 710 446 767 Nolite
469 714 731 784 conﬁdere
762 716 818 771 in
846 718 1193 789 principibus,
1227 735 1318 774 nec
1353 721 1407 775 in
1453 721 1580 790 ﬁliis
1619 719 1788 776 homi-

191 818 335 872 num,
369 805 423 861 in
460 807 646 877 quibus
677 825 780 862 non
802 819 878 864 est
902 811 1062 866 salus.
1091 813 1203 867 lloc
1230 813 1552 882 generaliter
1581 812 1650 868 ad
1671 827 1789 869 om-

189 911 286 953 nes
311 896 445 954 dicit
472 917 486 954 :
519 899 699 955 Nolite
717 903 978 971 conﬁdere
1003 904 1057 959 in
1085 904 1425 978 principibus.
1449 904 1566 961 Non
1596 906 1649 961 in
1683 907 1789 962 im-

190 1000 462 1063 peratore,
496 1007 600 1048 non
626 993 678 1049 in
697 994 991 1066 praefectis,
1019 1012 1127 1052 non
1159 1001 1211 1054 in
1245 998 1514 1068 judicibus
1541 999 1748 1054 saeculi.

263 1085 445 1142 Nolite
469 1089 726 1160 conﬁdere
752 1091 805 1143 in
829 1091 1168 1163 principibus.
1196 1092 1296 1162 Qui
1329 1103 1458 1150 sunt
1481 1095 1788 1166 principes?

189 1178 313 1237 Filii
335 1181 641 1240 hominum.
670 1184 770 1253 Qui
797 1194 925 1241 sunt
962 1185 1054 1242 lilii
1103 1187 1423 1244 hominum?
1446 1188 1650 1258 Quibus
1680 1203 1788 1246 non

187 1284 274 1332 est
301 1276 470 1334 salus.

263 1368 444 1428 Exibit
468 1373 682 1444 spiritus
705 1375 842 1445 ejus,
869 1384 919 1432 et
965 1387 1242 1434 revertetur
1289 1379 1344 1434 in
1393 1388 1579 1436 terram
1616 1395 1783 1435 suam.

187 1464 324 1522 Cum
353 1475 538 1524 autem
563 1484 841 1540 regressus
887 1471 1049 1528 fuerit
1096 1473 1150 1528 in
1204 1483 1402 1529 terram
1449 1489 1623 1541 suam,
1660 1474 1790 1541 quid

183 1557 318 1615 ﬁet?
343 1557 410 1614 In
446 1559 543 1615 illa
591 1561 675 1616 die
704 1563 941 1632 peribunt
1000 1581 1174 1620 omnes
1203 1566 1539 1638 cogitationes
1588 1581 1788 1622 eorum.

183 1650 375 1709 Omnis
398 1655 697 1724 principum
724 1656 1052 1713 confidentia
1087 1660 1280 1728 periei,
1311 1668 1365 1716 et
1394 1660 1788 1731 perihuntom-

183 1762 285 1804 nes
309 1750 667 1820 cogitationes
692 1754 935 1807 eorum.’
961 1751 1138 1808 Nolite
1170 1753 1433 1824 conﬁdere
1459 1755 1511 1809 in
1535 1755 1789 1826 principi-

1891 530 2033 589 Deus
2057 533 2220 591 Jacob
2249 537 2462 609 adjutor
2511 539 2642 607 eius.
2692 538 2882 597 Videte
2911 541 3325 612 signiﬁcantiam
3355 562 3478 601 vero

1891 626 2101 683 borum.
2153 629 2380 702 Adjutor
2425 632 2538 701 ejus
2590 647 2609 685 :
2657 640 2711 686 et
2751 646 2858 688 non
2901 644 3115 704 poterat
3180 635 3252 691 ibi
3310 638 3479 694 ullum

1889 720 2102 792 signum
2120 720 2320 789 facere,
2351 732 2575 793 propter
2597 722 3036 782 incredulitatem
3063 742 3250 784 eorum
3294 728 3477 802 (Matt.

1889 813 2030 885 xui).
2067 813 2214 871 Deus
2243 814 2468 884 adjutor
2487 825 2673 872 noster
2710 825 2813 873 est.
2857 816 3115 876 Volentes
3145 830 3200 877 et
3229 820 3486 880 laboran-

1892 913 1973 961 tes
2011 905 2232 975 liberat,
2261 919 2319 964 et
2348 907 2688 965 collaborat:
2723 909 3080 982 dormientes,
3124 921 3180 968 et
3217 923 3482 983 tacentes,

1890 1007 1945 1056 et
1969 1001 2239 1066 nolentes,
2273 1017 2377 1057 non
2428 1001 2643 1058 liberat.
2679 1002 2811 1075 Spes
2842 1004 2954 1075 ejus
3003 1005 3055 1059 in
3103 1004 3328 1062 Domino
3372 1006 3487 1063 Deo

1891 1095 2078 1166 ipsius.
2109 1095 2341 1168 Egregie
2361 1095 2522 1163 dixit,
2554 1113 2690 1170 spes.
2724 1096 2792 1152 Et
2822 1098 2864 1152 si
2891 1099 2942 1153 in
2982 1099 3238 1170 praesenti
3271 1115 3376 1156 non
3418 1100 3484 1156 li-

1891 1186 2066 1253 berat,
2093 1195 2273 1245 tamen
2306 1203 2432 1260 spes
2460 1189 2530 1244 de
2550 1187 2732 1244 futuro
2768 1199 2872 1246 est.
2906 1191 3007 1257 Qui
3057 1193 3178 1263 fecit
3224 1191 3408 1248 caelum
3438 1203 3487 1247 et

1893 1287 2101 1336 terram.
2132 1279 2241 1337 Iste
2267 1282 2412 1338 Deus
2440 1281 2531 1353 qui
2548 1280 2678 1339 fecit
2701 1283 2902 1339 ccelum
2927 1293 2982 1340 ct
3016 1293 3234 1354 terram,
3270 1284 3418 1342 Mare
3439 1295 3488 1341 et

1893 1371 2066 1426 omnia
2096 1387 2211 1437 qua:
2240 1373 2292 1426 in
2320 1373 2392 1426 eis
2423 1382 2561 1428 sunt.
2611 1372 2694 1428 Ad
2730 1376 3197 1446 comparationem
3236 1377 3384 1444 caeli,
3432 1385 3488 1434 et

1894 1475 2077 1536 terras,
2096 1476 2153 1524 et
2173 1468 2364 1536 maris,
2393 1483 2492 1523 nos
2511 1466 2761 1524 homines
2785 1468 3082 1526 secundum
3115 1470 3485 1528 conditionem

1892 1560 2096 1630 carnis,
2119 1561 2198 1618 sic
2219 1576 2408 1617 sumus
2431 1560 2585 1631 quasi
2612 1560 2856 1617 formica:
2886 1573 2940 1619 et
2973 1563 3196 1635 pulices.
3233 1565 3333 1635 Qui
3357 1581 3488 1636 ergo

1892 1653 2092 1711 coelum
2116 1637 2320 1712 recitet
2342 1665 2564 1721 terram,
2585 1653 2860 1712 hominem
2896 1671 3001 1714 non
3035 1668 3218 1731 potest
3247 1660 3484 1720 liberare

1895 1765 2053 1821 quem
2078 1749 2242 1806 fecit?

184 1842 299 1899 bus.
336 1844 507 1901 Hodie
539 1846 660 1913 fuit,
684 1862 807 1904 cras
835 1863 944 1903 non
968 1859 1072 1904 est,
1126 1848 1296 1904 Hodie
1327 1850 1478 1905 illum
1528 1848 1789 1920 prmcedit
1821 1850 1864 1911 Β
1969 1842 2073 1911 Qui
2099 1843 2321 1898 custodit
2352 1845 2614 1900 veritatem
2642 1846 2695 1902 in
2719 1849 2986 1904 sceculum.
3013 1847 3072 1906 Si
3105 1863 3203 1906 nos
3232 1849 3492 1922 opprimit

183 1939 485 2008 exercitus,
532 1949 588 1996 et
634 1954 758 1996 sero
790 1941 844 1996 in
895 1941 1151 2012 sepulcro
1195 1942 1359 2013 jacet.
1407 1943 1536 1998 Post
1583 1951 1786 1998 tantam

182 2036 643 2108 magnitudinem,
700 2046 901 2092 tantam
955 2038 1280 2108 claritatem,
1347 2037 1492 2092 nulla
1553 2036 1790 2093 interce-

183 2125 325 2183 dunt
358 2137 603 2198 tempora
634 2145 648 2182 :
676 2128 729 2183 in
752 2129 944 2185 eodem
971 2139 1246 2185 momento
1286 2127 1490 2185 Christi
1538 2138 1622 2185 est
1652 2143 1789 2200 ope-

181 2222 350 2278 ratio.
383 2220 450 2276 In
476 2222 604 2293 [iliis
635 2221 922 2291 hominum,
948 2223 1002 2276 in
1029 2223 1216 2294 quibus
1256 2239 1361 2278 non
1400 2232 1475 2277 est
1498 2223 1660 2278 salus.
1687 2222 1790 2291 Qui

182 2327 314 2372 sunt
337 2315 647 2386 principes?
670 2314 796 2371 Filii
823 2315 1127 2370 hominum.
1159 2315 1218 2372 Si
1246 2315 1352 2386 ipsi
1378 2314 1628 2370 homines
1651 2313 1790 2370 nihil

181 2416 337 2476 sunt,
361 2407 490 2479 quid
522 2416 650 2463 sunt
677 2407 772 2462 lilii
813 2409 1038 2464 eorum?
1078 2407 1257 2463 Exibit
1297 2409 1532 2479 spiritus.
1586 2405 1790 2479 Cujus?

183 2500 450 2558 hominis.
483 2500 659 2556 Exibit
685 2503 919 2574 spiritus.
955 2502 1051 2557 llic
1081 2503 1336 2572 spiritum
1370 2518 1470 2573 pro
1491 2503 1669 2558 anima
1697 2516 1792 2572 po-

183 2597 288 2651 nit.
315 2595 505 2662 Pater,
537 2596 588 2652 in
614 2610 810 2652 manus
832 2604 953 2652 tuas
974 2597 1300 2653 commendo
1329 2597 1578 2668 spiritum
1608 2611 1792 2653 meum

185 2689 346 2762 (Luc.
374 2691 558 2760 mit).
593 2689 766 2745 Exibit
792 2690 1007 2762 spiritus
1037 2693 1174 2763 ejus,
1202 2698 1250 2745 et
1285 2701 1561 2746 revertetur
1592 2692 1644 2745 in
1695 2701 1796 2746 ter-

181 2800 302 2840 ram
326 2801 496 2840 suam.
519 2782 638 2839 Non
667 2785 890 2855 Spiritus
914 2793 1224 2840 revertetur
1257 2783 1310 2839 in
1333 2793 1536 2840 terram
1589 2799 1740 2840 suam
1777 2801 1790 2838 :

184 2893 300 2934 non
326 2877 472 2932 enim
502 2886 586 2932 est
612 2877 835 2947 spiritus
858 2876 926 2933 de
947 2884 1114 2942 terra,
1130 2877 1227 2933 sed
1248 2877 1525 2949 egreditur
1546 2876 1793 2948 spiritus,

1895 1936 2261 2004 tnendacium,
2307 1953 2414 1994 non
2474 1939 2884 1998 contristemur.
2940 1941 3191 1999 Custodit
3231 1943 3494 2000 Dominus

1897 2031 2181 2086 veritatem
2213 2031 2266 2086 in
2295 2031 2579 2088 saculum.
2613 2033 2809 2090 Nescio
2841 2035 2964 2108 quis
2991 2043 3182 2093 contra
3210 2051 3310 2093 nos
3337 2051 3494 2094 men-

1897 2123 2028 2179 titus
2059 2133 2161 2192 est,
2196 2133 2253 2180 et
2277 2125 2449 2197 magis
2487 2126 2566 2182 illi
2597 2127 2841 2184 creditur
2866 2130 3173 2198 mentienti,
3207 2145 3370 2203 quam
3399 2145 3496 2187 no-

1895 2217 1978 2272 bis
2025 2233 2213 2274 verum
2264 2219 2596 2277 dicentibus.
2665 2220 2783 2277 Non
2838 2222 3101 2280 debemus
3175 2223 3492 2294 desperare.

1893 2309 2146 2367 Custodit
2187 2310 2450 2368 Dominus
2496 2314 2788 2371 veritatem
2831 2315 2888 2370 in
2932 2316 3212 2385 saeculum.
3262 2316 3498 2375 Pulchre

1895 2401 2054 2472 dixit,
2087 2403 2329 2460 custodit.
2361 2402 2610 2461 Custodit
2639 2406 2810 2474 illam,
2847 2415 2902 2462 et
2943 2407 3106 2464 habet
3137 2408 3191 2462 in
3241 2406 3498 2465 thesauro

1895 2511 1996 2552 suo
2031 2515 2043 2551 :
2075 2497 2269 2554 reddet
2301 2498 2460 2554 nobis
2489 2499 2633 2570 quod
2656 2501 2921 2556 servavit.
2957 2500 3058 2568 Qui
3102 2501 3326 2555 custodit
3363 2501 3497 2556 veri-

1895 2598 2048 2646 tatem
2078 2590 2130 2645 in
2170 2591 2440 2648 swculum.
2493 2591 2749 2650 Christus
2801 2601 2886 2650 est
2932 2594 3157 2650 veritas.
3202 2593 3497 2650 Veritatem

1895 2683 2201 2756 loquamur,
2234 2694 2288 2742 et
2337 2686 2544 2742 veritas
2588 2686 2749 2743 nobis
2788 2698 2970 2743 servat
2998 2685 3310 2743 veritatem.
3342 2686 3499 2742 Facit

1886 2779 2153 2852 judicium
2200 2780 2454 2853 injuriam
2504 2781 2838 2852 patientibus.
2885 2781 3111 2838 Etiamsi
3180 2781 3495 2848 tardaverit,

1898 2889 2009 2930 non
2039 2874 2318 2947 desperes.
2369 2875 2626 2943 Veniens,
2679 2877 2888 2946 veniet,
2935 2885 2990 2934 et
3033 2877 3288 2932 salvabit.
3343 2873 3500 2932 Facit

185 2985 245 3032 ct
267 2973 432 3030 homo
464 2983 770 3030 revertetur
796 2975 850 3029 in
873 2983 1077 3030 terram
1122 2989 1298 3028 suam.
1332 2971 1400 3027 In
1428 2973 1522 3028 illa
1549 2973 1631 3028 die
1654 2973 1795 3045 per-i-
1889 2969 2153 3041 judicium
2188 2970 2440 3043 injuriam
2515 2972 2850 3044 patientibus.
2905 2971 3020 3028 Hoc
3085 2973 3262 3029 solum
3317 2972 3388 3028 sit
3443 2973 3500 3030 in

186 3067 322 3123 bunt
350 3083 524 3123 omnes
544 3068 882 3141 cogitationes
903 3083 1103 3123 eorum.
1139 3065 1249 3121 Nos
1280 3066 1378 3138 ipsi
1407 3066 1498 3137 qui
1525 3081 1667 3120 nunc
1683 3064 1792 3137 [AL

187 3159 330 3234 non]
359 3175 548 3216 sumus
575 3161 876 3232 principes,
897 3171 1095 3231 quanta
1127 3158 1368 3230 quotidie
1411 3159 1712 3230 cogitamus
1743 3166 1799 3214 et

1901 3072 2084 3119 nostra
2116 3064 2474 3132 conscientia,
2519 3063 2643 3135 quia
2667 3065 2816 3136 juste
2841 3066 3102 3136 patimur.
3147 3065 3259 3122 Hoc
3292 3066 3499 3122 habea-

1904 3172 2022 3214 mus
2052 3155 2106 3212 in
2136 3159 2493 3229 conscientia,
2526 3159 2651 3230 quia
2678 3176 2778 3216 nos
2808 3171 3030 3232 propter
3061 3171 3281 3232 peccata
3313 3172 3500 3220 nostra

187 3254 456 3321 dicimus,
488 3253 576 3309 die
603 3252 839 3309 crastina
870 3251 1000 3306 illud
1031 3251 1246 3314 faciam,
1284 3250 1564 3306 destruam
1602 3252 1797 3306 horrea
1826 3247 1870 3312 C
1905 3253 2160 3323 patimur,
2187 3263 2243 3310 et
2263 3269 2370 3309 non
2399 3253 2625 3309 facimus
2649 3255 2778 3311 illud
2806 3270 2906 3327 pro
2937 3271 3045 3328 quo
3069 3255 3375 3328 arguimur.
3398 3256 3502 3312 Dat

189 3360 342 3414 mea,
377 3356 432 3401 et
457 3361 673 3401 rursum
723 3344 813 3400 die
849 3344 1085 3400 crastina
1118 3341 1402 3398 aediﬁcabo
1442 3342 1561 3397 illa!
1588 3341 1798 3397 Dicitur

188 3440 333 3498 mihi
361 3459 371 3494 :
400 3439 598 3508 Stulte,
626 3437 729 3494 hac
750 3447 910 3494 nocte
940 3437 1181 3506 rapietur
1203 3437 1386 3492 anima
1413 3445 1535 3504 tua;
1559 3450 1680 3508 qua:
1701 3452 1798 3492 au-

191 3545 308 3592 tem
334 3533 675 3606 praeparasti,
702 3533 861 3603 cujus
891 3544 1054 3589 erunt
1079 3531 1235 3605 (Luc.
1267 3531 1400 3602 xu)?
1446 3533 1559 3588 Iloc
1593 3531 1660 3588 de
1687 3531 1799 3588 illis

191 3628 333 3685 dicit
355 3627 446 3698 qui
477 3627 753 3684 confidunt
777 3628 832 3683 in
861 3627 1500 3699 principibtts.Caeterum
1528 3628 1594 3684 de
1612 3635 1799 3683 sancto

190 3721 333 3793 quid
355 3721 594 3777 dicitur?

275 3817 469 3873 Beatus
490 3818 639 3888 cujus
664 3815 802 3872 Deus
850 3814 1012 3870 Iacob
1041 3814 1253 3887 adjutor
1287 3816 1421 3887 ejus.
1449 3812 1510 3869 Hi
1543 3814 1595 3868 in
1626 3814 1804 3870 curri-

193 3911 307 3970 bus
339 3919 394 3964 ct
420 3909 472 3964 hi
500 3909 552 3964 in
579 3908 757 3979 equis,
785 3924 889 3964 nos
916 3919 1098 3963 autem
1129 3905 1183 3960 in
1211 3906 1429 3962 nomine
1475 3905 1687 3960 Domini
1721 3906 1804 3960 in-

193 4002 529 4061 vocabimus
557 4000 732 4072 (Psal.
758 4000 896 4071 xui).
928 4000 1006 4055 llli
1037 3998 1220 4070 plures
1254 3997 1457 4054 habent
1482 3998 1800 4068 adjutores:

194 4095 302 4154 sed
327 4095 598 4166 principes
619 4103 765 4162 sunt,
799 4094 897 4149 sed
923 4092 1168 4148 homines
1201 4100 1346 4159 sunt,
1387 4092 1483 4147 sed
1515 4099 1802 4148 corruunt.

194 4187 321 4246 Nos
354 4203 516 4242 unum
550 4187 810 4243 habemus
835 4187 926 4258 qui
954 4187 1174 4242 salvare
1197 4193 1398 4256 potest.
1447 4186 1582 4256 Spes
1605 4189 1720 4260 ejus
1749 4187 1803 4241 in

195 4281 439 4339 Domina
462 4279 573 4336 Deo
593 4282 780 4351 ipsius.
835 4279 1126 4336 Videamus
1177 4291 1287 4334 tres
1334 4277 1491 4349 pueri
1539 4280 1666 4350 quid
1715 4279 1802 4335 di-

197 4385 339 4434 cant
364 4377 420 4430 in
453 4377 673 4431 fornace
714 4373 1009 4446 Babylonia
1040 4391 1055 4428 :
1089 4374 1341 4444 quoniam
1369 4382 1528 4428 vocat
1553 4387 1649 4429 eos
1693 4372 1802 4429 Na-

199 4469 636 4529 buchodonosor
665 4484 806 4524 rex:
861 4467 976 4524 Non
1033 4481 1256 4523 necesse
1297 4475 1382 4523 est
1437 4481 1536 4522 nos
1575 4466 1643 4522 de
1699 4468 1805 4523 hoc

198 4568 382 4625 verbo
413 4564 746 4636 respondere
777 4563 894 4620 tibi.
928 4563 1115 4619 Potest
1157 4562 1374 4634 quidem
1425 4578 1525 4620 nos
1570 4564 1713 4621 Deus
1743 4564 1807 4620 li-

1901 3362 2077 3401 escam
2106 3346 2468 3401 esurientibus.
2503 3347 2572 3402 Et
2613 3348 2914 3404 secundum
2956 3348 3193 3405 litteram
3241 3347 3496 3421 aediﬁcat,

1902 3445 1957 3494 et
1999 3438 2046 3494 si
2097 3438 2416 3509 simpliciter
2460 3439 2820 3512 intelligatur,
2879 3440 3111 3497 aediﬁcat
3158 3441 3496 3498 audientem.

1903 3530 2181 3604 ReSpicite
2210 3532 2449 3588 volatilia
2494 3533 2622 3590 (εωιί
2676 3551 2687 3588 :
2735 3534 2861 3605 quia
2917 3550 3025 3591 non
3056 3543 3269 3604 serunt,
3321 3550 3502 3606 neque

1903 3634 2139 3694 metunt,
2192 3633 2247 3682 et
2280 3625 2445 3682 Pater
2488 3635 2670 3682 vester
2717 3626 2960 3684 caelestis
3010 3629 3186 3699 pascit
3234 3628 3347 3684 illa.
3398 3627 3505 3683 Dat

1902 3734 2070 3774 escam
2101 3718 2462 3773 esurientibus.
2512 3718 2892 3774 Esurientibus
2929 3717 3064 3787 dat,
3108 3735 3216 3774 non
3248 3728 3506 3776 eructan-

1905 3811 2073 3868 tibus.
2125 3812 2227 3880 Qui
2273 3827 2403 3884 ergo
2433 3828 2541 3867 non
2589 3811 2752 3868 habet
2792 3814 3118 3882 monachus,
3165 3815 3507 3872 conﬁdenter

1905 3904 2159 3976 accipiat.
2201 3905 2305 3973 Qui
2355 3904 2517 3960 habet
2558 3914 2612 3960 et
2642 3913 2894 3962 eructans
2933 3915 3050 3974 est,
3093 3921 3201 3962 non
3247 3907 3506 3978 accipiat.

1904 3998 2025 4056 Scis
2055 3997 2177 4070 quia
2207 3997 2384 4054 esuris
2420 4015 2433 4052 :
2473 3997 2582 4054 scis
2612 3996 2738 4069 quia
2768 4011 2876 4053 non
2905 3997 3115 4053 habes:
3145 3998 3190 4053 si
3216 3998 3501 4068 esurieris,

1906 4102 1963 4152 et
2007 4109 2112 4152 non
2155 4093 2321 4150 habes
2365 4093 2587 4165 :magis
2626 4092 2723 4148 das
2771 4091 3116 4159 beneﬁcium,
3169 4093 3215 4148 si
3267 4093 3507 4163 accipias

1906 4187 2049 4259 quod
2084 4187 2340 4242 tribuitur
2369 4185 2486 4242 tibi.
2528 4184 2584 4242 Si
2623 4195 2805 4241 autem
2836 4184 3026 4253 habes,
3057 4194 3112 4240 et
3157 4200 3265 4240 non
3305 4185 3500 4256 esuris,

1907 4295 2015 4336 non
2049 4279 2218 4336 debes
2245 4279 2428 4336 cibum
2485 4280 2842 4335 esurientium
2887 4279 3102 4344 tollere,
3155 4287 3211 4335 et
3256 4280 3509 4352 accipere

1908 4382 2206 4429 saturatus.
2255 4372 2456 4443 Accipe
2499 4371 2643 4443 quod
2702 4372 2755 4427 in
2806 4381 3050 4427 ventrem
3101 4370 3325 4440 mittas,
3395 4388 3509 4429 non

1908 4467 2052 4538 quod
2086 4468 2139 4522 in
2180 4465 2456 4522 sacculum
2489 4481 2503 4518 :
2545 4466 2734 4535 accipe
2765 4465 3002 4521 tunicam
3049 4481 3172 4537 quze
3201 4480 3398 4539 corpus
3431 4477 3510 4526 te-

1913 4572 2025 4634 gat,
2058 4579 2164 4617 non
2197 4576 2316 4633 quae
2341 4575 2500 4618 arcas
2528 4559 2770 4631 impleat.
2804 4557 2911 4613 Dat
2941 4574 3111 4614 escam
3149 4561 3510 4621 esurientibus.

199 4659 417 4717 berare
437 4659 506 4716 de
534 4661 752 4714 fornace
791 4655 1025 4712 ardenti.
1063 4655 1168 4712 Sed
1223 4656 1268 4711 si
1312 4672 1416 4712 non
1462 4655 1807 4724 liberaverit,
1834 4654 1891 4716 D
1920 4658 2035 4714 lloc
2077 4656 2376 4714 secundum
2425 4657 2684 4712 litteram.
2727 4655 2990 4711 Dicamus
3037 4664 3093 4713 et
3138 4657 3346 4714 aliter:
3381 4659 3519 4715 Esu-

203 4754 376 4819 scito,
408 4769 527 4822 rex,
555 4753 679 4822 quia
703 4752 989 4822 imaginem
1015 4765 1175 4821 quam
1197 4753 1527 4807 constituisti
1559 4767 1665 4810 non
1684 4752 1815 4808 ado-

203 4861 404 4905 ramus
428 4844 661 4917 (Daniel.
689 4842 766 4914 ν).
797 4842 990 4899 Videte
1017 4842 1203 4898 ﬁdem.
1251 4842 1559 4911 Credimus,
1612 4845 1810 4916 inquit,

205 4939 362 5012 quod
393 4938 628 4994 liberare
665 4946 863 5008 potest.
917 4935 1023 4993 Sed
1077 4936 1122 4992 si
1169 4936 1308 4992 forte
1362 4947 1582 5007 peccata
1625 4948 1811 4995 nostra

205 5032 642 5108 prohibuerint:
677 5040 856 5088 tamen
907 5031 1178 5088 credimus
1228 5041 1284 5088 et
1311 5032 1364 5087 in
1394 5048 1516 5088 eum
1565 5035 1657 5106 qui
1703 5051 1813 5092 non

207 5125 340 5181 vult
365 5125 621 5182 liberare.
643 5123 762 5180 Non
790 5123 934 5181 enim
966 5125 1243 5180 credimus
1267 5125 1318 5180 in
1343 5124 1447 5181 hac
1477 5129 1610 5192 vita,
1635 5128 1729 5184 sed
1756 5130 1811 5185 in

207 5217 423 5278 futura.
458 5216 572 5274 Non
607 5226 894 5288 propterea
920 5216 1189 5274 credimus
1221 5216 1274 5271 in
1303 5217 1482 5287 illum,
1511 5234 1578 5275 ne
1604 5218 1692 5275 hic
1719 5235 1811 5276 ar-

210 5312 449 5369 deamus
482 5327 496 5365 :
527 5309 622 5366 sed
651 5324 720 5368 ne
741 5325 838 5382 per
879 5312 980 5365 ista
1019 5307 1267 5366 incendia
1297 5309 1364 5365 ad
1409 5311 1514 5365 alia
1563 5318 1814 5369 transea-

211 5419 365 5465 mus.
395 5403 632 5462 lncende
661 5405 844 5477 igitur,
872 5419 1118 5477 praepara
1148 5404 1417 5460 caminum
1452 5423 1463 5458 :
1497 5406 1600 5462 iste
1627 5408 1811 5480 ardor,

299 5598 324 5626 ⁸
365 5587 541 5644 Locus
571 5586 798 5658 insignis
824 5585 890 5642 ad
921 5588 1205 5644 veritatem
1248 5588 1494 5658 corporis
1522 5585 1726 5645 Christi
1764 5590 1818 5647 in

217 5663 489 5734 mysterio
542 5659 900 5734 Eucharistim
937 5661 1521 5734 comprobandain‘ex
1563 5663 1821 5719 vetustis-

222 5729 370 5790 simo
400 5741 622 5788 auctore
646 5729 1037 5803 ecclesiastico.
1067 5730 1323 5799 Quamvis
1346 5731 1491 5786 enim
1519 5748 1637 5788 eam
1662 5734 1820 5803 plane

223 5804 609 5862 demoiistrent
633 5803 900 5858 editiones
955 5801 1165 5856 Erasmi
1215 5813 1270 5857 et
1300 5805 1546 5868 Mariani,
1579 5801 1678 5859 ubi
1717 5805 1823 5862 hoc

221 5877 395 5936 modo
415 5876 668 5949 legimus,
685 5876 808 5946 quia
827 5889 945 5929 veru
962 5889 1083 5930 caro
1094 5871 1285 5931 Christi
1304 5885 1399 5931 est.
1415 5875 1666 5933 Cancrum
1680 5876 1824 5933 dica-

1915 4750 2122 4806 riamus
2157 4748 2459 4818 Christum,
2511 4757 2566 4804 et
2595 4749 2713 4818 ipse
2752 4747 2909 4802 nobis
2957 4747 3054 4804 dat
3095 4749 3374 4806 caelestem
3420 4766 3516 4821 pa-

1918 4860 2064 4901 nem.
2113 4844 2315 4900 Panem
2345 4850 2594 4898 nostrum
2629 4840 3006 4913 quotidianum
3045 4842 3111 4898 da
3152 4842 3311 4899 nobis
3353 4841 3516 4902 hodie

1920 4939 2139 5014 (Matth.
2170 4940 2264 5013 v1).
2320 4939 2435 4995 Hoc
2477 4940 2568 5010 qui
2612 4937 2820 5007 dicunt,
2864 4940 3131 4995 esuriunt.
3169 4939 3271 5007 Qui
3318 4955 3514 5010 panem

1918 5034 2257 5101 desiderant,
2317 5033 2586 5089 esuriunt.
2657 5033 2760 5102 Qui
2811 5033 2970 5099 dicit,
3017 5045 3207 5102 panem
3265 5043 3511 5091 nostrum

1920 5128 2296 5202 quotidianum
2341 5126 2409 5182 da
2439 5126 2600 5184 nobis
2628 5126 2813 5194 hodie,
2835 5127 3022 5196 utique
3057 5125 3310 5180 esuriens
3348 5126 3516 5198 loqui-

1922 5232 2028 5279 tur.
2080 5223 2182 5277 Dat
2225 5236 2405 5278 escam
2457 5221 2848 5278 esurientibus.
2900 5220 3060 5275 Putat
3109 5219 3329 5292 aliquis,
3370 5222 3516 5294 quod

1922 5330 2118 5388 panem
2165 5315 2446 5372 caelestem
2476 5315 2545 5370 de
2575 5313 2852 5387 mysteriis
2879 5311 3060 5368 'dicat.
3111 5313 3178 5368 Et
3207 5323 3232 5352 α
3265 5313 3370 5372 hoc
3399 5316 3518 5388 qui.

1925 5408 2050 5466 dem
2101 5409 2420 5479 accipimus,
2479 5407 2605 5478 quia
2661 5419 2792 5462 vere
2849 5419 2979 5463 caro
3037 5405 3246 5464 Christi
3299 5417 3422 5476 est,
3467 5416 3521 5467 et

1928 5607 2063 5657 ntus,
2092 5600 2224 5657 etc.,
2249 5591 2460 5648 auctior
2491 5597 2676 5664 tamen
2705 5598 2789 5664 est
2818 5605 2882 5664 ac
2909 5591 3082 5664 magis
3117 5591 3382 5661 explicata
3411 5594 3520 5654 lec-

1930 5664 2008 5738 tio
2037 5661 2618 5738 manuscripticodicis
2643 5661 3071 5738 Corbeiensish.
3101 5667 3226 5729 154.
3248 5667 3337 5738 qui
3364 5681 3519 5724 com‘

1929 5734 2189 5805 plectitur
2223 5733 2624 5817 expositionem
2671 5734 3064 5817 quinquaginta
3116 5746 3170 5793 et
3197 5733 3320 5793 ocio
3371 5740 3517 5817 psal-

1932 5822 2167 5869 morum,
2201 5821 2382 5876 quam
2409 5808 2641 5876 maxima
2672 5815 2826 5876 parte
2850 5808 2903 5861 in
2942 5823 3070 5864 suos
3092 5808 3517 5869 commentarios

1932 5875 2277 5949 transcripsit
2319 5875 2489 5933 falsus
2519 5875 2622 5938 iste
2646 5875 3010 5950 Hieronymus
3032 5889 3278 5941 veterum
3305 5885 3514 5956 compi-
