  <div class='ocr_page' id='page_1' title='image "/cluster/home/n/w/nwhite01/storage/ocr_20150623/26/hvd.32044015471402/631.png"; bbox 0 0 4008 6336; ppageno 0'>
   <div class='ocr_carea' id='block_1_1' title="bbox 501 339 634 396">
    <p class='ocr_par' dir='ltr' id='par_1_1' title="bbox 501 339 634 396">
     <span class='ocr_line' id='line_1_1' title="bbox 501 339 634 396; baseline -0.008 0"><span class='ocrx_word' id='word_1_1' title='bbox 501 339 634 396; x_wconf 66' lang='grc'><strong>1251</strong></span> 
     </span>
    </p>
   </div>
   <div class='ocr_carea' id='block_1_2' title="bbox 1298 319 2996 391">
    <p class='ocr_par' dir='ltr' id='par_1_2' title="bbox 1298 319 2996 391">
     <span class='ocr_line' id='line_1_2' title="bbox 1298 319 2996 391; baseline -0.008 0"><span class='ocrx_word' id='word_1_2' title='bbox 1298 333 1644 391; x_wconf 75' lang='lat' dir='ltr'><strong>APPENDIX</strong></span> <span class='ocrx_word' id='word_1_3' title='bbox 1683 333 1775 387; x_wconf 87' lang='lat' dir='ltr'><strong>AD</strong></span> <span class='ocrx_word' id='word_1_4' title='bbox 1812 329 2051 386; x_wconf 78' lang='lat' dir='ltr'><strong>TOMUM</strong></span> <span class='ocrx_word' id='word_1_5' title='bbox 2092 323 2445 384; x_wconf 78' lang='lat' dir='ltr'><strong>SEPTIMUM</strong></span> <span class='ocrx_word' id='word_1_6' title='bbox 2485 323 2545 380; x_wconf 90' lang='lat' dir='ltr'><strong>S.</strong></span> <span class='ocrx_word' id='word_1_7' title='bbox 2589 319 2996 379; x_wconf 72' lang='grc' dir='ltr'><strong>ΙΙΙΕΒΟΝΫΜΙ.</strong></span> 
     </span>
    </p>
   </div>
   <div class='ocr_carea' id='block_1_3' title="bbox 3653 315 3778 374">
    <p class='ocr_par' dir='ltr' id='par_1_3' title="bbox 3653 315 3778 374">
     <span class='ocr_line' id='line_1_3' title="bbox 3653 315 3778 374; baseline -0.016 0"><span class='ocrx_word' id='word_1_8' title='bbox 3653 315 3778 374; x_wconf 67' lang='grc'><strong>1252</strong></span> 
     </span>
    </p>
   </div>
   <div class='ocr_carea' id='block_1_4' title="bbox 494 429 3778 523">
    <p class='ocr_par' dir='ltr' id='par_1_4' title="bbox 494 429 3778 523">
     <span class='ocr_line' id='line_1_4' title="bbox 494 429 3778 523; baseline -0.009 -12"><span class='ocrx_word' id='word_1_9' title='bbox 494 469 621 511; x_wconf 91' lang='lat' dir='ltr'><strong>vere</strong></span> <span class='ocrx_word' id='word_1_10' title='bbox 651 453 872 523; x_wconf 80' lang='lat' dir='ltr'><strong>sanguis</strong></span> <span class='ocrx_word' id='word_1_11' title='bbox 891 451 1098 508; x_wconf 91' lang='lat' dir='ltr'><strong>Christi</strong></span> <span class='ocrx_word' id='word_1_12' title='bbox 1123 459 1227 506; x_wconf 89' lang='lat' dir='ltr'><strong>est.</strong></span> <span class='ocrx_word' id='word_1_13' title='bbox 1251 449 1524 505; x_wconf 73' lang='lat' dir='ltr'><strong>Caeterum</strong></span> <span class='ocrx_word' id='word_1_14' title='bbox 1548 447 1798 503; x_wconf 86' lang='lat' dir='ltr'><strong>dicamus</strong></span> <span class='ocrx_word' id='word_1_15' title='bbox 1825 454 1880 498; x_wconf 89' lang='lat' dir='ltr'><strong>et</strong></span> <span class='ocrx_word' id='word_1_16' title='bbox 1905 444 2085 499; x_wconf 89' lang='lat' dir='ltr'><strong>aliter.</strong></span> <span class='ocrx_word' id='word_1_17' title='bbox 2117 447 2168 507; x_wconf 80' lang='grc' dir='ltr'>Α</span> <span class='ocrx_word' id='word_1_18' title='bbox 2268 437 2522 493; x_wconf 75' lang='lat' dir='ltr'><strong>Dominus</strong></span> <span class='ocrx_word' id='word_1_19' title='bbox 2584 435 2807 491; x_wconf 73' lang='lat' dir='ltr'><strong>custodit</strong></span> <span class='ocrx_word' id='word_1_20' title='bbox 2847 434 3069 488; x_wconf 81' lang='lat' dir='ltr'><strong>adrenas</strong></span> <span class='ocrx_word' id='word_1_21' title='bbox 3119 449 3130 484; x_wconf 89' lang='lat'>:</span> <span class='ocrx_word' id='word_1_22' title='bbox 3175 430 3434 523; x_wconf 81' lang='lat' dir='ltr'><strong>pupillum</strong></span> <span class='ocrx_word' id='word_1_23' title='bbox 3491 437 3539 485; x_wconf 91' lang='lat' dir='ltr'><strong>et</strong></span> <span class='ocrx_word' id='word_1_24' title='bbox 3575 429 3778 523; x_wconf 69' lang='lat' dir='ltr'><strong>uiduam</strong></span> 
     </span>
    </p>
   </div>
   <div class='ocr_carea' id='block_1_5' title="bbox 493 536 2092 612">
    <p class='ocr_par' dir='ltr' id='par_1_5' title="bbox 493 536 2092 612">
     <span class='ocr_line' id='line_1_5' title="bbox 493 536 2092 612; baseline -0.009 -9"><span class='ocrx_word' id='word_1_25' title='bbox 493 545 658 603; x_wconf 86' lang='lat' dir='ltr'><strong>Panis</strong></span> <span class='ocrx_word' id='word_1_26' title='bbox 705 543 907 600; x_wconf 86' lang='lat' dir='ltr'><strong>Christi</strong></span> <span class='ocrx_word' id='word_1_27' title='bbox 953 555 1008 599; x_wconf 93' lang='lat' dir='ltr'><strong>et</strong></span> <span class='ocrx_word' id='word_1_28' title='bbox 1051 556 1184 597; x_wconf 91' lang='lat' dir='ltr'><strong>caro</strong></span> <span class='ocrx_word' id='word_1_29' title='bbox 1231 540 1351 612; x_wconf 88' lang='lat' dir='ltr'><strong>ejus</strong></span> <span class='ocrx_word' id='word_1_30' title='bbox 1390 555 1574 595; x_wconf 83' lang='lat' dir='ltr'><strong>sermo</strong></span> <span class='ocrx_word' id='word_1_31' title='bbox 1621 536 1838 592; x_wconf 83' lang='lat' dir='ltr'><strong>divinus</strong></span> <span class='ocrx_word' id='word_1_32' title='bbox 1876 542 1985 598; x_wconf 88' lang='lat' dir='ltr'><strong>est,</strong></span> <span class='ocrx_word' id='word_1_33' title='bbox 2037 541 2092 588; x_wconf 90' lang='lat' dir='ltr'><strong>et</strong></span> 
     </span>
    </p>
   </div>
   <div class='ocr_carea' id='block_1_6' title="bbox 491 628 2092 703">
    <p class='ocr_par' dir='ltr' id='par_1_6' title="bbox 491 628 2092 703">
     <span class='ocr_line' id='line_1_6' title="bbox 491 628 2092 703; baseline -0.011 -7"><span class='ocrx_word' id='word_1_34' title='bbox 491 638 744 696; x_wconf 73' lang='lat' dir='ltr'><strong>doctrina</strong></span> <span class='ocrx_word' id='word_1_35' title='bbox 784 634 1047 693; x_wconf 66' lang='lat' dir='ltr'><strong>caelestis.</strong></span> <span class='ocrx_word' id='word_1_36' title='bbox 1099 633 1438 703; x_wconf 87' lang='lat' dir='ltr'><strong>Quicumque</strong></span> <span class='ocrx_word' id='word_1_37' title='bbox 1488 645 1682 701; x_wconf 88' lang='lat' dir='ltr'><strong>panem</strong></span> <span class='ocrx_word' id='word_1_38' title='bbox 1734 628 1895 682; x_wconf 87' lang='lat' dir='ltr'><strong>istum</strong></span> <span class='ocrx_word' id='word_1_39' title='bbox 1936 640 2092 680; x_wconf 89' lang='lat' dir='ltr'><strong>acce-</strong></span> 
     </span>
    </p>
   </div>
   <div class='ocr_carea' id='block_1_7' title="bbox 493 721 1795 804">
    <p class='ocr_par' dir='ltr' id='par_1_7' title="bbox 493 721 1795 804">
     <span class='ocr_line' id='line_1_7' title="bbox 493 721 1795 804; baseline -0.01 -16"><span class='ocrx_word' id='word_1_40' title='bbox 493 732 659 804; x_wconf 89' lang='lat' dir='ltr'><strong>perit,</strong></span> <span class='ocrx_word' id='word_1_41' title='bbox 688 739 744 786; x_wconf 91' lang='lat' dir='ltr'><strong>et</strong></span> <span class='ocrx_word' id='word_1_42' title='bbox 773 738 1054 786; x_wconf 88' lang='lat' dir='ltr'><strong>saturatos</strong></span> <span class='ocrx_word' id='word_1_43' title='bbox 1085 726 1272 795; x_wconf 89' lang='lat' dir='ltr'><strong>fuerit,</strong></span> <span class='ocrx_word' id='word_1_44' title='bbox 1303 725 1431 796; x_wconf 91' lang='lat' dir='ltr'><strong>quid</strong></span> <span class='ocrx_word' id='word_1_45' title='bbox 1463 723 1588 778; x_wconf 83' lang='lat' dir='ltr'><strong>ﬁet?</strong></span> <span class='ocrx_word' id='word_1_46' title='bbox 1617 721 1795 790; x_wconf 82' lang='lat' dir='ltr'><strong>Quid?</strong></span> 
     </span>
    </p>
   </div>
   <div class='ocr_carea' id='block_1_8' title="bbox 566 815 2089 892">
    <p class='ocr_par' dir='ltr' id='par_1_8' title="bbox 566 815 2089 892">
     <span class='ocr_line' id='line_1_8' title="bbox 566 815 2089 892; baseline -0.007 -16"><span class='ocrx_word' id='word_1_47' title='bbox 566 822 828 878; x_wconf 88' lang='lat' dir='ltr'><strong>Dominus</strong></span> <span class='ocrx_word' id='word_1_48' title='bbox 877 822 1028 876; x_wconf 84' lang='lat' dir='ltr'><strong>solvit</strong></span> <span class='ocrx_word' id='word_1_49' title='bbox 1076 819 1411 892; x_wconf 78' lang='lat' dir='ltr'><strong>compeditos.</strong></span> <span class='ocrx_word' id='word_1_50' title='bbox 1463 816 1521 874; x_wconf 88' lang='lat' dir='ltr'><strong>Si</strong></span> <span class='ocrx_word' id='word_1_51' title='bbox 1563 815 1799 870; x_wconf 90' lang='lat' dir='ltr'><strong>animam</strong></span> <span class='ocrx_word' id='word_1_52' title='bbox 1848 823 2089 868; x_wconf 68' lang='lat' dir='ltr'><strong>nostram</strong></span> 
     </span>
    </p>
   </div>
   <div class='ocr_carea' id='block_1_9' title="bbox 493 905 2094 986">
    <p class='ocr_par' dir='ltr' id='par_1_9' title="bbox 493 905 2094 986">
     <span class='ocr_line' id='line_1_9' title="bbox 493 905 2094 986; baseline -0.007 -15"><span class='ocrx_word' id='word_1_53' title='bbox 493 915 595 973; x_wconf 88' lang='lat' dir='ltr'><strong>iste</strong></span> <span class='ocrx_word' id='word_1_54' title='bbox 641 916 799 986; x_wconf 90' lang='lat' dir='ltr'><strong>panis</strong></span> <span class='ocrx_word' id='word_1_55' title='bbox 849 913 1153 970; x_wconf 89' lang='lat' dir='ltr'><strong>refecerit:</strong></span> <span class='ocrx_word' id='word_1_56' title='bbox 1207 910 1312 966; x_wconf 90' lang='lat' dir='ltr'><strong>hoc</strong></span> <span class='ocrx_word' id='word_1_57' title='bbox 1361 917 1468 978; x_wconf 90' lang='lat' dir='ltr'><strong>est,</strong></span> <span class='ocrx_word' id='word_1_58' title='bbox 1522 922 1707 963; x_wconf 87' lang='lat' dir='ltr'><strong>sermo</strong></span> <span class='ocrx_word' id='word_1_59' title='bbox 1754 905 1990 970; x_wconf 84' lang='lat' dir='ltr'><strong>divinus,</strong></span> <span class='ocrx_word' id='word_1_60' title='bbox 2039 911 2094 959; x_wconf 89' lang='lat' dir='ltr'><strong>et</strong></span> 
     </span>
    </p>
   </div>
   <div class='ocr_carea' id='block_1_10' title="bbox 491 998 2091 1076">
    <p class='ocr_par' dir='ltr' id='par_1_10' title="bbox 491 998 2091 1076">
     <span class='ocr_line' id='line_1_10' title="bbox 491 998 2091 1076; baseline -0.008 -10"><span class='ocrx_word' id='word_1_61' title='bbox 491 1009 741 1066; x_wconf 84' lang='lat' dir='ltr'><strong>doctrina</strong></span> <span class='ocrx_word' id='word_1_62' title='bbox 770 1009 1013 1066; x_wconf 60' lang='lat' dir='ltr'><strong>caelestis</strong></span> <span class='ocrx_word' id='word_1_63' title='bbox 1046 1024 1062 1064; x_wconf 84' lang='lat'><strong>:</strong></span> <span class='ocrx_word' id='word_1_64' title='bbox 1091 1006 1270 1063; x_wconf 89' lang='lat' dir='ltr'><strong>statim</strong></span> <span class='ocrx_word' id='word_1_65' title='bbox 1307 1005 1473 1076; x_wconf 81' lang='lat' dir='ltr'><strong>pedes</strong></span> <span class='ocrx_word' id='word_1_66' title='bbox 1500 1003 1696 1070; x_wconf 85' lang='lat' dir='ltr'><strong>nostri,</strong></span> <span class='ocrx_word' id='word_1_67' title='bbox 1725 1003 1816 1074; x_wconf 88' lang='lat' dir='ltr'><strong>qui</strong></span> <span class='ocrx_word' id='word_1_68' title='bbox 1856 998 2091 1070; x_wconf 82' lang='lat' dir='ltr'><strong>colligati</strong></span> 
     </span>
    </p>
   </div>
   <div class='ocr_carea' id='block_1_11' title="bbox 491 1094 2092 1166">
    <p class='ocr_par' dir='ltr' id='par_1_11' title="bbox 491 1094 2092 1166">
     <span class='ocr_line' id='line_1_11' title="bbox 491 1094 2092 1166; baseline -0.006 -9"><span class='ocrx_word' id='word_1_69' title='bbox 491 1101 742 1166; x_wconf 81' lang='lat' dir='ltr'><strong>fuerant,</strong></span> <span class='ocrx_word' id='word_1_70' title='bbox 788 1101 1094 1156; x_wconf 86' lang='lat' dir='ltr'><strong>solvuntur.</strong></span> <span class='ocrx_word' id='word_1_71' title='bbox 1145 1097 1398 1153; x_wconf 81' lang='lat' dir='ltr'><strong>Dominus</strong></span> <span class='ocrx_word' id='word_1_72' title='bbox 1450 1096 1598 1151; x_wconf 77' lang='lat' dir='ltr'><strong>solvit</strong></span> <span class='ocrx_word' id='word_1_73' title='bbox 1642 1094 1976 1164; x_wconf 73' lang='lat' dir='ltr'><strong>compeditos.</strong></span> <span class='ocrx_word' id='word_1_74' title='bbox 2029 1094 2092 1148; x_wconf 80' lang='lat' dir='ltr'><strong>Et</strong></span> 
     </span>
    </p>
   </div>
   <div class='ocr_carea' id='block_1_12' title="bbox 490 1183 2088 1264">
    <p class='ocr_par' dir='ltr' id='par_1_12' title="bbox 490 1183 2088 1264">
     <span class='ocr_line' id='line_1_12' title="bbox 490 1183 2088 1264; baseline -0.006 -14"><span class='ocrx_word' id='word_1_75' title='bbox 490 1191 730 1250; x_wconf 81' lang='lat' dir='ltr'><strong>Lazarus</strong></span> <span class='ocrx_word' id='word_1_76' title='bbox 761 1193 954 1264; x_wconf 82' lang='lat' dir='ltr'><strong>ligatus</strong></span> <span class='ocrx_word' id='word_1_77' title='bbox 982 1199 1122 1257; x_wconf 88' lang='lat' dir='ltr'><strong>erat,</strong></span> <span class='ocrx_word' id='word_1_78' title='bbox 1167 1199 1221 1248; x_wconf 92' lang='lat' dir='ltr'><strong>et</strong></span> <span class='ocrx_word' id='word_1_79' title='bbox 1259 1190 1398 1246; x_wconf 78' lang='lat' dir='ltr'><strong>dixit</strong></span> <span class='ocrx_word' id='word_1_80' title='bbox 1432 1208 1446 1245; x_wconf 89' lang='lat'><strong>:</strong></span> <span class='ocrx_word' id='word_1_81' title='bbox 1494 1189 1707 1244; x_wconf 86' lang='lat' dir='ltr'><strong>Solvite</strong></span> <span class='ocrx_word' id='word_1_82' title='bbox 1755 1203 1878 1242; x_wconf 92' lang='lat' dir='ltr'><strong>eum</strong></span> <span class='ocrx_word' id='word_1_83' title='bbox 1907 1183 2088 1259; x_wconf 83' lang='lat' dir='ltr'><strong>(Joan.</strong></span> 
     </span>
    </p>
   </div>
   <div class='ocr_carea' id='block_1_13' title="bbox 488 1276 2091 1357">
    <p class='ocr_par' dir='ltr' id='par_1_13' title="bbox 488 1276 2091 1357">
     <span class='ocr_line' id='line_1_13' title="bbox 488 1276 2091 1357; baseline -0.007 -16"><span class='ocrx_word' id='word_1_84' title='bbox 488 1286 589 1357; x_wconf 75' lang='lat' dir='ltr'><strong>XI).</strong></span> <span class='ocrx_word' id='word_1_85' title='bbox 628 1285 878 1340; x_wconf 78' lang='lat' dir='ltr'><strong>Dominus</strong></span> <span class='ocrx_word' id='word_1_86' title='bbox 906 1286 1059 1338; x_wconf 81' lang='lat' dir='ltr'><strong>solvit</strong></span> <span class='ocrx_word' id='word_1_87' title='bbox 1087 1282 1424 1350; x_wconf 75' lang='lat' dir='ltr'><strong>compeditos.</strong></span> <span class='ocrx_word' id='word_1_88' title='bbox 1457 1281 1521 1336; x_wconf 80' lang='lat' dir='ltr'><strong>Et</strong></span> <span class='ocrx_word' id='word_1_89' title='bbox 1562 1280 1672 1334; x_wconf 78' lang='lat' dir='ltr'><strong>tilia</strong></span> <span class='ocrx_word' id='word_1_90' title='bbox 1702 1278 1972 1334; x_wconf 82' lang='lat' dir='ltr'><strong>Abraham</strong></span> <span class='ocrx_word' id='word_1_91' title='bbox 1997 1276 2091 1331; x_wconf 86' lang='lat' dir='ltr'><strong>de-</strong></span> 
     </span>
    </p>
   </div>
   <div class='ocr_carea' id='block_1_14' title="bbox 486 1371 2092 1439">
    <p class='ocr_par' dir='ltr' id='par_1_14' title="bbox 486 1371 2092 1439">
     <span class='ocr_line' id='line_1_14' title="bbox 486 1371 2092 1439; baseline -0.008 -3"><span class='ocrx_word' id='word_1_92' title='bbox 486 1394 606 1436; x_wconf 85' lang='lat' dir='ltr'><strong>cem</strong></span> <span class='ocrx_word' id='word_1_93' title='bbox 640 1389 696 1435; x_wconf 84' lang='lat' dir='ltr'><strong>st</strong></span> <span class='ocrx_word' id='word_1_94' title='bbox 732 1389 856 1434; x_wconf 90' lang='lat' dir='ltr'><strong>octo</strong></span> <span class='ocrx_word' id='word_1_95' title='bbox 886 1393 1059 1433; x_wconf 89' lang='lat' dir='ltr'><strong>annos</strong></span> <span class='ocrx_word' id='word_1_96' title='bbox 1092 1379 1380 1432; x_wconf 84' lang='lat' dir='ltr'><strong>incurvata</strong></span> <span class='ocrx_word' id='word_1_97' title='bbox 1411 1377 1585 1430; x_wconf 88' lang='lat' dir='ltr'><strong>fuerat</strong></span> <span class='ocrx_word' id='word_1_98' title='bbox 1614 1386 1666 1429; x_wconf 91' lang='lat' dir='ltr'><strong>et</strong></span> <span class='ocrx_word' id='word_1_99' title='bbox 1697 1373 1894 1439; x_wconf 89' lang='lat' dir='ltr'><strong>vincta,</strong></span> <span class='ocrx_word' id='word_1_100' title='bbox 1930 1371 2092 1426; x_wconf 63' lang='lat' dir='ltr'><strong>solvi-</strong></span> 
     </span>
    </p>
   </div>
   <div class='ocr_carea' id='block_1_15' title="bbox 485 1464 2088 1540">
    <p class='ocr_par' dir='ltr' id='par_1_15' title="bbox 485 1464 2088 1540">
     <span class='ocr_line' id='line_1_15' title="bbox 485 1464 2088 1540; baseline -0.006 -12"><span class='ocrx_word' id='word_1_101' title='bbox 485 1480 595 1539; x_wconf 88' lang='lat' dir='ltr'><strong>tur,</strong></span> <span class='ocrx_word' id='word_1_102' title='bbox 620 1473 752 1528; x_wconf 85' lang='lat' dir='ltr'><strong>etin</strong></span> <span class='ocrx_word' id='word_1_103' title='bbox 786 1472 983 1528; x_wconf 73' lang='lat' dir='ltr'><strong>ccelum</strong></span> <span class='ocrx_word' id='word_1_104' title='bbox 1017 1471 1259 1540; x_wconf 85' lang='lat' dir='ltr'><strong>respicit.</strong></span> <span class='ocrx_word' id='word_1_105' title='bbox 1289 1469 1480 1523; x_wconf 84' lang='lat' dir='ltr'><strong>Videte</strong></span> <span class='ocrx_word' id='word_1_106' title='bbox 1528 1467 1655 1538; x_wconf 90' lang='lat' dir='ltr'><strong>quid</strong></span> <span class='ocrx_word' id='word_1_107' title='bbox 1698 1465 1769 1520; x_wconf 91' lang='lat' dir='ltr'><strong>ibi</strong></span> <span class='ocrx_word' id='word_1_108' title='bbox 1811 1465 2008 1520; x_wconf 90' lang='lat' dir='ltr'><strong>dicitur</strong></span> <span class='ocrx_word' id='word_1_109' title='bbox 2037 1464 2088 1518; x_wconf 90' lang='lat' dir='ltr'><strong>in</strong></span> 
     </span>
    </p>
   </div>
   <div class='ocr_carea' id='block_1_16' title="bbox 485 1561 2089 1637">
    <p class='ocr_par' dir='ltr' id='par_1_16' title="bbox 485 1561 2089 1637">
     <span class='ocr_line' id='line_1_16' title="bbox 485 1561 2089 1637; baseline -0.006 -13"><span class='ocrx_word' id='word_1_110' title='bbox 485 1565 789 1637; x_wconf 83' lang='lat' dir='ltr'><strong>Evangelia</strong></span> <span class='ocrx_word' id='word_1_111' title='bbox 824 1587 836 1622; x_wconf 91' lang='lat'>:</span> <span class='ocrx_word' id='word_1_112' title='bbox 872 1568 1031 1631; x_wconf 85' lang='lat' dir='ltr'><strong>Ecce,</strong></span> <span class='ocrx_word' id='word_1_113' title='bbox 1079 1567 1273 1636; x_wconf 90' lang='lat' dir='ltr'><strong>inquit,</strong></span> <span class='ocrx_word' id='word_1_114' title='bbox 1306 1563 1551 1633; x_wconf 76' lang='lat' dir='ltr'><strong>quaedam</strong></span> <span class='ocrx_word' id='word_1_115' title='bbox 1584 1572 1705 1622; x_wconf 81' lang='lat' dir='ltr'><strong>erat.</strong></span> <span class='ocrx_word' id='word_1_116' title='bbox 1747 1561 1940 1616; x_wconf 90' lang='lat' dir='ltr'><strong>mulier</strong></span> <span class='ocrx_word' id='word_1_117' title='bbox 1967 1575 2089 1630; x_wconf 75' lang='lat' dir='ltr'><strong>qua:</strong></span> 
     </span>
    </p>
   </div>
   <div class='ocr_carea' id='block_1_17' title="bbox 483 1654 2089 1731">
    <p class='ocr_par' dir='ltr' id='par_1_17' title="bbox 483 1654 2089 1731">
     <span class='ocr_line' id='line_1_17' title="bbox 483 1654 2089 1731; baseline -0.006 -15"><span class='ocrx_word' id='word_1_118' title='bbox 483 1661 738 1731; x_wconf 86' lang='lat' dir='ltr'><strong>spiritum</strong></span> <span class='ocrx_word' id='word_1_119' title='bbox 764 1660 1091 1715; x_wconf 78' lang='lat' dir='ltr'><strong>infirmitatis</strong></span> <span class='ocrx_word' id='word_1_120' title='bbox 1115 1659 1348 1713; x_wconf 84' lang='lat' dir='ltr'><strong>habebat</strong></span> <span class='ocrx_word' id='word_1_121' title='bbox 1375 1656 1566 1712; x_wconf 89' lang='lat' dir='ltr'><strong>decem</strong></span> <span class='ocrx_word' id='word_1_122' title='bbox 1594 1665 1649 1710; x_wconf 90' lang='lat' dir='ltr'><strong>et</strong></span> <span class='ocrx_word' id='word_1_123' title='bbox 1675 1663 1800 1709; x_wconf 89' lang='lat' dir='ltr'><strong>octo</strong></span> <span class='ocrx_word' id='word_1_124' title='bbox 1823 1654 2001 1718; x_wconf 89' lang='lat' dir='ltr'><strong>annis,</strong></span> <span class='ocrx_word' id='word_1_125' title='bbox 2035 1665 2089 1708; x_wconf 89' lang='lat' dir='ltr'><strong>et</strong></span> 
     </span>
    </p>
   </div>
   <div class='ocr_carea' id='block_1_18' title="bbox 481 1743 2142 1824">
    <p class='ocr_par' dir='ltr' id='par_1_18' title="bbox 481 1743 2142 1824">
     <span class='ocr_line' id='line_1_18' title="bbox 481 1743 2142 1824; baseline -0.005 -15"><span class='ocrx_word' id='word_1_126' title='bbox 481 1768 592 1810; x_wconf 87' lang='lat' dir='ltr'><strong>non</strong></span> <span class='ocrx_word' id='word_1_127' title='bbox 625 1761 861 1824; x_wconf 85' lang='lat' dir='ltr'><strong>poterat,</strong></span> <span class='ocrx_word' id='word_1_128' title='bbox 912 1753 1105 1822; x_wconf 81' lang='lat' dir='ltr'><strong>inquit,</strong></span> <span class='ocrx_word' id='word_1_129' title='bbox 1157 1752 1374 1806; x_wconf 87' lang='lat' dir='ltr'><strong>elevare</strong></span> <span class='ocrx_word' id='word_1_130' title='bbox 1429 1751 1694 1804; x_wconf 86' lang='lat' dir='ltr'><strong>cervicem</strong></span> <span class='ocrx_word' id='word_1_131' title='bbox 1739 1743 1891 1821; x_wconf 78' lang='lat' dir='ltr'><strong>(Luc.</strong></span> <span class='ocrx_word' id='word_1_132' title='bbox 1939 1747 2084 1815; x_wconf 66' lang='lat' dir='ltr'><strong>snt).</strong></span> <span class='ocrx_word' id='word_1_133' title='bbox 2131 1747 2142 1756; x_wconf 88' lang='lat'>&#39;</span> 
     </span>
    </p>
   </div>
   <div class='ocr_carea' id='block_1_19' title="bbox 2191 521 3780 599">
    <p class='ocr_par' dir='ltr' id='par_1_19' title="bbox 2191 521 3780 599">
     <span class='ocr_line' id='line_1_19' title="bbox 2191 521 3780 599; baseline -0.008 -15"><span class='ocrx_word' id='word_1_134' title='bbox 2191 529 2453 599; x_wconf 78' lang='lat' dir='ltr'><strong>suscipiet.</strong></span> <span class='ocrx_word' id='word_1_135' title='bbox 2489 527 2554 583; x_wconf 86' lang='lat' dir='ltr'><strong>Et</strong></span> <span class='ocrx_word' id='word_1_136' title='bbox 2585 526 2880 583; x_wconf 85' lang='lat' dir='ltr'><strong>secundum</strong></span> <span class='ocrx_word' id='word_1_137' title='bbox 2907 525 3143 582; x_wconf 82' lang='lat' dir='ltr'><strong>litteram</strong></span> <span class='ocrx_word' id='word_1_138' title='bbox 3176 521 3422 595; x_wconf 86' lang='lat' dir='ltr'><strong>prodest,</strong></span> <span class='ocrx_word' id='word_1_139' title='bbox 3454 521 3710 594; x_wconf 86' lang='lat' dir='ltr'><strong>pupillum</strong></span> <span class='ocrx_word' id='word_1_140' title='bbox 3738 528 3780 573; x_wconf 87' lang='lat' dir='ltr'><strong>et</strong></span> 
     </span>
    </p>
   </div>
   <div class='ocr_carea' id='block_1_20' title="bbox 2189 611 3784 692">
    <p class='ocr_par' dir='ltr' id='par_1_20' title="bbox 2189 611 3784 692">
     <span class='ocr_line' id='line_1_20' title="bbox 2189 611 3784 692; baseline -0.009 -15"><span class='ocrx_word' id='word_1_141' title='bbox 2189 621 2399 677; x_wconf 81' lang='lat' dir='ltr'><strong>viduam</strong></span> <span class='ocrx_word' id='word_1_142' title='bbox 2415 620 2676 692; x_wconf 72' lang='lat' dir='ltr'><strong>suscipiet.</strong></span> <span class='ocrx_word' id='word_1_143' title='bbox 2698 619 2743 674; x_wconf 92' lang='grc' dir='ltr'>Ο</span> <span class='ocrx_word' id='word_1_144' title='bbox 2761 628 2990 690; x_wconf 83' lang='lat' dir='ltr'><strong>martyr,</strong></span> <span class='ocrx_word' id='word_1_145' title='bbox 3009 615 3101 688; x_wconf 90' lang='lat' dir='ltr'><strong>qui</strong></span> <span class='ocrx_word' id='word_1_146' title='bbox 3126 615 3348 681; x_wconf 90' lang='lat' dir='ltr'><strong>teneris,</strong></span> <span class='ocrx_word' id='word_1_147' title='bbox 3367 625 3421 669; x_wconf 89' lang='lat' dir='ltr'><strong>ut</strong></span> <span class='ocrx_word' id='word_1_148' title='bbox 3446 627 3552 685; x_wconf 84' lang='lat' dir='ltr'><strong>pro</strong></span> <span class='ocrx_word' id='word_1_149' title='bbox 3571 627 3660 666; x_wconf 90' lang='lat' dir='ltr'><strong>me</strong></span> <span class='ocrx_word' id='word_1_150' title='bbox 3676 611 3784 664; x_wconf 87' lang='lat' dir='ltr'><strong>fuit-</strong></span> 
     </span>
    </p>
   </div>
   <div class='ocr_carea' id='block_1_21' title="bbox 2189 702 3784 784">
    <p class='ocr_par' dir='ltr' id='par_1_21' title="bbox 2189 702 3784 784">
     <span class='ocr_line' id='line_1_21' title="bbox 2189 702 3784 784; baseline -0.008 -15"><span class='ocrx_word' id='word_1_151' title='bbox 2189 713 2289 770; x_wconf 87' lang='lat' dir='ltr'><strong>das</strong></span> <span class='ocrx_word' id='word_1_152' title='bbox 2310 714 2632 784; x_wconf 85' lang='lat' dir='ltr'><strong>sanguinem</strong></span> <span class='ocrx_word' id='word_1_153' title='bbox 2666 729 2678 765; x_wconf 92' lang='lat'>:</span> <span class='ocrx_word' id='word_1_154' title='bbox 2715 711 2824 766; x_wconf 91' lang='lat' dir='ltr'><strong>noli</strong></span> <span class='ocrx_word' id='word_1_155' title='bbox 2855 710 2925 766; x_wconf 92' lang='lat' dir='ltr'><strong>de</strong></span> <span class='ocrx_word' id='word_1_156' title='bbox 2958 709 3081 764; x_wconf 83' lang='lat' dir='ltr'><strong>ﬁliis</strong></span> <span class='ocrx_word' id='word_1_157' title='bbox 3111 723 3232 764; x_wconf 88' lang='lat' dir='ltr'><strong>esse</strong></span> <span class='ocrx_word' id='word_1_158' title='bbox 3265 706 3562 771; x_wconf 88' lang='lat' dir='ltr'><strong>sollicitus,</strong></span> <span class='ocrx_word' id='word_1_159' title='bbox 3589 703 3699 759; x_wconf 89' lang='lat' dir='ltr'><strong>noli</strong></span> <span class='ocrx_word' id='word_1_160' title='bbox 3724 702 3784 757; x_wconf 91' lang='lat' dir='ltr'><strong>de</strong></span> 
     </span>
    </p>
   </div>
   <div class='ocr_carea' id='block_1_22' title="bbox 2191 795 3784 874">
    <p class='ocr_par' dir='ltr' id='par_1_22' title="bbox 2191 795 3784 874">
     <span class='ocr_line' id='line_1_22' title="bbox 2191 795 3784 874; baseline -0.01 -10"><span class='ocrx_word' id='word_1_161' title='bbox 2191 823 2367 864; x_wconf 81' lang='lat' dir='ltr'><strong>uxore</strong></span> <span class='ocrx_word' id='word_1_162' title='bbox 2394 826 2406 860; x_wconf 91' lang='lat'>:</span> <span class='ocrx_word' id='word_1_163' title='bbox 2439 822 2524 860; x_wconf 88' lang='lat' dir='ltr'><strong>me</strong></span> <span class='ocrx_word' id='word_1_164' title='bbox 2549 805 2753 860; x_wconf 91' lang='lat' dir='ltr'><strong>habent</strong></span> <span class='ocrx_word' id='word_1_165' title='bbox 2773 819 2874 874; x_wconf 90' lang='lat' dir='ltr'><strong>pro</strong></span> <span class='ocrx_word' id='word_1_166' title='bbox 2895 811 2970 858; x_wconf 88' lang='lat' dir='ltr'><strong>te.</strong></span> <span class='ocrx_word' id='word_1_167' title='bbox 3001 802 3258 858; x_wconf 85' lang='lat' dir='ltr'><strong>Dicamus</strong></span> <span class='ocrx_word' id='word_1_168' title='bbox 3274 809 3330 856; x_wconf 91' lang='lat' dir='ltr'><strong>ct</strong></span> <span class='ocrx_word' id='word_1_169' title='bbox 3348 797 3654 856; x_wconf 87' lang='lat' dir='ltr'><strong>secundum</strong></span> <span class='ocrx_word' id='word_1_170' title='bbox 3680 795 3784 864; x_wconf 87' lang='lat' dir='ltr'><strong>spi-</strong></span> 
     </span>
    </p>
   </div>
   <div class='ocr_carea' id='block_1_23' title="bbox 2192 887 3789 970">
    <p class='ocr_par' dir='ltr' id='par_1_23' title="bbox 2192 887 3789 970">
     <span class='ocr_line' id='line_1_23' title="bbox 2192 887 3789 970; baseline -0.008 -15"><span class='ocrx_word' id='word_1_171' title='bbox 2192 900 2354 955; x_wconf 84' lang='lat' dir='ltr'><strong>ritum</strong></span> <span class='ocrx_word' id='word_1_172' title='bbox 2383 918 2394 951; x_wconf 90' lang='lat'><strong>:</strong></span> <span class='ocrx_word' id='word_1_173' title='bbox 2430 897 2699 970; x_wconf 88' lang='lat' dir='ltr'><strong>Pupillum</strong></span> <span class='ocrx_word' id='word_1_174' title='bbox 2724 907 2770 952; x_wconf 88' lang='lat' dir='ltr'><strong>et</strong></span> <span class='ocrx_word' id='word_1_175' title='bbox 2794 897 3000 950; x_wconf 82' lang='lat' dir='ltr'><strong>riduam</strong></span> <span class='ocrx_word' id='word_1_176' title='bbox 3019 894 3280 966; x_wconf 84' lang='lat' dir='ltr'><strong>suscipiet.</strong></span> <span class='ocrx_word' id='word_1_177' title='bbox 3322 892 3396 948; x_wconf 83' lang='lat' dir='ltr'><strong>Pu</strong></span> <span class='ocrx_word' id='word_1_178' title='bbox 3408 892 3598 962; x_wconf 85' lang='lat' dir='ltr'><strong>pllium</strong></span> <span class='ocrx_word' id='word_1_179' title='bbox 3627 887 3789 946; x_wconf 82' lang='lat' dir='ltr'><strong>snscl-</strong></span> 
     </span>
    </p>
   </div>
   <div class='ocr_carea' id='block_1_24' title="bbox 2192 982 3781 1062">
    <p class='ocr_par' dir='ltr' id='par_1_24' title="bbox 2192 982 3781 1062">
     <span class='ocr_line' id='line_1_24' title="bbox 2192 982 3781 1062; baseline -0.008 -16"><span class='ocrx_word' id='word_1_180' title='bbox 2192 993 2322 1062; x_wconf 88' lang='lat' dir='ltr'><strong>pict,</strong></span> <span class='ocrx_word' id='word_1_181' title='bbox 2350 991 2440 1062; x_wconf 86' lang='lat' dir='ltr'><strong>qui</strong></span> <span class='ocrx_word' id='word_1_182' title='bbox 2461 991 2674 1047; x_wconf 80' lang='lat' dir='ltr'><strong>Patrem</strong></span> <span class='ocrx_word' id='word_1_183' title='bbox 2704 992 2870 1045; x_wconf 87' lang='lat' dir='ltr'><strong>Deum</strong></span> <span class='ocrx_word' id='word_1_184' title='bbox 2898 988 3211 1058; x_wconf 81' lang='lat' dir='ltr'><strong>perdiderat</strong></span> <span class='ocrx_word' id='word_1_185' title='bbox 3236 1001 3333 1057; x_wconf 90' lang='lat' dir='ltr'><strong>per</strong></span> <span class='ocrx_word' id='word_1_186' title='bbox 3358 996 3602 1057; x_wconf 77' lang='lat' dir='ltr'><strong>peccata.</strong></span> <span class='ocrx_word' id='word_1_187' title='bbox 3632 982 3695 1036; x_wconf 81' lang='lat' dir='ltr'><strong>Et</strong></span> <span class='ocrx_word' id='word_1_188' title='bbox 3714 982 3781 1035; x_wconf 64' lang='lat' dir='ltr'><strong>cio</strong></span> 
     </span>
    </p>
   </div>
   <div class='ocr_carea' id='block_1_25' title="bbox 2193 1079 3786 1154">
    <p class='ocr_par' dir='ltr' id='par_1_25' title="bbox 2193 1079 3786 1154">
     <span class='ocr_line' id='line_1_25' title="bbox 2193 1079 3786 1154; baseline -0.006 -16"><span class='ocrx_word' id='word_1_189' title='bbox 2193 1084 2349 1138; x_wconf 84' lang='lat' dir='ltr'><strong>dnam</strong></span> <span class='ocrx_word' id='word_1_190' title='bbox 2379 1085 2643 1154; x_wconf 82' lang='lat' dir='ltr'><strong>suscipiet.</strong></span> <span class='ocrx_word' id='word_1_191' title='bbox 2682 1082 2936 1149; x_wconf 77' lang='lat' dir='ltr'><strong>Viduam,</strong></span> <span class='ocrx_word' id='word_1_192' title='bbox 2966 1081 3068 1136; x_wconf 87' lang='lat' dir='ltr'><strong>hoc</strong></span> <span class='ocrx_word' id='word_1_193' title='bbox 3098 1091 3203 1146; x_wconf 86' lang='lat' dir='ltr'><strong>est,</strong></span> <span class='ocrx_word' id='word_1_194' title='bbox 3237 1095 3357 1134; x_wconf 71' lang='lat' dir='ltr'><strong>cum</strong></span> <span class='ocrx_word' id='word_1_195' title='bbox 3386 1079 3630 1132; x_wconf 86' lang='lat' dir='ltr'><strong>animam</strong></span> <span class='ocrx_word' id='word_1_196' title='bbox 3675 1091 3786 1145; x_wconf 73' lang='lat' dir='ltr'><strong>qua:</strong></span> 
     </span>
    </p>
   </div>
   <div class='ocr_carea' id='block_1_26' title="bbox 2193 1170 3788 1246">
    <p class='ocr_par' dir='ltr' id='par_1_26' title="bbox 2193 1170 3788 1246">
     <span class='ocr_line' id='line_1_26' title="bbox 2193 1170 3788 1246; baseline -0.008 -13"><span class='ocrx_word' id='word_1_197' title='bbox 2193 1176 2462 1234; x_wconf 89' lang='lat' dir='ltr'><strong>Chrlstum</strong></span> <span class='ocrx_word' id='word_1_198' title='bbox 2482 1181 2656 1231; x_wconf 91' lang='lat' dir='ltr'><strong>virum</strong></span> <span class='ocrx_word' id='word_1_199' title='bbox 2685 1176 3015 1246; x_wconf 83' lang='lat' dir='ltr'><strong>perdiderat.</strong></span> <span class='ocrx_word' id='word_1_200' title='bbox 3037 1173 3144 1232; x_wconf 90' lang='lat' dir='ltr'><strong>Sed</strong></span> <span class='ocrx_word' id='word_1_201' title='bbox 3159 1173 3279 1228; x_wconf 87' lang='lat' dir='ltr'><strong>vide</strong></span> <span class='ocrx_word' id='word_1_202' title='bbox 3291 1171 3418 1244; x_wconf 89' lang='lat' dir='ltr'><strong>quid</strong></span> <span class='ocrx_word' id='word_1_203' title='bbox 3436 1172 3604 1236; x_wconf 87' lang='lat' dir='ltr'><strong>dicat,</strong></span> <span class='ocrx_word' id='word_1_204' title='bbox 3627 1170 3788 1241; x_wconf 84' lang='lat' dir='ltr'><strong>pupil-</strong></span> 
     </span>
    </p>
   </div>
   <div class='ocr_carea' id='block_1_27' title="bbox 2194 1265 3786 1336">
    <p class='ocr_par' dir='ltr' id='par_1_27' title="bbox 2194 1265 3786 1336">
     <span class='ocr_line' id='line_1_27' title="bbox 2194 1265 3786 1336; baseline -0.004 -11"><span class='ocrx_word' id='word_1_205' title='bbox 2194 1271 2304 1325; x_wconf 87' lang='lat' dir='ltr'><strong>lum</strong></span> <span class='ocrx_word' id='word_1_206' title='bbox 2327 1281 2373 1324; x_wconf 89' lang='lat' dir='ltr'><strong>et</strong></span> <span class='ocrx_word' id='word_1_207' title='bbox 2396 1271 2625 1325; x_wconf 83' lang='lat' dir='ltr'><strong>viduam.</strong></span> <span class='ocrx_word' id='word_1_208' title='bbox 2647 1269 2762 1325; x_wconf 86' lang='lat' dir='ltr'><strong>Non</strong></span> <span class='ocrx_word' id='word_1_209' title='bbox 2787 1270 2942 1336; x_wconf 81' lang='lat' dir='ltr'><strong>dixit,</strong></span> <span class='ocrx_word' id='word_1_210' title='bbox 2970 1268 3241 1324; x_wconf 73' lang='lat' dir='ltr'><strong>custodiet</strong></span> <span class='ocrx_word' id='word_1_211' title='bbox 3270 1287 3284 1322; x_wconf 88' lang='lat'><strong>:</strong></span> <span class='ocrx_word' id='word_1_212' title='bbox 3311 1282 3420 1322; x_wconf 86' lang='lat' dir='ltr'><strong>non</strong></span> <span class='ocrx_word' id='word_1_213' title='bbox 3441 1265 3601 1333; x_wconf 78' lang='lat' dir='ltr'><strong>dixit,</strong></span> <span class='ocrx_word' id='word_1_214' title='bbox 3622 1265 3786 1318; x_wconf 82' lang='lat' dir='ltr'><strong>salva-</strong></span> 
     </span>
    </p>
   </div>
   <div class='ocr_carea' id='block_1_28' title="bbox 2191 1357 3793 1432">
    <p class='ocr_par' dir='ltr' id='par_1_28' title="bbox 2191 1357 3793 1432">
     <span class='ocr_line' id='line_1_28' title="bbox 2191 1357 3793 1432; baseline -0.005 -13"><span class='ocrx_word' id='word_1_215' title='bbox 2191 1363 2272 1419; x_wconf 87' lang='lat' dir='ltr'><strong>bit</strong></span> <span class='ocrx_word' id='word_1_216' title='bbox 2299 1383 2310 1418; x_wconf 90' lang='lat'>:</span> <span class='ocrx_word' id='word_1_217' title='bbox 2339 1365 2454 1424; x_wconf 80' lang='lat' dir='ltr'><strong>sed.</strong></span> <span class='ocrx_word' id='word_1_218' title='bbox 2480 1365 2719 1432; x_wconf 83' lang='lat' dir='ltr'><strong>suscipiet</strong></span> <span class='ocrx_word' id='word_1_219' title='bbox 2743 1383 2757 1418; x_wconf 84' lang='lat'><strong>:</strong></span> <span class='ocrx_word' id='word_1_220' title='bbox 2783 1363 2830 1418; x_wconf 87' lang='lat' dir='ltr'><strong>si</strong></span> <span class='ocrx_word' id='word_1_221' title='bbox 2859 1372 3173 1418; x_wconf 84' lang='lat' dir='ltr'><strong>revertatur</strong></span> <span class='ocrx_word' id='word_1_222' title='bbox 3193 1360 3260 1415; x_wconf 90' lang='lat' dir='ltr'><strong>ad</strong></span> <span class='ocrx_word' id='word_1_223' title='bbox 3283 1360 3521 1427; x_wconf 89' lang='lat' dir='ltr'><strong>Patrem,</strong></span> <span class='ocrx_word' id='word_1_224' title='bbox 3546 1359 3592 1413; x_wconf 88' lang='lat' dir='ltr'><strong>si</strong></span> <span class='ocrx_word' id='word_1_225' title='bbox 3615 1357 3793 1412; x_wconf 88' lang='lat' dir='ltr'><strong>redeat</strong></span> 
     </span>
    </p>
   </div>
   <div class='ocr_carea' id='block_1_29' title="bbox 2193 1450 3790 1525">
    <p class='ocr_par' dir='ltr' id='par_1_29' title="bbox 2193 1450 3790 1525">
     <span class='ocr_line' id='line_1_29' title="bbox 2193 1450 3790 1525; baseline -0.004 -15"><span class='ocrx_word' id='word_1_226' title='bbox 2193 1455 2260 1510; x_wconf 87' lang='lat' dir='ltr'><strong>ad</strong></span> <span class='ocrx_word' id='word_1_227' title='bbox 2289 1455 2562 1512; x_wconf 86' lang='lat' dir='ltr'><strong>maritum.</strong></span> <span class='ocrx_word' id='word_1_228' title='bbox 2591 1455 2657 1510; x_wconf 78' lang='lat' dir='ltr'><strong>Et</strong></span> <span class='ocrx_word' id='word_1_229' title='bbox 2683 1457 2816 1509; x_wconf 80' lang='lat' dir='ltr'><strong>uiam</strong></span> <span class='ocrx_word' id='word_1_230' title='bbox 2837 1466 3163 1525; x_wconf 85' lang='lat' dir='ltr'><strong>peccatorum</strong></span> <span class='ocrx_word' id='word_1_231' title='bbox 3184 1453 3462 1525; x_wconf 85' lang='lat' dir='ltr'><strong>disperdet.</strong></span> <span class='ocrx_word' id='word_1_232' title='bbox 3492 1451 3611 1506; x_wconf 83' lang='lat' dir='ltr'><strong>Non</strong></span> <span class='ocrx_word' id='word_1_233' title='bbox 3637 1450 3790 1514; x_wconf 78' lang='lat' dir='ltr'><strong>dixit,</strong></span> 
     </span>
    </p>
   </div>
   <div class='ocr_carea' id='block_1_30' title="bbox 2192 1546 3792 1621">
    <p class='ocr_par' dir='ltr' id='par_1_30' title="bbox 2192 1546 3792 1621">
     <span class='ocr_line' id='line_1_30' title="bbox 2192 1546 3792 1621; baseline -0.003 -16"><span class='ocrx_word' id='word_1_234' title='bbox 2192 1561 2514 1620; x_wconf 79' lang='lat' dir='ltr'><strong>peccatores</strong></span> <span class='ocrx_word' id='word_1_235' title='bbox 2539 1551 2815 1621; x_wconf 78' lang='lat' dir='ltr'><strong>disperdat</strong></span> <span class='ocrx_word' id='word_1_236' title='bbox 2854 1568 2865 1602; x_wconf 90' lang='lat'>:</span> <span class='ocrx_word' id='word_1_237' title='bbox 2913 1549 3009 1604; x_wconf 87' lang='lat' dir='ltr'><strong>sed</strong></span> <span class='ocrx_word' id='word_1_238' title='bbox 3040 1548 3340 1604; x_wconf 85' lang='lat' dir='ltr'><strong>secundum</strong></span> <span class='ocrx_word' id='word_1_239' title='bbox 3387 1546 3625 1616; x_wconf 88' lang='lat' dir='ltr'><strong>primum</strong></span> <span class='ocrx_word' id='word_1_240' title='bbox 3657 1547 3792 1615; x_wconf 81' lang='lat' dir='ltr'><strong>psal-</strong></span> 
     </span>
    </p>
   </div>
   <div class='ocr_carea' id='block_1_31' title="bbox 2194 1640 3789 1718">
    <p class='ocr_par' dir='ltr' id='par_1_31' title="bbox 2194 1640 3789 1718">
     <span class='ocr_line' id='line_1_31' title="bbox 2194 1640 3789 1718; baseline -0.003 -18"><span class='ocrx_word' id='word_1_241' title='bbox 2194 1661 2363 1711; x_wconf 89' lang='lat' dir='ltr'><strong>mum,</strong></span> <span class='ocrx_word' id='word_1_242' title='bbox 2415 1656 2469 1702; x_wconf 74' lang='lat' dir='ltr'><strong>et</strong></span> <span class='ocrx_word' id='word_1_243' title='bbox 2518 1646 2623 1702; x_wconf 90' lang='lat' dir='ltr'><strong>iter</strong></span> <span class='ocrx_word' id='word_1_244' title='bbox 2671 1645 2959 1718; x_wconf 87' lang='lat' dir='ltr'><strong>impiorum</strong></span> <span class='ocrx_word' id='word_1_245' title='bbox 3009 1643 3230 1715; x_wconf 89' lang='lat' dir='ltr'><strong>peribit.</strong></span> <span class='ocrx_word' id='word_1_246' title='bbox 3287 1641 3346 1699; x_wconf 83' lang='lat' dir='ltr'><strong>Si</strong></span> <span class='ocrx_word' id='word_1_247' title='bbox 3383 1641 3662 1712; x_wconf 86' lang='lat' dir='ltr'><strong>justorum</strong></span> <span class='ocrx_word' id='word_1_248' title='bbox 3711 1640 3789 1696; x_wconf 81' lang='lat' dir='ltr'><strong>via</strong></span> 
     </span>
    </p>
   </div>
   <div class='ocr_carea' id='block_1_32' title="bbox 2191 1731 3789 1808">
    <p class='ocr_par' dir='ltr' id='par_1_32' title="bbox 2191 1731 3789 1808">
     <span class='ocr_line' id='line_1_32' title="bbox 2191 1731 3789 1808; baseline -0.003 -16"><span class='ocrx_word' id='word_1_249' title='bbox 2191 1736 2444 1794; x_wconf 89' lang='lat' dir='ltr'><strong>Christus</strong></span> <span class='ocrx_word' id='word_1_250' title='bbox 2500 1751 2619 1804; x_wconf 87' lang='lat' dir='ltr'><strong>est,</strong></span> <span class='ocrx_word' id='word_1_251' title='bbox 2676 1749 3018 1808; x_wconf 85' lang='lat' dir='ltr'><strong>peccatorum</strong></span> <span class='ocrx_word' id='word_1_252' title='bbox 3091 1739 3178 1790; x_wconf 88' lang='lat' dir='ltr'><strong>via</strong></span> <span class='ocrx_word' id='word_1_253' title='bbox 3226 1735 3477 1790; x_wconf 85' lang='lat' dir='ltr'><strong>diabolus</strong></span> <span class='ocrx_word' id='word_1_254' title='bbox 3538 1743 3648 1790; x_wconf 90' lang='lat' dir='ltr'><strong>est.</strong></span> <span class='ocrx_word' id='word_1_255' title='bbox 3724 1731 3789 1788; x_wconf 83' lang='lat' dir='ltr'><strong>Et</strong></span> 
     </span>
    </p>
   </div>
   <div class='ocr_carea' id='block_1_33' title="bbox 483 1830 3790 1918">
    <p class='ocr_par' dir='ltr' id='par_1_33' title="bbox 483 1830 3790 1918">
     <span class='ocr_line' id='line_1_33' title="bbox 483 1830 3790 1918; baseline -0.005 -17"><span class='ocrx_word' id='word_1_256' title='bbox 483 1847 754 1915; x_wconf 81' lang='lat' dir='ltr'><strong>Quoniam</strong></span> <span class='ocrx_word' id='word_1_257' title='bbox 806 1846 1056 1918; x_wconf 89' lang='lat' dir='ltr'><strong>spiritum</strong></span> <span class='ocrx_word' id='word_1_258' title='bbox 1107 1844 1439 1900; x_wconf 80' lang='lat' dir='ltr'><strong>inﬁrmitatis</strong></span> <span class='ocrx_word' id='word_1_259' title='bbox 1498 1842 1767 1908; x_wconf 88' lang='lat' dir='ltr'><strong>habebat,</strong></span> <span class='ocrx_word' id='word_1_260' title='bbox 1821 1842 2087 1896; x_wconf 76' lang='lat' dir='ltr'><strong>cervicem</strong></span> <span class='ocrx_word' id='word_1_261' title='bbox 2121 1831 2331 1891; x_wconf 73' lang='lat' dir='ltr'><strong>lirium</strong></span> <span class='ocrx_word' id='word_1_262' title='bbox 2361 1842 2687 1904; x_wconf 83' lang='lat' dir='ltr'><strong>peccatorum</strong></span> <span class='ocrx_word' id='word_1_263' title='bbox 2735 1832 3019 1902; x_wconf 83' lang='lat' dir='ltr'><strong>disperdet.</strong></span> <span class='ocrx_word' id='word_1_264' title='bbox 3067 1830 3319 1884; x_wconf 85' lang='lat' dir='ltr'><strong>Omnium</strong></span> <span class='ocrx_word' id='word_1_265' title='bbox 3363 1842 3495 1899; x_wconf 81' lang='lat' dir='ltr'><strong>ergo</strong></span> <span class='ocrx_word' id='word_1_266' title='bbox 3543 1834 3790 1899; x_wconf 79' lang='lat' dir='ltr'><strong>peccato-</strong></span> 
     </span>
    </p>
   </div>
   <div class='ocr_carea' id='block_1_34' title="bbox 486 1934 2086 2009">
    <p class='ocr_par' dir='ltr' id='par_1_34' title="bbox 486 1934 2086 2009">
     <span class='ocr_line' id='line_1_34' title="bbox 486 1934 2086 2009; baseline -0.006 -13"><span class='ocrx_word' id='word_1_267' title='bbox 486 1955 705 1996; x_wconf 89' lang='lat' dir='ltr'><strong>sursum</strong></span> <span class='ocrx_word' id='word_1_268' title='bbox 736 1940 917 1994; x_wconf 87' lang='lat' dir='ltr'><strong>levare</strong></span> <span class='ocrx_word' id='word_1_269' title='bbox 950 1954 1056 1993; x_wconf 89' lang='lat' dir='ltr'><strong>non</strong></span> <span class='ocrx_word' id='word_1_270' title='bbox 1088 1946 1325 2009; x_wconf 85' lang='lat' dir='ltr'><strong>poterat.</strong></span> <span class='ocrx_word' id='word_1_271' title='bbox 1354 1935 1606 1990; x_wconf 85' lang='lat' dir='ltr'><strong>Dominus</strong></span> <span class='ocrx_word' id='word_1_272' title='bbox 1647 1935 1798 1989; x_wconf 87' lang='lat' dir='ltr'><strong>solvit</strong></span> <span class='ocrx_word' id='word_1_273' title='bbox 1827 1934 2086 1998; x_wconf 86' lang='lat' dir='ltr'><strong>compedi-</strong></span> 
     </span>
    </p>
   </div>
   <div class='ocr_carea' id='block_1_35' title="bbox 480 2025 2084 2101">
    <p class='ocr_par' dir='ltr' id='par_1_35' title="bbox 480 2025 2084 2101">
     <span class='ocr_line' id='line_1_35' title="bbox 480 2025 2084 2101; baseline -0.006 -14"><span class='ocrx_word' id='word_1_274' title='bbox 480 2042 582 2088; x_wconf 90' lang='lat' dir='ltr'><strong>tos.</strong></span> <span class='ocrx_word' id='word_1_275' title='bbox 627 2032 730 2101; x_wconf 84' lang='lat' dir='ltr'><strong>Ipsi</strong></span> <span class='ocrx_word' id='word_1_276' title='bbox 780 2041 905 2086; x_wconf 91' lang='lat' dir='ltr'><strong>suut</strong></span> <span class='ocrx_word' id='word_1_277' title='bbox 948 2029 1242 2099; x_wconf 80' lang='lat' dir='ltr'><strong>compedes</strong></span> <span class='ocrx_word' id='word_1_278' title='bbox 1283 2045 1402 2099; x_wconf 64' lang='lat' dir='ltr'><strong>qum</strong></span> <span class='ocrx_word' id='word_1_279' title='bbox 1444 2037 1499 2082; x_wconf 92' lang='lat' dir='ltr'><strong>et</strong></span> <span class='ocrx_word' id='word_1_280' title='bbox 1546 2043 1761 2096; x_wconf 79' lang='lat' dir='ltr'><strong>Opera:</strong></span> <span class='ocrx_word' id='word_1_281' title='bbox 1816 2025 2084 2092; x_wconf 77' lang='lat' dir='ltr'><strong>siquidem</strong></span> 
     </span>
    </p>
   </div>
   <div class='ocr_carea' id='block_1_36' title="bbox 479 2119 2088 2196">
    <p class='ocr_par' dir='ltr' id='par_1_36' title="bbox 479 2119 2088 2196">
     <span class='ocr_line' id='line_1_36' title="bbox 479 2119 2088 2196; baseline -0.007 -13"><span class='ocrx_word' id='word_1_282' title='bbox 479 2127 673 2183; x_wconf 85' lang='lat' dir='ltr'><strong>eadem</strong></span> <span class='ocrx_word' id='word_1_283' title='bbox 707 2134 954 2196; x_wconf 84' lang='lat' dir='ltr'><strong>peccata,</strong></span> <span class='ocrx_word' id='word_1_284' title='bbox 987 2141 1104 2193; x_wconf 69' lang='lat' dir='ltr'><strong>quae</strong></span> <span class='ocrx_word' id='word_1_285' title='bbox 1147 2123 1388 2178; x_wconf 88' lang='lat' dir='ltr'><strong>cervices</strong></span> <span class='ocrx_word' id='word_1_286' title='bbox 1437 2131 1648 2174; x_wconf 87' lang='lat' dir='ltr'><strong>nostras</strong></span> <span class='ocrx_word' id='word_1_287' title='bbox 1691 2119 1990 2189; x_wconf 79' lang='lat' dir='ltr'><strong>excipiunt,</strong></span> <span class='ocrx_word' id='word_1_288' title='bbox 2033 2126 2088 2172; x_wconf 92' lang='lat' dir='ltr'><strong>et</strong></span> 
     </span>
    </p>
   </div>
   <div class='ocr_carea' id='block_1_37' title="bbox 477 2214 2086 2291">
    <p class='ocr_par' dir='ltr' id='par_1_37' title="bbox 477 2214 2086 2291">
     <span class='ocr_line' id='line_1_37' title="bbox 477 2214 2086 2291; baseline -0.005 -16"><span class='ocrx_word' id='word_1_289' title='bbox 477 2218 649 2291; x_wconf 78' lang='lat' dir='ltr'><strong>ligant</strong></span> <span class='ocrx_word' id='word_1_290' title='bbox 690 2219 876 2288; x_wconf 85' lang='lat' dir='ltr'><strong>pedes.</strong></span> <span class='ocrx_word' id='word_1_291' title='bbox 938 2217 1276 2287; x_wconf 86' lang='lat' dir='ltr'><strong>Quicumque</strong></span> <span class='ocrx_word' id='word_1_292' title='bbox 1316 2214 1656 2284; x_wconf 88' lang='lat' dir='ltr'><strong>compeditos</strong></span> <span class='ocrx_word' id='word_1_293' title='bbox 1701 2223 1807 2276; x_wconf 91' lang='lat' dir='ltr'><strong>est,</strong></span> <span class='ocrx_word' id='word_1_294' title='bbox 1862 2227 2086 2267; x_wconf 87' lang='lat' dir='ltr'><strong>currere</strong></span> 
     </span>
    </p>
   </div>
   <div class='ocr_carea' id='block_1_38' title="bbox 475 2303 2086 2384">
    <p class='ocr_par' dir='ltr' id='par_1_38' title="bbox 475 2303 2086 2384">
     <span class='ocr_line' id='line_1_38' title="bbox 475 2303 2086 2384; baseline -0.007 -15"><span class='ocrx_word' id='word_1_295' title='bbox 475 2328 585 2369; x_wconf 83' lang='lat' dir='ltr'><strong>non</strong></span> <span class='ocrx_word' id='word_1_296' title='bbox 638 2322 837 2384; x_wconf 85' lang='lat' dir='ltr'><strong>potest.</strong></span> <span class='ocrx_word' id='word_1_297' title='bbox 885 2313 1229 2380; x_wconf 83' lang='lat' dir='ltr'><strong>Quicumque</strong></span> <span class='ocrx_word' id='word_1_298' title='bbox 1274 2308 1616 2376; x_wconf 81' lang='lat' dir='ltr'><strong>compeditus</strong></span> <span class='ocrx_word' id='word_1_299' title='bbox 1655 2314 1759 2370; x_wconf 89' lang='lat' dir='ltr'><strong>est,</strong></span> <span class='ocrx_word' id='word_1_300' title='bbox 1809 2305 1861 2358; x_wconf 90' lang='lat' dir='ltr'><strong>in</strong></span> <span class='ocrx_word' id='word_1_301' title='bbox 1907 2303 2086 2360; x_wconf 80' lang='lat' dir='ltr'><strong>stadio</strong></span> 
     </span>
    </p>
   </div>
   <div class='ocr_carea' id='block_1_39' title="bbox 472 2385 2084 2473">
    <p class='ocr_par' dir='ltr' id='par_1_39' title="bbox 472 2385 2084 2473">
     <span class='ocr_line' id='line_1_39' title="bbox 472 2385 2084 2473; baseline -0.006 -13"><span class='ocrx_word' id='word_1_302' title='bbox 472 2404 675 2460; x_wconf 85' lang='lat' dir='ltr'><strong>Christi</strong></span> <span class='ocrx_word' id='word_1_303' title='bbox 698 2419 920 2460; x_wconf 88' lang='lat' dir='ltr'><strong>currere</strong></span> <span class='ocrx_word' id='word_1_304' title='bbox 942 2418 1048 2458; x_wconf 89' lang='lat' dir='ltr'><strong>non</strong></span> <span class='ocrx_word' id='word_1_305' title='bbox 1079 2385 1278 2473; x_wconf 81' lang='lat' dir='ltr'><strong>potest.</strong></span> <span class='ocrx_word' id='word_1_306' title='bbox 1304 2401 1724 2470; x_wconf 67' lang='lat' dir='ltr'><strong>Pricgravantur</strong></span> <span class='ocrx_word' id='word_1_307' title='bbox 1748 2399 1893 2452; x_wconf 87' lang='lat' dir='ltr'><strong>cnim</strong></span> <span class='ocrx_word' id='word_1_308' title='bbox 1919 2396 2084 2466; x_wconf 85' lang='lat' dir='ltr'><strong>pedes</strong></span> 
     </span>
    </p>
   </div>
   <div class='ocr_carea' id='block_1_40' title="bbox 472 2492 2085 2568">
    <p class='ocr_par' dir='ltr' id='par_1_40' title="bbox 472 2492 2085 2568">
     <span class='ocr_line' id='line_1_40' title="bbox 472 2492 2085 2568; baseline -0.008 -12"><span class='ocrx_word' id='word_1_309' title='bbox 472 2499 856 2568; x_wconf 87' lang='lat' dir='ltr'><strong>compedibus,</strong></span> <span class='ocrx_word' id='word_1_310' title='bbox 886 2507 943 2552; x_wconf 91' lang='lat' dir='ltr'><strong>et</strong></span> <span class='ocrx_word' id='word_1_311' title='bbox 974 2506 1298 2567; x_wconf 91' lang='lat' dir='ltr'><strong>premuntur</strong></span> <span class='ocrx_word' id='word_1_312' title='bbox 1341 2495 1392 2550; x_wconf 92' lang='lat' dir='ltr'><strong>in</strong></span> <span class='ocrx_word' id='word_1_313' title='bbox 1439 2504 1603 2558; x_wconf 89' lang='lat' dir='ltr'><strong>terra,</strong></span> <span class='ocrx_word' id='word_1_314' title='bbox 1640 2503 1696 2547; x_wconf 91' lang='lat' dir='ltr'><strong>et</strong></span> <span class='ocrx_word' id='word_1_315' title='bbox 1737 2492 2085 2561; x_wconf 86' lang='lat' dir='ltr'><strong>conliguntur</strong></span> 
     </span>
    </p>
   </div>
   <div class='ocr_carea' id='block_1_41' title="bbox 476 2582 2079 2657">
    <p class='ocr_par' dir='ltr' id='par_1_41' title="bbox 476 2582 2079 2657">
     <span class='ocr_line' id='line_1_41' title="bbox 476 2582 2079 2657; baseline -0.008 -10"><span class='ocrx_word' id='word_1_316' title='bbox 476 2591 532 2647; x_wconf 89' lang='lat' dir='ltr'><strong>in</strong></span> <span class='ocrx_word' id='word_1_317' title='bbox 568 2601 733 2646; x_wconf 89' lang='lat' dir='ltr'><strong>terra.</strong></span> <span class='ocrx_word' id='word_1_318' title='bbox 767 2587 1021 2644; x_wconf 85' lang='lat' dir='ltr'><strong>Dominus</strong></span> <span class='ocrx_word' id='word_1_319' title='bbox 1045 2587 1200 2643; x_wconf 85' lang='lat' dir='ltr'><strong>solvit</strong></span> <span class='ocrx_word' id='word_1_320' title='bbox 1227 2585 1562 2657; x_wconf 85' lang='lat' dir='ltr'><strong>compeditos.</strong></span> <span class='ocrx_word' id='word_1_321' title='bbox 1591 2583 1782 2638; x_wconf 84' lang='lat' dir='ltr'><strong>Videte</strong></span> <span class='ocrx_word' id='word_1_322' title='bbox 1807 2582 2079 2636; x_wconf 89' lang='lat' dir='ltr'><strong>ordinem.</strong></span> 
     </span>
    </p>
   </div>
   <div class='ocr_carea' id='block_1_42' title="bbox 478 2672 2082 2739">
    <p class='ocr_par' dir='ltr' id='par_1_42' title="bbox 478 2672 2082 2739">
     <span class='ocr_line' id='line_1_42' title="bbox 478 2672 2082 2739; baseline -0.006 -1"><span class='ocrx_word' id='word_1_323' title='bbox 478 2682 587 2739; x_wconf 90' lang='lat' dir='ltr'><strong>Dat</strong></span> <span class='ocrx_word' id='word_1_324' title='bbox 635 2699 803 2736; x_wconf 86' lang='lat' dir='ltr'><strong>escam</strong></span> <span class='ocrx_word' id='word_1_325' title='bbox 837 2680 1197 2736; x_wconf 83' lang='lat' dir='ltr'><strong>esurientibus.</strong></span> <span class='ocrx_word' id='word_1_326' title='bbox 1236 2678 1473 2732; x_wconf 88' lang='lat' dir='ltr'><strong>Primum</strong></span> <span class='ocrx_word' id='word_1_327' title='bbox 1518 2676 1840 2730; x_wconf 89' lang='lat' dir='ltr'><strong>esurimus:</strong></span> <span class='ocrx_word' id='word_1_328' title='bbox 1885 2672 2082 2728; x_wconf 85' lang='lat' dir='ltr'><strong>deinde</strong></span> 
     </span>
    </p>
   </div>
   <div class='ocr_carea' id='block_1_43' title="bbox 474 2766 2078 2852">
    <p class='ocr_par' dir='ltr' id='par_1_43' title="bbox 474 2766 2078 2852">
     <span class='ocr_line' id='line_1_43' title="bbox 474 2766 2078 2852; baseline -0.009 -20"><span class='ocrx_word' id='word_1_329' title='bbox 474 2778 776 2852; x_wconf 87' lang='lat' dir='ltr'><strong>accipimus</strong></span> <span class='ocrx_word' id='word_1_330' title='bbox 821 2775 1026 2830; x_wconf 89' lang='lat' dir='ltr'><strong>cibum.</strong></span> <span class='ocrx_word' id='word_1_331' title='bbox 1078 2773 1210 2827; x_wconf 91' lang='lat' dir='ltr'><strong>Cum</strong></span> <span class='ocrx_word' id='word_1_332' title='bbox 1279 2781 1460 2828; x_wconf 89' lang='lat' dir='ltr'><strong>autem</strong></span> <span class='ocrx_word' id='word_1_333' title='bbox 1513 2767 1741 2824; x_wconf 91' lang='lat' dir='ltr'><strong>saturati</strong></span> <span class='ocrx_word' id='word_1_334' title='bbox 1796 2766 2078 2832; x_wconf 81' lang='lat' dir='ltr'><strong>fuerimus,</strong></span> 
     </span>
    </p>
   </div>
   <div class='ocr_carea' id='block_1_44' title="bbox 473 2860 2078 2939">
    <p class='ocr_par' dir='ltr' id='par_1_44' title="bbox 473 2860 2078 2939">
     <span class='ocr_line' id='line_1_44' title="bbox 473 2860 2078 2939; baseline -0.008 -13"><span class='ocrx_word' id='word_1_335' title='bbox 473 2870 765 2926; x_wconf 86' lang='lat' dir='ltr'><strong>solvuntur</strong></span> <span class='ocrx_word' id='word_1_336' title='bbox 796 2867 962 2939; x_wconf 76' lang='lat' dir='ltr'><strong>ped-cs</strong></span> <span class='ocrx_word' id='word_1_337' title='bbox 1003 2865 1197 2932; x_wconf 91' lang='lat' dir='ltr'><strong>nostri,</strong></span> <span class='ocrx_word' id='word_1_338' title='bbox 1231 2865 1320 2936; x_wconf 88' lang='lat' dir='ltr'><strong>qui</strong></span> <span class='ocrx_word' id='word_1_339' title='bbox 1352 2861 1645 2933; x_wconf 86' lang='lat' dir='ltr'><strong>compediti</strong></span> <span class='ocrx_word' id='word_1_340' title='bbox 1680 2861 1909 2916; x_wconf 84' lang='lat' dir='ltr'><strong>fuerant.</strong></span> <span class='ocrx_word' id='word_1_341' title='bbox 1943 2860 2078 2914; x_wconf 91' lang='lat' dir='ltr'><strong>Cum</strong></span> 
     </span>
    </p>
   </div>
   <div class='ocr_carea' id='block_1_45' title="bbox 476 2951 2082 3028">
    <p class='ocr_par' dir='ltr' id='par_1_45' title="bbox 476 2951 2082 3028">
     <span class='ocr_line' id='line_1_45' title="bbox 476 2951 2082 3028; baseline -0.007 -11"><span class='ocrx_word' id='word_1_342' title='bbox 476 2974 658 3017; x_wconf 90' lang='lat' dir='ltr'><strong>autem</strong></span> <span class='ocrx_word' id='word_1_343' title='bbox 708 2960 992 3015; x_wconf 89' lang='lat' dir='ltr'><strong>ambulare</strong></span> <span class='ocrx_word' id='word_1_344' title='bbox 1043 2960 1314 3028; x_wconf 70' lang='lat' dir='ltr'><strong>cmperint</strong></span> <span class='ocrx_word' id='word_1_345' title='bbox 1361 2956 1533 3010; x_wconf 90' lang='lat' dir='ltr'><strong>libere</strong></span> <span class='ocrx_word' id='word_1_346' title='bbox 1563 3000 1576 3021; x_wconf 87' lang='lat'><strong>,</strong></span> <span class='ocrx_word' id='word_1_347' title='bbox 1624 2955 1753 3024; x_wconf 86' lang='lat' dir='ltr'><strong>quid</strong></span> <span class='ocrx_word' id='word_1_348' title='bbox 1796 2951 2082 3023; x_wconf 85' lang='lat' dir='ltr'><strong>sequitur?</strong></span> 
     </span>
    </p>
   </div>
   <div class='ocr_carea' id='block_1_46' title="bbox 473 3042 2080 3117">
    <p class='ocr_par' dir='ltr' id='par_1_46' title="bbox 473 3042 2080 3117">
     <span class='ocr_line' id='line_1_46' title="bbox 473 3042 2080 3117; baseline -0.006 -9"><span class='ocrx_word' id='word_1_349' title='bbox 473 3051 735 3108; x_wconf 86' lang='lat' dir='ltr'><strong>Dominus</strong></span> <span class='ocrx_word' id='word_1_350' title='bbox 778 3051 1040 3106; x_wconf 85' lang='lat' dir='ltr'><strong>illuminat</strong></span> <span class='ocrx_word' id='word_1_351' title='bbox 1084 3065 1268 3104; x_wconf 66' lang='lat' dir='ltr'><strong>cacas.</strong></span> <span class='ocrx_word' id='word_1_352' title='bbox 1323 3047 1511 3103; x_wconf 86' lang='lat' dir='ltr'><strong>Videte</strong></span> <span class='ocrx_word' id='word_1_353' title='bbox 1541 3046 1672 3117; x_wconf 86' lang='lat' dir='ltr'><strong>quid</strong></span> <span class='ocrx_word' id='word_1_354' title='bbox 1705 3045 1887 3100; x_wconf 89' lang='lat' dir='ltr'><strong>dicat:</strong></span> <span class='ocrx_word' id='word_1_355' title='bbox 1919 3043 1978 3099; x_wconf 88' lang='lat' dir='ltr'><strong>Si</strong></span> <span class='ocrx_word' id='word_1_356' title='bbox 2010 3042 2080 3098; x_wconf 88' lang='lat' dir='ltr'><strong>de</strong></span> 
     </span>
    </p>
   </div>
   <div class='ocr_carea' id='block_1_47' title="bbox 468 3135 2074 3215">
    <p class='ocr_par' dir='ltr' id='par_1_47' title="bbox 468 3135 2074 3215">
     <span class='ocr_line' id='line_1_47' title="bbox 468 3135 2074 3215; baseline -0.009 -12"><span class='ocrx_word' id='word_1_357' title='bbox 468 3146 631 3203; x_wconf 65' lang='lat' dir='ltr'><strong>caecis</strong></span> <span class='ocrx_word' id='word_1_358' title='bbox 652 3144 774 3200; x_wconf 89' lang='lat' dir='ltr'><strong>istis</strong></span> <span class='ocrx_word' id='word_1_359' title='bbox 810 3145 1147 3215; x_wconf 88' lang='lat' dir='ltr'><strong>loqueretur,</strong></span> <span class='ocrx_word' id='word_1_360' title='bbox 1176 3140 1364 3197; x_wconf 89' lang='lat' dir='ltr'><strong>debuit</strong></span> <span class='ocrx_word' id='word_1_361' title='bbox 1393 3139 1579 3194; x_wconf 88' lang='lat' dir='ltr'><strong>dicere</strong></span> <span class='ocrx_word' id='word_1_362' title='bbox 1608 3155 1622 3192; x_wconf 89' lang='lat'><strong>:</strong></span> <span class='ocrx_word' id='word_1_363' title='bbox 1657 3137 1918 3192; x_wconf 88' lang='lat' dir='ltr'><strong>Dominus</strong></span> <span class='ocrx_word' id='word_1_364' title='bbox 1949 3135 2074 3189; x_wconf 87' lang='lat' dir='ltr'><strong>illu-</strong></span> 
     </span>
    </p>
   </div>
   <div class='ocr_carea' id='block_1_48' title="bbox 2192 1923 3790 1994">
    <p class='ocr_par' dir='ltr' id='par_1_48' title="bbox 2192 1923 3790 1994">
     <span class='ocr_line' id='line_1_48' title="bbox 2192 1923 3790 1994; baseline -0.003 -14"><span class='ocrx_word' id='word_1_365' title='bbox 2192 1941 2311 1980; x_wconf 91' lang='lat' dir='ltr'><strong>rum</strong></span> <span class='ocrx_word' id='word_1_366' title='bbox 2362 1927 2446 1979; x_wconf 82' lang='lat' dir='ltr'><strong>via</strong></span> <span class='ocrx_word' id='word_1_367' title='bbox 2485 1925 2729 1980; x_wconf 79' lang='lat' dir='ltr'><strong>diabolus</strong></span> <span class='ocrx_word' id='word_1_368' title='bbox 2764 1936 2867 1990; x_wconf 86' lang='lat' dir='ltr'><strong>est,</strong></span> <span class='ocrx_word' id='word_1_369' title='bbox 2923 1923 3076 1978; x_wconf 91' lang='lat' dir='ltr'><strong>illum</strong></span> <span class='ocrx_word' id='word_1_370' title='bbox 3109 1923 3289 1994; x_wconf 90' lang='lat' dir='ltr'><strong>perdit</strong></span> <span class='ocrx_word' id='word_1_371' title='bbox 3332 1939 3352 1978; x_wconf 88' lang='lat'><strong><em>:</em></strong></span> <span class='ocrx_word' id='word_1_372' title='bbox 3389 1933 3656 1980; x_wconf 71' lang='lat' dir='ltr'><strong>caterum</strong></span> <span class='ocrx_word' id='word_1_373' title='bbox 3699 1936 3790 1976; x_wconf 85' lang='lat' dir='ltr'><strong>nos</strong></span> 
     </span>
    </p>
   </div>
   <div class='ocr_carea' id='block_1_49' title="bbox 2189 2017 3790 2092">
    <p class='ocr_par' dir='ltr' id='par_1_49' title="bbox 2189 2017 3790 2092">
     <span class='ocr_line' id='line_1_49' title="bbox 2189 2017 3790 2092; baseline -0.002 -17"><span class='ocrx_word' id='word_1_374' title='bbox 2189 2020 2446 2087; x_wconf 89' lang='lat' dir='ltr'><strong>salvabit,</strong></span> <span class='ocrx_word' id='word_1_375' title='bbox 2486 2022 2577 2092; x_wconf 90' lang='lat' dir='ltr'><strong>qui</strong></span> <span class='ocrx_word' id='word_1_376' title='bbox 2628 2019 3040 2075; x_wconf 86' lang='lat' dir='ltr'><strong>ambulabamus</strong></span> <span class='ocrx_word' id='word_1_377' title='bbox 3072 2033 3168 2089; x_wconf 88' lang='lat' dir='ltr'><strong>per</strong></span> <span class='ocrx_word' id='word_1_378' title='bbox 3214 2033 3360 2085; x_wconf 88' lang='lat' dir='ltr'><strong>eam,</strong></span> <span class='ocrx_word' id='word_1_379' title='bbox 3408 2025 3466 2074; x_wconf 86' lang='lat' dir='ltr'><strong>et</strong></span> <span class='ocrx_word' id='word_1_380' title='bbox 3511 2017 3790 2074; x_wconf 87' lang='lat' dir='ltr'><strong>ambulare</strong></span> 
     </span>
    </p>
   </div>
   <div class='ocr_carea' id='block_1_50' title="bbox 2187 2111 2508 2168">
    <p class='ocr_par' dir='ltr' id='par_1_50' title="bbox 2187 2111 2508 2168">
     <span class='ocr_line' id='line_1_50' title="bbox 2187 2111 2508 2168; baseline -0.003 -1"><span class='ocrx_word' id='word_1_381' title='bbox 2187 2111 2508 2168; x_wconf 88' lang='lat' dir='ltr'><strong>desivimus.</strong></span> 
     </span>
    </p>
   </div>
   <div class='ocr_carea' id='block_1_51' title="bbox 2261 2199 3788 2275">
    <p class='ocr_par' dir='ltr' id='par_1_51' title="bbox 2261 2199 3788 2275">
     <span class='ocr_line' id='line_1_51' title="bbox 2261 2199 3788 2275; baseline -0.004 -16"><span class='ocrx_word' id='word_1_382' title='bbox 2261 2203 2517 2275; x_wconf 71' lang='lat' dir='ltr'><strong>Rogitabit</strong></span> <span class='ocrx_word' id='word_1_383' title='bbox 2559 2202 2817 2257; x_wconf 83' lang='lat' dir='ltr'><strong>Dominus</strong></span> <span class='ocrx_word' id='word_1_384' title='bbox 2850 2204 2904 2256; x_wconf 83' lang='lat' dir='ltr'><strong>iu</strong></span> <span class='ocrx_word' id='word_1_385' title='bbox 2931 2203 3142 2257; x_wconf 76' lang='lat' dir='ltr'><strong>swcnla.</strong></span> <span class='ocrx_word' id='word_1_386' title='bbox 3188 2200 3455 2270; x_wconf 88' lang='lat' dir='ltr'><strong>Quoniam</strong></span> <span class='ocrx_word' id='word_1_387' title='bbox 3487 2199 3575 2255; x_wconf 78' lang='lat' dir='ltr'><strong>via</strong></span> <span class='ocrx_word' id='word_1_388' title='bbox 3606 2213 3788 2269; x_wconf 87' lang='lat' dir='ltr'><strong>pecca-</strong></span> 
     </span>
    </p>
   </div>
   <div class='ocr_carea' id='block_1_52' title="bbox 2189 2293 3784 2367">
    <p class='ocr_par' dir='ltr' id='par_1_52' title="bbox 2189 2293 3784 2367">
     <span class='ocr_line' id='line_1_52' title="bbox 2189 2293 3784 2367; baseline -0.004 -15"><span class='ocrx_word' id='word_1_389' title='bbox 2189 2306 2364 2352; x_wconf 86' lang='lat' dir='ltr'><strong>torum</strong></span> <span class='ocrx_word' id='word_1_390' title='bbox 2413 2297 2659 2367; x_wconf 86' lang='lat' dir='ltr'><strong>perierit,</strong></span> <span class='ocrx_word' id='word_1_391' title='bbox 2697 2307 2825 2350; x_wconf 88' lang='lat' dir='ltr'><strong>tunc</strong></span> <span class='ocrx_word' id='word_1_392' title='bbox 2867 2294 3114 2366; x_wconf 83' lang='lat' dir='ltr'><strong>regnabit</strong></span> <span class='ocrx_word' id='word_1_393' title='bbox 3155 2294 3421 2349; x_wconf 86' lang='lat' dir='ltr'><strong>Dominus</strong></span> <span class='ocrx_word' id='word_1_394' title='bbox 3468 2293 3521 2347; x_wconf 91' lang='lat' dir='ltr'><strong>in</strong></span> <span class='ocrx_word' id='word_1_395' title='bbox 3570 2294 3784 2347; x_wconf 75' lang='lat' dir='ltr'><strong>srccula.</strong></span> 
     </span>
    </p>
   </div>
   <div class='ocr_carea' id='block_1_53' title="bbox 2185 2387 3785 2455">
    <p class='ocr_par' dir='ltr' id='par_1_53' title="bbox 2185 2387 3785 2455">
     <span class='ocr_line' id='line_1_53' title="bbox 2185 2387 3785 2455; baseline -0.003 -11"><span class='ocrx_word' id='word_1_396' title='bbox 2185 2390 2304 2444; x_wconf 87' lang='lat' dir='ltr'><strong>Non</strong></span> <span class='ocrx_word' id='word_1_397' title='bbox 2333 2390 2470 2445; x_wconf 83' lang='lat' dir='ltr'><strong>dixit</strong></span> <span class='ocrx_word' id='word_1_398' title='bbox 2496 2407 2514 2443; x_wconf 88' lang='lat'><strong><em>:</em></strong></span> <span class='ocrx_word' id='word_1_399' title='bbox 2544 2391 2596 2444; x_wconf 91' lang='lat' dir='ltr'><strong>in</strong></span> <span class='ocrx_word' id='word_1_400' title='bbox 2625 2390 2888 2445; x_wconf 68' lang='lat' dir='ltr'><strong>saeculum</strong></span> <span class='ocrx_word' id='word_1_401' title='bbox 2922 2409 2934 2444; x_wconf 92' lang='lat'><strong>:</strong></span> <span class='ocrx_word' id='word_1_402' title='bbox 2970 2389 3089 2455; x_wconf 72' lang='lat' dir='ltr'><strong>sed,</strong></span> <span class='ocrx_word' id='word_1_403' title='bbox 3114 2390 3165 2442; x_wconf 89' lang='lat' dir='ltr'><strong>in</strong></span> <span class='ocrx_word' id='word_1_404' title='bbox 3187 2388 3398 2443; x_wconf 74' lang='lat' dir='ltr'><strong>swcula.</strong></span> <span class='ocrx_word' id='word_1_405' title='bbox 3415 2387 3688 2455; x_wconf 79' lang='lat' dir='ltr'><strong>Quamdiu</strong></span> <span class='ocrx_word' id='word_1_406' title='bbox 3709 2387 3785 2441; x_wconf 80' lang='lat' dir='ltr'><strong>vis</strong></span> 
     </span>
    </p>
   </div>
   <div class='ocr_carea' id='block_1_54' title="bbox 2186 2481 3786 2553">
    <p class='ocr_par' dir='ltr' id='par_1_54' title="bbox 2186 2481 3786 2553">
     <span class='ocr_line' id='line_1_54' title="bbox 2186 2481 3786 2553; baseline -0.002 -16"><span class='ocrx_word' id='word_1_407' title='bbox 2186 2498 2295 2537; x_wconf 92' lang='lat' dir='ltr'><strong>non</strong></span> <span class='ocrx_word' id='word_1_408' title='bbox 2324 2483 2487 2553; x_wconf 86' lang='lat' dir='ltr'><strong>perit,</strong></span> <span class='ocrx_word' id='word_1_409' title='bbox 2517 2481 2767 2537; x_wconf 82' lang='lat' dir='ltr'><strong>Christus</strong></span> <span class='ocrx_word' id='word_1_410' title='bbox 2814 2499 2920 2538; x_wconf 93' lang='lat' dir='ltr'><strong>nou</strong></span> <span class='ocrx_word' id='word_1_411' title='bbox 2971 2493 3160 2552; x_wconf 85' lang='lat' dir='ltr'><strong>regnat</strong></span> <span class='ocrx_word' id='word_1_412' title='bbox 3190 2482 3243 2536; x_wconf 94' lang='lat' dir='ltr'><strong>in</strong></span> <span class='ocrx_word' id='word_1_413' title='bbox 3287 2481 3468 2537; x_wconf 90' lang='lat' dir='ltr'><strong>nobis.</strong></span> <span class='ocrx_word' id='word_1_414' title='bbox 3525 2481 3786 2550; x_wconf 87' lang='lat' dir='ltr'><strong>Quamdiu</strong></span> 
     </span>
    </p>
   </div>
   <div class='ocr_carea' id='block_1_55' title="bbox 2184 2575 3785 2649">
    <p class='ocr_par' dir='ltr' id='par_1_55' title="bbox 2184 2575 3785 2649">
     <span class='ocr_line' id='line_1_55' title="bbox 2184 2575 3785 2649; baseline -0.001 -17"><span class='ocrx_word' id='word_1_415' title='bbox 2184 2580 2272 2632; x_wconf 87' lang='lat' dir='ltr'><strong>via</strong></span> <span class='ocrx_word' id='word_1_416' title='bbox 2304 2592 2653 2648; x_wconf 85' lang='lat' dir='ltr'><strong>peccatorum</strong></span> <span class='ocrx_word' id='word_1_417' title='bbox 2698 2595 2803 2633; x_wconf 89' lang='lat' dir='ltr'><strong>non</strong></span> <span class='ocrx_word' id='word_1_418' title='bbox 2837 2578 2998 2648; x_wconf 89' lang='lat' dir='ltr'><strong>perit,</strong></span> <span class='ocrx_word' id='word_1_419' title='bbox 3046 2575 3296 2633; x_wconf 85' lang='lat' dir='ltr'><strong>Christus</strong></span> <span class='ocrx_word' id='word_1_420' title='bbox 3334 2594 3440 2630; x_wconf 89' lang='lat' dir='ltr'><strong>non</strong></span> <span class='ocrx_word' id='word_1_421' title='bbox 3495 2585 3689 2649; x_wconf 72' lang='lat' dir='ltr'><strong>regnat</strong></span> <span class='ocrx_word' id='word_1_422' title='bbox 3735 2575 3785 2631; x_wconf 82' lang='lat' dir='ltr'><strong>in</strong></span> 
     </span>
    </p>
   </div>
   <div class='ocr_carea' id='block_1_56' title="bbox 2185 2669 3786 2742">
    <p class='ocr_par' dir='ltr' id='par_1_56' title="bbox 2185 2669 3786 2742">
     <span class='ocr_line' id='line_1_56' title="bbox 2185 2669 3786 2742; baseline -0.001 -17"><span class='ocrx_word' id='word_1_423' title='bbox 2185 2671 2364 2726; x_wconf 85' lang='lat' dir='ltr'><strong>nobis.</strong></span> <span class='ocrx_word' id='word_1_424' title='bbox 2416 2671 2684 2739; x_wconf 87' lang='lat' dir='ltr'><strong>Quamdiu</strong></span> <span class='ocrx_word' id='word_1_425' title='bbox 2736 2672 2903 2742; x_wconf 82' lang='lat' dir='ltr'><strong>pedes</strong></span> <span class='ocrx_word' id='word_1_426' title='bbox 2934 2671 3108 2725; x_wconf 89' lang='lat' dir='ltr'><strong>nostri</strong></span> <span class='ocrx_word' id='word_1_427' title='bbox 3156 2669 3440 2725; x_wconf 84' lang='lat' dir='ltr'><strong>ambulant</strong></span> <span class='ocrx_word' id='word_1_428' title='bbox 3471 2671 3524 2724; x_wconf 91' lang='lat' dir='ltr'><strong>in</strong></span> <span class='ocrx_word' id='word_1_429' title='bbox 3563 2673 3649 2723; x_wconf 89' lang='lat' dir='ltr'><strong>via</strong></span> <span class='ocrx_word' id='word_1_430' title='bbox 3677 2670 3786 2723; x_wconf 88' lang='lat' dir='ltr'><strong>dia-</strong></span> 
     </span>
    </p>
   </div>
   <div class='ocr_carea' id='block_1_57' title="bbox 2185 2763 3786 2836">
    <p class='ocr_par' dir='ltr' id='par_1_57' title="bbox 2185 2763 3786 2836">
     <span class='ocr_line' id='line_1_57' title="bbox 2185 2763 3786 2836; baseline 0 -18"><span class='ocrx_word' id='word_1_431' title='bbox 2185 2763 2318 2830; x_wconf 90' lang='lat' dir='ltr'><strong>boli,</strong></span> <span class='ocrx_word' id='word_1_432' title='bbox 2368 2763 2616 2820; x_wconf 87' lang='lat' dir='ltr'><strong>Christus</strong></span> <span class='ocrx_word' id='word_1_433' title='bbox 2664 2781 2769 2818; x_wconf 92' lang='lat' dir='ltr'><strong>nou</strong></span> <span class='ocrx_word' id='word_1_434' title='bbox 2823 2773 3015 2836; x_wconf 79' lang='lat' dir='ltr'><strong>regnat</strong></span> <span class='ocrx_word' id='word_1_435' title='bbox 3056 2764 3109 2820; x_wconf 90' lang='lat' dir='ltr'><strong>in</strong></span> <span class='ocrx_word' id='word_1_436' title='bbox 3163 2763 3346 2819; x_wconf 89' lang='lat' dir='ltr'><strong>nobis.</strong></span> <span class='ocrx_word' id='word_1_437' title='bbox 3402 2763 3619 2819; x_wconf 87' lang='lat' dir='ltr'><strong>Irascor</strong></span> <span class='ocrx_word' id='word_1_438' title='bbox 3671 2764 3786 2818; x_wconf 83' lang='lat' dir='ltr'><strong>sine</strong></span> 
     </span>
    </p>
   </div>
   <div class='ocr_carea' id='block_1_58' title="bbox 2183 2855 3784 2916">
    <p class='ocr_par' dir='ltr' id='par_1_58' title="bbox 2183 2855 3784 2916">
     <span class='ocr_line' id='line_1_58' title="bbox 2183 2855 3784 2916; baseline -0.004 0"><span class='ocrx_word' id='word_1_439' title='bbox 2183 2875 2346 2916; x_wconf 86' lang='lat' dir='ltr'><strong>causa</strong></span> <span class='ocrx_word' id='word_1_440' title='bbox 2379 2859 2529 2914; x_wconf 89' lang='lat' dir='ltr'><strong>fratri</strong></span> <span class='ocrx_word' id='word_1_441' title='bbox 2557 2874 2723 2914; x_wconf 88' lang='lat' dir='ltr'><strong>meo:</strong></span> <span class='ocrx_word' id='word_1_442' title='bbox 2755 2859 2810 2913; x_wconf 91' lang='lat' dir='ltr'><strong>in</strong></span> <span class='ocrx_word' id='word_1_443' title='bbox 2856 2859 2940 2913; x_wconf 87' lang='lat' dir='ltr'><strong>via</strong></span> <span class='ocrx_word' id='word_1_444' title='bbox 2973 2857 3176 2913; x_wconf 89' lang='lat' dir='ltr'><strong>diaboli</strong></span> <span class='ocrx_word' id='word_1_445' title='bbox 3217 2856 3486 2912; x_wconf 88' lang='lat' dir='ltr'><strong>ambulo:</strong></span> <span class='ocrx_word' id='word_1_446' title='bbox 3535 2855 3784 2912; x_wconf 79' lang='lat' dir='ltr'><strong>Christus</strong></span> 
     </span>
    </p>
   </div>
   <div class='ocr_carea' id='block_1_59' title="bbox 2184 2949 3785 3021">
    <p class='ocr_par' dir='ltr' id='par_1_59' title="bbox 2184 2949 3785 3021">
     <span class='ocr_line' id='line_1_59' title="bbox 2184 2949 3785 3021; baseline -0.004 -14"><span class='ocrx_word' id='word_1_447' title='bbox 2184 2969 2292 3007; x_wconf 91' lang='lat' dir='ltr'><strong>non</strong></span> <span class='ocrx_word' id='word_1_448' title='bbox 2327 2961 2515 3021; x_wconf 85' lang='lat' dir='ltr'><strong>regnat</strong></span> <span class='ocrx_word' id='word_1_449' title='bbox 2544 2951 2596 3005; x_wconf 93' lang='lat' dir='ltr'><strong>in</strong></span> <span class='ocrx_word' id='word_1_450' title='bbox 2642 2967 2748 3006; x_wconf 89' lang='lat' dir='ltr'><strong>me.</strong></span> <span class='ocrx_word' id='word_1_451' title='bbox 2784 2950 3025 3006; x_wconf 84' lang='lat' dir='ltr'><strong>Detraho</strong></span> <span class='ocrx_word' id='word_1_452' title='bbox 3073 2951 3224 3005; x_wconf 85' lang='lat' dir='ltr'><strong>fratri</strong></span> <span class='ocrx_word' id='word_1_453' title='bbox 3259 2965 3381 3005; x_wconf 86' lang='lat' dir='ltr'><strong>meo</strong></span> <span class='ocrx_word' id='word_1_454' title='bbox 3414 2967 3428 3004; x_wconf 91' lang='lat'><strong>:</strong></span> <span class='ocrx_word' id='word_1_455' title='bbox 3460 2949 3514 3003; x_wconf 92' lang='lat' dir='ltr'><strong>in</strong></span> <span class='ocrx_word' id='word_1_456' title='bbox 3566 2949 3654 3003; x_wconf 81' lang='lat' dir='ltr'><strong>via</strong></span> <span class='ocrx_word' id='word_1_457' title='bbox 3678 2949 3785 3004; x_wconf 83' lang='lat' dir='ltr'><strong>dia-</strong></span> 
     </span>
    </p>
   </div>
   <div class='ocr_carea' id='block_1_60' title="bbox 2181 3043 3778 3116">
    <p class='ocr_par' dir='ltr' id='par_1_60' title="bbox 2181 3043 3778 3116">
     <span class='ocr_line' id='line_1_60' title="bbox 2181 3043 3778 3116; baseline -0.002 -14"><span class='ocrx_word' id='word_1_458' title='bbox 2181 3047 2288 3102; x_wconf 89' lang='lat' dir='ltr'><strong>boli</strong></span> <span class='ocrx_word' id='word_1_459' title='bbox 2317 3045 2578 3101; x_wconf 87' lang='lat' dir='ltr'><strong>ambulo:</strong></span> <span class='ocrx_word' id='word_1_460' title='bbox 2613 3045 2864 3102; x_wconf 87' lang='lat' dir='ltr'><strong>Christus</strong></span> <span class='ocrx_word' id='word_1_461' title='bbox 2901 3061 3006 3100; x_wconf 90' lang='lat' dir='ltr'><strong>non</strong></span> <span class='ocrx_word' id='word_1_462' title='bbox 3055 3057 3244 3116; x_wconf 90' lang='lat' dir='ltr'><strong>regnat</strong></span> <span class='ocrx_word' id='word_1_463' title='bbox 3277 3046 3329 3098; x_wconf 92' lang='lat' dir='ltr'><strong>in</strong></span> <span class='ocrx_word' id='word_1_464' title='bbox 3384 3059 3494 3100; x_wconf 90' lang='lat' dir='ltr'><strong>me.</strong></span> <span class='ocrx_word' id='word_1_465' title='bbox 3544 3043 3602 3099; x_wconf 93' lang='lat' dir='ltr'><strong>ln</strong></span> <span class='ocrx_word' id='word_1_466' title='bbox 3647 3059 3778 3115; x_wconf 90' lang='lat' dir='ltr'><strong>quo-</strong></span> 
     </span>
    </p>
   </div>
   <div class='ocr_carea' id='block_1_61' title="bbox 2183 3135 3781 3211">
    <p class='ocr_par' dir='ltr' id='par_1_61' title="bbox 2183 3135 3781 3211">
     <span class='ocr_line' id='line_1_61' title="bbox 2183 3135 3781 3211; baseline -0.001 -16"><span class='ocrx_word' id='word_1_467' title='bbox 2183 3155 2418 3210; x_wconf 89' lang='lat' dir='ltr'><strong>cumque</strong></span> <span class='ocrx_word' id='word_1_468' title='bbox 2445 3147 2671 3211; x_wconf 86' lang='lat' dir='ltr'><strong>peccato</strong></span> <span class='ocrx_word' id='word_1_469' title='bbox 2702 3138 3076 3207; x_wconf 75' lang='lat' dir='ltr'><strong>ambularero,</strong></span> <span class='ocrx_word' id='word_1_470' title='bbox 3109 3139 3159 3193; x_wconf 94' lang='lat' dir='ltr'><strong>in</strong></span> <span class='ocrx_word' id='word_1_471' title='bbox 3187 3137 3275 3192; x_wconf 91' lang='lat' dir='ltr'><strong>via</strong></span> <span class='ocrx_word' id='word_1_472' title='bbox 3299 3135 3507 3196; x_wconf 79' lang='lat' dir='ltr'><strong>diaboli</strong></span> <span class='ocrx_word' id='word_1_473' title='bbox 3529 3136 3781 3193; x_wconf 82' lang='lat' dir='ltr'><strong>ambula:</strong></span> 
     </span>
    </p>
   </div>
   <div class='ocr_carea' id='block_1_62' title="bbox 471 3215 3784 3302">
    <p class='ocr_par' dir='ltr' id='par_1_62' title="bbox 471 3215 3784 3302">
     <span class='ocr_line' id='line_1_62' title="bbox 471 3215 3784 3302; baseline -0.005 -10"><span class='ocrx_word' id='word_1_474' title='bbox 471 3238 636 3292; x_wconf 86' lang='lat' dir='ltr'><strong>minat</strong></span> <span class='ocrx_word' id='word_1_475' title='bbox 667 3251 850 3290; x_wconf 69' lang='lat' dir='ltr'><strong>crocos.</strong></span> <span class='ocrx_word' id='word_1_476' title='bbox 879 3234 990 3290; x_wconf 90' lang='lat' dir='ltr'><strong>Sed</strong></span> <span class='ocrx_word' id='word_1_477' title='bbox 1024 3249 1133 3289; x_wconf 85' lang='lat' dir='ltr'><strong>ItOlt</strong></span> <span class='ocrx_word' id='word_1_478' title='bbox 1159 3233 1292 3287; x_wconf 86' lang='lat' dir='ltr'><strong>dixit</strong></span> <span class='ocrx_word' id='word_1_479' title='bbox 1328 3231 1454 3297; x_wconf 93' lang='lat' dir='ltr'><strong>hoc,</strong></span> <span class='ocrx_word' id='word_1_480' title='bbox 1499 3230 1593 3286; x_wconf 87' lang='lat' dir='ltr'><strong>sed</strong></span> <span class='ocrx_word' id='word_1_481' title='bbox 1636 3229 1933 3284; x_wconf 89' lang='lat' dir='ltr'><strong>secundum</strong></span> <span class='ocrx_word' id='word_1_482' title='bbox 1972 3227 2074 3282; x_wconf 86' lang='lat' dir='ltr'><strong>lle-</strong></span> <span class='ocrx_word' id='word_1_483' title='bbox 2105 3215 2151 3278; x_wconf 78' lang='lat' dir='ltr'><strong>C</strong></span> <span class='ocrx_word' id='word_1_484' title='bbox 2184 3232 2440 3289; x_wconf 56' lang='lat' dir='ltr'><strong>Christus</strong></span> <span class='ocrx_word' id='word_1_485' title='bbox 2471 3249 2577 3288; x_wconf 72' lang='lat' dir='ltr'><strong>no&quot;</strong></span> <span class='ocrx_word' id='word_1_486' title='bbox 2630 3241 2818 3302; x_wconf 65' lang='lat' dir='ltr'><strong>regnat</strong></span> <span class='ocrx_word' id='word_1_487' title='bbox 2846 3231 2901 3286; x_wconf 84' lang='lat' dir='ltr'><strong>in</strong></span> <span class='ocrx_word' id='word_1_488' title='bbox 2937 3249 3046 3286; x_wconf 78' lang='lat' dir='ltr'><strong>me,</strong></span> <span class='ocrx_word' id='word_1_489' title='bbox 3080 3231 3226 3287; x_wconf 73' lang='lat' dir='ltr'><strong>Mens</strong></span> <span class='ocrx_word' id='word_1_490' title='bbox 3256 3247 3378 3286; x_wconf 75' lang='lat' dir='ltr'><strong>mea</strong></span> <span class='ocrx_word' id='word_1_491' title='bbox 3417 3247 3556 3287; x_wconf 74' lang='lat' dir='ltr'><strong>vana</strong></span> <span class='ocrx_word' id='word_1_492' title='bbox 3585 3241 3702 3298; x_wconf 62' lang='lat' dir='ltr'><strong>est,</strong></span> <span class='ocrx_word' id='word_1_493' title='bbox 3731 3236 3784 3286; x_wconf 67' lang='lat' dir='ltr'><strong>cl</strong></span> 
     </span>
    </p>
   </div>
   <div class='ocr_carea' id='block_1_63' title="bbox 471 3322 2077 3394">
    <p class='ocr_par' dir='ltr' id='par_1_63' title="bbox 471 3322 2077 3394">
     <span class='ocr_line' id='line_1_63' title="bbox 471 3322 2077 3394; baseline -0.004 -8"><span class='ocrx_word' id='word_1_494' title='bbox 471 3329 714 3386; x_wconf 88' lang='lat' dir='ltr'><strong>braicam</strong></span> <span class='ocrx_word' id='word_1_495' title='bbox 749 3338 804 3384; x_wconf 88' lang='lat' dir='ltr'><strong>et</strong></span> <span class='ocrx_word' id='word_1_496' title='bbox 830 3328 1074 3385; x_wconf 88' lang='lat' dir='ltr'><strong>Graecam</strong></span> <span class='ocrx_word' id='word_1_497' title='bbox 1101 3328 1386 3382; x_wconf 87' lang='lat' dir='ltr'><strong>veritatem</strong></span> <span class='ocrx_word' id='word_1_498' title='bbox 1431 3324 1560 3394; x_wconf 88' lang='lat' dir='ltr'><strong>quid</strong></span> <span class='ocrx_word' id='word_1_499' title='bbox 1593 3323 1770 3378; x_wconf 80' lang='lat' dir='ltr'><strong>dixit?</strong></span> <span class='ocrx_word' id='word_1_500' title='bbox 1821 3322 2077 3379; x_wconf 86' lang='lat' dir='ltr'><strong>Dominus</strong></span> 
     </span>
    </p>
   </div>
   <div class='ocr_carea' id='block_1_64' title="bbox 469 3417 2078 3491">
    <p class='ocr_par' dir='ltr' id='par_1_64' title="bbox 469 3417 2078 3491">
     <span class='ocr_line' id='line_1_64' title="bbox 469 3417 2078 3491; baseline -0.003 -14"><span class='ocrx_word' id='word_1_501' title='bbox 469 3422 728 3491; x_wconf 87' lang='lat' dir='ltr'><strong>sapientes</strong></span> <span class='ocrx_word' id='word_1_502' title='bbox 776 3421 902 3490; x_wconf 80' lang='lat' dir='ltr'><strong>facit</strong></span> <span class='ocrx_word' id='word_1_503' title='bbox 951 3437 1133 3473; x_wconf 82' lang='lat' dir='ltr'><strong>cwcas.</strong></span> <span class='ocrx_word' id='word_1_504' title='bbox 1181 3421 1235 3474; x_wconf 88' lang='lat' dir='ltr'><strong>Si</strong></span> <span class='ocrx_word' id='word_1_505' title='bbox 1287 3418 1356 3473; x_wconf 90' lang='lat' dir='ltr'><strong>de</strong></span> <span class='ocrx_word' id='word_1_506' title='bbox 1400 3417 1520 3473; x_wconf 87' lang='lat' dir='ltr'><strong>istis</strong></span> <span class='ocrx_word' id='word_1_507' title='bbox 1545 3417 1719 3472; x_wconf 91' lang='lat' dir='ltr'><strong>oculis</strong></span> <span class='ocrx_word' id='word_1_508' title='bbox 1765 3417 2078 3488; x_wconf 91' lang='lat' dir='ltr'><strong>loqueretur</strong></span> 
     </span>
    </p>
   </div>
   <div class='ocr_carea' id='block_1_65' title="bbox 471 3508 2070 3578">
    <p class='ocr_par' dir='ltr' id='par_1_65' title="bbox 471 3508 2070 3578">
     <span class='ocr_line' id='line_1_65' title="bbox 471 3508 2070 3578; baseline -0.003 -10"><span class='ocrx_word' id='word_1_509' title='bbox 471 3510 677 3577; x_wconf 90' lang='lat' dir='ltr'><strong>carnis,</strong></span> <span class='ocrx_word' id='word_1_510' title='bbox 733 3509 920 3565; x_wconf 85' lang='lat' dir='ltr'><strong>debuit</strong></span> <span class='ocrx_word' id='word_1_511' title='bbox 971 3509 1155 3578; x_wconf 86' lang='lat' dir='ltr'><strong>dicere</strong></span> <span class='ocrx_word' id='word_1_512' title='bbox 1200 3526 1212 3562; x_wconf 89' lang='lat'>:</span> <span class='ocrx_word' id='word_1_513' title='bbox 1268 3508 1523 3563; x_wconf 85' lang='lat' dir='ltr'><strong>Dominus</strong></span> <span class='ocrx_word' id='word_1_514' title='bbox 1573 3508 1838 3562; x_wconf 84' lang='lat' dir='ltr'><strong>illuminat</strong></span> <span class='ocrx_word' id='word_1_515' title='bbox 1889 3525 2070 3564; x_wconf 70' lang='lat' dir='ltr'><strong>erucas.</strong></span> 
     </span>
    </p>
   </div>
   <div class='ocr_carea' id='block_1_66' title="bbox 469 3602 2070 3675">
    <p class='ocr_par' dir='ltr' id='par_1_66' title="bbox 469 3602 2070 3675">
     <span class='ocr_line' id='line_1_66' title="bbox 469 3602 2070 3675; baseline 0 -15"><span class='ocrx_word' id='word_1_516' title='bbox 469 3604 629 3661; x_wconf 64' lang='lat' dir='ltr'><strong>l‘tunc</strong></span> <span class='ocrx_word' id='word_1_517' title='bbox 669 3619 799 3659; x_wconf 89' lang='lat' dir='ltr'><strong>vero</strong></span> <span class='ocrx_word' id='word_1_518' title='bbox 838 3602 1062 3669; x_wconf 88' lang='lat' dir='ltr'><strong>dicitur,</strong></span> <span class='ocrx_word' id='word_1_519' title='bbox 1103 3602 1363 3658; x_wconf 85' lang='lat' dir='ltr'><strong>Dominus</strong></span> <span class='ocrx_word' id='word_1_520' title='bbox 1413 3604 1670 3675; x_wconf 83' lang='lat' dir='ltr'><strong>sapientes</strong></span> <span class='ocrx_word' id='word_1_521' title='bbox 1717 3604 1846 3675; x_wconf 80' lang='lat' dir='ltr'><strong>facit</strong></span> <span class='ocrx_word' id='word_1_522' title='bbox 1887 3619 2070 3661; x_wconf 67' lang='lat' dir='ltr'><strong>crocos.</strong></span> 
     </span>
    </p>
   </div>
   <div class='ocr_carea' id='block_1_67' title="bbox 471 3694 2075 3764">
    <p class='ocr_par' dir='ltr' id='par_1_67' title="bbox 471 3694 2075 3764">
     <span class='ocr_line' id='line_1_67' title="bbox 471 3694 2075 3764; baseline -0.002 -11"><span class='ocrx_word' id='word_1_523' title='bbox 471 3695 528 3753; x_wconf 89' lang='lat' dir='ltr'><strong>Si</strong></span> <span class='ocrx_word' id='word_1_524' title='bbox 552 3695 925 3764; x_wconf 47' lang='lat' dir='ltr'><strong>caecidinquit,</strong></span> <span class='ocrx_word' id='word_1_525' title='bbox 951 3696 1168 3762; x_wconf 85' lang='lat' dir='ltr'><strong>essetis,</strong></span> <span class='ocrx_word' id='word_1_526' title='bbox 1203 3703 1483 3764; x_wconf 82' lang='lat' dir='ltr'><strong>peccatum</strong></span> <span class='ocrx_word' id='word_1_527' title='bbox 1505 3710 1609 3748; x_wconf 91' lang='lat' dir='ltr'><strong>non</strong></span> <span class='ocrx_word' id='word_1_528' title='bbox 1639 3694 1933 3750; x_wconf 83' lang='lat' dir='ltr'><strong>haberetis.</strong></span> <span class='ocrx_word' id='word_1_529' title='bbox 1965 3694 2075 3750; x_wconf 89' lang='lat' dir='ltr'><strong>Cor</strong></span> 
     </span>
    </p>
   </div>
   <div class='ocr_carea' id='block_1_68' title="bbox 469 3786 2073 3857">
    <p class='ocr_par' dir='ltr' id='par_1_68' title="bbox 469 3786 2073 3857">
     <span class='ocr_line' id='line_1_68' title="bbox 469 3786 2073 3857; baseline -0.004 -10"><span class='ocrx_word' id='word_1_530' title='bbox 469 3798 718 3847; x_wconf 88' lang='lat' dir='ltr'><strong>nostrmn</strong></span> <span class='ocrx_word' id='word_1_531' title='bbox 746 3789 1078 3844; x_wconf 66' lang='lat' dir='ltr'><strong>obcaecatum</strong></span> <span class='ocrx_word' id='word_1_532' title='bbox 1119 3797 1204 3842; x_wconf 92' lang='lat' dir='ltr'><strong>est</strong></span> <span class='ocrx_word' id='word_1_533' title='bbox 1238 3787 1480 3842; x_wconf 88' lang='lat' dir='ltr'><strong>tenebris</strong></span> <span class='ocrx_word' id='word_1_534' title='bbox 1523 3798 1891 3857; x_wconf 88' lang='lat' dir='ltr'><strong>peccatorum.</strong></span> <span class='ocrx_word' id='word_1_535' title='bbox 1939 3786 2073 3841; x_wconf 88' lang='lat' dir='ltr'><strong>Insi-</strong></span> 
     </span>
    </p>
   </div>
   <div class='ocr_carea' id='block_1_69' title="bbox 469 3881 2072 3954">
    <p class='ocr_par' dir='ltr' id='par_1_69' title="bbox 469 3881 2072 3954">
     <span class='ocr_line' id='line_1_69' title="bbox 469 3881 2072 3954; baseline -0.002 -16"><span class='ocrx_word' id='word_1_536' title='bbox 469 3883 674 3954; x_wconf 89' lang='lat' dir='ltr'><strong>pientia</strong></span> <span class='ocrx_word' id='word_1_537' title='bbox 697 3894 751 3938; x_wconf 89' lang='lat' dir='ltr'><strong>et</strong></span> <span class='ocrx_word' id='word_1_538' title='bbox 781 3883 1036 3948; x_wconf 89' lang='lat' dir='ltr'><strong>stultitia,</strong></span> <span class='ocrx_word' id='word_1_539' title='bbox 1072 3882 1313 3937; x_wconf 87' lang='lat' dir='ltr'><strong>tenebrae</strong></span> <span class='ocrx_word' id='word_1_540' title='bbox 1345 3897 1449 3936; x_wconf 91' lang='lat' dir='ltr'><strong>non</strong></span> <span class='ocrx_word' id='word_1_541' title='bbox 1480 3881 1794 3948; x_wconf 90' lang='lat' dir='ltr'><strong>oculorum,</strong></span> <span class='ocrx_word' id='word_1_542' title='bbox 1826 3881 1922 3936; x_wconf 89' lang='lat' dir='ltr'><strong>sed</strong></span> <span class='ocrx_word' id='word_1_543' title='bbox 1957 3895 2072 3935; x_wconf 88' lang='lat' dir='ltr'><strong>mo-</strong></span> 
     </span>
    </p>
   </div>
   <div class='ocr_carea' id='block_1_70' title="bbox 469 3971 2072 4044">
    <p class='ocr_par' dir='ltr' id='par_1_70' title="bbox 469 3971 2072 4044">
     <span class='ocr_line' id='line_1_70' title="bbox 469 3971 2072 4044; baseline -0.001 -14"><span class='ocrx_word' id='word_1_544' title='bbox 469 3990 590 4030; x_wconf 90' lang='lat' dir='ltr'><strong>rum</strong></span> <span class='ocrx_word' id='word_1_545' title='bbox 618 3984 767 4030; x_wconf 89' lang='lat' dir='ltr'><strong>sunt.</strong></span> <span class='ocrx_word' id='word_1_546' title='bbox 806 3974 939 4029; x_wconf 91' lang='lat' dir='ltr'><strong>Cum</strong></span> <span class='ocrx_word' id='word_1_547' title='bbox 983 3989 1115 4044; x_wconf 83' lang='lat' dir='ltr'><strong>ergo</strong></span> <span class='ocrx_word' id='word_1_548' title='bbox 1145 3974 1452 4028; x_wconf 87' lang='lat' dir='ltr'><strong>esurientes</strong></span> <span class='ocrx_word' id='word_1_549' title='bbox 1482 3971 1670 4027; x_wconf 89' lang='lat' dir='ltr'><strong>refecti</strong></span> <span class='ocrx_word' id='word_1_550' title='bbox 1705 3971 1985 4039; x_wconf 79' lang='lat' dir='ltr'><strong>fuerimus,</strong></span> <span class='ocrx_word' id='word_1_551' title='bbox 2015 3981 2072 4028; x_wconf 90' lang='lat' dir='ltr'><strong>et</strong></span> 
     </span>
    </p>
   </div>
   <div class='ocr_carea' id='block_1_71' title="bbox 469 4063 2068 4138">
    <p class='ocr_par' dir='ltr' id='par_1_71' title="bbox 469 4063 2068 4138">
     <span class='ocr_line' id='line_1_71' title="bbox 469 4063 2068 4138; baseline 0 -18"><span class='ocrx_word' id='word_1_552' title='bbox 469 4066 636 4138; x_wconf 87' lang='lat' dir='ltr'><strong>pedes</strong></span> <span class='ocrx_word' id='word_1_553' title='bbox 661 4067 829 4120; x_wconf 91' lang='lat' dir='ltr'><strong>nostri</strong></span> <span class='ocrx_word' id='word_1_554' title='bbox 859 4065 1076 4121; x_wconf 89' lang='lat' dir='ltr'><strong>liberati</strong></span> <span class='ocrx_word' id='word_1_555' title='bbox 1109 4063 1315 4120; x_wconf 90' lang='lat' dir='ltr'><strong>fuerint</strong></span> <span class='ocrx_word' id='word_1_556' title='bbox 1343 4081 1360 4118; x_wconf 90' lang='lat'><strong><em>:</em></strong></span> <span class='ocrx_word' id='word_1_557' title='bbox 1393 4077 1519 4119; x_wconf 91' lang='lat' dir='ltr'><strong>tunc</strong></span> <span class='ocrx_word' id='word_1_558' title='bbox 1551 4064 1816 4132; x_wconf 84' lang='lat' dir='ltr'><strong>incipient</strong></span> <span class='ocrx_word' id='word_1_559' title='bbox 1843 4079 1893 4119; x_wconf 86' lang='lat' dir='ltr'><strong>et</strong></span> <span class='ocrx_word' id='word_1_560' title='bbox 1929 4063 2068 4120; x_wconf 91' lang='lat' dir='ltr'><strong>oculi</strong></span> 
     </span>
    </p>
   </div>
   <div class='ocr_carea' id='block_1_72' title="bbox 467 4155 2070 4227">
    <p class='ocr_par' dir='ltr' id='par_1_72' title="bbox 467 4155 2070 4227">
     <span class='ocr_line' id='line_1_72' title="bbox 467 4155 2070 4227; baseline -0.002 -13"><span class='ocrx_word' id='word_1_561' title='bbox 467 4160 652 4215; x_wconf 90' lang='lat' dir='ltr'><strong>cordis</strong></span> <span class='ocrx_word' id='word_1_562' title='bbox 684 4159 859 4214; x_wconf 85' lang='lat' dir='ltr'><strong>nostri</strong></span> <span class='ocrx_word' id='word_1_563' title='bbox 892 4157 1078 4213; x_wconf 90' lang='lat' dir='ltr'><strong>videre</strong></span> <span class='ocrx_word' id='word_1_564' title='bbox 1109 4158 1292 4211; x_wconf 78' lang='lat' dir='ltr'><strong>lumen</strong></span> <span class='ocrx_word' id='word_1_565' title='bbox 1325 4155 1470 4227; x_wconf 90' lang='lat' dir='ltr'><strong>quod</strong></span> <span class='ocrx_word' id='word_1_566' title='bbox 1499 4155 1790 4226; x_wconf 88' lang='lat' dir='ltr'><strong>aliquando</strong></span> <span class='ocrx_word' id='word_1_567' title='bbox 1820 4155 2070 4226; x_wconf 65' lang='lat' dir='ltr'><strong>perdideo</strong></span> 
     </span>
    </p>
   </div>
   <div class='ocr_carea' id='block_1_73' title="bbox 468 4247 2066 4324">
    <p class='ocr_par' dir='ltr' id='par_1_73' title="bbox 468 4247 2066 4324">
     <span class='ocr_line' id='line_1_73' title="bbox 468 4247 2066 4324; baseline -0.003 -17"><span class='ocrx_word' id='word_1_568' title='bbox 468 4260 615 4318; x_wconf 87' lang='lat' dir='ltr'><strong>runt,</strong></span> <span class='ocrx_word' id='word_1_569' title='bbox 661 4261 716 4307; x_wconf 89' lang='lat' dir='ltr'><strong>et</strong></span> <span class='ocrx_word' id='word_1_570' title='bbox 759 4252 962 4306; x_wconf 84' lang='lat' dir='ltr'><strong>habere</strong></span> <span class='ocrx_word' id='word_1_571' title='bbox 999 4250 1346 4324; x_wconf 85' lang='lat' dir='ltr'><strong>sapientiam.</strong></span> <span class='ocrx_word' id='word_1_572' title='bbox 1390 4250 1444 4304; x_wconf 83' lang='lat' dir='ltr'><strong>Si</strong></span> <span class='ocrx_word' id='word_1_573' title='bbox 1487 4248 1717 4304; x_wconf 86' lang='lat' dir='ltr'><strong>effectus</strong></span> <span class='ocrx_word' id='word_1_574' title='bbox 1763 4247 1921 4304; x_wconf 89' lang='lat' dir='ltr'><strong>fuerit</strong></span> <span class='ocrx_word' id='word_1_575' title='bbox 1975 4262 2066 4303; x_wconf 80' lang='lat' dir='ltr'><strong>sa-</strong></span> 
     </span>
    </p>
   </div>
   <div class='ocr_carea' id='block_1_74' title="bbox 469 4343 1124 4416">
    <p class='ocr_par' dir='ltr' id='par_1_74' title="bbox 469 4343 1124 4416">
     <span class='ocr_line' id='line_1_74' title="bbox 469 4343 1124 4416; baseline -0.005 -16"><span class='ocrx_word' id='word_1_576' title='bbox 469 4343 648 4416; x_wconf 85' lang='lat' dir='ltr'><strong>piens,</strong></span> <span class='ocrx_word' id='word_1_577' title='bbox 679 4344 806 4414; x_wconf 87' lang='lat' dir='ltr'><strong>quid</strong></span> <span class='ocrx_word' id='word_1_578' title='bbox 837 4344 1124 4416; x_wconf 82' lang='lat' dir='ltr'><strong>sequitur?</strong></span> 
     </span>
    </p>
   </div>
   <div class='ocr_carea' id='block_1_75' title="bbox 541 4436 2060 4512">
    <p class='ocr_par' dir='ltr' id='par_1_75' title="bbox 541 4436 2060 4512">
     <span class='ocr_line' id='line_1_75' title="bbox 541 4436 2060 4512; baseline -0.001 -20"><span class='ocrx_word' id='word_1_579' title='bbox 541 4436 797 4493; x_wconf 85' lang='lat' dir='ltr'><strong>Dominus</strong></span> <span class='ocrx_word' id='word_1_580' title='bbox 825 4439 976 4512; x_wconf 81' lang='lat' dir='ltr'><strong>erigit</strong></span> <span class='ocrx_word' id='word_1_581' title='bbox 1004 4440 1179 4494; x_wconf 89' lang='lat' dir='ltr'><strong>elisos.</strong></span> <span class='ocrx_word' id='word_1_582' title='bbox 1211 4437 1276 4492; x_wconf 87' lang='lat' dir='ltr'><strong>Et</strong></span> <span class='ocrx_word' id='word_1_583' title='bbox 1301 4439 1345 4494; x_wconf 90' lang='lat' dir='ltr'><strong>si</strong></span> <span class='ocrx_word' id='word_1_584' title='bbox 1371 4436 1590 4508; x_wconf 85' lang='lat' dir='ltr'><strong>jacebas</strong></span> <span class='ocrx_word' id='word_1_585' title='bbox 1623 4453 1636 4490; x_wconf 91' lang='lat'><strong>:</strong></span> <span class='ocrx_word' id='word_1_586' title='bbox 1669 4451 1891 4492; x_wconf 88' lang='lat' dir='ltr'><strong>securus</strong></span> <span class='ocrx_word' id='word_1_587' title='bbox 1921 4444 2060 4505; x_wconf 87' lang='lat' dir='ltr'><strong>esto,</strong></span> 
     </span>
    </p>
   </div>
   <div class='ocr_carea' id='block_1_76' title="bbox 467 4528 2065 4602">
    <p class='ocr_par' dir='ltr' id='par_1_76' title="bbox 467 4528 2065 4602">
     <span class='ocr_line' id='line_1_76' title="bbox 467 4528 2065 4602; baseline -0.001 -16"><span class='ocrx_word' id='word_1_588' title='bbox 467 4530 730 4586; x_wconf 91' lang='lat' dir='ltr'><strong>Dominus</strong></span> <span class='ocrx_word' id='word_1_589' title='bbox 751 4531 981 4602; x_wconf 90' lang='lat' dir='ltr'><strong>porrigit</strong></span> <span class='ocrx_word' id='word_1_590' title='bbox 1003 4546 1246 4585; x_wconf 88' lang='lat' dir='ltr'><strong>manum.</strong></span> <span class='ocrx_word' id='word_1_591' title='bbox 1275 4529 1530 4584; x_wconf 86' lang='lat' dir='ltr'><strong>Dominus</strong></span> <span class='ocrx_word' id='word_1_592' title='bbox 1551 4530 1719 4601; x_wconf 84' lang='lat' dir='ltr'><strong>diligit</strong></span> <span class='ocrx_word' id='word_1_593' title='bbox 1737 4531 1929 4601; x_wconf 87' lang='lat' dir='ltr'><strong>justas.</strong></span> <span class='ocrx_word' id='word_1_594' title='bbox 1957 4528 2065 4585; x_wconf 85' lang='lat' dir='ltr'><strong>Res</strong></span> 
     </span>
    </p>
   </div>
   <div class='ocr_carea' id='block_1_77' title="bbox 465 4605 2143 4696">
    <p class='ocr_par' dir='ltr' id='par_1_77' title="bbox 465 4605 2143 4696">
     <span class='ocr_line' id='line_1_77' title="bbox 465 4605 2143 4696; baseline 0.001 -16"><span class='ocrx_word' id='word_1_595' title='bbox 465 4624 602 4680; x_wconf 91' lang='lat' dir='ltr'><strong>duas</strong></span> <span class='ocrx_word' id='word_1_596' title='bbox 631 4622 792 4679; x_wconf 89' lang='lat' dir='ltr'><strong>video</strong></span> <span class='ocrx_word' id='word_1_597' title='bbox 826 4642 841 4678; x_wconf 74' lang='grc' dir='ltr'>ε</span> <span class='ocrx_word' id='word_1_598' title='bbox 871 4624 1068 4695; x_wconf 90' lang='lat' dir='ltr'><strong>diligit,</strong></span> <span class='ocrx_word' id='word_1_599' title='bbox 1111 4637 1168 4682; x_wconf 87' lang='lat' dir='ltr'><strong>et</strong></span> <span class='ocrx_word' id='word_1_600' title='bbox 1206 4625 1470 4680; x_wconf 75' lang='lat' dir='ltr'><strong>custodit.</strong></span> <span class='ocrx_word' id='word_1_601' title='bbox 1512 4625 1611 4694; x_wconf 92' lang='lat' dir='ltr'><strong>Qui</strong></span> <span class='ocrx_word' id='word_1_602' title='bbox 1663 4625 1860 4696; x_wconf 88' lang='lat' dir='ltr'><strong>diligit,</strong></span> <span class='ocrx_word' id='word_1_603' title='bbox 1906 4624 2062 4696; x_wconf 87' lang='lat' dir='ltr'><strong>quasi</strong></span> <span class='ocrx_word' id='word_1_604' title='bbox 2097 4605 2143 4668; x_wconf 80' lang='grc' dir='ltr'>υ</span> 
     </span>
    </p>
   </div>
   <div class='ocr_carea' id='block_1_78' title="bbox 465 4716 2066 4789">
    <p class='ocr_par' dir='ltr' id='par_1_78' title="bbox 465 4716 2066 4789">
     <span class='ocr_line' id='line_1_78' title="bbox 465 4716 2066 4789; baseline 0.001 -15"><span class='ocrx_word' id='word_1_605' title='bbox 465 4733 623 4774; x_wconf 83' lang='lat' dir='ltr'><strong>suum</strong></span> <span class='ocrx_word' id='word_1_606' title='bbox 647 4716 844 4787; x_wconf 88' lang='lat' dir='ltr'><strong>diligit.</strong></span> <span class='ocrx_word' id='word_1_607' title='bbox 891 4717 991 4785; x_wconf 94' lang='lat' dir='ltr'><strong>Qui</strong></span> <span class='ocrx_word' id='word_1_608' title='bbox 1022 4727 1202 4773; x_wconf 91' lang='lat' dir='ltr'><strong>autem</strong></span> <span class='ocrx_word' id='word_1_609' title='bbox 1223 4717 1486 4786; x_wconf 88' lang='lat' dir='ltr'><strong>custodit,</strong></span> <span class='ocrx_word' id='word_1_610' title='bbox 1526 4734 1649 4773; x_wconf 89' lang='lat' dir='ltr'><strong>eum</strong></span> <span class='ocrx_word' id='word_1_611' title='bbox 1690 4717 1929 4774; x_wconf 90' lang='lat' dir='ltr'><strong>custodit</strong></span> <span class='ocrx_word' id='word_1_612' title='bbox 1970 4718 2066 4789; x_wconf 91' lang='lat' dir='ltr'><strong>qui</strong></span> 
     </span>
    </p>
   </div>
   <div class='ocr_carea' id='block_1_79' title="bbox 464 4810 2060 4885">
    <p class='ocr_par' dir='ltr' id='par_1_79' title="bbox 464 4810 2060 4885">
     <span class='ocr_line' id='line_1_79' title="bbox 464 4810 2060 4885; baseline 0.003 -20"><span class='ocrx_word' id='word_1_613' title='bbox 464 4810 518 4866; x_wconf 91' lang='lat' dir='ltr'><strong>in</strong></span> <span class='ocrx_word' id='word_1_614' title='bbox 566 4810 808 4880; x_wconf 90' lang='lat' dir='ltr'><strong>pericula</strong></span> <span class='ocrx_word' id='word_1_615' title='bbox 854 4812 1181 4866; x_wconf 86' lang='lat' dir='ltr'><strong>constitutus</strong></span> <span class='ocrx_word' id='word_1_616' title='bbox 1218 4823 1321 4866; x_wconf 92' lang='lat' dir='ltr'><strong>est.</strong></span> <span class='ocrx_word' id='word_1_617' title='bbox 1357 4811 1613 4866; x_wconf 86' lang='lat' dir='ltr'><strong>Dominus</strong></span> <span class='ocrx_word' id='word_1_618' title='bbox 1653 4811 1822 4885; x_wconf 85' lang='lat' dir='ltr'><strong>diligit</strong></span> <span class='ocrx_word' id='word_1_619' title='bbox 1862 4813 2060 4883; x_wconf 81' lang='lat' dir='ltr'><strong>justas.</strong></span> 
     </span>
    </p>
   </div>
   <div class='ocr_carea' id='block_1_80' title="bbox 462 4904 2059 4977">
    <p class='ocr_par' dir='ltr' id='par_1_80' title="bbox 462 4904 2059 4977">
     <span class='ocr_line' id='line_1_80' title="bbox 462 4904 2059 4977; baseline 0.001 -19"><span class='ocrx_word' id='word_1_620' title='bbox 462 4904 804 4976; x_wconf 87' lang='lat' dir='ltr'><strong>Quicumque</strong></span> <span class='ocrx_word' id='word_1_621' title='bbox 826 4905 1006 4976; x_wconf 85' lang='lat' dir='ltr'><strong>justus</strong></span> <span class='ocrx_word' id='word_1_622' title='bbox 1032 4917 1113 4960; x_wconf 89' lang='lat' dir='ltr'><strong>est</strong></span> <span class='ocrx_word' id='word_1_623' title='bbox 1157 4915 1212 4961; x_wconf 89' lang='lat' dir='ltr'><strong>et</strong></span> <span class='ocrx_word' id='word_1_624' title='bbox 1241 4906 1535 4977; x_wconf 86' lang='lat' dir='ltr'><strong>perfectus,</strong></span> <span class='ocrx_word' id='word_1_625' title='bbox 1568 4908 1635 4961; x_wconf 88' lang='lat' dir='ltr'><strong>ab</strong></span> <span class='ocrx_word' id='word_1_626' title='bbox 1667 4907 1763 4962; x_wconf 92' lang='lat' dir='ltr'><strong>illo</strong></span> <span class='ocrx_word' id='word_1_627' title='bbox 1793 4905 2059 4976; x_wconf 88' lang='lat' dir='ltr'><strong>diligitur.</strong></span> 
     </span>
    </p>
   </div>
   <div class='ocr_carea' id='block_1_81' title="bbox 462 4997 2069 5070">
    <p class='ocr_par' dir='ltr' id='par_1_81' title="bbox 462 4997 2069 5070">
     <span class='ocr_line' id='line_1_81' title="bbox 462 4997 2069 5070; baseline -0.001 -15"><span class='ocrx_word' id='word_1_628' title='bbox 462 4998 803 5070; x_wconf 84' lang='lat' dir='ltr'><strong>Quicumque</strong></span> <span class='ocrx_word' id='word_1_629' title='bbox 839 5007 1023 5054; x_wconf 89' lang='lat' dir='ltr'><strong>autem</strong></span> <span class='ocrx_word' id='word_1_630' title='bbox 1063 5001 1386 5068; x_wconf 82' lang='lat' dir='ltr'><strong>peregrinus</strong></span> <span class='ocrx_word' id='word_1_631' title='bbox 1407 5009 1513 5068; x_wconf 91' lang='lat' dir='ltr'><strong>est,</strong></span> <span class='ocrx_word' id='word_1_632' title='bbox 1545 4999 1768 5058; x_wconf 86' lang='lat' dir='ltr'><strong>etvenit</strong></span> <span class='ocrx_word' id='word_1_633' title='bbox 1793 4999 1860 5054; x_wconf 91' lang='lat' dir='ltr'><strong>ad</strong></span> <span class='ocrx_word' id='word_1_634' title='bbox 1895 4997 2069 5054; x_wconf 86' lang='lat' dir='ltr'><strong>servi-</strong></span> 
     </span>
    </p>
   </div>
   <div class='ocr_carea' id='block_1_82' title="bbox 465 5091 1336 5160">
    <p class='ocr_par' dir='ltr' id='par_1_82' title="bbox 465 5091 1336 5160">
     <span class='ocr_line' id='line_1_82' title="bbox 465 5091 1336 5160; baseline 0 -14"><span class='ocrx_word' id='word_1_635' title='bbox 465 5099 639 5148; x_wconf 89' lang='lat' dir='ltr'><strong>tutem</strong></span> <span class='ocrx_word' id='word_1_636' title='bbox 667 5091 907 5160; x_wconf 90' lang='lat' dir='ltr'><strong>Domini,</strong></span> <span class='ocrx_word' id='word_1_637' title='bbox 938 5091 1032 5148; x_wconf 90' lang='lat' dir='ltr'><strong>ille</strong></span> <span class='ocrx_word' id='word_1_638' title='bbox 1063 5100 1336 5148; x_wconf 87' lang='lat' dir='ltr'><strong>servatur.</strong></span> 
     </span>
    </p>
   </div>
   <div class='ocr_carea' id='block_1_83' title="bbox 458 5278 2058 5350">
    <p class='ocr_par' dir='ltr' id='par_1_83' title="bbox 458 5278 2058 5350">
     <span class='ocr_line' id='line_1_83' title="bbox 458 5278 2058 5350; baseline 0 -15"><span class='ocrx_word' id='word_1_639' title='bbox 458 5279 622 5346; x_wconf 83' lang='lat' dir='ltr'><strong>lator,</strong></span> <span class='ocrx_word' id='word_1_640' title='bbox 655 5290 711 5334; x_wconf 91' lang='lat' dir='ltr'><strong>ut</strong></span> <span class='ocrx_word' id='word_1_641' title='bbox 737 5295 865 5336; x_wconf 81' lang='lat' dir='ltr'><strong>mox</strong></span> <span class='ocrx_word' id='word_1_642' title='bbox 891 5280 1136 5337; x_wconf 90' lang='lat' dir='ltr'><strong>dicturus</strong></span> <span class='ocrx_word' id='word_1_643' title='bbox 1164 5296 1283 5336; x_wconf 83' lang='lat' dir='ltr'><strong>sum</strong></span> <span class='ocrx_word' id='word_1_644' title='bbox 1315 5278 1370 5335; x_wconf 92' lang='lat' dir='ltr'><strong>in</strong></span> <span class='ocrx_word' id='word_1_645' title='bbox 1399 5278 1769 5338; x_wconf 82' lang='lat' dir='ltr'><strong>admonitione</strong></span> <span class='ocrx_word' id='word_1_646' title='bbox 1811 5281 2058 5350; x_wconf 78' lang='lat' dir='ltr'><strong>proxime</strong></span> 
     </span>
    </p>
   </div>
   <div class='ocr_carea' id='block_1_84' title="bbox 461 5351 2056 5440">
    <p class='ocr_par' dir='ltr' id='par_1_84' title="bbox 461 5351 2056 5440">
     <span class='ocr_line' id='line_1_84' title="bbox 461 5351 2056 5440; baseline 0 -32"><span class='ocrx_word' id='word_1_647' title='bbox 461 5352 1236 5440; x_wconf 29' lang='lat' dir='ltr'><strong>sequentilposxprmsentcm</strong></span> <span class='ocrx_word' id='word_1_648' title='bbox 1280 5351 1882 5440; x_wconf 45' lang='lat' dir='ltr'><strong>Explanationem..seu</strong></span> <span class='ocrx_word' id='word_1_649' title='bbox 1927 5353 2056 5408; x_wconf 77' lang='lat' dir='ltr'><strong>Bre-</strong></span> 
     </span>
    </p>
   </div>
   <div class='ocr_carea' id='block_1_85' title="bbox 459 5423 2057 5496">
    <p class='ocr_par' dir='ltr' id='par_1_85' title="bbox 459 5423 2057 5496">
     <span class='ocr_line' id='line_1_85' title="bbox 459 5423 2057 5496; baseline -0.001 -18"><span class='ocrx_word' id='word_1_650' title='bbox 459 5423 690 5496; x_wconf 81' lang='lat' dir='ltr'><strong>viarium</strong></span> <span class='ocrx_word' id='word_1_651' title='bbox 718 5423 810 5496; x_wconf 82' lang='lat' dir='ltr'><strong>S._</strong></span> <span class='ocrx_word' id='word_1_652' title='bbox 832 5423 1158 5496; x_wconf 79' lang='lat' dir='ltr'><strong>Hieronymo</strong></span> <span class='ocrx_word' id='word_1_653' title='bbox 1185 5426 1508 5496; x_wconf 86' lang='lat' dir='ltr'><strong>ascriptum.</strong></span> <span class='ocrx_word' id='word_1_654' title='bbox 1558 5423 1723 5496; x_wconf 85' lang='lat' dir='ltr'><strong>lg_itur</strong></span> <span class='ocrx_word' id='word_1_655' title='bbox 1761 5424 1816 5478; x_wconf 92' lang='lat' dir='ltr'><strong>in</strong></span> <span class='ocrx_word' id='word_1_656' title='bbox 1865 5438 2057 5496; x_wconf 84' lang='lat' dir='ltr'><strong>supra-</strong></span> 
     </span>
    </p>
   </div>
   <div class='ocr_carea' id='block_1_86' title="bbox 458 5491 2058 5562">
    <p class='ocr_par' dir='ltr' id='par_1_86' title="bbox 458 5491 2058 5562">
     <span class='ocr_line' id='line_1_86' title="bbox 458 5491 2058 5562; baseline -0.001 -14"><span class='ocrx_word' id='word_1_657' title='bbox 458 5494 606 5550; x_wconf 85' lang='lat' dir='ltr'><strong>dicto</strong></span> <span class='ocrx_word' id='word_1_658' title='bbox 636 5509 738 5548; x_wconf 84' lang='lat' dir='ltr'><strong>ins.</strong></span> <span class='ocrx_word' id='word_1_659' title='bbox 771 5491 1088 5549; x_wconf 76' lang='lat' dir='ltr'><strong>Corbcieitsi</strong></span> <span class='ocrx_word' id='word_1_660' title='bbox 1118 5494 1234 5549; x_wconf 77' lang='lat' dir='ltr'><strong>il:ch</strong></span> <span class='ocrx_word' id='word_1_661' title='bbox 1266 5491 1537 5560; x_wconf 68' lang='lat' dir='ltr'><strong>leguntur,</strong></span> <span class='ocrx_word' id='word_1_662' title='bbox 1589 5493 1656 5548; x_wconf 88' lang='lat' dir='ltr'><strong>Et</strong></span> <span class='ocrx_word' id='word_1_663' title='bbox 1697 5496 1805 5548; x_wconf 71' lang='lat' dir='ltr'><strong>Itwc</strong></span> <span class='ocrx_word' id='word_1_664' title='bbox 1849 5493 2058 5562; x_wconf 82' lang='lat' dir='ltr'><strong>quidem</strong></span> 
     </span>
    </p>
   </div>
   <div class='ocr_carea' id='block_1_87' title="bbox 458 5566 2060 5634">
    <p class='ocr_par' dir='ltr' id='par_1_87' title="bbox 458 5566 2060 5634">
     <span class='ocr_line' id='line_1_87' title="bbox 458 5566 2060 5634; baseline 0.001 -15"><span class='ocrx_word' id='word_1_665' title='bbox 458 5567 764 5634; x_wconf 86' lang='lat' dir='ltr'><strong>accipimus,</strong></span> <span class='ocrx_word' id='word_1_666' title='bbox 796 5581 921 5629; x_wconf 71' lang='lat' dir='ltr'><strong>oms</strong></span> <span class='ocrx_word' id='word_1_667' title='bbox 953 5581 1092 5620; x_wconf 73' lang='lat' dir='ltr'><strong>vene</strong></span> <span class='ocrx_word' id='word_1_668' title='bbox 1128 5581 1266 5622; x_wconf 76' lang='lat' dir='ltr'><strong>CARO</strong></span> <span class='ocrx_word' id='word_1_669' title='bbox 1291 5566 1510 5621; x_wconf 76' lang='lat' dir='ltr'><strong>Cuats&#39;rt</strong></span> <span class='ocrx_word' id='word_1_670' title='bbox 1542 5581 1641 5621; x_wconf 78' lang='lat' dir='ltr'><strong>ss&#39;r</strong></span> <span class='ocrx_word' id='word_1_671' title='bbox 1671 5576 1718 5620; x_wconf 91' lang='lat' dir='ltr'><strong>et</strong></span> <span class='ocrx_word' id='word_1_672' title='bbox 1764 5581 1901 5620; x_wconf 65' lang='lat' dir='ltr'><strong>\ERE</strong></span> <span class='ocrx_word' id='word_1_673' title='bbox 1931 5581 2060 5620; x_wconf 72' lang='lat' dir='ltr'><strong>ssn-</strong></span> 
     </span>
    </p>
   </div>
   <div class='ocr_carea' id='block_1_88' title="bbox 457 5637 2057 5705">
    <p class='ocr_par' dir='ltr' id='par_1_88' title="bbox 457 5637 2057 5705">
     <span class='ocr_line' id='line_1_88' title="bbox 457 5637 2057 5705; baseline -0.003 -11"><span class='ocrx_word' id='word_1_674' title='bbox 457 5652 577 5694; x_wconf 79' lang='lat' dir='ltr'><strong>curs</strong></span> <span class='ocrx_word' id='word_1_675' title='bbox 614 5637 836 5693; x_wconf 73' lang='lat' dir='ltr'><strong>CIIISTI</strong></span> <span class='ocrx_word' id='word_1_676' title='bbox 881 5651 1000 5692; x_wconf 59' lang='lat' dir='ltr'><strong>Evr.</strong></span> <span class='ocrx_word' id='word_1_677' title='bbox 1032 5637 1288 5692; x_wconf 64' lang='lat' dir='ltr'><strong>Caeterum</strong></span> <span class='ocrx_word' id='word_1_678' title='bbox 1327 5639 1584 5702; x_wconf 85' lang='lat' dir='ltr'><strong>dicamus,</strong></span> <span class='ocrx_word' id='word_1_679' title='bbox 1617 5646 1723 5693; x_wconf 88' lang='lat' dir='ltr'><strong>etc.</strong></span> <span class='ocrx_word' id='word_1_680' title='bbox 1770 5637 1903 5705; x_wconf 71' lang='lat' dir='ltr'><strong>Quae</strong></span> <span class='ocrx_word' id='word_1_681' title='bbox 1933 5651 2057 5704; x_wconf 64' lang='lat' dir='ltr'><strong>pro~</strong></span> 
     </span>
    </p>
   </div>
   <div class='ocr_carea' id='block_1_89' title="bbox 457 5707 2055 5778">
    <p class='ocr_par' dir='ltr' id='par_1_89' title="bbox 457 5707 2055 5778">
     <span class='ocr_line' id='line_1_89' title="bbox 457 5707 2055 5778; baseline -0.001 -15"><span class='ocrx_word' id='word_1_682' title='bbox 457 5709 606 5767; x_wconf 88' lang='lat' dir='ltr'><strong>facta</strong></span> <span class='ocrx_word' id='word_1_683' title='bbox 656 5707 1010 5764; x_wconf 74' lang='lat' dir='ltr'><strong>invictissime</strong></span> <span class='ocrx_word' id='word_1_684' title='bbox 1066 5709 1446 5768; x_wconf 88' lang='lat' dir='ltr'><strong>demonstrant</strong></span> <span class='ocrx_word' id='word_1_685' title='bbox 1506 5708 1831 5764; x_wconf 81' lang='lat' dir='ltr'><strong>Christianis</strong></span> <span class='ocrx_word' id='word_1_686' title='bbox 1877 5707 2055 5778; x_wconf 86' lang='lat' dir='ltr'><strong>quarti</strong></span> 
     </span>
    </p>
   </div>
   <div class='ocr_carea' id='block_1_90' title="bbox 459 5778 2058 5850">
    <p class='ocr_par' dir='ltr' id='par_1_90' title="bbox 459 5778 2058 5850">
     <span class='ocr_line' id='line_1_90' title="bbox 459 5778 2058 5850; baseline 0 -16"><span class='ocrx_word' id='word_1_687' title='bbox 459 5783 643 5838; x_wconf 68' lang='lat' dir='ltr'><strong>saeculi</strong></span> <span class='ocrx_word' id='word_1_688' title='bbox 673 5794 991 5850; x_wconf 84' lang='lat' dir='ltr'><strong>persuasum</strong></span> <span class='ocrx_word' id='word_1_689' title='bbox 1019 5778 1186 5836; x_wconf 86' lang='lat' dir='ltr'><strong>fuisse</strong></span> <span class='ocrx_word' id='word_1_690' title='bbox 1213 5781 1460 5845; x_wconf 91' lang='lat' dir='ltr'><strong>omnino,</strong></span> <span class='ocrx_word' id='word_1_691' title='bbox 1486 5795 1676 5835; x_wconf 85' lang='lat' dir='ltr'><strong>verum</strong></span> <span class='ocrx_word' id='word_1_692' title='bbox 1702 5779 1907 5850; x_wconf 85' lang='lat' dir='ltr'><strong>Christi</strong></span> <span class='ocrx_word' id='word_1_693' title='bbox 1935 5794 2058 5834; x_wconf 75' lang='lat' dir='ltr'><strong>cor-</strong></span> 
     </span>
    </p>
   </div>
   <div class='ocr_carea' id='block_1_91' title="bbox 458 5849 2056 5920">
    <p class='ocr_par' dir='ltr' id='par_1_91' title="bbox 458 5849 2056 5920">
     <span class='ocr_line' id='line_1_91' title="bbox 458 5849 2056 5920; baseline 0.001 -14"><span class='ocrx_word' id='word_1_694' title='bbox 458 5863 560 5920; x_wconf 84' lang='lat' dir='ltr'><strong>pus</strong></span> <span class='ocrx_word' id='word_1_695' title='bbox 586 5859 642 5908; x_wconf 78' lang='lat' dir='ltr'><strong>at</strong></span> <span class='ocrx_word' id='word_1_696' title='bbox 679 5849 872 5908; x_wconf 86' lang='lat' dir='ltr'><strong>verum</strong></span> <span class='ocrx_word' id='word_1_697' title='bbox 912 5850 1228 5920; x_wconf 74' lang='lat' dir='ltr'><strong>sanguinem</strong></span> <span class='ocrx_word' id='word_1_698' title='bbox 1290 5851 1340 5906; x_wconf 90' lang='lat' dir='ltr'><strong>in</strong></span> <span class='ocrx_word' id='word_1_699' title='bbox 1389 5852 1651 5920; x_wconf 79' lang='lat' dir='ltr'><strong>mysterio</strong></span> <span class='ocrx_word' id='word_1_700' title='bbox 1698 5849 2056 5908; x_wconf 69' lang='lat' dir='ltr'><strong>Eucharistia</strong></span> 
     </span>
    </p>
   </div>
   <div class='ocr_carea' id='block_1_92' title="bbox 2178 3326 3780 3394">
    <p class='ocr_par' dir='ltr' id='par_1_92' title="bbox 2178 3326 3780 3394">
     <span class='ocr_line' id='line_1_92' title="bbox 2178 3326 3780 3394; baseline -0.001 -12"><span class='ocrx_word' id='word_1_701' title='bbox 2178 3327 2230 3382; x_wconf 90' lang='lat' dir='ltr'><strong>iu</strong></span> <span class='ocrx_word' id='word_1_702' title='bbox 2254 3326 2470 3382; x_wconf 79' lang='lat' dir='ltr'><strong>diversa</strong></span> <span class='ocrx_word' id='word_1_703' title='bbox 2498 3327 2836 3382; x_wconf 85' lang='lat' dir='ltr'><strong>distrahitur.</strong></span> <span class='ocrx_word' id='word_1_704' title='bbox 2869 3326 2924 3380; x_wconf 93' lang='lat' dir='ltr'><strong>In</strong></span> <span class='ocrx_word' id='word_1_705' title='bbox 2957 3342 3065 3381; x_wconf 92' lang='lat' dir='ltr'><strong>uno</strong></span> <span class='ocrx_word' id='word_1_706' title='bbox 3087 3327 3206 3382; x_wconf 89' lang='lat' dir='ltr'><strong>loco</strong></span> <span class='ocrx_word' id='word_1_707' title='bbox 3231 3342 3376 3394; x_wconf 85' lang='lat' dir='ltr'><strong>sum,</strong></span> <span class='ocrx_word' id='word_1_708' title='bbox 3407 3337 3463 3382; x_wconf 90' lang='lat' dir='ltr'><strong>et</strong></span> <span class='ocrx_word' id='word_1_709' title='bbox 3489 3341 3645 3382; x_wconf 82' lang='lat' dir='ltr'><strong>mens</strong></span> <span class='ocrx_word' id='word_1_710' title='bbox 3666 3341 3780 3381; x_wconf 74' lang='lat' dir='ltr'><strong>mea</strong></span> 
     </span>
    </p>
   </div>
   <div class='ocr_carea' id='block_1_93' title="bbox 2177 3418 3780 3491">
    <p class='ocr_par' dir='ltr' id='par_1_93' title="bbox 2177 3418 3780 3491">
     <span class='ocr_line' id='line_1_93' title="bbox 2177 3418 3780 3491; baseline -0.001 -18"><span class='ocrx_word' id='word_1_711' title='bbox 2177 3435 2273 3490; x_wconf 88' lang='lat' dir='ltr'><strong>per</strong></span> <span class='ocrx_word' id='word_1_712' title='bbox 2318 3429 2488 3475; x_wconf 90' lang='lat' dir='ltr'><strong>totum</strong></span> <span class='ocrx_word' id='word_1_713' title='bbox 2529 3419 2716 3474; x_wconf 92' lang='lat' dir='ltr'><strong>orbem</strong></span> <span class='ocrx_word' id='word_1_714' title='bbox 2747 3427 2998 3490; x_wconf 83' lang='lat' dir='ltr'><strong>vagatur.</strong></span> <span class='ocrx_word' id='word_1_715' title='bbox 3054 3419 3296 3491; x_wconf 86' lang='lat' dir='ltr'><strong>Angelos</strong></span> <span class='ocrx_word' id='word_1_716' title='bbox 3345 3418 3583 3475; x_wconf 87' lang='lat' dir='ltr'><strong>mundus</strong></span> <span class='ocrx_word' id='word_1_717' title='bbox 3621 3421 3780 3489; x_wconf 81' lang='lat' dir='ltr'><strong>capit,</strong></span> 
     </span>
    </p>
   </div>
   <div class='ocr_carea' id='block_1_94' title="bbox 2177 3511 3780 3582">
    <p class='ocr_par' dir='ltr' id='par_1_94' title="bbox 2177 3511 3780 3582">
     <span class='ocr_line' id='line_1_94' title="bbox 2177 3511 3780 3582; baseline 0 -16"><span class='ocrx_word' id='word_1_718' title='bbox 2177 3526 2338 3581; x_wconf 85' lang='lat' dir='ltr'><strong>reges</strong></span> <span class='ocrx_word' id='word_1_719' title='bbox 2376 3512 2548 3582; x_wconf 90' lang='lat' dir='ltr'><strong>capit,</strong></span> <span class='ocrx_word' id='word_1_720' title='bbox 2601 3512 2873 3566; x_wconf 77' lang='lat' dir='ltr'><strong>exercitus</strong></span> <span class='ocrx_word' id='word_1_721' title='bbox 2903 3511 3072 3581; x_wconf 89' lang='lat' dir='ltr'><strong>capit,</strong></span> <span class='ocrx_word' id='word_1_722' title='bbox 3103 3512 3432 3568; x_wconf 88' lang='lat' dir='ltr'><strong>monachum</strong></span> <span class='ocrx_word' id='word_1_723' title='bbox 3464 3527 3632 3568; x_wconf 90' lang='lat' dir='ltr'><strong>unum</strong></span> <span class='ocrx_word' id='word_1_724' title='bbox 3679 3525 3780 3566; x_wconf 74' lang='lat' dir='ltr'><strong>non</strong></span> 
     </span>
    </p>
   </div>
   <div class='ocr_carea' id='block_1_95' title="bbox 2175 3603 3782 3675">
    <p class='ocr_par' dir='ltr' id='par_1_95' title="bbox 2175 3603 3782 3675">
     <span class='ocr_line' id='line_1_95' title="bbox 2175 3603 3782 3675; baseline 0 -16"><span class='ocrx_word' id='word_1_725' title='bbox 2175 3604 2339 3674; x_wconf 87' lang='lat' dir='ltr'><strong>capit.</strong></span> <span class='ocrx_word' id='word_1_726' title='bbox 2368 3604 2478 3658; x_wconf 90' lang='lat' dir='ltr'><strong>lloc</strong></span> <span class='ocrx_word' id='word_1_727' title='bbox 2503 3615 2671 3659; x_wconf 90' lang='lat' dir='ltr'><strong>totum</strong></span> <span class='ocrx_word' id='word_1_728' title='bbox 2701 3618 2871 3674; x_wconf 88' lang='lat' dir='ltr'><strong>quare</strong></span> <span class='ocrx_word' id='word_1_729' title='bbox 2900 3603 3024 3660; x_wconf 88' lang='lat' dir='ltr'><strong>dico</strong></span> <span class='ocrx_word' id='word_1_730' title='bbox 3051 3603 3075 3658; x_wconf 69' lang='grc' dir='ltr'>τ</span> <span class='ocrx_word' id='word_1_731' title='bbox 3100 3614 3322 3674; x_wconf 87' lang='lat' dir='ltr'><strong>propter</strong></span> <span class='ocrx_word' id='word_1_732' title='bbox 3342 3618 3442 3660; x_wconf 78' lang='lat' dir='ltr'><strong>eos</strong></span> <span class='ocrx_word' id='word_1_733' title='bbox 3467 3604 3562 3675; x_wconf 90' lang='lat' dir='ltr'><strong>qui</strong></span> <span class='ocrx_word' id='word_1_734' title='bbox 3593 3603 3646 3658; x_wconf 90' lang='lat' dir='ltr'><strong>in</strong></span> <span class='ocrx_word' id='word_1_735' title='bbox 3674 3610 3782 3659; x_wconf 85' lang='lat' dir='ltr'><strong>toto</strong></span> 
     </span>
    </p>
   </div>
   <div class='ocr_carea' id='block_1_96' title="bbox 2173 3696 3778 3769">
    <p class='ocr_par' dir='ltr' id='par_1_96' title="bbox 2173 3696 3778 3769">
     <span class='ocr_line' id='line_1_96' title="bbox 2173 3696 3778 3769; baseline 0.001 -17"><span class='ocrx_word' id='word_1_736' title='bbox 2173 3697 2308 3753; x_wconf 91' lang='lat' dir='ltr'><strong>orbe</strong></span> <span class='ocrx_word' id='word_1_737' title='bbox 2342 3707 2632 3769; x_wconf 84' lang='lat' dir='ltr'><strong>vagantur,</strong></span> <span class='ocrx_word' id='word_1_738' title='bbox 2681 3708 2736 3753; x_wconf 93' lang='lat' dir='ltr'><strong>et</strong></span> <span class='ocrx_word' id='word_1_739' title='bbox 2767 3700 2818 3754; x_wconf 90' lang='lat' dir='ltr'><strong>in</strong></span> <span class='ocrx_word' id='word_1_740' title='bbox 2849 3715 2959 3753; x_wconf 91' lang='lat' dir='ltr'><strong>uno</strong></span> <span class='ocrx_word' id='word_1_741' title='bbox 3000 3700 3120 3754; x_wconf 91' lang='lat' dir='ltr'><strong>loco</strong></span> <span class='ocrx_word' id='word_1_742' title='bbox 3161 3696 3353 3752; x_wconf 83' lang='lat' dir='ltr'><strong>sedere</strong></span> <span class='ocrx_word' id='word_1_743' title='bbox 3385 3712 3497 3752; x_wconf 86' lang='lat' dir='ltr'><strong>non</strong></span> <span class='ocrx_word' id='word_1_744' title='bbox 3539 3706 3778 3766; x_wconf 88' lang='lat' dir='ltr'><strong>possunt.</strong></span> 
     </span>
    </p>
   </div>
   <div class='ocr_carea' id='block_1_97' title="bbox 2173 3786 3776 3863">
    <p class='ocr_par' dir='ltr' id='par_1_97' title="bbox 2173 3786 3776 3863">
     <span class='ocr_line' id='line_1_97' title="bbox 2173 3786 3776 3863; baseline 0.002 -22"><span class='ocrx_word' id='word_1_745' title='bbox 2173 3786 2314 3844; x_wconf 90' lang='lat' dir='ltr'><strong>Deus</strong></span> <span class='ocrx_word' id='word_1_746' title='bbox 2339 3801 2477 3856; x_wconf 90' lang='lat' dir='ltr'><strong>tuus,</strong></span> <span class='ocrx_word' id='word_1_747' title='bbox 2506 3789 2660 3858; x_wconf 88' lang='lat' dir='ltr'><strong>Sion,</strong></span> <span class='ocrx_word' id='word_1_748' title='bbox 2684 3791 2738 3845; x_wconf 85' lang='lat' dir='ltr'><strong>in</strong></span> <span class='ocrx_word' id='word_1_749' title='bbox 2767 3791 3095 3863; x_wconf 82' lang='lat' dir='ltr'><strong>generatione</strong></span> <span class='ocrx_word' id='word_1_750' title='bbox 3127 3797 3174 3844; x_wconf 85' lang='lat' dir='ltr'><strong>et</strong></span> <span class='ocrx_word' id='word_1_751' title='bbox 3201 3789 3605 3860; x_wconf 78' lang='lat' dir='ltr'><strong>generationem.</strong></span> <span class='ocrx_word' id='word_1_752' title='bbox 3646 3789 3776 3845; x_wconf 82' lang='lat' dir='ltr'><strong>Deus</strong></span> 
     </span>
    </p>
   </div>
   <div class='ocr_carea' id='block_1_98' title="bbox 2173 3883 3779 3957">
    <p class='ocr_par' dir='ltr' id='par_1_98' title="bbox 2173 3883 3779 3957">
     <span class='ocr_line' id='line_1_98' title="bbox 2173 3883 3779 3957; baseline 0.004 -20"><span class='ocrx_word' id='word_1_753' title='bbox 2173 3894 2314 3950; x_wconf 87' lang='lat' dir='ltr'><strong>tuus,</strong></span> <span class='ocrx_word' id='word_1_754' title='bbox 2349 3883 2500 3939; x_wconf 91' lang='lat' dir='ltr'><strong>Sion.</strong></span> <span class='ocrx_word' id='word_1_755' title='bbox 2553 3884 2888 3955; x_wconf 87' lang='lat' dir='ltr'><strong>Frequenter</strong></span> <span class='ocrx_word' id='word_1_756' title='bbox 2919 3886 3152 3943; x_wconf 71' lang='lat' dir='ltr'><strong>diximus</strong></span> <span class='ocrx_word' id='word_1_757' title='bbox 3201 3884 3333 3942; x_wconf 87' lang='lat' dir='ltr'><strong>Sion</strong></span> <span class='ocrx_word' id='word_1_758' title='bbox 3375 3887 3645 3957; x_wconf 84' lang='lat' dir='ltr'><strong>speculam</strong></span> <span class='ocrx_word' id='word_1_759' title='bbox 3689 3893 3779 3944; x_wconf 82' lang='lat' dir='ltr'><strong>aut</strong></span> 
     </span>
    </p>
   </div>
   <div class='ocr_carea' id='block_1_99' title="bbox 2174 3975 3776 4048">
    <p class='ocr_par' dir='ltr' id='par_1_99' title="bbox 2174 3975 3776 4048">
     <span class='ocr_line' id='line_1_99' title="bbox 2174 3975 3776 4048; baseline 0 -18"><span class='ocrx_word' id='word_1_760' title='bbox 2174 3975 2471 4031; x_wconf 87' lang='lat' dir='ltr'><strong>Ecclesiam</strong></span> <span class='ocrx_word' id='word_1_761' title='bbox 2517 3977 2885 4047; x_wconf 88' lang='lat' dir='ltr'><strong>interpretari,</strong></span> <span class='ocrx_word' id='word_1_762' title='bbox 2919 3988 3014 4033; x_wconf 89' lang='lat' dir='ltr'><strong>aut</strong></span> <span class='ocrx_word' id='word_1_763' title='bbox 3041 3979 3277 4034; x_wconf 77' lang='lat' dir='ltr'><strong>animam</strong></span> <span class='ocrx_word' id='word_1_764' title='bbox 3319 3979 3776 4048; x_wconf 76' lang='lat' dir='ltr'><strong>contemplantem</strong></span> 
     </span>
    </p>
   </div>
   <div class='ocr_carea' id='block_1_100' title="bbox 2176 4067 3778 4142">
    <p class='ocr_par' dir='ltr' id='par_1_100' title="bbox 2176 4067 3778 4142">
     <span class='ocr_line' id='line_1_100' title="bbox 2176 4067 3778 4142; baseline 0 -20"><span class='ocrx_word' id='word_1_765' title='bbox 2176 4068 2365 4124; x_wconf 88' lang='lat' dir='ltr'><strong>Deum.</strong></span> <span class='ocrx_word' id='word_1_766' title='bbox 2403 4067 2543 4123; x_wconf 86' lang='lat' dir='ltr'><strong>Deus</strong></span> <span class='ocrx_word' id='word_1_767' title='bbox 2595 4079 2732 4134; x_wconf 88' lang='lat' dir='ltr'><strong>tuus,</strong></span> <span class='ocrx_word' id='word_1_768' title='bbox 2774 4070 2927 4135; x_wconf 80' lang='lat' dir='ltr'><strong>Sion,</strong></span> <span class='ocrx_word' id='word_1_769' title='bbox 2960 4071 3013 4124; x_wconf 86' lang='lat' dir='ltr'><strong>in</strong></span> <span class='ocrx_word' id='word_1_770' title='bbox 3049 4073 3381 4142; x_wconf 83' lang='lat' dir='ltr'><strong>generatione</strong></span> <span class='ocrx_word' id='word_1_771' title='bbox 3406 4080 3455 4126; x_wconf 84' lang='lat' dir='ltr'><strong>et</strong></span> <span class='ocrx_word' id='word_1_772' title='bbox 3492 4070 3778 4141; x_wconf 78' lang='lat' dir='ltr'><strong>generatio-</strong></span> 
     </span>
    </p>
   </div>
   <div class='ocr_carea' id='block_1_101' title="bbox 2171 4161 3772 4234">
    <p class='ocr_par' dir='ltr' id='par_1_101' title="bbox 2171 4161 3772 4234">
     <span class='ocr_line' id='line_1_101' title="bbox 2171 4161 3772 4234; baseline 0.001 -18"><span class='ocrx_word' id='word_1_773' title='bbox 2171 4180 2306 4218; x_wconf 90' lang='lat' dir='ltr'><strong>nem.</strong></span> <span class='ocrx_word' id='word_1_774' title='bbox 2342 4164 2396 4219; x_wconf 92' lang='lat' dir='ltr'><strong>ln</strong></span> <span class='ocrx_word' id='word_1_775' title='bbox 2428 4163 2602 4234; x_wconf 87' lang='lat' dir='ltr'><strong>prima</strong></span> <span class='ocrx_word' id='word_1_776' title='bbox 2638 4164 3012 4234; x_wconf 78' lang='lat' dir='ltr'><strong>generatione,</strong></span> <span class='ocrx_word' id='word_1_777' title='bbox 3045 4164 3389 4230; x_wconf 74' lang='lat' dir='ltr'><strong>Jndteorum;</strong></span> <span class='ocrx_word' id='word_1_778' title='bbox 3431 4168 3485 4220; x_wconf 90' lang='lat' dir='ltr'><strong>in</strong></span> <span class='ocrx_word' id='word_1_779' title='bbox 3517 4161 3715 4218; x_wconf 85' lang='lat' dir='ltr'><strong>secund</strong></span> <span class='ocrx_word' id='word_1_780' title='bbox 3736 4183 3772 4231; x_wconf 78' lang='grc' dir='ltr'><strong>ι,</strong></span> 
     </span>
    </p>
   </div>
   <div class='ocr_carea' id='block_1_102' title="bbox 2170 4257 3775 4330">
    <p class='ocr_par' dir='ltr' id='par_1_102' title="bbox 2170 4257 3775 4330">
     <span class='ocr_line' id='line_1_102' title="bbox 2170 4257 3775 4330; baseline 0.001 -19"><span class='ocrx_word' id='word_1_781' title='bbox 2170 4271 2236 4311; x_wconf 81' lang='lat' dir='ltr'><strong>ex</strong></span> <span class='ocrx_word' id='word_1_782' title='bbox 2266 4257 2536 4326; x_wconf 84' lang='lat' dir='ltr'><strong>gentibus.</strong></span> <span class='ocrx_word' id='word_1_783' title='bbox 2585 4257 2641 4312; x_wconf 90' lang='lat' dir='ltr'><strong>In</strong></span> <span class='ocrx_word' id='word_1_784' title='bbox 2687 4257 2935 4314; x_wconf 90' lang='lat' dir='ltr'><strong>omnibus</strong></span> <span class='ocrx_word' id='word_1_785' title='bbox 2980 4259 3305 4330; x_wconf 86' lang='lat' dir='ltr'><strong>Scripturis,</strong></span> <span class='ocrx_word' id='word_1_786' title='bbox 3336 4267 3392 4314; x_wconf 89' lang='lat' dir='ltr'><strong>et</strong></span> <span class='ocrx_word' id='word_1_787' title='bbox 3444 4259 3499 4313; x_wconf 92' lang='lat' dir='ltr'><strong>in</strong></span> <span class='ocrx_word' id='word_1_788' title='bbox 3529 4257 3775 4313; x_wconf 81' lang='lat' dir='ltr'><strong>omnibus</strong></span> 
     </span>
    </p>
   </div>
   <div class='ocr_carea' id='block_1_103' title="bbox 2171 4349 3768 4422">
    <p class='ocr_par' dir='ltr' id='par_1_103' title="bbox 2171 4349 3768 4422">
     <span class='ocr_line' id='line_1_103' title="bbox 2171 4349 3768 4422; baseline 0.001 -18"><span class='ocrx_word' id='word_1_789' title='bbox 2171 4349 2395 4418; x_wconf 88' lang='lat' dir='ltr'><strong>psalmis</strong></span> <span class='ocrx_word' id='word_1_790' title='bbox 2417 4352 2697 4420; x_wconf 83' lang='lat' dir='ltr'><strong>generatio</strong></span> <span class='ocrx_word' id='word_1_791' title='bbox 2722 4359 2778 4406; x_wconf 89' lang='lat' dir='ltr'><strong>et</strong></span> <span class='ocrx_word' id='word_1_792' title='bbox 2801 4354 3082 4422; x_wconf 88' lang='lat' dir='ltr'><strong>generatio</strong></span> <span class='ocrx_word' id='word_1_793' title='bbox 3107 4353 3327 4420; x_wconf 88' lang='lat' dir='ltr'><strong>dicitur,</strong></span> <span class='ocrx_word' id='word_1_794' title='bbox 3355 4359 3413 4406; x_wconf 91' lang='lat' dir='ltr'><strong>ut</strong></span> <span class='ocrx_word' id='word_1_795' title='bbox 3431 4351 3570 4408; x_wconf 86' lang='lat' dir='ltr'><strong>duos</strong></span> <span class='ocrx_word' id='word_1_796' title='bbox 3601 4365 3768 4422; x_wconf 82' lang='lat' dir='ltr'><strong>popu-</strong></span> 
     </span>
    </p>
   </div>
   <div class='ocr_carea' id='block_1_104' title="bbox 2169 4443 3774 4516">
    <p class='ocr_par' dir='ltr' id='par_1_104' title="bbox 2169 4443 3774 4516">
     <span class='ocr_line' id='line_1_104' title="bbox 2169 4443 3774 4516; baseline 0 -19"><span class='ocrx_word' id='word_1_797' title='bbox 2169 4443 2250 4499; x_wconf 92' lang='lat' dir='ltr'><strong>los</strong></span> <span class='ocrx_word' id='word_1_798' title='bbox 2281 4445 2565 4515; x_wconf 85' lang='lat' dir='ltr'><strong>significet.</strong></span> <span class='ocrx_word' id='word_1_799' title='bbox 2604 4445 2792 4500; x_wconf 83' lang='lat' dir='ltr'><strong>Dicere</strong></span> <span class='ocrx_word' id='word_1_800' title='bbox 2814 4455 2994 4500; x_wconf 90' lang='lat' dir='ltr'><strong>autem</strong></span> <span class='ocrx_word' id='word_1_801' title='bbox 3024 4454 3082 4502; x_wconf 88' lang='lat' dir='ltr'><strong>et</strong></span> <span class='ocrx_word' id='word_1_802' title='bbox 3116 4445 3273 4501; x_wconf 89' lang='lat' dir='ltr'><strong>aliter</strong></span> <span class='ocrx_word' id='word_1_803' title='bbox 3304 4459 3594 4516; x_wconf 86' lang='lat' dir='ltr'><strong>possumus</strong></span> <span class='ocrx_word' id='word_1_804' title='bbox 3632 4463 3647 4501; x_wconf 89' lang='lat'><strong>:</strong></span> <span class='ocrx_word' id='word_1_805' title='bbox 3679 4443 3774 4498; x_wconf 62' lang='lat' dir='ltr'><strong>Re.</strong></span> 
     </span>
    </p>
   </div>
   <div class='ocr_carea' id='block_1_105' title="bbox 2170 4535 3775 4608">
    <p class='ocr_par' dir='ltr' id='par_1_105' title="bbox 2170 4535 3775 4608">
     <span class='ocr_line' id='line_1_105' title="bbox 2170 4535 3775 4608; baseline 0.001 -18"><span class='ocrx_word' id='word_1_806' title='bbox 2170 4537 2341 4608; x_wconf 84' lang='lat' dir='ltr'><strong>gnavit</strong></span> <span class='ocrx_word' id='word_1_807' title='bbox 2372 4535 2624 4591; x_wconf 85' lang='lat' dir='ltr'><strong>Dominus</strong></span> <span class='ocrx_word' id='word_1_808' title='bbox 2645 4537 2698 4590; x_wconf 89' lang='lat' dir='ltr'><strong>in</strong></span> <span class='ocrx_word' id='word_1_809' title='bbox 2723 4537 2914 4592; x_wconf 69' lang='lat' dir='ltr'><strong>secula</strong></span> <span class='ocrx_word' id='word_1_810' title='bbox 2945 4537 3087 4592; x_wconf 85' lang='lat' dir='ltr'><strong>Deus</strong></span> <span class='ocrx_word' id='word_1_811' title='bbox 3108 4548 3245 4606; x_wconf 76' lang='lat' dir='ltr'><strong>tuus,</strong></span> <span class='ocrx_word' id='word_1_812' title='bbox 3268 4537 3398 4594; x_wconf 82' lang='lat' dir='ltr'><strong>Sion</strong></span> <span class='ocrx_word' id='word_1_813' title='bbox 3425 4556 3437 4590; x_wconf 92' lang='lat'><strong>:</strong></span> <span class='ocrx_word' id='word_1_814' title='bbox 3467 4539 3522 4594; x_wconf 90' lang='lat' dir='ltr'><strong>in</strong></span> <span class='ocrx_word' id='word_1_815' title='bbox 3551 4551 3775 4608; x_wconf 64' lang='lat' dir='ltr'><strong>generav</strong></span> 
     </span>
    </p>
   </div>
   <div class='ocr_carea' id='block_1_106' title="bbox 2173 4629 3773 4700">
    <p class='ocr_par' dir='ltr' id='par_1_106' title="bbox 2173 4629 3773 4700">
     <span class='ocr_line' id='line_1_106' title="bbox 2173 4629 3773 4700; baseline 0.003 -18"><span class='ocrx_word' id='word_1_816' title='bbox 2173 4629 2319 4683; x_wconf 89' lang='lat' dir='ltr'><strong>tione</strong></span> <span class='ocrx_word' id='word_1_817' title='bbox 2347 4629 2444 4682; x_wconf 88' lang='lat' dir='ltr'><strong>ista</strong></span> <span class='ocrx_word' id='word_1_818' title='bbox 2466 4639 2522 4684; x_wconf 91' lang='lat' dir='ltr'><strong>et</strong></span> <span class='ocrx_word' id='word_1_819' title='bbox 2551 4632 2603 4684; x_wconf 95' lang='lat' dir='ltr'><strong>in</strong></span> <span class='ocrx_word' id='word_1_820' title='bbox 2630 4632 2984 4699; x_wconf 87' lang='lat' dir='ltr'><strong>generatione</strong></span> <span class='ocrx_word' id='word_1_821' title='bbox 3015 4639 3266 4684; x_wconf 87' lang='lat' dir='ltr'><strong>ventura.</strong></span> <span class='ocrx_word' id='word_1_822' title='bbox 3297 4629 3510 4700; x_wconf 79' lang='lat' dir='ltr'><strong>Reguet</strong></span> <span class='ocrx_word' id='word_1_823' title='bbox 3531 4630 3773 4686; x_wconf 74' lang='lat' dir='ltr'><strong>Christus</strong></span> 
     </span>
    </p>
   </div>
   <div class='ocr_carea' id='block_1_107' title="bbox 2175 4722 3768 4795">
    <p class='ocr_par' dir='ltr' id='par_1_107' title="bbox 2175 4722 3768 4795">
     <span class='ocr_line' id='line_1_107' title="bbox 2175 4722 3768 4795; baseline 0 -17"><span class='ocrx_word' id='word_1_824' title='bbox 2175 4723 2227 4778; x_wconf 91' lang='lat' dir='ltr'><strong>in</strong></span> <span class='ocrx_word' id='word_1_825' title='bbox 2260 4722 2434 4785; x_wconf 87' lang='lat' dir='ltr'><strong>nobis.</strong></span> <span class='ocrx_word' id='word_1_826' title='bbox 2481 4738 2588 4778; x_wconf 92' lang='lat' dir='ltr'><strong>non</strong></span> <span class='ocrx_word' id='word_1_827' title='bbox 2630 4735 2820 4793; x_wconf 83' lang='lat' dir='ltr'><strong>regnet</strong></span> <span class='ocrx_word' id='word_1_828' title='bbox 2868 4731 3150 4794; x_wconf 89' lang='lat' dir='ltr'><strong>peccatum</strong></span> <span class='ocrx_word' id='word_1_829' title='bbox 3200 4722 3254 4778; x_wconf 93' lang='lat' dir='ltr'><strong>in</strong></span> <span class='ocrx_word' id='word_1_830' title='bbox 3283 4738 3520 4795; x_wconf 83' lang='lat' dir='ltr'><strong>corpore</strong></span> <span class='ocrx_word' id='word_1_831' title='bbox 3566 4734 3768 4778; x_wconf 83' lang='lat' dir='ltr'><strong>nostra.</strong></span> 
     </span>
    </p>
   </div>
   <div class='ocr_carea' id='block_1_108' title="bbox 2173 4814 3768 4890">
    <p class='ocr_par' dir='ltr' id='par_1_108' title="bbox 2173 4814 3768 4890">
     <span class='ocr_line' id='line_1_108' title="bbox 2173 4814 3768 4890; baseline -0.002 -19"><span class='ocrx_word' id='word_1_832' title='bbox 2173 4815 2277 4872; x_wconf 91' lang='lat' dir='ltr'><strong>Cor</strong></span> <span class='ocrx_word' id='word_1_833' title='bbox 2307 4815 2447 4887; x_wconf 85' lang='lat' dir='ltr'><strong>regis</strong></span> <span class='ocrx_word' id='word_1_834' title='bbox 2493 4816 2545 4872; x_wconf 92' lang='lat' dir='ltr'><strong>in</strong></span> <span class='ocrx_word' id='word_1_835' title='bbox 2592 4831 2750 4871; x_wconf 90' lang='lat' dir='ltr'><strong>manu</strong></span> <span class='ocrx_word' id='word_1_836' title='bbox 2789 4816 2883 4872; x_wconf 91' lang='lat' dir='ltr'><strong>Dei</strong></span> <span class='ocrx_word' id='word_1_837' title='bbox 2914 4814 3099 4890; x_wconf 78' lang='lat' dir='ltr'><strong>(Prov.</strong></span> <span class='ocrx_word' id='word_1_838' title='bbox 3149 4815 3285 4888; x_wconf 69' lang='lat' dir='ltr'><strong>ut).</strong></span> <span class='ocrx_word' id='word_1_839' title='bbox 3337 4815 3526 4876; x_wconf 79' lang='lat' dir='ltr'><strong>Simus</strong></span> <span class='ocrx_word' id='word_1_840' title='bbox 3571 4829 3768 4886; x_wconf 76' lang='lat' dir='ltr'><strong>reges:</strong></span> 
     </span>
    </p>
   </div>
   <div class='ocr_carea' id='block_1_109' title="bbox 2172 4907 3774 4979">
    <p class='ocr_par' dir='ltr' id='par_1_109' title="bbox 2172 4907 3774 4979">
     <span class='ocr_line' id='line_1_109' title="bbox 2172 4907 3774 4979; baseline -0.001 -15"><span class='ocrx_word' id='word_1_841' title='bbox 2172 4908 2500 4979; x_wconf 86' lang='lat' dir='ltr'><strong>imperemus</strong></span> <span class='ocrx_word' id='word_1_842' title='bbox 2537 4909 2751 4979; x_wconf 90' lang='lat' dir='ltr'><strong>corpori</strong></span> <span class='ocrx_word' id='word_1_843' title='bbox 2793 4920 3004 4976; x_wconf 90' lang='lat' dir='ltr'><strong>nostro,</strong></span> <span class='ocrx_word' id='word_1_844' title='bbox 3050 4917 3106 4964; x_wconf 89' lang='lat' dir='ltr'><strong>et</strong></span> <span class='ocrx_word' id='word_1_845' title='bbox 3141 4907 3499 4979; x_wconf 78' lang='lat' dir='ltr'><strong>subjiciamus</strong></span> <span class='ocrx_word' id='word_1_846' title='bbox 3538 4908 3691 4973; x_wconf 80' lang='lat' dir='ltr'><strong>illud,</strong></span> <span class='ocrx_word' id='word_1_847' title='bbox 3719 4914 3774 4963; x_wconf 79' lang='lat' dir='ltr'><strong>et</strong></span> 
     </span>
    </p>
   </div>
   <div class='ocr_carea' id='block_1_110' title="bbox 2171 5002 3770 5076">
    <p class='ocr_par' dir='ltr' id='par_1_110' title="bbox 2171 5002 3770 5076">
     <span class='ocr_line' id='line_1_110' title="bbox 2171 5002 3770 5076; baseline 0 -18"><span class='ocrx_word' id='word_1_848' title='bbox 2171 5017 2267 5058; x_wconf 89' lang='lat' dir='ltr'><strong>eor</strong></span> <span class='ocrx_word' id='word_1_849' title='bbox 2311 5011 2555 5059; x_wconf 81' lang='lat' dir='ltr'><strong>nostrum</strong></span> <span class='ocrx_word' id='word_1_850' title='bbox 2586 5003 2654 5058; x_wconf 91' lang='lat' dir='ltr'><strong>sit</strong></span> <span class='ocrx_word' id='word_1_851' title='bbox 2684 5003 2737 5058; x_wconf 92' lang='lat' dir='ltr'><strong>iu</strong></span> <span class='ocrx_word' id='word_1_852' title='bbox 2789 5018 2950 5058; x_wconf 86' lang='lat' dir='ltr'><strong>manu</strong></span> <span class='ocrx_word' id='word_1_853' title='bbox 2987 5002 3102 5060; x_wconf 86' lang='lat' dir='ltr'><strong>Dei.</strong></span> <span class='ocrx_word' id='word_1_854' title='bbox 3137 5002 3236 5060; x_wconf 87' lang='lat' dir='ltr'><strong>Cui</strong></span> <span class='ocrx_word' id='word_1_855' title='bbox 3266 5003 3338 5059; x_wconf 84' lang='lat' dir='ltr'><strong>sit</strong></span> <span class='ocrx_word' id='word_1_856' title='bbox 3383 5003 3560 5076; x_wconf 83' lang='lat' dir='ltr'><strong>gloria</strong></span> <span class='ocrx_word' id='word_1_857' title='bbox 3587 5004 3641 5060; x_wconf 89' lang='lat' dir='ltr'><strong>in</strong></span> <span class='ocrx_word' id='word_1_858' title='bbox 3664 5017 3770 5059; x_wconf 59' lang='grc' dir='ltr'><strong>δικ</strong></span> 
     </span>
    </p>
   </div>
   <div class='ocr_carea' id='block_1_111' title="bbox 2172 5093 2885 5152">
    <p class='ocr_par' dir='ltr' id='par_1_111' title="bbox 2172 5093 2885 5152">
     <span class='ocr_line' id='line_1_111' title="bbox 2172 5093 2885 5152; baseline 0.003 -3"><span class='ocrx_word' id='word_1_859' title='bbox 2172 5093 2292 5149; x_wconf 89' lang='lat' dir='ltr'><strong>cuia</strong></span> <span class='ocrx_word' id='word_1_860' title='bbox 2317 5094 2660 5152; x_wconf 61' lang='lat' dir='ltr'><strong>moulorutn.</strong></span> <span class='ocrx_word' id='word_1_861' title='bbox 2687 5093 2885 5151; x_wconf 85' lang='lat' dir='ltr'><strong>Amen.</strong></span> 
     </span>
    </p>
   </div>
   <div class='ocr_carea' id='block_1_112' title="bbox 2162 5280 3770 5352">
    <p class='ocr_par' dir='ltr' id='par_1_112' title="bbox 2162 5280 3770 5352">
     <span class='ocr_line' id='line_1_112' title="bbox 2162 5280 3770 5352; baseline 0.001 -15"><span class='ocrx_word' id='word_1_862' title='bbox 2162 5289 2504 5344; x_wconf 86' lang='lat' dir='ltr'><strong>contentum,</strong></span> <span class='ocrx_word' id='word_1_863' title='bbox 2551 5281 2709 5338; x_wconf 90' lang='lat' dir='ltr'><strong>nobis</strong></span> <span class='ocrx_word' id='word_1_864' title='bbox 2755 5281 2809 5336; x_wconf 91' lang='lat' dir='ltr'><strong>in</strong></span> <span class='ocrx_word' id='word_1_865' title='bbox 2856 5281 3040 5338; x_wconf 90' lang='lat' dir='ltr'><strong>cibum</strong></span> <span class='ocrx_word' id='word_1_866' title='bbox 3081 5291 3134 5337; x_wconf 93' lang='lat' dir='ltr'><strong>et</strong></span> <span class='ocrx_word' id='word_1_867' title='bbox 3169 5291 3356 5352; x_wconf 82' lang='lat' dir='ltr'><strong>potum</strong></span> <span class='ocrx_word' id='word_1_868' title='bbox 3389 5280 3577 5340; x_wconf 80' lang='lat' dir='ltr'><strong>datum</strong></span> <span class='ocrx_word' id='word_1_869' title='bbox 3627 5295 3770 5346; x_wconf 77' lang='lat' dir='ltr'><strong>esse.</strong></span> 
     </span>
    </p>
   </div>
   <div class='ocr_carea' id='block_1_113' title="bbox 2164 5352 3774 5426">
    <p class='ocr_par' dir='ltr' id='par_1_113' title="bbox 2164 5352 3774 5426">
     <span class='ocr_line' id='line_1_113' title="bbox 2164 5352 3774 5426; baseline 0.002 -21"><span class='ocrx_word' id='word_1_870' title='bbox 2164 5360 2220 5426; x_wconf 71' lang='lat' dir='ltr'><strong>et</strong></span> <span class='ocrx_word' id='word_1_871' title='bbox 2264 5362 2546 5426; x_wconf 32' lang='grc' dir='ltr'><strong>ειηιιιιιιι-ῐη</strong></span> <span class='ocrx_word' id='word_1_872' title='bbox 2579 5353 2682 5409; x_wconf 91' lang='lat' dir='ltr'><strong>sub</strong></span> <span class='ocrx_word' id='word_1_873' title='bbox 2711 5353 2976 5426; x_wconf 88' lang='lat' dir='ltr'><strong>symbolis</strong></span> <span class='ocrx_word' id='word_1_874' title='bbox 3005 5354 3158 5424; x_wconf 91' lang='lat' dir='ltr'><strong>panis</strong></span> <span class='ocrx_word' id='word_1_875' title='bbox 3204 5364 3259 5410; x_wconf 87' lang='lat' dir='ltr'><strong>et</strong></span> <span class='ocrx_word' id='word_1_876' title='bbox 3310 5353 3444 5412; x_wconf 87' lang='lat' dir='ltr'><strong>vini.</strong></span> <span class='ocrx_word' id='word_1_877' title='bbox 3491 5352 3672 5410; x_wconf 68' lang='lat' dir='ltr'><strong>Mur.</strong></span> <span class='ocrx_word' id='word_1_878' title='bbox 3698 5377 3774 5426; x_wconf 73' lang='grc' dir='ltr'><strong>-τ-</strong></span> 
     </span>
    </p>
   </div>
   <div class='ocr_carea' id='block_1_114' title="bbox 2163 5423 3770 5495">
    <p class='ocr_par' dir='ltr' id='par_1_114' title="bbox 2163 5423 3770 5495">
     <span class='ocr_line' id='line_1_114' title="bbox 2163 5423 3770 5495; baseline 0 -19"><span class='ocrx_word' id='word_1_879' title='bbox 2163 5423 2386 5495; x_wconf 69' lang='lat' dir='ltr'><strong>Yeteres</strong></span> <span class='ocrx_word' id='word_1_880' title='bbox 2424 5423 2693 5478; x_wconf 88' lang='lat' dir='ltr'><strong>editiones</strong></span> <span class='ocrx_word' id='word_1_881' title='bbox 2741 5423 2969 5478; x_wconf 79' lang='lat' dir='ltr'><strong>alterum</strong></span> <span class='ocrx_word' id='word_1_882' title='bbox 3009 5423 3254 5491; x_wconf 88' lang='lat' dir='ltr'><strong>comma,</strong></span> <span class='ocrx_word' id='word_1_883' title='bbox 3302 5435 3349 5479; x_wconf 86' lang='lat' dir='ltr'><strong>et</strong></span> <span class='ocrx_word' id='word_1_884' title='bbox 3397 5440 3512 5478; x_wconf 78' lang='lat' dir='ltr'><strong>aere</strong></span> <span class='ocrx_word' id='word_1_885' title='bbox 3557 5425 3770 5495; x_wconf 75' lang='lat' dir='ltr'><strong>sanguis</strong></span> 
     </span>
    </p>
   </div>
   <div class='ocr_carea' id='block_1_115' title="bbox 2165 5491 3768 5565">
    <p class='ocr_par' dir='ltr' id='par_1_115' title="bbox 2165 5491 3768 5565">
     <span class='ocr_line' id='line_1_115' title="bbox 2165 5491 3768 5565; baseline 0.001 -17"><span class='ocrx_word' id='word_1_886' title='bbox 2165 5491 2358 5548; x_wconf 82' lang='lat' dir='ltr'><strong>Christi</strong></span> <span class='ocrx_word' id='word_1_887' title='bbox 2380 5509 2476 5559; x_wconf 87' lang='lat' dir='ltr'><strong>est,</strong></span> <span class='ocrx_word' id='word_1_888' title='bbox 2503 5496 2730 5549; x_wconf 89' lang='lat' dir='ltr'><strong>solemni</strong></span> <span class='ocrx_word' id='word_1_889' title='bbox 2755 5495 3056 5551; x_wconf 89' lang='lat' dir='ltr'><strong>scribarum</strong></span> <span class='ocrx_word' id='word_1_890' title='bbox 3087 5496 3240 5565; x_wconf 85' lang='lat' dir='ltr'><strong>lapsu</strong></span> <span class='ocrx_word' id='word_1_891' title='bbox 3269 5495 3338 5551; x_wconf 91' lang='lat' dir='ltr'><strong>ob</strong></span> <span class='ocrx_word' id='word_1_892' title='bbox 3361 5495 3605 5565; x_wconf 87' lang='lat' dir='ltr'><strong>ejusdem</strong></span> <span class='ocrx_word' id='word_1_893' title='bbox 3621 5491 3768 5550; x_wconf 70' lang='lat' dir='ltr'><strong>verbi</strong></span> 
     </span>
    </p>
   </div>
   <div class='ocr_carea' id='block_1_116' title="bbox 2164 5566 3765 5638">
    <p class='ocr_par' dir='ltr' id='par_1_116' title="bbox 2164 5566 3765 5638">
     <span class='ocr_line' id='line_1_116' title="bbox 2164 5566 3765 5638; baseline -0.002 -18"><span class='ocrx_word' id='word_1_894' title='bbox 2164 5580 2450 5638; x_wconf 71' lang='lat' dir='ltr'><strong>recursum</strong></span> <span class='ocrx_word' id='word_1_895' title='bbox 2503 5567 2940 5631; x_wconf 67' lang='lat' dir='ltr'><strong>prietermittuot.</strong></span> <span class='ocrx_word' id='word_1_896' title='bbox 2985 5566 3352 5638; x_wconf 68' lang='lat' dir='ltr'><strong>Martianaus,</strong></span> <span class='ocrx_word' id='word_1_897' title='bbox 3385 5567 3484 5638; x_wconf 91' lang='lat' dir='ltr'><strong>qui</strong></span> <span class='ocrx_word' id='word_1_898' title='bbox 3517 5568 3689 5638; x_wconf 86' lang='lat' dir='ltr'><strong>locum</strong></span> <span class='ocrx_word' id='word_1_899' title='bbox 3732 5579 3765 5618; x_wconf 90' lang='lat' dir='ltr'><strong>e</strong></span> 
     </span>
    </p>
   </div>
   <div class='ocr_carea' id='block_1_117' title="bbox 2166 5636 3761 5708">
    <p class='ocr_par' dir='ltr' id='par_1_117' title="bbox 2166 5636 3761 5708">
     <span class='ocr_line' id='line_1_117' title="bbox 2166 5636 3761 5708; baseline 0 -17"><span class='ocrx_word' id='word_1_900' title='bbox 2166 5652 2268 5692; x_wconf 90' lang='lat' dir='ltr'><strong>ms.</strong></span> <span class='ocrx_word' id='word_1_901' title='bbox 2297 5636 2612 5693; x_wconf 84' lang='lat' dir='ltr'><strong>Curbciensi</strong></span> <span class='ocrx_word' id='word_1_902' title='bbox 2643 5639 2900 5704; x_wconf 88' lang='lat' dir='ltr'><strong>restituit,</strong></span> <span class='ocrx_word' id='word_1_903' title='bbox 2934 5637 3294 5694; x_wconf 84' lang='lat' dir='ltr'><strong>animadverti</strong></span> <span class='ocrx_word' id='word_1_904' title='bbox 3323 5636 3588 5704; x_wconf 62' lang='lat' dir='ltr'><strong>praeterea</strong></span> <span class='ocrx_word' id='word_1_905' title='bbox 3615 5637 3761 5708; x_wconf 43' lang='lat' dir='ltr'><strong>iulg</strong></span> 
     </span>
    </p>
   </div>
   <div class='ocr_carea' id='block_1_118' title="bbox 2163 5706 3760 5780">
    <p class='ocr_par' dir='ltr' id='par_1_118' title="bbox 2163 5706 3760 5780">
     <span class='ocr_line' id='line_1_118' title="bbox 2163 5706 3760 5780; baseline -0.002 -16"><span class='ocrx_word' id='word_1_906' title='bbox 2163 5708 2380 5780; x_wconf 89' lang='lat' dir='ltr'><strong>insigne</strong></span> <span class='ocrx_word' id='word_1_907' title='bbox 2415 5709 2784 5780; x_wconf 85' lang='lat' dir='ltr'><strong>testimonium</strong></span> <span class='ocrx_word' id='word_1_908' title='bbox 2838 5709 2909 5770; x_wconf 85' lang='lat' dir='ltr'><strong>ad</strong></span> <span class='ocrx_word' id='word_1_909' title='bbox 2955 5710 3248 5764; x_wconf 87' lang='lat' dir='ltr'><strong>veritatem</strong></span> <span class='ocrx_word' id='word_1_910' title='bbox 3277 5710 3532 5778; x_wconf 83' lang='lat' dir='ltr'><strong>corporis</strong></span> <span class='ocrx_word' id='word_1_911' title='bbox 3563 5706 3760 5765; x_wconf 75' lang='lat' dir='ltr'><strong>Christi</strong></span> 
     </span>
    </p>
   </div>
   <div class='ocr_carea' id='block_1_119' title="bbox 2165 5779 3116 5852">
    <p class='ocr_par' dir='ltr' id='par_1_119' title="bbox 2165 5779 3116 5852">
     <span class='ocr_line' id='line_1_119' title="bbox 2165 5779 3116 5852; baseline -0.003 -16"><span class='ocrx_word' id='word_1_912' title='bbox 2165 5781 2218 5836; x_wconf 89' lang='lat' dir='ltr'><strong>in</strong></span> <span class='ocrx_word' id='word_1_913' title='bbox 2252 5779 2598 5836; x_wconf 81' lang='lat' dir='ltr'><strong>Eucharistia</strong></span> <span class='ocrx_word' id='word_1_914' title='bbox 2625 5781 3116 5852; x_wconf 73' lang='lat' dir='ltr'><strong>comprehendam.</strong></span> 
     </span>
    </p>
   </div>
  </div>
