4008 6336
207 287 347 345 ηδε

721 407 1035 467 PSALMUS
1071 410 1300 469 CXLVI.

201 501 450 558 Alleluia.
485 504 730 562 Psaltnus
758 508 858 564 iste
890 520 946 562 ut
973 509 1214 564 cmlesus
1241 509 1479 564 civitatis
1523 509 1803 564 laudemus

443 577 854 645 aidilicatorem,
887 596 986 636 nos
1017 582 1292 648 admonet,
1326 581 1512 636 dicens
1540 600 1551 634 :

271 691 514 750 Laudato
535 694 836 762 Dominum,
868 697 1109 768 quoniam
1142 695 1303 751 bonus
1333 707 1402 750 est
1431 699 1678 769 psalmus.
1700 696 1804 752 iste

201 788 444 857 psalmus
473 805 743 846 summa
789 791 946 846 titulo
978 801 1330 862 praenotatur.
1383 790 1570 847 Solent
1617 791 1668 844 hi
1712 791 1800 860 qui

200 880 484 939 llebricam
517 883 767 955 ignorant
793 884 1055 957 linguam,
1079 885 1296 957 quando
1325 887 1556 941 viderint
1581 885 1631 940 in
1662 885 1805 955 psal-

197 989 412 1031 morum
434 976 589 1032 titulo
611 992 734 1034 esse
758 980 1110 1049 praepositum
1135 979 1382 1042 Alleluia,
1409 995 1651 1049 qua‘rere
1675 977 1803 1049 qttid

195 1068 488 1140 signiticet.
534 1069 785 1126 Psalmus
816 1071 977 1142 igitur
1025 1073 1125 1126 iste
1174 1087 1280 1126 non
1319 1071 1491 1126 solum
1543 1072 1592 1125 in
1625 1072 1800 1138 titulo,

195 1161 295 1217 sed
327 1172 382 1217 et
430 1162 482 1217 in
513 1162 741 1218 exordio
782 1164 975 1236 psalmi
1018 1164 1180 1220 habet
1214 1164 1456 1218 Alleluia.
1493 1164 1590 1218 Uhi
1621 1173 1800 1219 autem

194 1254 421 1324 dicitur,
451 1255 683 1312 Laudale
707 1256 1006 1326 Dominum,
1039 1259 1090 1311 in
1126 1259 1351 1313 llaehreo
1379 1258 1596 1322 dicitur,
1642 1273 1802 1313 ALLE-

194 1363 342 1404 una.
387 1348 528 1405 Deus
579 1350 720 1405 enim
764 1350 904 1419 apud
958 1350 1214 1405 llebrwos
1269 1350 1454 1406 decem
1509 1350 1670 1404 habet
1701 1367 1801 1404 no-

194 1443 347 1497 mina
398 1459 411 1495 :
467 1442 668 1497 dicitur
709 1459 949 1499 SABAO‘I'll
999 1461 1012 1500 :
1065 1444 1263 1499 dicitur
1315 1459 1504 1500 SADDAI
1546 1462 1558 1499 :
1601 1444 1803 1498 dicitur

195 1550 363 1591 noni
397 1554 410 1591 :
441 1536 639 1592 dicitur
661 1554 728 1594 BI.
759 1555 772 1594 :
807 1540 1006 1594 dicitur
1033 1541 1198 1594 etiam
1223 1548 1247 1576 ο
1275 1554 1363 1595 [AO
1391 1557 1404 1594 :
1436 1539 1641 1594 dicitur
1669 1554 1801 1593 essu

192 1644 337 1684 sua.
386 1631 528 1687 Inter
570 1641 765 1687 caetera
803 1643 981 1688 autem
1034 1634 1255 1688 nomina
1286 1647 1450 1688 unum
1491 1642 1798 1688 estnomen

192 1722 344 1793 quod
380 1721 582 1778 dicitur
637 1739 709 1778 ιΑ.
745 1723 802 1779 lit
845 1735 1023 1781 autem
1075 1725 1464 1795 interpretatur
1502 1725 1794 1779 invisibilis.

1093 289 1530 350 BREVHRIUM
1569 288 1636 350 ΙΝ
1675 291 2010 354 PSALMOS.
2055 297 2294 355 PSALM.
2343 295 2571 358 CXLVI.

3340 318 3349 324 ’
3369 315 3504 376 ιεδι

1832 422 1880 482 Α
1909 417 2151 482 tentiam,
2177 418 2379 473 dicitur
2411 439 2422 473 :
2453 421 2567 474 Νιιιι
2599 430 2681 474 est
2715 422 2977 494 malagma
3002 425 3304 498 imponere,
3332 446 3508 503 neque

1907 507 2108 576 oleum,
2144 526 2315 580 neque
2341 511 2656 581 alligaturus
2697 513 2852 578 (lsai.
2899 516 2963 586 ι).

1983 601 2084 668 Qui
2131 614 2363 656 numerat
2397 603 2778 661 multitudinem
2809 608 3098 666 stellarum.
3131 613 3261 681 Qua:
3306 630 3504 672 consc-

1908 695 2126 762 quentia
2165 693 2314 763 juxta
2359 696 2633 752 litteram!
2684 708 2740 755 et
2783 684 2974 773 alligat
3017 707 3374 764 contritiones
3413 725 3507 763 eo-

1909 803 2057 844 rum:
2085 788 2185 854 Qui
2209 800 2441 845 numeral
2465 793 2839 849 multitudinem
2866 797 3176 854 stellarum!
3199 801 3306 857 Sed
3327 819 3504 873 quan-

1908 878 1978 933 do
2005 894 2161 936 sanat
2194 883 2462 939 contritos
2492 884 2680 954 corde,
2713 894 2766 942 et
2802 887 2996 960 alligat
3021 893 3378 950 contritiones
3412 911 3506 952 eo-

1906 985 2047 1039 rum,
2083 973 2201 1026 illos
2231 975 2323 1044 qui
2357 986 2481 1030 ante
2512 980 2728 1033 tontriti
2763 979 2992 1048 fuerant,
3014 991 3069 1038 et
3099 994 3282 1053 postea
3301 989 3502 1056 sanati,

1908 1069 2059 1120 vertit
2096 1067 2146 1122 in
2177 1070 2379 1124 stellas.
2413 1072 2515 1140 Qui
2539 1082 2770 1128 numerat
2801 1075 3180 1132 multitudinem
3212 1081 3500 1138 stellarum.

1907 1159 2056 1214 Multi
2079 1161 2222 1215 enim
2256 1161 2470 1218 inierant
2504 1167 2592 1235 qui
2628 1178 3032 1235 peccaverunt:
3069 1171 3226 1226 mttlti
3255 1183 3383 1228 sunt
3407 1175 3500 1246 qui

1905 1253 2079 1308 curati
2122 1266 2267 1308 sunt.
2331 1257 2432 1325 Qui
2479 1269 2712 1313 numerat
2766 1263 3148 1319 ittultitudinem
3209 1269 3500 1323 stellarum.

1903 1343 2021 1400 Non
2056 1359 2299 1402 numerat
2332 1349 2663 1418 vulneratos,
2711 1353 2802 1407 sed
2842 1371 2936 1410 eos
2970 1371 3219 1414 numerat
3259 1361 3351 1430 qui
3388 1361 3499 1430 jam

1904 1438 1956 1494 in
1989 1441 2173 1495 stellas
2202 1443 2342 1496 versi
2390 1454 2535 1498 sunt.
2569 1444 2686 1500 Non
2741 1459 2995 1504 numerat
3042 1451 3208 1518 Deus,
3261 1454 3362 1509 nisi
3409 1454 3503 1526 qui

1904 1548 2134 1588 numero
2162 1531 2278 1604 ejus
2306 1535 2450 1604 digni
2485 1547 2630 1591 sunt.
2667 1537 2728 1592 Et
2769 1543 3005 1598 omnibus
3052 1546 3126 1599 eis
3168 1549 3379 1602 nomina
3406 1565 3498 1602 vo-

1904 1644 2047 1683 cans.
2067 1628 2198 1697 Quia
2229 1630 2294 1683 de
2313 1630 2562 1686 Lucifero
2586 1632 2739 1699 dicit,
2772 1645 2823 1688 et
2847 1636 2911 1690 de
2941 1637 3140 1694 Orione
3163 1656 3322 1711 quem
3349 1643 3501 1698 vitle-

1905 1737 2022 1774 tnus
2052 1722 2102 1776 in
2136 1724 2295 1777 coelo.
2335 1724 2398 1777 Et
2443 1723 2546 1780 hoc
2576 1725 2792 1794 quidem
2829 1740 3006 1798 potest
3037 1733 3265 1804 intelligi
3295 1750 3310 1790 :
3345 1737 3500 1790 Mira-

195 1813 302 1870 Ubi
349 1830 479 1886 ergo
507 1815 707 1872 dicitur
751 1817 987 1884 laudate,
1035 1817 1088 1872 in
1122 1818 1350 1873 Hebraeo
1383 1818 1581 1873 dicitur
1608 1819 1798 1873 Allelu.
1836 1821 1881 1881 Β
1909 1812 2034 1866 bilis
2069 1814 2230 1880 licus,
2261 1815 2349 1884 qui
2377 1815 2501 1869 fecit
2531 1817 2729 1871 cmlum
2757 1829 2807 1872 et
2838 1830 3061 1888 terram,
3091 1832 3144 1877 et
3171 1825 3353 1880 omnia
3380 1817 3502 1897 quas~

192 1910 288 1966 Sic
312 1910 510 1966 dicitur
555 1912 638 1966 hic
683 1913 852 1967 Allelu
894 1914 946 1966 ia
982 1932 992 1965 :
1031 1913 1304 1984 quomodo
1330 1913 1375 1966 si
1403 1913 1675 1968 diceretur
1711 1913 1802 1965 Al-

193 2005 305 2060 lelu
334 2005 569 2074 sabaoth,
603 2005 774 2061 Allelu
807 2007 1014 2071 saddai,
1047 2006 1215 2060 Allelu
1250 2008 1400 2060 cloim
1436 2025 1446 2059 :
1474 2009 1549 2061 sic
1576 2018 1628 2062 et
1660 2021 1802 2061 nunc

191 2099 396 2154 dicitur
427 2101 597 2154 Allelu
647 2101 715 2154 ia.
754 2100 996 2171 Denique
1034 2098 1358 2169 'l'lteodotio,
1407 2099 1499 2168 qui
1553 2115 1688 2152 unus
1718 2105 1801 2152 est

192 2191 267 2249 de
323 2192 751 2264 lnterpretibus,
803 2193 990 2249 volens
1047 2194 1506 2264 interpretationis
1556 2193 1802 2248 ediscere

194 2287 484 2342 veritatem
529 2288 606 2341 ait
645 2290 826 2344 αἰνιῖτε
857 2289 944 2344 τὸν
971 2289 1058 2343 ’1ἀ.
1107 2287 1220 2342 lioc
1260 2295 1428 2341 totum
1458 2301 1627 2356 quare
1665 2286 1801 2339 dixi-

192 2380 359 2436 mus?
390 2389 448 2436 ut
477 2380 712 2436 sciamus
741 2383 792 2436 in
825 2385 929 2436 isto
950 2383 1160 2451 psalmo
1187 2380 1411 2434 Alleluia
1441 2395 1564 2434 esse
1595 2394 1800 2448 pra-po-

195 2470 415 2527 situm:
466 2473 706 2526 Landale
737 2473 1042 2527 Dominum.
1097 2473 1223 2528 llaec
1274 2470 1653 2542 interpretatio
1696 2479 1798 2526 est.

193 2568 337 2623 Cum
387 2568 592 2640 egressi
647 2567 912 2623 fuerimus
965 2567 1399 2623 considerahiutr
1444 2567 1496 2621 iu
1545 2567 1800 2622 cordibus

192 2660 425 2716 nostris.
455 2659 724 2716 Caeterum
757 2676 939 2715 sermo
965 2661 1279 2716 dilatabitur
1310 2679 1320 2712 :
1351 2658 1584 2715 Laudato
1617 2658 1766 2714 Domi
1777 2689 1798 2701 -

193 2770 371 2807 num:
413 2755 660 2824 quoniam
703 2755 890 2808 bonum
949 2755 1202 2826 psalmus.
1256 2753 1372 2808 Non
1427 2753 1596 2818 dixit,
1637 2753 1799 2807 bonus

193 2849 431 2917 psalmus
465 2846 609 2902 :sed
660 2848 929 2913 absolute,
988 2847 1180 2901 bonum
1225 2846 1479 2919 psalmus,
1533 2845 1633 2900 hoc
1689 2855 1797 2913 est,

191 2938 340 2994 bona
391 2954 481 2994 res
530 2946 616 2994 est
663 2939 918 3009 psallere.
978 2937 1220 2994 Psallere
1253 2946 1438 2993 autem
1489 2951 1594 2992 non
1644 2951 1796 3002 voce,

193 3029 294 3084 sed
323 3029 509 3086 corde.
542 3028 739 3097 Quanti
771 3029 966 3084 bonam
991 3043 1179 3084 vocem
1215 3029 1436 3093 habent,
1459 3037 1516 3082 et
1541 3027 1798 3098 quoniam

193 3132 518 3194 peceatores
562 3131 709 3194 sunt,
755 3122 895 3178 male
951 3121 1210 3192 psallunt.
1271 3121 1416 3176 Bene
1467 3120 1643 3189 psallit
1706 3119 1796 3192 qui

191 3225 384 3272 cantat
407 3215 458 3270 in
482 3214 668 3283 corde,
699 3214 792 3285 qui
822 3224 1003 3270 cantat
1033 3215 1250 3269 Christo
1291 3217 1344 3268 in
1369 3211 1720 3267 conscientia.

269 3307 380 3362 Deo
413 3315 591 3361 nostro
632 3309 698 3362 sit
731 3308 973 3379 jucunda
1007 3305 1264 3361 laudatio.
1297 3304 1537 3361 Jucunda
1579 3303 1649 3360 sit
1680 3305 1798 3360 lau-

191 3400 348 3456 datio
378 3417 488 3455 non
514 3416 667 3467 voce,
692 3400 788 3455 sed
816 3399 1174 3456 conscientia.
1213 3399 1452 3469 Denique
1480 3408 1534 3454 et
1561 3397 1676 3453 Nnc
1703 3399 1801 3453 ob-

195 3498 323 3550 tulit
354 3495 668 3561 liostias,°et
700 3495 959 3550 odoratus
989 3505 1070 3550 est
1093 3494 1355 3550 Dominus
1403 3493 1626 3549 odorem
1676 3509 1800 3548 sua-

193 3589 384 3645 vitatis
408 3587 563 3660 (Gen.
594 3589 734 3656 vttt).
763 3589 931 3646 Multa
959 3596 1087 3642 sunt
1115 3603 1236 3655 qua:
1263 3587 1533 3652 dicantur,
1566 3587 1661 3641 sed
1699 3602 1798 3641 nos

193 3681 441 3737 breviter
477 3679 741 3736 debemus
791 3695 1000 3736 summa
1041 3695 1272 3751 quinque
1314 3678 1698 3748 perstringere,
1744 3687 1799 3733 nt

192 3786 418 3827 sensum
454 3772 625 3841 magis
658 3771 984 3840 indicemus,
1019 3786 1178 3842 quam
1207 3771 1370 3826 verba
1405 3771 1616 3824 latiora.

270 3861 573 3931 didi/iratis
613 3861 904 3916 Jerusalem
937 3861 1210 3923 Dominus,
1244 3861 1591 3930 dispersiones
1629 3859 1801 3918 Israel

191 3955 545 4028 congregabit.
596 3955 882 4022 Quomodo
931 3956 1230 4010 ardilicetur
1277 3954 1601 4021 Jerusalem,
1658 3971 1800 4026 quo-

191 4049 362 4106 modo
387 4059 768 4120 enngregetur.
800 4048 909 4120 jam
941 4048 1144 4104 dictum
1175 4059 1279 4104 est.
1339 4048 1605 4116 Quoniam
1636 4047 1801 4118 igitur

190 4144 266 4200 de
291 4142 412 4198 istis
459 4142 672 4198 duobus
718 4142 1000 4198 versiculis
1043 4142 1335 4196 dissertum
1382 4149 1487 4208 est,
1533 4149 1590 4195 et
1634 4155 1801 4210 super

191 4237 440 4293 alienum
496 4235 902 4292 fundamentum
937 4253 1042 4292 non
1093 4236 1357 4292 debemus
1391 4235 1682 4304 aediﬁcare,
1731 4233 1800 4290 ad

191 4328 414 4398 reliqua
451 4340 809 4383 transeamus.
844 4326 1139 4383 Videamus
1173 4326 1338 4398 igitur
1366 4327 1638 4397 quomodo
1669 4326 1801 4381 aedi-

189 4421 394 4480 ﬁcetur
450 4419 776 4478 Jerusalem.
833 4423 888 4478 In
945 4422 1171 4492 reliquis
1237 4422 1384 4478 enim
1449 4423 1802 4493 prepheticus

190 4532 385 4575 zermo
416 4516 726 4586 descripsit.

1906 1904 1958 1957 in
1985 1905 2068 1959 eis
2096 1915 2241 1959 sunt.
2275 1904 2543 1962 Czuterutn
2573 1910 2652 1964 sic
2685 1911 3076 1982 intelligamus,
3113 1924 3168 1969 ut
3197 1917 3352 1972 nobis
3377 1935 3502 1988 pru-

1903 1996 1971 2050 sit
2000 1997 2144 2066 quod
2177 1997 2419 2066 quotidie
2460 2000 2537 2052 lit.
2583 1999 2648 2054 Et
2682 2004 2921 2057 omnibus
2952 2007 3023 2059 eis
3054 2007 3265 2062 nomina
3293 2025 3500 2066 vocans.

1907 2087 2080 2143 Vultis
2138 2090 2279 2144 scire
2331 2095 2604 2162 quomodo
2664 2096 2730 2150 tle
2789 2101 3043 2154 contritis
3098 2106 3272 2158 stellae
3330 2106 3505 2162 [lauti

1902 2182 2172 2254 Scriptum
2199 2195 2284 2240 est
2317 2188 2366 2240 in
2400 2186 2596 2243 Genesi
2635 2208 2647 2244 :
2681 2191 2819 2260 Quia
2850 2195 3100 2250 eduxerit
3148 2199 3290 2254 Deus
3332 2202 3505 2257 Abra-

1906 2275 2050 2341 ham,
2081 2288 2131 2330 et
2154 2279 2457 2333 ostenderit
2487 2281 2534 2334 ei
2567 2281 2778 2348 stellas,
2811 2294 2865 2338 et
2901 2284 3104 2341 dixerit
3129 2290 3178 2342 ei
3213 2307 3223 2342 :
3268 2290 3358 2345 Sic
3399 2295 3507 2348 erit

1903 2384 2087 2425 semen
2123 2385 2270 2426 tuum
2307 2373 2459 2442 (Gen.
2491 2375 2602 2444 xv).
2637 2374 2705 2430 Et
2751 2380 2984 2434 omnibus
3030 2383 3104 2434 iis
3152 2385 3362 2438 nomina
3409 2402 3500 2440 oo-

1901 2475 2046 2517 cans.
2082 2463 2158 2518 De
2195 2465 2400 2519 Abram
2431 2478 2588 2521 vocat
2619 2467 2920 2524 Abraham.
2969 2471 3169 2529 Abram
3218 2475 3504 2532 dicebatur

1903 2555 1956 2608 in
1989 2554 2267 2621 Chaltlzea,
2313 2566 2374 2613 et
2411 2559 2461 2614 in
2503 2561 2645 2615 caelo
2671 2572 2896 2617 Vocatur
2936 2565 3233 2622 Abraham.
3267 2568 3346 2623 Eo
3373 2579 3506 2626 tent-

1903 2663 2036 2718 pore
2078 2667 2185 2719 quo
2217 2652 2390 2708 laetus
2426 2655 2578 2708 stella
2611 2665 2716 2724 est,
2752 2669 2981 2714 vocatur
3022 2660 3294 2718 Abraham
3328 2663 3499 2733 (Ibid.

1905 2741 2056 2812 svnt).
2086 2743 2185 2811 Qui
2211 2757 2366 2800 antea
2402 2759 2520 2802 erat
2547 2747 2767 2816 Saulus,
2803 2761 2988 2819 postea
3021 2766 3246 2810 vocatur
3274 2759 3325 2812 in
3353 2759 3498 2816 etelo

1904 2833 2102 2888 Paulus
2131 2835 2269 2908 (Act.
2305 2837 2404 2907 ιι).
2456 2838 2698 2896 Joannes
2745 2853 2800 2896 et
2844 2842 3080 2900 Jacobus
3133 2848 3226 2902 lllii
3277 2851 3500 2906 tonitrui

1904 2925 2095 2998 (Marc.
2134 2927 2238 2999 ιιι).
2273 2929 2594 2986 Tonitruutn
2643 2936 2827 3004 utique
2876 2938 2928 2991 in
2976 2939 3120 2994 cmlo
3149 2949 3252 2994 est.
3291 2941 3494 2998 Nutneo

1903 3027 2094 3074 rantur
2125 3020 2302 3091 itaque
2328 3023 2506 3077 mella:
2536 3040 2550 3076 :
2591 3039 2942 3082 numerantur
2987 3029 3182 3085 infiniti
3209 3033 3404 3102 sancti,
3439 3044 3495 3091 et

1902 3112 2151 3167 Christus
2182 3129 2319 3167 unus
2350 3130 2455 3172 non
2485 3124 2664 3186 potest
2695 3121 2992 3176 numerari.

1822 3200 1867 3262 C
1975 3203 2197 3276 Magnus
2230 3205 2481 3261 Dominus
2513 3219 2686 3264 noster
2713 3221 2763 3265 et
2812 3227 3006 3284 magna
3056 3216 3220 3271 uirtus
3256 3219 3400 3288 ejus,
3450 3229 3501 3275 es

1900 3299 2170 3367 sapientia:
2196 3302 2308 3372 ejus
2350 3318 2451 3354 non
2481 3314 2559 3357 est
2590 3320 2852 3360 numerus.
2883 3306 3071 3376 Magna
3103 3311 3294 3380 virtus,
3340 3313 3500 3368 Citri-

1901 3399 2015 3443 stus
2039 3389 2132 3444 Dei
2160 3391 2328 3446 virtus
2365 3401 2422 3448 et
2451 3393 2542 3448 Dei
2574 3397 2847 3466 sapientia
2871 3399 2914 3471 (l
2945 3398 3065 3454 Cor.
3100 3399 3164 3473 t).
3197 3401 3262 3457 Et
3283 3405 3499 3473 sapien-

1902 3482 1987 3536 tia:
2009 3483 2120 3552 ejus
2149 3500 2248 3537 non
2277 3494 2351 3538 cst
2383 3503 2644 3542 numerus.
2696 3489 2950 3548 Christus
2993 3495 3259 3563 sapientia
3301 3507 3404 3554 est.
3435 3499 3504 3556 Et

1902 3588 2006 3628 una
2037 3576 2300 3644 sapientia
2334 3591 2442 3632 non
2475 3589 2654 3648 potest
2678 3583 2974 3639 numerari.

1974 3665 2273 3738 Suscipicns
2304 3681 2596 3726 mansuetos
2618 3672 2895 3731 Dominus.
2919 3675 3051 3743 Qua:
3083 3689 3211 3736 sunt
3234 3682 3350 3738 ista:
3367 3683 3494 3740 stel-

1903 3757 2006 3812 lae?
2037 3758 2334 3829 Suscipiens
2361 3774 2652 3818 mansuetos
2678 3765 2952 3821 Dominus.
2986 3769 3255 3828 Mansueli
3280 3787 3501 3832 vertun-

1905 3861 1989 3905 tur
2013 3854 2064 3906 in
2096 3852 2306 3907 stellas.
2355 3855 2496 3910 Justi
2543 3865 2728 3912 autem
2778 3858 3062 3929 fulgebunt
3114 3867 3271 3934 quasi
3322 3869 3500 3925 stella:

1901 3943 2024 3997 cceli
2069 3941 2231 4012 (Dan.
2264 3944 2362 4014 xu)
2400 3962 2410 4000 :
2447 3945 2633 4002 Daniel
2670 3949 2928 4020 loquitur.
2979 3952 3284 4012 Ilumilians
3326 3969 3498 4017 autem

1901 4045 2190 4107 peccatores
2229 4054 2386 4108 usque
2424 4040 2493 4096 ad
2531 4050 2741 4098 terram.
2777 4043 2963 4102 Videte
2996 4047 3359 4107 diﬂ'ereutiam
3405 4069 3497 4111 re-

1904 4147 2044 4186 rum.
2076 4131 2269 4202 Angeli
2302 4133 2350 4186 in
2385 4143 2583 4188 terram
2611 4149 2879 4194 corruunt
2910 4155 2924 4193 :
2957 4143 3208 4202 homines
3236 4145 3304 4200 ad
3325 4139 3499 4204 oculos

1904 4225 2126 4280 vadunt.
2160 4224 2462 4294 Suscipiens
2494 4240 2790 4286 mansuetos
2835 4231 3106 4290 Dominus.
3141 4237 3500 4297 Mansuetudo

1903 4318 1968 4372 ad
1999 4317 2196 4373 ccelnm
2227 4326 2427 4374 vocat:
2457 4322 2713 4391 superbia
2745 4323 2802 4379 in
2834 4331 3036 4381 terram
3072 4327 3334 4387 detrahit.
3376 4330 3432 4388 Η
3440 4351 3500 4390 u-

1904 4412 2109 4467 milians
2133 4422 2306 4468 autem
2330 4424 2622 4484 peccatores
2660 4433 2821 4489 usque
2854 4421 2924 4474 ad
2962 4431 3174 4478 terram.

1976 4505 2250 4563 Prwcinite
2282 4507 2504 4564 Domino
2532 4511 2584 4566 in
2605 4513 2952 4582 confessione.
2981 4516 3090 4572 lloc
3122 4519 3366 4588 implevit
3395 4523 3501 4580 Dat-

273 4610 375 4678 Qui
402 4620 551 4664 sanat
578 4610 827 4665 contritas
857 4609 1032 4664 corde.
1070 4607 1178 4664 Cor
1217 4609 1507 4666 c0utrilutn
1539 4620 1591 4663 et
1622 4607 1799 4662 itumi-

1911 4601 1992 4657 vid
2028 4619 2041 4654 :
2073 4604 2163 4672 qui
2193 4604 2350 4659 nobis
2374 4603 2599 4672 justitia:
2630 4608 2938 4677 exemplum
2987 4611 3318 4685 praebuerat,
3363 4632 3504 4687 prte-

190 4698 414 4757 litatum
459 4701 598 4757 Deus
622 4717 726 4756 non
757 4701 962 4771 spernit
990 4700 1165 4769 (Psal.
1210 4702 1285 4769 ι).
1325 4701 1389 4754 Et
1410 4702 1636 4772 alligans
1675 4717 1804 4754 con-

192 4793 437 4848 tritiones
461 4809 656 4847 eorum.
689 4793 767 4847 'l‘u
801 4807 896 4848 cor
945 4803 1094 4850 tuum
1144 4805 1386 4862 contere,
1440 4802 1495 4848 et
1546 4793 1806 4848 Dominus

192 4883 407 4954 colligit
443 4885 798 4940 contritiones
828 4895 968 4940 tuas.
1004 4886 1379 4941 Satttaritanns
1425 4886 1548 4956 ille,
1581 4887 1672 4954 qui
1710 4885 1807 4942 de-

192 4974 500 5033 scendebat
523 4976 591 5034 de
618 4978 922 5036 Jerusalem
959 4981 1009 5034 in
1029 4977 1272 5044 Iericho,
1292 4977 1510 5048 quando
1532 4978 1664 5032 vidit
1692 4977 1808 5034 vul-

195 5080 454 5128 iteratum
480 5071 758 5142 iacentem
794 5073 846 5128 in
877 5072 1092 5142 itinere,
1138 5072 1416 5143 colligavit
1438 5073 1660 5129 vulnera
1687 5073 1804 5145 eius

195 5161 366 5236 (Luc.
400 5165 475 5235 χ).
513 5163 617 5222 iste
656 5173 737 5221 est
771 5165 838 5220 de
868 5182 977 5237 quo
1008 5173 1063 5221 et
1099 5181 1243 5221 nunc
1289 5166 1527 5222 dicitur:
1574 5165 1643 5220 Et
1685 5167 1805 5221 alli-

194 5271 336 5328 gans
360 5257 691 5315 contritiones
718 5260 950 5315 illorum.
985 5259 1096 5316 Hoc
1120 5259 1316 5316 dicitur
1338 5259 1501 5315 dehis
1527 5261 1614 5331 qui
1643 5268 1807 5330 agunt

197 5347 602 5418 paenitentiam.
633 5352 906 5409 Caeterum
938 5353 1006 5409 de
1034 5352 1118 5408 his
1147 5353 1235 5424 qui
1271 5368 1377 5416 non
1421 5361 1590 5424 agunt
1635 5354 1806 5425 pmni-

279 5553 304 5581 ε·
346 5544 456 5600 lloc
487 5562 684 5604 nomen
715 5563 803 5606 IAO
849 5549 1110 5607 Hebraice
1155 5559 1274 5611 nn
1325 5551 1665 5608 confundunt
1709 5568 1802 5609 ve-

191 5627 353 5672 teres
397 5617 666 5694 editioues
703 5636 825 5674 cum
871 5624 978 5676 alio
1032 5625 1250 5678 nomine
1297 5625 1384 5678 ltei
1438 5625 1800 5694 consequenti

163 5694 288 5762 θην,
323 5703 392 5742 ιιι.
435 5689 569 5756 Quia
617 5691 872 5759 Erasmus
904 5704 957 5746 et
988 5695 1256 5749 Marianas
1284 5694 1557 5751 Victorius
1592 5689 1803 5752 nescie-

197 5768 335 5836 Lunt
366 5775 559 5836 nomen
591 5769 1071 5836 tettagratntnaton
1119 5765 1223 5835 legi
1262 5767 1405 5836 apud
1436 5775 1646 5822 veteres
1688 5782 1794 5822 IAO.

196 5827 444 5888 Consule
471 5845 633 5902 supra
670 5827 1001 5905 estcuiplaria
1027 5827 1338 5906 Origc'uiatii
1371 5836 1527 5894 lexici
1577 5837 1802 5896 llebrai-

1908 4695 2024 4750 buit
2048 4706 2103 4752 et
2127 4698 2481 4766 pleniteutiw.
2519 4699 2705 4755 Docuit
2727 4704 2872 4758 enim
2905 4719 3002 4760 nos
3038 4709 3310 4777 quomodo
3335 4711 3503 4767 debe-

1906 4805 2059 4846 amus
2085 4805 2244 4861 agere
2291 4791 2688 4860 paenitentiam,
2743 4793 2863 4864 ipse
2910 4813 3103 4868 agens.
3139 4801 3331 4860 Videte
3373 4818 3501 4861 san-

1907 4891 2050 4938 ctum
2079 4883 2424 4954 prophetam,
2453 4884 2580 4956 quia
2609 4901 2716 4943 non
2756 4888 2936 4947 solum
2965 4893 3176 4962 justitia
3199 4894 3320 4964 ejus
3343 4899 3504 4956 nobis

1909 4977 2128 5047 proluit.
2159 4976 2256 5031 sed
2286 4985 2343 5034 et
2373 4988 2680 5046 peccaturo.

1982 5066 2202 5124 Psallite
2227 5065 2340 5125 Deo
2358 5082 2531 5126 nostra
2554 5073 2609 5127 in
2637 5073 2857 5131 cithara.
2881 5075 3034 5132 Nulla
3055 5078 3316 5136 virtutum
3341 5079 3501 5139 clior

1911 5162 1975 5214 da
2007 5170 2162 5230 rupta
2192 5159 2284 5215 sit.
2314 5160 2446 5216 Tota
2475 5163 2737 5222 virtutum
2767 5166 2970 5222 chorda
3018 5169 3291 5228 concinat.
3345 5172 3502 5232 Psal.

1909 5256 1995 5308 lite
2021 5251 2132 5307 Deo
2179 5262 2355 5308 nostra
2399 5255 2453 5312 in
2501 5255 2719 5311 cithara.
2770 5257 2988 5314 Cithara
3031 5261 3226 5318 multas
3268 5262 3502 5327 chordas

1910 5348 2072 5404 habet
2100 5363 2114 5402 :
2148 5346 2194 5401 si
2221 5361 2324 5406 una
2355 5358 2512 5420 rupta
2547 5349 2730 5418 luerit,
2759 5363 2930 5410 sonus
2957 5351 3112 5409 reddi
3159 5369 3266 5412 non
3297 5367 3498 5428 potest.

1911 5567 2125 5645 eorum‘
2149 5552 2493 5645 blominum,“
2512 5554 2602 5636 ubi
2641 5561 2748 5613 ’1αώ
2798 5560 3436 5645 interpretatis-range“
3469 5566 3501 5634 ἦ

1911 5627 2055 5701 θεὸς,
2099 5621 2719 5701 ἧᾋὸρατοςηυοιηὶηιιε,
2757 5631 2832 5684 vel
2872 5621 3032 5696 De'us,
3083 5632 3162 5687 vel
3206 5621 3495 5701 invisibilis:

1911 5647 2055 5690 υεος,
2099 5647 2129 5682 η
2165 5647 2228 5684 AO
2267 5649 2410 5690 ατος,
2446 5647 2719 5690 uommus,
2757 5647 2830 5684 vet
2872 5647 3032 5696 Ueus,
3083 5647 3159 5687 vel
3206 5647 3495 5701 invisibilis.

1911 5699 2088 5752 ΜΑιιτ.
2122 5729 2192 5739 -
2215 5647 2327 5756 {itte
2360 5697 2503 5770 refer
2529 5701 2837 5770 epistolium
2868 5702 2936 5758 de
2966 5703 3155 5760 decent
3204 5709 3295 5764 Dei
3329 5715 3503 5769 uomi-

1912 5770 2074 5842 nibus
2115 5772 2180 5824 ad
2225 5768 2527 5842 Marcellam
2563 5768 2639 5842 'in
2678 5781 2860 5826 nostra
2907 5775 3233 5835 recensione
3271 5769 3362 5838 25.
3398 5768 3503 5842 Pro

1910 5837 2008 5895 Jao
2030 5847 2247 5896 veteres
2275 5839 2544 5898 editiones
2569 5839 2636 5896 Ia
2670 5842 2984 5914 praeferunt.
