4008 6336
500 241 643 302 ηδε

1293 233 1650 312 (ΑΡΡΕΝΒΙΧ
1686 233 1779 293 AD
1816 230 2061 292 TOMUM
2099 226 2450 289 SEPTIMUM
2490 229 2548 286 S.
2590 227 3000 290 IIIERONYMI.

3669 229 3792 289 I256

495 360 589 416 Sic
614 367 671 416 et
701 358 1051 426 sanctusvir,
1081 354 1333 430 quamvis
1365 363 1588 409 sanctus
1619 353 1712 416 sit,
1742 350 1785 406 si
1832 364 1933 404 una
1977 348 2089 402 vir-
2118 350 2170 409 Α
2197 343 2262 399 de
2294 359 2418 398 arca
2467 343 2767 399 dimittitur
2797 353 2853 400 et
2902 359 3008 399 non
3043 343 3335 401 revertitur
3365 342 3523 415 (Cen.
3571 344 3714 410 vnt).
3741 345 3788 399 ln

492 459 580 506 tus
606 451 860 517 defuerit,
893 451 1137 506 vocalem
1167 462 1361 505 sonum
1394 445 1627 502 reddere
1657 459 1761 498 non
1786 449 1986 514 potest.

566 545 670 612 Qui
692 547 854 616 aperit
885 545 1066 600 mlunt
1091 543 1326 599 nubibus.
1361 541 1569 598 Caelum
1611 539 1716 594 hoc
1744 537 1886 608 quod
1916 534 2091 590 cerui-

490 641 874 706 mus,nubibus
900 640 1103 711 operiri
1124 654 1230 694 non
1257 645 1452 708 potest.
1481 635 1589 692 Sed
1604 633 1750 688 aliud
1765 643 1846 687 est
1864 630 2087 698 caelum,

489 743 546 789 ct
581 732 704 788 aliae
749 742 875 788 sunt
913 733 1104 788 nubes.
1141 729 1210 785 Et
1239 730 1437 786 veritas
1471 737 1558 782 tua
1597 741 1768 797 usque
1803 723 1868 778 ad
1919 723 2090 778 nubes

490 821 667 895 (Psal.
702 824 894 894 xxxv).
924 822 1068 894 Ergo
1096 823 1302 878 veritas
1336 820 1432 876 Dei
1462 832 1631 890 usque
1659 815 1727 871 ad
1752 817 1884 870 istas
1915 813 2088 868 nubes

488 930 634 986 qum,
668 925 830 971 vento
859 915 1053 980 ﬂante,
1092 915 1204 970 cito
1250 909 1671 969 dissolvuntur?
1719 907 1928 963 Veritas
1968 902 2085 972 Dei,

487 1005 736 1064 Christus
784 1019 892 1065 est.
944 1009 1062 1081 Ego
1107 1023 1226 1066 sum
1275 1008 1403 1074 via,
1450 1016 1504 1063 et
1574 1006 1722 1074 vita,
1787 1011 1842 1060 et
1891 999 2090 1056 veritas

486 1099 666 1173 (Joan.
702 1103 857 1174 xtv);
891 1118 1024 1174 ergo
1051 1102 1254 1159 veritas
1294 1099 1497 1156 Christi
1525 1099 1580 1154 in
1608 1096 1694 1152 bis
1724 1095 1959 1151 nubibus
1981 1101 2085 1161 est,

485 1209 607 1265 quae
640 1210 748 1251 non
780 1195 981 1252 habent
1030 1197 1083 1251 in
1125 1210 1185 1251 se
1230 1192 1553 1250 substantia:
1582 1191 1892 1247 veritatem.
1941 1185 2088 1242 Fieri

483 1301 616 1360 ergo
650 1298 850 1359 potest,
876 1299 935 1345 ut
966 1288 1041 1344 ibi
1063 1288 1133 1343 sit
1165 1286 1388 1353 veritas,
1423 1285 1513 1340 ubi
1553 1291 1746 1340 ventus
1791 1277 2088 1350 dissipandi

483 1392 812 1455 potestatem
871 1380 1074 1438 habet?
1122 1379 1412 1446 Mandabo,
1473 1379 1686 1448 inquit,
1741 1372 1975 1430 nubibus
2021 1385 2090 1426 ne

485 1476 678 1548 pluant
704 1493 869 1549 super
892 1491 987 1532 eos
1021 1475 1251 1531 imbrem
1297 1472 1453 1546 (lsai.
1507 1470 1586 1544 v),
1621 1471 1726 1526 hoc
1769 1478 1875 1534 est,
1925 1481 2091 1536 super

482 1570 744 1640 populttm
772 1568 1113 1626 Judmorum.
1142 1567 1326 1623 Nubes
1364 1565 1647 1637 prOphetaa
1688 1571 1835 1617 sunt.
1864 1560 2088 1616 Manda-

481 1662 560 1718 vit
596 1663 705 1718 illis
733 1661 992 1718 Dominus
1022 1676 1090 1716 ne
1133 1660 1389 1731 pluerent
1419 1672 1584 1728 super
1620 1655 1786 1711 Israel
1833 1653 2084 1708 imbrem.

2195 435 2399 492 diluvio
2426 451 2551 492 cum
2579 437 2795 492 carteris
2833 445 2916 492 est
2949 453 2963 489 :
2991 445 3114 508 post
3143 435 3409 492 diluvium
3440 436 3494 490 in
3519 433 3792 490 infelicita-

2196 540 2301 588 tem
2356 532 2658 603 projicitur,
2703 531 2808 587 hoc
2851 542 2956 600 est,
3007 548 3072 588 eo
3121 543 3369 604 tempore
3400 532 3625 604 quando
3661 539 3794 588 tran-

2193 626 2438 696 quillilas
2469 638 2552 683 est
2583 643 2692 683 non
2721 636 2899 698 potest
2929 642 3053 684 esse
3082 627 3138 683 in
3178 643 3302 684 arca
3334 628 3454 683 Dei.
3497 627 3556 683 Si
3586 627 3790 699 quando

2190 719 2455 776 diluvium
2483 731 2587 787 est,
2617 736 2816 791 corpus
2847 722 2900 776 in
2926 721 3106 778 medio
3135 732 3240 778 est.
3273 721 3676 793 Tranquillitas
3713 737 3790 778 re-

2193 812 2292 881 dit,
2327 825 2384 869 et
2410 831 2608 871 corvus
2637 815 2798 888 fugit.
2827 815 2929 884 Qui
2981 825 3111 873 sunt
3152 817 3240 873 isti
3284 817 3478 874 corvi?
3524 818 3634 887 Qui
3677 827 3791 873 sunt

2194 909 2323 979 pulli
2367 909 2701 964 corvorum?
2731 910 2845 980 Ego
2888 921 3019 982 puto
3044 925 3243 967 corvos
3281 911 3418 982 nigri
3449 911 3682 978 coloris,
3710 911 3792 983 qui

2193 1016 2408 1074 semper
2428 1014 2827 1076 persequuntur
2845 1007 3110 1062 cadavera
3132 1016 3474 1062 mortuorum
3506 1024 3519 1060 :
3544 1023 3577 1077 q
3591 1005 3642 1061 ui
3668 1021 3795 1061 sem-

2194 1112 2288 1166 per
2317 1112 2448 1153 voce
2475 1097 2793 1155 raucissima
2823 1100 2970 1156 rixas
2987 1109 3330 1172 comparant,
3351 1099 3637 1156 daemones
3652 1114 3792 1166 esse,

2191 1203 2245 1250 et
2268 1196 2595 1266 quicumque
2621 1195 2963 1250 daemonibus
2996 1194 3307 1260 servierint,
3330 1194 3488 1265 juxta
3517 1209 3714 1249 corvos
3736 1202 3789 1250 et

2192 1287 2292 1358 ipsi
2325 1290 2570 1344 colorem
2600 1303 2901 1346 corvorum
2950 1289 3274 1359 accipiunt..
3299 1287 3465 1359 Igitur
3506 1288 3685 1343 nostri
3711 1303 3796 1359 pa-

2192 1389 2400 1448 rentes,
2433 1381 2576 1437 sicut
2596 1380 2706 1453 jam
2737 1380 2998 1450 diximus,
3033 1381 3126 1451 qui
3176 1379 3339 1436 idolis
3372 1379 3714 1446 serviebant,
3742 1389 3793 1436 et

2189 1474 2551 1543 daemonibus,
2585 1477 2734 1531 corvi
2773 1484 2950 1530 erant.
2981 1473 3100 1530 Non
3130 1474 3276 1530 enim
3303 1473 3663 1530 inveniuntur
3691 1473 3786 1529 nisi

2191 1567 2280 1623 ubi
2313 1567 2548 1636 illuvies,
2601 1577 2658 1623 et
2697 1568 2988 1638 spurcitia,
3041 1578 3097 1623 et
3139 1567 3407 1623 cadavera
3458 1575 3788 1622 mortuorum

2191 1660 2414 1718 fuerint.
2439 1662 2550 1718 Nos
2570 1678 2700 1719 vero
2730 1660 2822 1732 qui
2849 1662 2917 1718 de
2955 1661 3134 1718 corvis
3163 1662 3272 1717 nati
3315 1675 3529 1729 sumus,
3574 1676 3683 1717 non
3709 1679 3791 1718 ca-

481 1755 564 1813 Ad
591 1769 692 1811 nos
722 1755 1026 1826 prophetia:
1057 1767 1238 1808 sermo
1262 1764 1567 1808 conversus
1596 1759 1699 1804 est.
1742 1746 1926 1802 Nubes
1967 1745 2077 1800 istac

2190 1757 2390 1814 davera
2420 1765 2823 1828 exspectamus,
2857 1755 2954 1813 sed
3002 1771 3206 1812 rorem.
3257 1755 3397 1812 Pulli
3424 1755 3570 1812 enim
3602 1769 3790 1810 corvo-

481 1849 528 1907 si
560 1849 630 1906 ibi
659 1849 871 1904 collisa;
899 1847 1123 1915 fuerint,
1167 1845 1462 1900 tonitruum
1511 1843 1719 1897 faciunt
1764 1850 1820 1896 ct
1848 1839 2082 1911 fulgura.

486 1944 588 2012 Qui
628 1942 792 2015 operit
821 1943 1004 1998 caelum
1037 1939 1279 1996 nubibus.
1311 1938 1369 1994 Si
1401 1938 1572 1994 nubes
1627 1935 1905 2008 propheta:
1938 1943 2081 2000 sunt,

479 2042 537 2091 et
566 2035 835 2106 apostoli;
871 2033 1147 2105 quomodo
1182 2039 1364 2088 autem
1399 2029 1689 2101 apostolis,
1718 2038 1773 2085 et
1803 2027 2085 2099 pr0phetis

479 2127 683 2185 ctelum
711 2127 958 2198 tegitur?
999 2125 1211 2182 Caelum
1242 2123 1498 2198 mysteria
1539 2132 1666 2178 sunt
1704 2122 1907 2178 divina.
1939 2121 2086 2190 Quo-

480 2221 627 2278 niam
660 2221 826 2293 igitur
855 2221 1121 2293 mysteria
1165 2233 1522 2291 quacumque
1562 2216 1746 2272 divina
1777 2224 1928 2284 sunt,
1973 2230 2086 2271 coe-

478 2315 590 2372 lum
633 2315 1021 2386 appellautur:
1080 2314 1414 2385 quicumque
1459 2310 1656 2381 dignus
1694 2307 1876 2375 fuerit,
1920 2308 2081 2363 istum

477 2409 652 2466 nubes
685 2417 994 2480 protegunt.
1042 2407 1099 2464 Si
1139 2407 1265 2478 quis
1316 2405 1572 2476 indignus
1618 2413 1702 2460 est
1742 2411 2083 2458 sacramenta

476 2504 746 2574 accipere,
779 2519 888 2558 non
919 2511 1098 2572 potest
1127 2499 1235 2572 tegi
1269 2516 1299 2555 a
1326 2499 1587 2556 nubibus.
1615 2498 1716 2566 Qui
1755 2505 1906 2569 parat
1933 2506 2082 2552 terra:

479 2594 728 2667 pluviam.
753 2593 966 2666 Indiget
989 2593 1170 2664 pluvia
1204 2601 1348 2648 terra
1375 2601 1586 2658 nostra,
1625 2599 1680 2646 et
1710 2590 1812 2644 nisi
1839 2588 2079 2659 pluviam

477 2687 772 2759 acceperit,
800 2686 852 2742 id
883 2695 986 2753 est,
1021 2686 1394 2756 doctrinarum
1433 2684 1662 2750 fontem,
1709 2682 1944 2738 fructum
1972 2699 2078 2737 nou

479 2781 695 2840 alieret.
739 2781 910 2838 Terra
934 2797 1059 2838 cum
1085 2781 1338 2836 humecta
1360 2779 1522 2834 fuerit
1545 2777 1850 2834 isziusmodi
1882 2775 2082 2833 doctri-

477 2893 676 2934 narum
703 2876 876 2944 fonte,
909 2874 1039 2948 quid
1063 2873 1346 2946 sequitur?

554 2973 655 3041 Qui
685 2970 925 3043 producit
964 2972 1017 3025 in
1053 2969 1312 3025 montibus
1356 2969 1552 3040 fenum,
1599 2974 1704 3024 etc.
1761 2966 1819 3023 Si
1848 2965 1916 3022 de
1960 2964 2079 3020 solo

477 3065 600 3124 leno
633 3066 948 3138 loqueretur
977 3082 988 3117 :
1015 3064 1202 3135 utique
1232 3061 1417 3118 fenum
1449 3059 1623 3132 magis
1654 3061 1707 3115 in
1737 3058 2080 3115 convallibus

478 3160 742 3227 nascitur,
765 3173 926 3230 quam
955 3158 1011 3212 in
1041 3155 1365 3212 montuosis.
1407 3153 1750 3224 Ubicumque
1778 3155 1922 3208 enim
1962 3151 2078 3222 plu-
2107 3143 2152 3206 C

477 3257 567 3312 via
600 3254 836 3325 amplior
887 3253 1075 3319 fuerit,
1127 3251 1202 3306 ibi
1244 3249 1416 3322 magis
1460 3248 1642 3304 fenum
1690 3246 1950 3302 nascitur.
2001 3244 2080 3299 De

479 3347 760 3405 montibus
801 3345 1046 3401 deﬂuunt
1089 3358 1245 3413 aqua:
1295 3343 1347 3397 in
1393 3339 1754 3408 convallibus,
1809 3348 1865 3395 et
1909 3336 2079 3409 magis

481 3442 650 3500 herba
681 3440 942 3498 nascitur.

551 3534 625 3590 Et
674 3535 763 3589 dat
808 3533 1065 3607 jumentis
1115 3547 1284 3587 escam
1333 3531 1582 3603 ipsorum.
1644 3527 1924 3598 Scriptura
1977 3525 2077 3581 ista

478 3645 642 3703 quam
663 3628 919 3700 legimus,
955 3641 1117 3698 quam
1159 3634 1478 3698 tractamus,
1522 3638 1682 3693 quam
1726 3621 1989 3677 habemus
2023 3622 2076 3675 in

480 3725 752 3793 manibus,
787 3730 1001 3780 montes
1023 3720 1196 3778 sancti
1221 3719 1476 3776 dicuntur
1500 3718 1555 3774 in
1582 3717 1882 3788 Scripturis
1899 3713 2072 3789 (Psal.

482 3819 678 3890 xxxv).
700 3818 852 3873 Mons
866 3824 1096 3872 vocatur
1117 3814 1390 3871 Abraham
1413 3829 1428 3879 ;
1458 3827 1612 3868 mons
1643 3819 1872 3866 vocatur
1892 3809 2072 3874 Isaac;

480 3927 638 3971 mons
656 3909 958 3968 leremias:
989 3915 1201 3966 montes
1223 3909 1394 3964 sancti
1425 3905 1724 3978 prophetat.
1750 3903 1956 3958 Montes
1985 3902 2073 3956 isti

481 4003 684 4068 habent
721 4014 778 4060 et
805 4001 1100 4070 frumenta,
1131 3999 1336 4056 habent
1365 4008 1421 4055 et
1450 3999 1656 4055 fenum.
1695 3998 1752 4053 Si
1781 3997 1948 4052 homo
1977 4009 2036 4049 cs
2060 4012 2070 4047 :

479 4099 680 4171 accipis
696 4099 762 4153 ab
781 4097 912 4170 ipsis
934 4096 1264 4152 frumentum
1293 4111 1306 4149 :
1333 4095 1380 4150 si
1413 4108 1580 4166 pecus
1611 4108 1694 4161 es,
1730 4094 1911 4147 fenum
1936 4093 2075 4146 acci-

482 4191 586 4264 pis.
619 4189 881 4249 Hbmines
917 4198 973 4244 et
995 4188 1240 4258 iumenta
1266 4187 1444 4242 salvos
1473 4186 1660 4250 facies,
1701 4185 1952 4240 Domine.
1977 4183 2076 4240 Se-

483 4283 720 4342 cundum
745 4283 906 4339 ﬁdem
923 4291 1068 4336 tuam
1093 4281 1340 4336 salvaris.
1370 4279 1472 4348 Qui
1496 4277 1733 4346 producit
1748 4280 1798 4332 in
1822 4277 2075 4332 montibus

482 4378 679 4449 fenum,
711 4385 759 4430 et
774 4375 864 4429 dat
873 4373 1126 4446 jumcntis
1154 4388 1321 4427 escam
1349 4373 1600 4442 ipsorum.
1629 4371 1686 4428 Si
1718 4373 1880 4425 homo
1910 4386 1991 4437 es,
2020 4367 2074 4424 in

477 4471 776 4542 Scripturis
805 4473 1006 4529 sanctis
1037 4472 1237 4544 accipis
1253 4468 1587 4541 spiritualem
1614 4467 2033 4540 intelligentiam
2059 4486 2068 4519 :

480 4564 531 4623 si
587 4564 894 4637 iumentum
923 4580 1012 4634 es,
1045 4565 1342 4623 secundum
1375 4564 1612 4620 litteram
1640 4578 1790 4618 more
1820 4561 2067 4618 Iudaico.

481 4661 618 4719 Rem
637 4675 890 4733 magnam
901 4661 1082 4718 video.
1099 4661 1244 4718 Deus
1257 4660 1348 4732 qui
1372 4660 1532 4716 tantis
1557 4658 1844 4730 praeconiis
1869 4658 2072 4714 collau-

484 4755 646 4813 datus
671 4763 776 4820 est,
813 4753 1099 4811 deducitur
1127 4753 1194 4808 ad
1222 4754 1434 4821 viliora,
1461 4762 1514 4808 et
1540 4751 1737 4808 dicitur
1763 4770 1773 4803 :
1801 4751 1869 4805 Et
1913 4749 2071 4821 pullis

480 4864 752 4905 corvorum
779 4845 1130 4902 invocantibus
1152 4861 1287 4901 eum.
1316 4847 1372 4902 Si
1401 4846 1470 4902 de
1495 4846 1684 4902 avibus
1700 4845 1824 4901 coeli
1840 4843 2065 4913 diceret,

482 4942 654 5014 magis
684 4941 894 5014 aquilas
939 4940 1275 4996 nominasset
1324 4949 1416 4996 aut
1468 4941 1734 4998 vultures.
1788 4939 1858 4994 Et
1912 4940 2071 5010 pullis

480 5051 749 5094 corvorum
778 5035 1135 5091 invocantibus
1165 5051 1300 5090 eum.
1321 5035 1476 5091 Nulla
1514 5036 1620 5091 alia
1643 5037 1758 5092 avis
1797 5051 2072 5108 nuncupa-

480 5140 590 5200 tur,
634 5131 736 5187 nisi
769 5130 952 5202 pullus
991 5143 1307 5194 corvorum,
1359 5139 1413 5185 et
1456 5144 1564 5184 non
1604 5129 1705 5201 ipsi
1755 5131 1924 5197 corvi,
1972 5129 2070 5186 sed

475 5224 609 5297 pulli
635 5238 945 5280 corvorum.
979 5221 1097 5279 Non
1124 5223 1368 5279 salvatur
1395 5236 1614 5292 corvus,
1647 5222 1743 5279 sed
1771 5223 1954 5294 pullus
1977 5223 2068 5293 qui

474 5317 545 5375 de
573 5331 638 5374 eo
659 5325 820 5373 natus
845 5327 949 5373 est.
991 5315 1100 5372 Nos
1127 5315 1262 5389 pulli
1291 5330 1577 5386 cprvorum
1620 5332 1829 5373 sumus.
1873 5317 1946 5370 De
1971 5330 2064 5386 pa-

470 5411 716 5471 rentibus
741 5412 888 5468 enim
913 5410 1210 5467 idololatris
1231 5410 1528 5466 nascimur.
1555 5409 1808 5481 Legimus
1834 5409 1888 5463 in
1911 5407 2067 5464 Salo-

472 5522 655 5574 mone,
690 5506 944 5578 quoniam
976 5505 1164 5561 oculus
1185 5505 1276 5576 qui
1300 5504 1495 5561 irridet
1519 5515 1749 5576 patrem,
1777 5512 1833 5559 et
1856 5518 2064 5559 sermo-

469 5615 596 5658 nem
640 5600 867 5670 matris,
917 5597 1183 5655 elI‘odiant
1243 5613 1367 5654 eum
1411 5597 1558 5653 corvi
1612 5596 1679 5652 de
1725 5595 2062 5652 convallibus

476 5693 664 5767 (Prov.
693 5695 846 5766 xxx).
875 5691 995 5748 Non
1019 5692 1156 5748 dixit
1182 5692 1312 5763 pulli
1339 5707 1646 5759 corvorum,
1679 5690 1773 5747 sed
1800 5689 1904 5762 ipsi
1940 5705 2063 5746 cor-

472 5784 545 5842 vi.
579 5786 680 5854 Qui
711 5785 855 5843 enim
889 5799 1084 5841 corvus
1113 5792 1220 5854 est,
1249 5783 1446 5842 salvari
1486 5799 1596 5843 non
1625 5791 1822 5858 potest.
1853 5779 2060 5842 Corvus

2191 1865 2308 1905 rum
2332 1850 2589 1905 dicuntur
2615 1849 2680 1906 de
2712 1865 2836 1904 rore
2878 1849 3086 1906 vivere.
3140 1849 3230 1905 Sic
3282 1848 3430 1904 enim
3479 1847 3788 1920 philosophi

2189 1941 2401 2009 dicunt,
2436 1942 2578 2014 quod
2621 1941 2691 1998 de
2718 1957 2841 1998 rore
2878 1940 3062 1996 vivant
3107 1941 3240 2012 pulli
3271 1955 3588 1997 corvorum.
3625 1939 3790 1996 Vultis

2188 2045 2243 2093 et
2273 2037 2417 2092 aliud
2451 2037 2592 2092 scire
2625 2037 2945 2109 mysterium
2977 2035 3046 2091 de
3079 2035 3295 2091 corvis?
3331 2035 3478 2091 Elias
3529 2036 3792 2106 interpre-

2188 2145 2355 2202 tatur,
2389 2133 2526 2189 Deus
2553 2131 2828 2188 Dominus.
2857 2133 3026 2201 Elias,
3053 2132 3155 2188 hoc
3179 2139 3284 2197 est,
3315 2131 3584 2187 Dominus
3608 2141 3788 2186 noster

2186 2237 2350 2300 atque
2387 2229 2660 2293 Salvator,
2695 2243 2725 2283 a
2753 2227 2955 2284 Judteis
2998 2226 3433 2298 persecutionem
3479 2224 3709 2297 patitur,
3735 2233 3788 2280 et

2186 2340 2214 2378 a
2237 2325 2437 2393 corvis,
2469 2323 2523 2380 id
2549 2333 2655 2390 est,
2681 2324 2925 2394 gentium
2968 2321 3169 2393 pepulo
3216 2321 3480 2392 pascitur.
3513 2319 3586 2374 Et
3632 2320 3787 2392 pullis

2186 2434 2454 2474 corvorum
2467 2418 2819 2474 invocantibus
2841 2434 2977 2472 euut.
3011 2416 3066 2473 Si
3092 2418 3311 2472 invocas
3327 2432 3478 2481 eum,
3505 2416 3684 2486 pullus
3697 2430 3783 2471 es:

2183 2519 2228 2574 si
2260 2527 2431 2586 taces,
2464 2532 2659 2573 corvus
2698 2531 2786 2572 es.
2819 2514 2886 2570 Et
2925 2515 3086 2589 pullis
3127 2529 3399 2568 corvorum
3437 2513 3786 2566 invocantibus

2184 2629 2318 2668 eum.
2347 2612 2600 2683 Legimus
2629 2612 2681 2666 in
2713 2609 2977 2682 prOpheta
3009 2626 3022 2662 :
3053 2620 3108 2665 et
3135 2607 3314 2664 omnis
3343 2605 3435 2678 qui
3460 2606 3786 2662 invocaverit

2183 2723 2379 2763 nomen
2412 2707 2648 2776 Domini,
2676 2705 2862 2760 salvus
2887 2704 2991 2760 erit
3021 2703 3186 2772 (Joel.
3212 2701 3292 2774 u).
3311 2700 3478 2771 Igitur
3499 2700 3547 2756 si
3577 2700 3646 2756 de
3665 2715 3785 2756 cor-

2183 2799 2265 2854 vis
2289 2797 2608 2870 simpliciter
2632 2797 2961 2868 accipimus:
2997 2811 3129 2867 ergo
3150 2804 3206 2850 et
3231 2793 3386 2849 corvi
3419 2791 3559 2848 salvi
3590 2791 3784 2848 erunt?

2182 2892 2491 2964 Responde,
2536 2891 2748 2959 Judme,
2791 2889 3062 2962 responde
3103 2889 3194 2960 qui
3236 2886 3517 2943 Iudaicam
3553 2885 3785 2942 litteram

2185 2995 2392 3043 tantum
2440 2984 2720 3057 sequeris,
2775 2983 2914 3040 dicis
2967 2987 3104 3039 istos
3154 2995 3348 3036 corvos
3409 2994 3542 3035 vere
3597 2993 3786 3034 corvos

2182 3080 2335 3136 esse?
2359 3078 2476 3134 Non
2511 3075 2896 3148 interpretaris
2917 3074 3299 3146 spiritualiter,
3336 3071 3433 3128 sed
3465 3071 3782 3138 carnaliter,

2186 3177 2318 3233 dicis
2350 3175 2494 3230 enim
2525 3176 2787 3245 scriptum
2817 3187 2942 3229 esse
2967 3172 3037 3229 de
3081 3171 3281 3228 corvis.
3313 3169 3370 3226 Si
3400 3184 3535 3240 ergo
3575 3168 3642 3224 de
3671 3166 3787 3238 pul-

2183 3269 2249 3324 lis
2276 3283 2564 3325 corvorum
2591 3267 2854 3338 scriptum
2885 3275 2993 3332 est,
3022 3275 3077 3321 et
3101 3264 3189 3320 hic
3217 3262 3424 3319 dictum
3453 3269 3561 3328 est,
3588 3269 3635 3315 et
3668 3260 3783 3328 pul-

2181 3365 2244 3420 lis
2272 3380 2537 3419 corvorum
2562 3359 2916 3417 invocantibus
2938 3377 3076 3415 eum.
3112 3358 3182 3414 Et
3208 3357 3473 3424 scriptum
3501 3363 3586 3410 est
3615 3370 3632 3408 :
3660 3355 3778 3409 0m-

2179 3457 2265 3514 nis
2295 3456 2388 3527 qui
2420 3455 2753 3511 invocaverit
2774 3467 2973 3510 nomen
3005 3451 3218 3506 Domini
3247 3449 3432 3504 salvas
3463 3446 3567 3504 erit
3600 3465 3614 3502 :
3659 3461 3782 3519 ergo

2180 3558 2235 3606 et
2264 3549 2393 3620 pulli
2422 3562 2709 3604 corvorum
2739 3546 2875 3603 salvi
2912 3553 3070 3602 erunt
3103 3545 3156 3598 in
3203 3541 3630 3599 resurrectione.
3678 3538 3782 3595 Nos

2179 3657 2308 3713 ergo
2358 3641 2488 3712 pulli
2553 3655 2842 3696 corvorum
2891 3638 3209 3693 invocamus
3263 3643 3428 3705 atque
3476 3633 3776 3688 salvamur.

2179 3735 2424 3806 Denique
2472 3742 2526 3788 et
2569 3731 2766 3787 Paulus
2793 3729 3072 3800 apostolus
3102 3726 3323 3798 scripsit
3362 3725 3432 3780 ad
3472 3735 3778 3780 sanctorum

2182 3827 2480 3884 Ecclesiam
2504 3871 2518 3896 ,
2560 3826 2778 3897 scripsit
2817 3823 2883 3880 ad
2912 3839 3006 3880 eos
3031 3821 3408 3894 quiinvocant
3435 3832 3634 3876 nomen
3676 3817 3779 3872 Do-

2179 3922 2309 3978 mini
2336 3922 2353 3995 (
2385 3921 2402 3975 ι
2434 3921 2552 3976 Cor.
2579 3919 2639 3992 ι).

2253 4015 2374 4069 Non
2406 4015 2460 4068 in
2497 4012 2800 4084 fortitudine
2831 4011 2945 4083 equi
2973 4009 3289 4066 voluntatem
3327 4007 3552 4063 habebit.
3597 4006 3781 4062 Brevi-

2180 4115 2340 4163 tatem
2384 4101 2754 4176 proiuisimus,
2807 4113 2862 4160 et
2903 4103 3234 4160 necessitate
3282 4100 3551 4172 compulsi
3597 4113 3779 4155 sumus

2178 4200 2336 4256 latius
2366 4199 2645 4270 disputare
2671 4215 2684 4252 :
2715 4196 2926 4253 mentiti
2950 4211 3157 4262 sumus,
3191 4193 3286 4250 sed
3314 4193 3659 4250 mendacium
3684 4191 3778 4246 uti-

2177 4291 2442 4348 lissimum
2473 4299 2574 4347 est.
2609 4289 2828 4346 Utinam
2869 4288 3115 4345 Herodes
3141 4287 3400 4344 mentitus
3432 4295 3581 4342 esset
3605 4294 3663 4342 et
3685 4297 3778 4354 pe-

2173 4388 2405 4457 ierasset
2432 4385 2645 4459 (Matth.
2681 4385 2816 4453 xtv).
2853 4383 2919 4438 Et
2949 4398 3047 4438 nos
3093 4382 3258 4453 igitur
3289 4381 3499 4436 minora
3532 4378 3780 4451 promisi-

2179 4495 2318 4546 mus,
2354 4489 2409 4535 et
2445 4479 2727 4534 orantibus
2755 4475 2907 4531 vobis
2960 4475 3164 4546 majora
3220 4473 3576 4545 praebuimus.
3638 4471 3778 4526 llora

2177 4571 2477 4643 compellit,
2509 4579 2568 4626 ut
2597 4585 2799 4625 taceam
2834 4586 2848 4623 :
2881 4568 3196 4640 magnitudo
3221 4567 3610 4638 mysteriorum
3641 4579 3782 4620 com-

2179 4666 2330 4738 pellit
2357 4675 2416 4720 ut
2444 4665 2655 4736 loquar.
2687 4663 2804 4719 Non
2844 4663 2897 4719 in
2939 4662 3253 4718 fortitudine
3283 4662 3408 4733 equi
3442 4661 3778 4716 voluntatem

2179 4761 2418 4817 habebit.
2452 4760 2626 4816 Audio
2651 4774 2850 4830 equum
2879 4757 3233 4824 hinnientem,
3266 4766 3320 4812 ct
3350 4771 3457 4812 non
3488 4769 3782 4827 possumus

2180 4855 2482 4926 praeterire.
2515 4853 2790 4923 Scriptum
2829 4862 2915 4909 est
2941 4853 2994 4908 in
3037 4853 3336 4924 psalterio:
3385 4850 3581 4906 Fallax
3607 4865 3783 4923 equus

2179 4950 2245 5006 ad
2278 4950 2508 5006 salutem
2549 4948 2722 5021 (Psal.
2758 4949 2952 5021 χχιιι).
3005 4948 3073 5006 Ει
3103 4949 3212 5004 alio
3263 4951 3381 5004 loco
3413 4965 3429 5004 :
3479 4948 3699 5018 Equum
3727 4954 3783 5001 et

2179 5057 2526 5099 ascensorem
2554 5041 2751 5111 deiecit
2781 5041 2837 5096 in
2869 5055 3017 5097 mare
3057 5038 3254 5114 (Exod.
3286 5038 3400 5109 xv).
3457 5039 3785 5110 Prazcipimr

2178 5146 2228 5192 el
2261 5136 2446 5204 Israel,
2473 5151 2542 5192 ne
2581 5150 2751 5207 equos
2779 5135 3043 5190 nutriant.
3089 5135 3330 5207 Denique
3359 5133 3622 5191 Salomon
3654 5133 3784 5204 quia

2176 5230 2463 5302 quadrigas
2493 5229 2796 5285 adducebat
2837 5243 2902 5285 ex
2933 5227 3189 5300 A‘ngpto,
3226 5229 3517 5298 voluptate
3550 5242 3788 5296 supera-

2179 5331 2263 5378 tus
2285 5332 2370 5378 est
2397 5321 2577 5397 (Deut.
2609 5338 2752 5388 xvtt;
2807 5321 2874 5377 III
2924 5320 3056 5391 Reg.
3099 5321 3180 5392 x).
3230 5319 3352 5376 Non
3381 5322 3434 5375 in
3467 5321 3785 5392 fortitudine

2177 5416 2295 5488 equi
2315 5414 2628 5470 voluntatem
2661 5413 2884 5469 habebit.
2915 5413 3125 5485 Equum
3153 5421 3210 5469 et
3237 5428 3591 5471 ascensorem
3625 5413 3783 5483 deje-

2173 5511 2248 5566 cit
2284 5513 2338 5565 in
2371 5525 2540 5567 mare.
2578 5508 2715 5580 Equi
2747 5508 3080 5564 insanientes
3110 5507 3163 5563 in
3197 5507 3424 5564 feminas
3475 5507 3602 5563 facti
3650 5515 3782 5562 sunt

2173 5603 2305 5660 mihi
2333 5622 2346 5658 :
2377 5604 2748 5674 unusquisque
2775 5603 2829 5658 in
2859 5617 3084 5659 uxorem
3114 5602 3345 5674 proximi
3377 5603 3463 5658 sui
3484 5601 3780 5658 hinniebat

2170 5692 2386 5766 (Jerem.
2427 5694 2519 5764 v):
2566 5682 2803 5765 loquitur
2825 5692 3114 5750 Jeremias.
3147 5693 3286 5766 Ergo
3325 5708 3491 5764 super
3541 5694 3680 5748 tales
3711 5706 3776 5747 e-

2169 5800 2304 5859 quos
2337 5787 2478 5844 Deus
2508 5802 2615 5844 non
2644 5787 2810 5846 habet
2839 5787 3186 5846 voluntatem.
3222 5787 3468 5844 Disimus
3495 5786 3567 5845 de
3586 5799 3729 5858 equo
3755 5800 3770 5838 :
