4008 6336
185 293 325 350 1257

1092 310 1522 373 DREVIARIUM
1563 314 1629 372 IN
1671 314 2003 376 I’SALMOS.
2045 319 2290 381 PSAIM.
2335 325 2588 386 CXLVII.

3349 344 3488 400 1958

185 427 380 482 equum
413 425 470 470 et
514 429 858 477 ascensorem
890 421 1088 492 dejecit
1136 428 1186 482 in
1221 444 1389 483 mare.
1424 431 1666 485 Diximus
1694 431 1784 502 qui
1811 431 1866 492 Α
1893 442 2130 490 mentum
2179 438 2392 510 adipem
2440 442 2636 499 habet?
2680 444 2734 502 Si
2767 459 2896 519 ergo
2941 449 3267 508 frumentum
3300 456 3488 528 adipes

187 517 311 560 sunt
343 511 467 580 equi
503 511 782 568 :dicamus
805 516 895 586 qui
924 527 1052 572 sunt
1073 522 1308 591 equites.
1343 523 1456 594 Ego
1479 533 1606 594 puto
1623 539 1790 594 equos

182 597 431 656 homines
461 617 579 659 esse
614 615 946 675 peccatores,
1001 620 1057 666 et
1111 613 1323 683 equites
1369 616 1647 671 daemones
1697 617 1786 684 qui

182 692 426 761 equitant
461 694 513 749 in
537 695 638 750 eis.
686 697 739 754 Si
794 701 1009 770 quando
1053 717 1184 774 ergo
1227 705 1520 762 viderimus
1550 707 1786 780 aliquem

182 780 410 840 fratrem
452 799 873 858 persequentem
924 801 980 848 et
1030 793 1308 851 inimicum
1361 813 1507 860 esse.
1553 799 1788 857 sciamus

179 874 299 945 quia
332 877 425 934 ille
456 894 626 951 equus
656 889 761 938 est.
788 881 1060 942 Caeterum
1090 903 1260 959 eques
1287 889 1537 948 diabolus
1563 903 1670 960 est,
1694 897 1784 966 qui

177 983 272 1024 sua
303 970 493 1030 lancea
524 989 626 1030 nos
659 979 912 1046 percutit.
949 979 1054 1036 Iste
1094 983 1290 1050 currit,
1320 993 1376 1040 et
1406 984 1500 1040 ille
1533 988 1782 1056 perculit.

177 1059 288 1119 Sed
319 1074 373 1120 et
404 1067 516 1136 ipse
554 1083 725 1140 equus
757 1071 1061 1130 calcaribus
1088 1075 1327 1144 ducitur,
1359 1079 1691 1149 confoditur,
1730 1091 1787 1138 et

175 1153 379 1212 invitus
413 1159 633 1216 insanit.
662 1161 775 1218 Nec
801 1164 855 1219 in
885 1165 1024 1222 tibiis
1053 1169 1148 1223 uiri
1174 1170 1552 1240 beneplacitum
1588 1174 1682 1228 erit
1715 1177 1780 1229 ei.

177 1247 372 1305 Videte
401 1252 531 1322 quid
564 1252 729 1310 dicat.
781 1255 899 1312 Non
937 1257 1095 1324 dixit,
1149 1259 1204 1314 in
1255 1263 1434 1332 capite
1487 1264 1584 1318 viri
1627 1282 1640 1318 :
1677 1280 1782 1321 non

173 1339 334 1408 dixit,
372 1343 423 1396 in
452 1344 702 1401 manibus
743 1348 842 1402 viri
877 1366 890 1403 :
923 1349 1044 1412 sed,
1080 1353 1133 1404 in
1164 1351 1301 1406 tibiis
1333 1369 1350 1406 :
1380 1370 1500 1422 quae
1527 1355 1781 1411 deorsum

172 1446 322 1491 sunt.
355 1435 468 1491 Nec
494 1437 547 1492 in
569 1439 708 1494 tibiis
727 1441 826 1495 viri
865 1441 1242 1513 beneplacitum
1272 1445 1367 1500 erit
1397 1447 1463 1500 ei.
1496 1447 1668 1502 Tibiae
1698 1449 1784 1503 hic

170 1527 314 1584 sicut
344 1538 398 1584 et
431 1529 661 1601 femora,
697 1547 916 1604 semper
943 1535 998 1590 in
1030 1535 1254 1594 libidine
1283 1539 1644 1608 accipiuntur.
1679 1541 1782 1596 De-

172 1621 339 1692 nique
369 1631 423 1679 et
450 1624 502 1678 in
535 1624 794 1682 Ezechiel
846 1627 993 1685 Deus
1031 1629 1250 1686 videtur
1289 1648 1318 1686 a
1369 1632 1567 1688 lumbis
1611 1649 1781 1705 usque

171 1730 419 1785 sursum,
460 1719 727 1776 electreus
757 1740 771 1776 :
804 1737 835 1776 a
866 1722 1071 1779 lumbis
1100 1740 1270 1796 usque
1298 1725 1557 1782 deorsum
1590 1728 1779 1798 igneus

1895 541 2001 582 non
2045 527 2235 599 habet,
2285 541 2342 588 et
2372 535 2717 605 compelleris
2763 543 3088 600 necessitate
3129 527 3490 616 spiritualiter

1893 621 2230 695 intelligere,
2281 629 2576 685 secundum
2618 631 2779 688 istum
2832 637 3162 693 versiculum
3205 651 3259 695 et
3290 652 3488 699 caetera

1890 712 2243 786 intelligenda
2270 730 2415 776 sunt.
2452 721 2667 793 Lauda,
2698 723 3027 798 Jerusalem,
3063 730 3364 790 Dominum.
3399 735 3489 792 Je-

1889 808 2125 864 rusalem
2151 854 2165 878 ,
2214 813 2342 868 visio
2368 816 2534 886 pacis.
2564 816 2749 871 Lauda
2781 819 2947 875 Deum
2977 831 3142 891 tuum,
3172 823 3322 879 Sion.
3353 824 3484 882 Sion

1889 902 2098 971 specula
2125 905 2530 975 interpretatur.
2560 908 2766 967 Videtis
2789 928 2920 985 ergo
2941 915 3066 986 quid
3093 916 3256 972 dicat.
3273 917 3482 990 Lauda,

1887 990 2223 1065 Jerusalem,
2267 997 2576 1056 Dominum.
2627 1001 2960 1074 Ubicumque
3007 1009 3145 1066 visio
3177 1012 3327 1081 pacis
3365 1023 3482 1081 est,

1887 1087 2215 1160 ubicumque
2240 1095 2626 1166 contemplatio
2661 1097 2753 1154 Dei
2783 1117 2795 1154 :
2830 1100 2904 1154 ibi
2937 1101 3054 1158 laus
3085 1103 3180 1160 Dei
3220 1105 3300 1160 ﬁt.
3336 1107 3479 1163 Lau-

1887 1178 1978 1234 dat
2000 1197 2131 1252 ergo
2162 1183 2403 1242 Ecclesia
2420 1187 2737 1257 Dominum,
2761 1192 2976 1263 quando
2995 1198 3226 1266 cmperit
3253 1197 3305 1253 in
3329 1199 3480 1256 illum

1887 1270 2112 1328 credere
2138 1284 2193 1329 et
2223 1275 2424 1334 habere
2457 1296 2640 1347 pacem
2660 1323 2674 1348 ,
2702 1293 2754 1338 et
2787 1287 3016 1355 cmperit
3043 1287 3229 1346 videre
3252 1307 3440 1361 pacem
3463 1339 3478 1360 ,

1889 1363 1991 1418 hoc
2040 1376 2155 1431 est,
2195 1367 2496 1426 Jerusalem
2529 1373 2793 1430 visionem
2830 1379 2998 1447 pacis.
3043 1379 3146 1448 Qui
3180 1381 3330 1449 prius
3360 1401 3482 1440 eras

1885 1469 2078 1512 servus
2126 1457 2422 1530 idolorum,
2458 1461 2634 1519 factus
2658 1481 2717 1521 es
2748 1481 2944 1525 servus
2984 1471 3098 1527 Dei.
3138 1471 3320 1527 Lauda
3350 1491 3480 1546 ergo

1885 1548 2055 1604 Deum
2075 1559 2247 1606 tuum.
2268 1554 2502 1620 Quando
2520 1572 2648 1612 vero
2677 1561 2912 1630 coeperis
2931 1561 3044 1632 jam
3075 1565 3278 1622 habere
3301 1568 3480 1624 scien-

1885 1639 2039 1706 tiam,
2071 1651 2124 1697 et
2152 1658 2273 1700 esse
2300 1648 2550 1716 specula,
2605 1649 2710 1706 hoc
2737 1659 2841 1719 est,
2887 1653 3016 1710 Sion
3054 1672 3066 1710 :
3101 1655 3260 1712 lauda
3294 1659 3478 1716 Domi-

1885 1750 2044 1800 num,
2081 1736 2183 1793 hoc
2224 1747 2339 1806 est,
2377 1749 2430 1796 tu
2465 1742 2620 1798 lauda
2649 1745 2983 1815 Jerusalem,
3031 1759 3086 1805 tu
3115 1752 3273 1808 lauda
3305 1755 3432 1810 Sion
3462 1775 3476 1812 :

170 1809 390 1881 (Eaech.
423 1811 487 1883 ι).
521 1813 577 1869 Si
613 1816 736 1885 quis
763 1833 981 1873 sursum
1013 1827 1119 1885 est,
1170 1818 1298 1874 huic
1343 1835 1543 1877 aureus
1570 1831 1654 1877 est
1687 1840 1698 1876 :
1734 1823 1780 1878 si
1810 1814 1856 1876 Β
1887 1837 1940 1883 ιιι
1973 1829 2354 1889 Ecclesiastica
2385 1835 2587 1903 anima,
2613 1845 2668 1892 tu
2694 1835 2956 1896 Ecclesia.
2983 1841 3098 1898 Non
3124 1844 3346 1901 laudent
3367 1847 3479 1903 hae-

167 1905 298 1975 quis
326 1905 608 1970 deorsum.
643 1908 770 1965 huic
801 1910 1046 1980 gehenna
1078 1923 1382 1984 prmparata
1413 1925 1518 1971 est.
1577 1915 1687 1970 Nec
1725 1917 1779 1970 in

167 2000 309 2056 tibiis
336 2003 431 2056 viri
458 2004 834 2074 beneplacitum
863 2019 937 2064 est
966 2011 1032 2064 ei.
1075 2010 1331 2066 Dicamus
1359 2013 1661 2069 secundum
1685 2015 1776 2069 lit-

167 2101 370 2151 teram.
403 2098 670 2166 Quoniam
700 2100 936 2168 dixerat,
971 2103 1093 2158 Non
1122 2107 1174 2159 in
1201 2107 1509 2176 fortitudine
1548 2111 1663 2176 equi
1691 2127 1781 2164 vo-

166 2187 422 2243 luntatem
461 2189 690 2260 habebit,
729 2201 784 2249 et
806 2195 959 2264 quasi
1003 2195 1321 2253 bellatorem
1351 2198 1525 2254 virum
1571 2198 1778 2255 descri-

167 2294 360 2354 pserat
395 2302 408 2339 :
443 2285 658 2342 videtur
683 2288 812 2343 mihi
860 2288 948 2345 hic
993 2290 1084 2347 ubi
1135 2291 1293 2360 dixit,
1349 2310 1454 2349 non
1501 2296 1555 2349 in
1604 2295 1771 2363 tibiis,

161 2389 275 2431 non
305 2391 504 2433 vocare
530 2386 556 2415 λ
592 2378 773 2445 tibias,
803 2381 900 2437 sed
927 2383 1319 2456 περικνήμιδας.
1355 2385 1617 2444 Videmus
1643 2404 1775 2461 ergo

164 2466 550 2538 quodcumque
591 2471 751 2528 tibias
782 2475 986 2530 texerit
1015 2491 1121 2530 non
1159 2476 1376 2546 placere
1401 2479 1536 2547 Deo,
1569 2480 1666 2536 sed
1709 2481 1775 2537 il-

161 2556 259 2614 lud
283 2561 429 2630 quod
458 2575 674 2618 sursum
702 2573 808 2621 est.
841 2565 959 2622 Non
993 2568 1172 2638 placet
1200 2569 1312 2626 Deo
1340 2571 1398 2626 in
1429 2571 1770 2642 fortitudine,

158 2667 272 2707 non
302 2653 478 2723 placet
507 2655 562 2710 in
594 2657 742 2714 tibiis
773 2658 898 2725 viri,
925 2660 1099 2730 placet
1120 2671 1299 2719 autem
1332 2664 1386 2718 in
1427 2665 1619 2721 timore
1645 2681 1769 2723 suo.

164 2746 358 2803 Virtus
401 2765 507 2804 non
539 2751 737 2821 placet,
766 2753 928 2810 timor
957 2756 1154 2827 placet.
1186 2757 1485 2814 Bellantem
1513 2760 1767 2832 destruit,

157 2850 450 2911 rogantem
483 2843 684 2912 elevat,
717 2845 951 2903 humiles
993 2849 1222 2917 exaltat,
1269 2853 1534 2922 superbos
1563 2852 1766 2924 dejicit.

233 2931 634 3006 Beneplacitum
655 2945 728 2992 est
750 2935 863 2993 Deo
887 2957 1044 3012 super
1075 2942 1307 2997 timentes
1351 2960 1489 2998 eum.
1525 2944 1678 3002 Unus
1710 2947 1773 3002 li-

156 3040 282 3082 mor
307 3028 491 3097 plures
520 3028 741 3086 timores
762 3032 1001 3103 projicit.
1018 3034 1218 3090 Melius
1237 3044 1320 3092 est
1347 3053 1514 3092 unum
1546 3039 1765 3106 timere,

155 3127 219 3176 ut
251 3120 438 3192 plures
458 3138 566 3178 non
598 3124 794 3180 timeas
827 3143 841 3181 :
871 3141 1032 3196 quam
1063 3128 1248 3198 plures
1271 3129 1489 3198 timere,
1522 3138 1584 3186 ut
1599 3146 1765 3187 unum

157 3229 272 3270 non
316 3216 527 3270 timeas.
565 3215 632 3269 Et
664 3216 719 3271 in
749 3218 822 3272 eis
848 3219 939 3288 qui
965 3229 1178 3291 sperant
1218 3238 1377 3293 super
1406 3225 1766 3278 misericordia
1792 3205 1838 3271 (ἶ

155 3310 296 3381 ejus.
323 3307 560 3377 Sperant
610 3324 717 3364 non
766 3311 818 3365 in
851 3313 1106 3383 operibus
1137 3313 1249 3371 suis
1275 3356 1289 3382 ,
1340 3315 1436 3372 sed
1466 3317 1520 3372 in
1553 3317 1764 3373 miseri-

156 3399 353 3457 cordia
379 3399 592 3471 judicii.
627 3401 872 3460 Laudate
913 3405 1205 3462 Dominum
1229 3449 1244 3475 ,
1277 3407 1532 3479 quoniam
1562 3411 1764 3466 bonum

156 3504 244 3551 est
277 3494 523 3565 psalmus
555 3514 567 3550 :
593 3487 850 3567 quoniam
881 3499 973 3570 qui
1004 3512 1226 3572 sperant
1254 3517 1419 3573 super
1449 3505 1762 3562 misericor-

155 3589 246 3645 dia
273 3591 420 3662 ejus,
451 3593 565 3673 sola
595 3593 901 3651 salvatione
941 3606 1226 3654 sanantur.
1258 3597 1358 3655 Cui
1388 3608 1476 3657 est
1502 3601 1676 3673 gloria
1709 3603 1762 3658 in

153 3683 364 3739 saecula
393 3669 741 3741 saeculorum.
772 3685 968 3743 Amen.

664 3777 990 3838 PSALMUS
1018 3779 1277 3838 CXLVII.

229 3869 445 3936 Lauda,
479 3869 794 3943 Jerusalem,
829 3875 1106 3931 Dominum
1135 3893 1153 3932 :
1182 3875 1344 3931 lauda
1372 3875 1540 3932 Deum
1571 3887 1720 3932 tuum
1748 3925 1759 3948 ,

154 3961 319 4018 Sion.
370 3963 529 4020 Modo
554 3965 865 4023 audivimus
910 3978 1158 4024 sanctum
1197 3969 1522 4040 praphetam
1569 3971 1761 4040 praedi-

153 4065 381 4111 cantem
423 4067 644 4128 propter
682 4061 1183 4129 praevaricationem
1214 4061 1349 4134 legis
1379 4063 1636 4133 populum
1667 4063 1764 4118 Ju-

153 4145 383 4202 daicum
417 4163 540 4206 esse
563 4149 837 4208 desertum
860 4194 874 4219 ,
906 4161 962 4209 et
1006 4155 1276 4224 quomodo
1322 4170 1467 4210 nunc
1513 4155 1716 4212 dicitur
1748 4175 1758 4210 :

153 4240 356 4296 Lauda
379 4283 395 4308 ,
439 4241 733 4302 Jerusalem
759 4289 774 4314 ,
821 4247 1101 4303 Dominum
1128 4265 1146 4304 :
1183 4249 1345 4304 lauda
1372 4250 1534 4305 Deum
1573 4257 1720 4305 tuum
1743 4293 1757 4318 ,

154 4334 320 4390 Sion.
379 4334 588 4394 Deinde
625 4339 756 4410 quid
786 4341 1082 4412 sequitur?

236 4427 501 4496 Quoniam
544 4435 858 4506 confortavit
887 4451 1030 4492 seras
1059 4445 1328 4508 portarum
1355 4445 1585 4492 tuarum.
1614 4437 1763 4509 Ergo

152 4522 230 4578 de
279 4523 384 4577 ista
431 4525 730 4582 Jerusalem
781 4528 1061 4600 loquitur,
1113 4530 1182 4586 de
1232 4531 1336 4586 ista
1390 4531 1522 4588 Sion
1559 4550 1572 4587 :
1604 4533 1764 4586 lauda

1882 1924 2056 1989 retici,
2088 1939 2194 1980 non
2223 1926 2443 1983 laudent
2470 1929 2794 2003 Synagogze,
2825 1933 2921 1988 sed
2957 1945 3011 1988 tu
3047 1935 3230 1991 lauda.
3254 1939 3433 2008 Quare
3454 1942 3480 1995 ‘i

1884 2016 2142 2082 Quoniam
2186 2021 2496 2089 confortavit
2535 2039 2675 2078 seras
2721 2034 2992 2094 portarum
3035 2035 3265 2089 tuarum.
3295 2031 3480 2102 Diligit

1879 2105 2142 2162 Dominus
2169 2119 2356 2179 portas
2384 2110 2517 2167 Sion
2535 2154 2550 2178 ,
2599 2129 2764 2184 super
2789 2119 2971 2173 omnia
3012 2120 3359 2176 tabernacula
3383 2123 3475 2179 Ja-

1879 2200 1980 2254 cob
2008 2199 2191 2271 (Psal.
2227 2217 2420 2258 Lxxxvt
2441 2203 2481 2271 ).
2510 2204 2702 2261 Portas
2729 2207 2858 2263 Sion
2893 2210 3129 2266 diximus
3153 2214 3471 2284 pr0phetas.

1877 2291 2145 2360 Quoniam
2185 2309 2316 2363 ergo
2336 2305 2524 2364 portas
2555 2297 2683 2354 Sion
2711 2301 2963 2356 novimus
2999 2304 3294 2375 prophetas
3322 2307 3432 2364 dici
3457 2327 3470 2363 :

1877 2385 2158 2442 videamus
2178 2402 2299 2457 quae
2315 2387 2427 2444 sint
2447 2405 2584 2446 sera:
2613 2402 2912 2461 portarum.
2940 2394 3096 2451 Verae
3113 2399 3257 2452 enim
3283 2399 3473 2455 Eccle-

1875 2477 1972 2532 siae
2001 2489 2173 2549 porta:
2205 2482 2481 2550 propheta:
2504 2491 2652 2538 sunt.
2696 2484 2829 2541 Sine
2859 2488 3142 2558 prophetis
3171 2490 3469 2548 Ecclesiam

1874 2572 2084 2642 ingredi
2110 2588 2218 2628 non
2244 2588 2552 2643 possumus.
2569 2576 2896 2635 Manichzcus
2924 2581 3129 2638 intrare
3158 2583 3332 2639 voluit
3352 2587 3470 2642 sine

1875 2664 2088 2733 portis,
2139 2675 2194 2720 et
2223 2681 2330 2723 non
2372 2666 2616 2726 intravit.
2651 2669 2890 2726 Marcion
2939 2688 3046 2728 non
3096 2676 3285 2746 recipit
3313 2689 3473 2734 vetus

1874 2753 2281 2812 Testamentum
2305 2800 2319 2826 ,
2353 2766 2409 2814 et
2437 2759 2557 2815 sine
2587 2761 2762 2830 portis
2798 2763 2999 2820 veteris
3039 2763 3375 2824 Testamenti
3417 2769 3472 2826 in

1875 2846 2229 2920 Evangelium
2265 2851 2469 2908 intrare
2506 2869 2611 2909 non
2644 2855 2842 2926 potuit.
2873 2857 2982 2914 Nos
3010 2875 3142 2930 ergo
3170 2863 3468 2933 recipimus

1873 2950 2058 3011 portas
2093 2943 2406 3015 prophetas,
2441 2953 2497 3002 et
2528 2962 2624 3018 per
2651 2959 2836 3018 portas
2859 2951 3214 3023 ingredimur.
3246 2957 3353 3012 Sed
3384 2958 3467 3014 vi-

1871 3037 2098 3093 deamus
2125 3053 2248 3108 quae
2297 3039 2406 3095 sint
2445 3055 2585 3098 sera:
2633 3054 2934 3113 portarum.
2966 3048 3118 3104 Multi
3171 3049 3418 3106 latrones
3451 3096 3466 3123 ,

1872 3131 2029 3186 multi
2075 3132 2220 3188 fures
2249 3134 2473 3205 cupiunt
2515 3136 2720 3194 intrare
2752 3154 2848 3209 per
2887 3152 3092 3211 portas.
3138 3141 3339 3200 Omnes
3378 3146 3472 3216 qui

1868 3235 1992 3283 ante
2009 3242 2096 3283 me
2111 3239 2398 3298 venerunt,
2423 3230 2569 3288 fures
2600 3233 2884 3290 fueruntet
2908 3236 3148 3294 latrones
3175 3237 3369 3308 (Joan.
3385 3239 3465 3312 x).

1867 3317 1913 3374 Ο
1940 3319 1985 3373 si
2013 3329 2067 3375 et
2093 3320 2224 3376 mihi
2250 3323 2576 3380 concederet
2615 3325 2907 3396 Dominus,
2951 3337 3010 3384 ut
3045 3345 3166 3386 sera
3193 3345 3370 3388 essem
3399 3334 3468 3389 de

1867 3413 2041 3483 portis
2061 3413 2192 3470 Sion
2217 3415 2231 3469 l
2259 3413 2317 3471 Si
2345 3418 2467 3486 quis
2495 3417 2879 3476 luereticorum
2909 3437 3006 3492 per
3037 3423 3156 3478 illas
3187 3425 3248 3486 in.
3276 3425 3460 3481 Evan-

1865 3506 1992 3576 gelii
2023 3507 2435 3579 dispositionem
2466 3511 2633 3568 vellet
2658 3513 2896 3571 intrare:
2922 3532 3023 3587 ego
3044 3526 3242 3573 starem
3263 3519 3316 3573 in
3343 3535 3466 3589 por-

1868 3600 1937 3654 tis
1957 3641 1972 3668 ,
2017 3609 2072 3657 et
2101 3603 2450 3671 proltiberem
2476 3604 2648 3660 illum.
2686 3606 2946 3674 Quoniam
2977 3611 3291 3680 confortavit
3319 3628 3462 3668 seras

1866 3701 2139 3764 portarum
2170 3704 2400 3750 tuarum.
2453 3697 2527 3752 Da
2567 3698 2700 3754 mihi
2748 3701 2985 3771 aliquem
3031 3703 3464 3761 ecclesiasticum

1865 3789 2066 3857 virum,
2099 3789 2401 3860 Scripturis
2422 3791 2742 3848 caelestibus
2763 3794 3061 3864 eruditum,
3080 3798 3124 3851 si
3155 3797 3352 3852 viderit
3372 3815 3465 3855 ve.

1865 3882 1984 3936 nire
2012 3880 2359 3948 Eunomium,
2389 3883 2578 3938 venire
2603 3883 2792 3939 Arium
2820 3927 2835 3950 ,
2864 3887 3008 3942 velle
3036 3887 3231 3944 tollere
3258 3889 3465 3960 aliquid

1866 3972 1933 4028 de
1977 3975 2260 4044 prophetis
2307 3984 2497 4031 contra
2525 3991 2627 4032 nos
2659 3995 2672 4032 :
2705 3993 2887 4034 nonne
2930 3988 3041 4035 stat
3087 3981 3245 4050 quasi
3289 3984 3466 4038 sera?

1866 4081 2047 4123 nonne
2088 4068 2259 4124 vincit
2284 4069 2440 4139 quasi
2471 4068 2640 4124 sera?
2689 4060 2949 4136 Quoniam
2977 4073 3287 4142 confortavit
3316 4089 3459 4128 seras

1865 4171 2136 4233 portarum
2193 4169 2423 4216 tuarum.
2487 4161 2721 4217 Pulchre
2765 4163 2940 4229 dixit,
2994 4165 3305 4234 confortavit
3342 4181 3360 4218 :
3404 4175 3464 4220 ιιι

1865 4253 2083 4325 quando
2121 4253 2323 4309 videris
2364 4255 2541 4309 virum
2588 4254 3022 4312 ecclesiasticum
3053 4255 3462 4327 disputantem,

1865 4361 1973 4401 non
2007 4352 2161 4416 putes
2189 4345 2339 4400 illum
2367 4359 2491 4401 esse
2513 4346 2604 4416 qui
2627 4345 2894 4415 disputat,
2923 4347 3018 4403 sed
3045 4349 3138 4418 qui
3189 4347 3465 4405 confortat

1866 4439 2313 4496 ecclesiasticum.
2377 4436 2444 4491 Et
2497 4438 2652 4507 adipe
2702 4439 2950 4508 frumenti
3003 4439 3160 4493 satiat
3209 4448 3278 4494 te.
3308 4438 3460 4511 Nisi,

1867 4532 2064 4602 inquit,
2094 4545 2321 4603 granum
2351 4528 2516 4586 tritici
2545 4529 2824 4600 ceciderit,
2859 4531 3033 4600 ipsum
3053 4531 3232 4586 solum
3252 4532 3465 4588 salvum

151 4613 337 4668 Deum
366 4624 533 4684 tuum,
567 4618 717 4674 Sion.
752 4619 976 4687 Quare?
1010 4621 1271 4690 Quoniam
1291 4627 1598 4696 confortavit
1624 4641 1766 4682 seras
1789 4628 1845 4693 1)
1870 4625 1975 4682 erit
2004 4623 2219 4698 (Joan.,
2253 4637 2326 4679 xu
2347 4622 2389 4695 ).
2421 4623 2480 4678 Si
2513 4631 2693 4677 autem
2726 4623 2902 4693 ipsum
2935 4623 3215 4690 ceciderit,
3262 4630 3463 4681 multos

150 4719 438 4779 portarum
467 4719 696 4766 tuarum.
730 4712 849 4768 Non
878 4723 1005 4770 sunt
1035 4726 1227 4786 portae,
1249 4725 1303 4772 et
1332 4717 1606 4787 quomodo
1627 4731 1764 4774 sera:

151 4803 334 4858 salva:
361 4805 524 4860 sunt?
551 4805 826 4863 Benedixit
857 4809 996 4878 ﬁlios
1020 4817 1135 4864 tuos
1166 4811 1222 4864 in
1255 4821 1321 4865 te.
1353 4811 1640 4879 Quomodo
1671 4813 1766 4870 be-

148 4896 376 4953 nedixit
399 4940 413 4965 ,
458 4901 548 4969 qui
577 4900 743 4956 dixit:
791 4903 1150 4975 Relinquetur
1179 4905 1333 4962 vobis
1360 4907 1558 4964 domus
1583 4917 1763 4964 vestra

147 4989 384 5045 deserta
409 4989 571 5060 (Luc.
598 5008 690 5048 xm
709 4991 763 5065 )i

234 5085 346 5152 Qui
374 5087 546 5156 posuit
584 5089 715 5158 ﬁnes
753 5100 870 5145 tuos
913 5107 1113 5163 pacem.
1155 5091 1253 5148 Ubi
1298 5106 1402 5162 pax
1433 5095 1606 5165 posita
1637 5103 1761 5163 est,

145 5190 290 5248 qua:
323 5177 468 5234 bello
491 5180 753 5238 subversa
785 5182 909 5238 est?
939 5181 1010 5236 Et
1050 5183 1205 5254 adipe
1234 5184 1481 5253 frumenti
1510 5186 1669 5240 satiat
1697 5195 1766 5240 te.

145 5267 524 5326 Frumentum
542 5270 756 5342 adipem
779 5272 984 5329 habet?
1011 5273 1057 5329 0
1077 5273 1285 5344 Judtee,
1318 5277 1610 5346 responde.
1628 5275 1769 5332 Fru-

238 5446 270 5476 ⁸
303 5443 472 5500 Immo
517 5460 648 5502 vero
701 5448 862 5524 tibias
912 5450 1106 5524 ipsas,
1135 5454 1329 5523 κνήμας
1382 5464 1578 5522 nempe
1607 5497 1633 5524 ,_
1675 5466 1800 5524 non,

147 5527 394 5583 cereas,
419 5531 516 5572 seu
542 5521 911 5594 Irtpttnmpidot;
939 5522 1169 5591 intelligi
1221 5521 1357 5593 Opus
1383 5530 1468 5578 est
1493 5538 1558 5578 ex
1594 5522 1786 5580 Graeco

151 5594 360 5664 textu.
412 5597 470 5664 et
513 5589 765 5664 _Pa'trum
815 5589 1289 5664 interpretatione.
1348 5595 1671 5650 Ambrosius
1733 5597 1787 5650 in

151 5656 411 5712 Psalter.
443 5659 604 5716 habet
632 5663 685 5716 in
709 5656 998 5719 tibialibus.

237 5726 426 5810 bullae
463 5731 607 5810 refer
653 5736 1105 5810 interpolatorem
1128 5808 1141 5810 ᾼ
1170 5738 1466 5810 lgnatianae
1510 5737 1691 5810 epist.
1721 5736 1790 5793 ad

149 5797 669 5873 Philadelphenos,
685 5805 778 5861 ubi
802 5797 864 5862 se
889 5809 983 5875 ait,
1005 5797 1313 5882 confugere
1343 5810 1411 5867 ad
1435 5797 1790 5881 Evahgelium

456 5895 734 5962 Ps'mOL.
778 5899 1017 5962 XXVI.

1872 4719 2052 4776 salvos
2079 4719 2224 4774 facit.
2263 4717 2523 4773 Dominus
2544 4727 2730 4772 noster
2751 4732 2979 4788 granum
3006 4716 3172 4773 tritici
3186 4720 3237 4772 in
3264 4726 3466 4774 terram

1874 4812 2091 4876 cecidit,
2123 4820 2180 4867 et
2206 4825 2305 4866 nos
2330 4809 2736 4880 multiplicavit.
2769 4809 2878 4867 Sed
2918 4810 3064 4867 istud
3091 4827 3316 4882 granum
3353 4810 3468 4866 fru-

1875 4905 2044 4970 menti
2067 4903 2476 4974 pinguissimum
2508 4911 2590 4958 est
2618 4944 2632 4968 ,
2685 4903 2980 4959 medullam
3012 4902 3212 4968 habet,
3253 4903 3471 4972 adipem

1874 4995 2058 5052 habet.
2111 4994 2178 5048 Et
2218 4993 2372 5065 adipe
2410 4995 2657 5066 frumenti
2691 4996 2849 5052 satiat
2889 5007 2956 5052 te.
2990 4994 3140 5050 Felix
3172 5002 3258 5050 est
3285 4995 3377 5065 qui
3418 4996 3473 5050 in

1877 5088 2150 5145 frumento
2191 5087 2298 5142 isto
2348 5087 2564 5158 adipem
2610 5086 2889 5159 intelligit.
2939 5085 3199 5154 Legimus
3255 5099 3476 5144 sanctas

1877 5180 2207 5250 Scripturas.
2259 5179 2375 5250 Ego
2405 5178 2657 5252 bcorpus
2696 5181 2862 5248 Iesu,
2904 5179 3260 5250 Evangelium
3310 5190 3476 5251 puto:

1887 5282 2105 5332 sanctas
2129 5271 2464 5344 Scripturas,
2503 5284 2635 5346 puto
2662 5273 2965 5330 doctrinam
2992 5272 3134 5342 ejus.
3168 5273 3235 5330 Et
3263 5276 3482 5345 quando

1895 5460 2162 5537 tamquam
2208 5450 2279 5537 (id
2308 5466 2516 5537 carnem
2543 5449 2670 5504 Jesu
2697 5448 2928 5537 light-isti.
2953 5447 3091 5537 Vide
3135 5459 3190 5533 et
3215 5451 3487 5537 clament.

1893 5521 2162 5578 Alexand.
2218 5521 2436 5592 Paedag.
2464 5521 2503 5574 1.
2537 5536 2577 5587 ι,
2611 5535 2662 5574 c.
2695 5523 2764 5587 6;
2817 5521 3103 5592 Origenem
3151 5522 3204 5576 in
3259 5523 3486 5583 Levitic.

1895 5593 2087 5648 homil.
2116 5594 2170 5661 7,
2201 5606 2252 5648 c.
2300 5592 2403 5657 10;
2444 5591 2648 5646 Euseb.
2704 5590 2801 5646 lib.
2861 5607 2919 5647 ιιι
2967 5592 3226 5663 Theolog.
3276 5595 3489 5652 Eccles.

2111 5634 2430 5734 marcellum
2444 5634 2823 5734 Knc‘vranum.
2843 5663 2949 5720 Alii
2971 5665 3096 5719 libri
3120 5634 3345 5733 haebent,
3359 5665 3492 5722 Cor-

1899 5751 1996 5806 pus
2027 5733 2240 5803 Christi,
2271 5748 2370 5805 pro
2398 5731 2550 5791 Jestt.

2888 5902 2970 5964 lsO
