4008 6336
543 318 564 374 1
575 315 683 376 259

1330 306 1679 367 APPENDIX
1719 306 1811 366 AD
1848 305 2094 364 TOMUM
2130 303 2484 367 SEPTIMU“
2534 307 2591 368 S.
2634 305 3039 368 HIERONYMI.

3701 306 3812 367 im

541 433 694 498 dicit,
732 427 822 499 qui
866 442 972 485 non
1002 425 1305 482 comederit
1335 441 1558 484 carnem
1590 442 1766 484 meam
1788 468 1803 494 ,
1852 434 1909 482 et
1939 423 2138 480 biberit
2163 423 2219 486 Δ
2241 425 2442 482 deinde
2473 443 2498 482 s
2520 427 2741 498 :qnitur,
2772 435 2824 480 et
2853 424 2986 481 dicit
3013 424 3130 496 ipse
3158 434 3342 481 sermo
3369 421 3460 495 qui
3483 419 3806 492 pmdixerat,

545 523 862 595 sanguinem
905 536 1084 575 meum
1113 518 1308 590 (Joan.
1343 521 1428 592 vt)
1462 540 1473 574 :
1509 520 1641 576 licet
1678 531 1734 575 et
1784 522 1835 574 in
1878 517 2140 591 mysterio

546 617 719 686 possit
749 614 976 685 intelligi
1005 632 1017 668 :
1055 623 1231 669 tamen
1260 613 1449 670 verius
1477 629 1680 684 corpus
1698 613 1994 682 Christi,et
2015 625 2141 667 san-

542 709 662 778 guis
687 708 806 777 ejus
825 747 841 772 ,
869 719 1054 762 sermo
1077 705 1486 776 Scripturarum
1517 716 1636 773 est,
1667 706 1912 762 doctrina
1952 704 2140 760 divina

541 809 645 856 est.
678 798 734 856 Si
766 798 984 871 quando
1012 799 1153 854 imus
1184 798 1252 853 ad
1283 800 1605 869 mysterium
1634 843 1649 867 ,
1680 800 1773 870 qui
1806 797 1981 854 ﬁdelis
2008 808 2092 853 est
2119 838 2137 865 ,

545 890 828 962 intelligit,
877 891 921 945 si
951 889 1006 944 in
1039 889 1308 944 maculam
1338 889 1604 945 ceciderit
1629 929 1642 952 ,
1683 890 2045 960 periclitatur.
2079 889 2140 945 Si

543 985 763 1057 quando
791 985 1044 1040 audimus
1073 998 1390 1039 sermonem
1435 983 1532 1039 Dei
1558 1024 1574 1051 ,
1616 993 1672 1038 et
1710 999 1894 1039 sermo
1923 984 2051 1050 Dei,
2082 992 2141 1038 et

539 1093 672 1134 caro
695 1077 924 1144 Christi,
953 1085 1010 1132 et
1039 1075 1260 1146 sanguis
1285 1078 1405 1146 ejus
1434 1076 1488 1130 in
1525 1075 1750 1132 auribus
1781 1078 1983 1131 nostris
2016 1075 2140 1130 fun-

539 1171 708 1233 ditur,
740 1177 795 1225 et
819 1184 920 1224 nos
950 1167 1096 1223 aliud
1121 1166 1446 1238 cogitamus,
1467 1167 1522 1222 in
1549 1179 1812 1238 quantum
1833 1168 2136 1240 periculum

542 1262 900 1320 incurrimus!
925 1261 995 1316 Et
1017 1263 1170 1331 adipe
1191 1261 1441 1332 frumenti
1465 1263 1620 1315 satiat
1650 1270 1715 1315 te.
1741 1260 2138 1332 Pinguissimus

539 1369 722 1412 sermo
743 1355 961 1409 divinus
981 1363 1088 1409 est.
1112 1353 1316 1408 Omnes
1342 1353 1506 1408 habet
1537 1353 1669 1407 inse
1697 1351 1942 1408 delicias.
1967 1353 2137 1421 Quid-

539 1449 670 1520 quid
701 1449 978 1514 volueris,
1029 1463 1096 1503 ex
1127 1462 1383 1503 sermone
1433 1446 1620 1501 divino
1665 1447 1941 1511 nascitur,
1994 1448 2136 1502 sicut

537 1541 758 1596 tradunt
775 1539 950 1596 Judaei
976 1557 989 1593 :
1008 1540 1266 1611 quoniam
1285 1554 1484 1594 manna
1507 1538 1725 1610 quando
1747 1537 2130 1606 comedebant,

537 1632 835 1688 secundum
881 1631 1217 1686 voluntatem
1249 1630 1716 1701 uniuscujusque,
1761 1631 1844 1686 sic
1885 1631 2134 1702 sapiebat

533 1725 585 1780 in
615 1739 713 1780 ore
739 1723 910 1795 (Sap.
939 1721 1090 1792 xvi).
1123 1723 1202 1777 Ac
1229 1722 1278 1778 si
1299 1721 1530 1777 dixisset
1554 1721 1684 1789 :Qui
1722 1736 1918 1776 manna
1947 1737 2131 1777 come-

2243 519 2313 577 de
2338 520 2641 576 Jerusalem
2673 535 2846 590 usque
2877 519 2942 573 ad
2977 518 3248 591 Illyricum
3281 536 3291 571 :
3322 517 3449 572 volo
3469 527 3652 572 autem
3680 516 3746 570 ire
3764 523 3813 571 et

2244 613 2311 667 ad
2388 613 2697 682 Hispanias.
2767 613 2880 667 lloc
2958 611 3195 681 loquitur
3271 609 3556 680 apostolus
3642 608 3813 663 Paulus

2248 707 2435 778 (Rom.
2472 706 2594 779 xv).
2627 705 2820 761 Videte
2864 705 3214 762 velocitatem
3263 703 3554 759 sermonis.
3607 701 3717 758 Non
3742 710 3813 757 est

2242 811 2533 857 contentus
2589 799 2656 856 ad
2708 801 3014 866 orientem,
3077 799 3146 854 ad
3205 798 3546 855 occidentem
3618 809 3814 854 currere

2241 893 2537 950 desiderat.

2316 988 2418 1054 Qui
2461 987 2554 1042 dat
2583 987 2746 1041 niuem
2774 988 2907 1041 sicut
2937 987 3150 1040 lanam:
3180 984 3422 1040 nebulam
3452 987 3586 1040 sicut
3619 986 3814 1040 cinerem

2241 1079 2460 1152 spargit,
2515 1089 2621 1134 etc.
2670 1077 2880 1134 Videtis
2939 1087 3138 1150 quanta
3185 1077 3253 1131 sit
3297 1077 3625 1143 difﬁcultas,
3677 1089 3815 1146 quam

2241 1170 2472 1226 obscura
2501 1181 2628 1226 sunt
2655 1185 2778 1241 quas
2803 1168 3079 1226 dicuntur.
3105 1170 3236 1225 Ante
3262 1171 3448 1242 faciem
3481 1170 3694 1242 {rigoris
3716 1174 3817 1240 ejus

2239 1265 2358 1335 quis
2412 1263 2729 1319 sustinebit?
2769 1262 2982 1334 Cujus?
3031 1261 3177 1318 Nihil
3221 1263 3443 1317 dicitur.
3494 1262 3700 1331 Deinde
3742 1263 3818 1316 di-

2239 1361 2380 1414 citur
2407 1376 2417 1412 :

2312 1449 2518 1505 Emittit
2548 1451 2808 1522 eloquium
2834 1465 3006 1516 suum,
3026 1459 3077 1505 et
3104 1449 3399 1522 liquefaciet
3423 1465 3506 1506 ea.
3542 1449 3620 1505 De
3651 1449 3736 1503 illo
3757 1449 3819 1504 de

2237 1555 2346 1613 quo
2389 1542 2601 1597 dixerat
2632 1561 2643 1596 :
2680 1541 2884 1596 Emittit
2909 1544 3174 1614 eloquium
3218 1559 3367 1598 suum
3405 1552 3575 1598 terra.
3630 1542 3821 1597 Emittit

2237 1633 2464 1691 verbum
2488 1647 2665 1689 suum.
2701 1635 2837 1702 Quis
2859 1636 3098 1691 emittit?
3119 1634 3264 1690 Deus
3285 1635 3467 1692 Pater.
3502 1636 3572 1690 Et
3599 1635 3818 1688 Verbum

2234 1737 2353 1784 erat
2381 1728 2521 1796 apud
2566 1727 2731 1782 Deum
2761 1770 2776 1794 ,
2830 1734 2887 1783 et
2932 1727 3080 1783 Deus
3114 1737 3234 1783 erat
3275 1727 3535 1783 Verbum.
3589 1726 3820 1782 Diximus

531 1816 719 1880 debat,
745 1816 788 1870 si
820 1814 1167 1870 desiderabat
1193 1813 1357 1877 mala,
1387 1817 1431 1867 si
1463 1813 1722 1882 pirum,si
1747 1828 1930 1879 uvam,
1954 1815 1999 1868 si
2031 1831 2127 1881 pa-
2161 1815 2208 1875 Β
2238 1821 2452 1875 Patrem
2484 1838 2496 1872 :
2536 1820 2778 1876 diximus
2809 1819 3004 1876 Filium
3043 1839 3055 1874 :
3087 1835 3198 1877 non
3246 1835 3537 1890 possumus
3576 1822 3634 1876 in
3667 1819 3820 1892 duplo

530 1923 679 1974 nem,
704 1908 750 1962 si
779 1921 1001 1970 carnes,
1021 1905 1323 1962 secundum
1341 1906 1664 1976 qualitatem
1695 1915 1750 1961 ct
1791 1906 2125 1962 voluntatem

528 2003 871 2058 comedentis
893 2042 910 2068 ,
945 2004 1018 2057 ita
1058 2012 1114 2058 et
1141 2016 1306 2072 sapor
1335 2003 1391 2056 in
1445 2017 1644 2059 manna
1695 2014 1831 2059 erat.
1865 2003 1958 2060 Sic
1987 2014 2041 2058 et
2073 2004 2127 2058 in

527 2109 693 2151 carne
719 2094 940 2160 Christi,
957 2094 1052 2166 qui
1072 2104 1158 2150 est
1183 2109 1366 2149 sermo
1384 2094 1675 2162 doctrinm,
1697 2094 1919 2161 hocest,
1937 2095 2126 2164 Scrip-

530 2197 772 2244 turarum
799 2195 1109 2242 sanctarum
1139 2186 1546 2256 interpretatio,
1577 2188 1718 2242 sicut
1747 2186 2022 2252 volumus,
2053 2187 2126 2241 ita

527 2293 582 2339 et
610 2282 789 2338 cibum
821 2282 1139 2351 accipimus.
1171 2281 1230 2336 Si
1259 2290 1483 2334 sanctus
1506 2294 1568 2335 es
1589 2321 1604 2350 ,
1657 2280 1871 2335 invenis
1898 2279 2128 2349 refrige-

527 2377 689 2430 rium.
717 2374 773 2429 Si
808 2382 1067 2442 peccator
1100 2387 1160 2428 es
1181 2411 1196 2438 ,
1247 2371 1463 2427 invenis
1491 2379 1846 2428 tormentum.
1875 2369 1945 2424 Et
1971 2371 2128 2442 adipe

528 2467 774 2536 frumenti
798 2466 950 2520 satiat
981 2474 1050 2520 te.
1079 2463 1198 2518 Non
1227 2464 1457 2518 dimittit
1481 2463 1686 2534 aliquas
1715 2463 1996 2533 reliquias.
2020 2463 2124 2517 Be—

529 2558 737 2612 nedixit
768 2556 908 2612 ﬁlios
934 2567 1052 2612 tuos
1081 2556 1134 2610 in
1165 2565 1238 2611 te.
1271 2555 1552 2624 Quotquot
1587 2565 1767 2610 autem
1798 2564 2129 2623 receperunt

526 2668 676 2716 eum,
713 2649 863 2705 dedit
912 2650 993 2705 eis
1027 2659 1347 2720 potestatem
1381 2648 1520 2703 ﬁlius
1553 2649 1645 2703 Dei
1679 2647 2015 2721 lieri(Joau.
2043 2648 2122 2718 ι).

528 2745 630 2813 Qui
656 2744 826 2812 posuit
848 2744 976 2813 ﬁnes
1017 2753 1132 2798 tuos
1170 2758 1368 2814 pacem,
1398 2742 1451 2796 in
1478 2741 1586 2796 alio
1617 2741 1824 2809 psalmo
1857 2740 2082 2810 legimus
2109 2758 2121 2793 :

530 2837 597 2892 Et
618 2836 887 2890 factusest
913 2835 964 2889 in
993 2849 1123 2904 pace
1159 2835 1310 2889 locus
1329 2836 1448 2904 ejus
1481 2833 1663 2903 (Psal.
1695 2832 1895 2905 vav).
1928 2833 2123 2888 Pacem

529 2945 704 2984 meam
735 2929 804 2984 do
834 2930 993 2984 vobis
1027 2947 1038 2982 :
1072 2944 1260 2999 pacem
1291 2942 1465 2983 meam
1499 2929 1751 2998 relinquo
1779 2928 1933 2982 vobis
1953 2969 1967 2994 ,
2015 2942 2125 2982 non

527 3023 667 3080 sicut
710 3021 942 3076 mundus
988 3021 1153 3077 habet
1197 3036 1386 3090 pacem
1417 3018 1616 3077 (Joan.
1649 3019 1778 3090 xsv)
1813 3039 1824 3073 :
1856 3019 2122 3089 siquidem

527 3115 714 3172 tnundi
757 3132 860 3185 pax
890 3161 904 3186 ,
963 3126 1208 3170 nostrum
1255 3115 1458 3171 bellum
1489 3124 1593 3171 est.
1632 3114 1804 3169 Meam
1837 3127 2024 3183 pacem
2053 3115 2126 3170 do

2233 1928 2464 1968 numero
2493 1912 2722 1970 credere
2740 1960 2754 1983 ,
2783 1915 2887 1970 nisi
2917 1917 3256 1986 compleatur
3277 1914 3543 1970 Trinitas.

2304 2004 2481 2060 Flarit
2501 2009 2713 2078 spiritus
2733 2012 2871 2078 ejus,
2893 2017 2945 2063 et
2966 2011 3128 2078 ﬂuent
3141 2023 3310 2080 aqum
3337 2006 3556 2064 Videtis
3576 2009 3818 2079 quoniam

2231 2098 2322 2154 ubi
2355 2099 2537 2164 Pater,
2563 2109 2618 2153 et
2648 2099 2886 2154 Verbum
2919 2101 3034 2164 Dei,
3066 2100 3245 2155 statim
3269 2110 3322 2155 et
3347 2099 3586 2170 Spiritus
3617 2110 3819 2155 sanctus

2228 2201 2335 2248 est.
2366 2193 2659 2249 Videamus
2685 2209 2814 2264 ergo
2839 2194 2909 2248 ab
2938 2194 3092 2249 initio
3121 2193 3266 2264 quod
3295 2194 3493 2249 dicitur
3526 2210 3541 2248 :
3591 2192 3657 2247 Et
3679 2194 3820 2266 adipe

2231 2289 2480 2358 frumenti
2509 2290 2666 2342 satiat
2696 2299 2743 2344 te
2763 2307 2783 2340 .·
2815 2289 3002 2342 emittit
3023 2289 3280 2357 eloquium
3303 2303 3454 2342 suum
3481 2297 3658 2352 εει-τω,
3695 2287 3821 2341 uelo-

2226 2382 2359 2436 citer
2395 2381 2556 2435 currit
2585 2395 2755 2434 sermo
2798 2382 2934 2452 ejus.
2967 2381 3211 2450 Repente
3240 2379 3372 2450 quid
3397 2379 3689 2450 sequitur?
3725 2378 3819 2446 Qui

2228 2477 2319 2531 dat
2365 2477 2531 2530 nivem
2569 2478 2705 2529 sicut
2732 2476 2925 2529 lanam.
2957 2474 3154 2530 Sermo
3181 2473 3418 2542 Domini,
3451 2474 3542 2543 qui
3573 2473 3822 2528 velociter

2229 2569 2424 2632 currit,
2454 2567 2532 2622 sic
2559 2568 2722 2621 datur
2747 2568 2899 2638 quasi
2923 2567 3036 2633 nix,
3063 2574 3123 2620 et
3143 2567 3258 2636 ipsa
3286 2567 3376 2620 nix
3397 2574 3484 2621 est
3502 2567 3658 2636 quasi
3683 2566 3817 2619 lana.

2232 2661 2420 2716 Videte
2448 2660 2881 2716 misericordiam
2915 2659 3153 2715 Domini.
3183 2659 3352 2714 Cibus
3377 2659 3618 2718 Domini.
3674 2659 3822 2714 nobis

2229 2754 2282 2809 in
2311 2755 2690 2809 vestimentum
2709 2755 2958 2807 vertitur.
2991 2753 3215 2807 Diverat
3240 2752 3476 2807 Joannes
3497 2750 3569 2806 de
3600 2751 3821 2806 Domino

2228 2846 2517 2903 Salvatore
2548 2863 2562 2899 :
2595 2847 2734 2901 Ecce
2761 2847 2947 2916 Agnus
2971 2846 3092 2913 Dei,
3115 2846 3205 2916 qui
3231 2845 3374 2899 tollit
3394 2853 3616 2914 peccata
3642 2843 3820 2898 inundi

2225 2935 2420 3008 (Joan.
2448 2937 2530 3009 ι).
2553 2939 2617 2992 Ει
2640 2938 2695 2991 in
2725 2939 2834 2991 alio
2855 2937 2977 2993 loco
3004 2937 3173 2992 Isaias
3201 2954 3214 2990 :
3243 2935 3408 3004 Quasi
3430 2937 3552 2990 ovis
3580 2935 3649 2989 ad
3673 2935 3820 2989 victi-

2230 3045 2372 3085 mam
2413 3030 2608 3086 ductus
2649 3039 2734 3085 est
2761 3027 2930 3099 (Isai.
2960 3045 3053 3086 un
3084 3031 3124 3098 ).
3154 3030 3230 3084 De
3271 3028 3379 3084 isto
3433 3028 3600 3098 igitur
3645 3041 3820 3096 agno.

2227 3131 2284 3179 et
2308 3123 2380 3178 de
2411 3123 2511 3178 ista
2541 3138 2666 3189 ove,
2691 3123 2815 3176 lana
2840 3127 2942 3176 ista
2973 3133 3056 3177 est
3090 3123 3243 3190 quasi
3275 3121 3386 3174 nix.
3422 3120 3566 3175 Dicit
3609 3119 3778 3173 Isaias
3804 3135 3818 3171 :

527 3209 703 3263 vobis.
738 3207 947 3263 Bellqu
991 3207 1252 3263 habetote
1289 3221 1413 3261 cum
1447 3206 1686 3271 mundo,
1734 3217 1789 3261 et
1819 3221 1995 3260 meam
2032 3223 2123 3276 pa-
2151 3195 2201 3262 G
2231 3214 2738 3284 sifueriutpeccata
2761 3222 2944 3269 vestra
2965 3214 3117 3284 quasi
3131 3213 3439 3281 coccinum,
3464 3212 3617 3282 quasi
3643 3212 3819 3265 nivem

527 3317 644 3357 cem
672 3300 961 3356 habebitis.
995 3299 1100 3366 Qui
1126 3301 1295 3368 posuit
1326 3300 1454 3367 ﬁnes
1485 3308 1600 3352 tuos
1625 3315 1823 3370 pacem.
1851 3299 1953 3366 Qui
1994 3313 2124 3370 ergo
2227 3305 2493 3362 dealbabo
2524 3304 2689 3376 (lsai.
2722 3305 2798 3373 ι).
2831 3309 3101 3375 Asperges
3131 3320 3216 3358 me
3237 3345 3251 3367 ,
3288 3303 3549 3365 Domine.
3585 3303 3823 3373 hyssopo

530 3410 635 3448 non
665 3402 749 3448 est
779 3393 830 3446 in
861 3406 992 3462 pace
1014 3405 1138 3446 cum
1180 3392 1347 3446 fratre
1368 3431 1382 3456 ,
1429 3391 1532 3444 istc
1562 3407 1669 3445 non
1711 3399 1798 3446 est
1840 3393 1893 3446 in
1925 3391 2124 3448 ﬁnibus
2226 3411 2280 3456 ei
2305 3400 2608 3454 inundatior
2630 3417 2643 3452 :
2663 3399 2870 3454 [avulsis
2887 3415 2998 3462 uie,
3021 3405 3082 3453 et
3107 3412 3275 3466 super
3301 3396 3484 3452 nivem
3513 3394 3816 3451 dealbabor

530 3484 856 3541 Jerusalem.
921 3484 1074 3537 Dicat
1123 3482 1356 3553 aliquis:
1411 3483 1548 3547 Quid
1601 3483 1785 3538 facio?
1834 3483 1950 3538 Non
2010 3485 2125 3538 vult
2228 3495 2528 3566 (ἣρω).
2560 3495 2662 3562 Qui
2681 3495 2772 3547 dat
2797 3496 2962 3548 nivem
2982 3494 3114 3546 sicut
3140 3494 3340 3546 lauant.
3363 3491 3540 3556 Tene,
3572 3489 3821 3552 Domine,

532 3578 663 3632 mihi
695 3576 1040 3632 reconciliari
1063 3574 1252 3642 frater,
1285 3590 1419 3645 ergo
1450 3585 1605 3632 extra
1633 3576 1768 3629 ﬁnes
1808 3591 1926 3632 smn
1960 3575 2120 3631 Jeru-
2225 3591 2419 3644 sordes
2461 3603 2611 3643 meas
2646 3606 2658 3641 ε
2691 3587 2824 3642 ioue
2874 3586 3255 3655 quodcumque
3309 3582 3425 3637 viiii
3483 3590 3592 3637 est.
3632 3580 3824 3636 Nivern

525 3671 694 3724 ﬁalem
717 3669 740 3723 ?
761 3665 1058 3736 Quamlimi
1094 3669 1291 3738 inquit,
1316 3682 1382 3724 ex
1411 3668 1565 3722 vobis
1593 3678 1697 3732 est,
1721 3684 1846 3722 cum
1870 3669 2123 3726 omnibus
2228 3689 2394 3744 tuam,
2419 3690 2470 3732 ct
2495 3677 2779 3746 puritatem
2807 3685 2951 3728 tuam
2977 3674 3153 3729 tribue
3177 3671 3454 3727 mentibus
3473 3669 3820 3726 Christianis.

527 3759 839 3814 hominibus
871 3772 1060 3827 pacem
1088 3757 1388 3830 habentes(
1411 3757 1562 3812 Rom.
1597 3773 1666 3812 su
1687 3758 1728 3827 ).
1759 3759 1895 3813 Cum
1927 3760 2008 3814 his
2029 3759 2119 3829 qui

2232 3769 2347 3825 Nisi
2395 3777 2448 3822 tu
2477 3769 2633 3824 nobis
2664 3770 2849 3823 nivem
2891 3767 3106 3822 dederis
3137 3764 3522 3820 munditiarum
3567 3773 3783 3817 tuarum
3806 3804 3821 3826 ,

527 3853 763 3909 oderunt
794 3866 981 3922 pacem
1008 3866 1156 3906 eram
1190 3850 1451 3920 paciﬁcus
1479 3849 1667 3920 (Psal.
1693 3866 1818 3906 cxtx
1848 3851 1886 3920 ).
1915 3852 2119 3906 Τπ-11³-
2223 3862 2607 3916 vestimentum
2651 3868 2800 3914 tuum
2829 3858 3033 3914 habere
3073 3873 3180 3912 non
3214 3870 3531 3926 possumus.
3576 3853 3826 3909 Christus

526 3946 654 4001 hem
683 3959 893 4014 vacem.
926 3944 970 3996 Si
1007 3942 1146 3996 illius
1175 3942 1447 3997 Ῑτίιεοίιυΐι
1482 3941 1578 3998 me
1607 3942 1809 3996 bellum
1840 3943 2003 3999 habet
2022 3985 2036 4008 .
2065 3952 2122 3999 οι
2225 3957 2604 4009 vestimentum
2631 3947 2874 4007 nostrum
2898 3961 3002 4007 est.
3035 3951 3088 4006 Si
3116 3950 3368 4004 volumus
3391 3946 3596 4004 Christi
3623 3947 3826 4002 habere

527 4062 622 4118 per
651 4045 852 4101 bellum
880 4044 1025 4098 illius
1043 4043 1144 4099 tibi
1177 4057 1277 4112 pax
1305 4042 1565 4097 nascitur.
1601 4042 1774 4097 Vultis
1809 4043 1952 4098 scire
1979 4059 2119 4114 quo.
2224 4047 2630 4110 vestimentum,
2664 4043 2850 4099 mundi
2873 4040 3214 4113 simusquasi
3233 4042 3345 4095 uix.
3371 4039 3636 4094 Nebulam
3665 4039 3816 4106 quasi

527 4139 692 4194 modo
729 4148 785 4194 et
817 4136 1018 4192 bellum
1058 4151 1159 4204 pax
1188 4135 1293 4189 sit?
1342 4133 1534 4189 Infelix
1564 4135 1730 4190 Judas
1761 4135 2016 4191 veniebat
2052 4124 2118 4191 ad
2223 4138 2447 4193 cinerem
2468 4141 2685 4210 spargit.
2719 4135 3265 4203 Ialeinterpretatus
3291 4143 3377 4189 est
3391 4132 3628 4188 Latinus
3659 4133 3830 4188 nebu-

528 4231 924 4303 proditionem,
954 4241 1007 4283 ct
1054 4228 1314 4283 Dominus
1344 4229 1394 4284 ei
1436 4230 1584 4298 pacis
1617 4229 1862 4285 osculum
1893 4230 2121 4299 porrigit
2224 4227 2352 4282 lam.
2397 4227 2552 4296 Quod
2603 4227 2750 4282 enim
2801 4226 2997 4299 ὁμίχλη
3045 4225 3244 4282 dicitur
3275 4227 3326 4278 in
3355 4224 3551 4280 Grieco
3581 4243 3594 4279 :
3623 4224 3684 4278 in
3733 4225 3826 4279 lle-

530 4326 552 4398 (
577 4327 706 4380 Luc.
739 4339 853 4380 xxtt
878 4323 922 4394 ),
954 4323 1046 4377 ille
1077 4321 1265 4376 osculo
1285 4321 1483 4376 bellum
1513 4333 1682 4377 creat.

601 4419 703 4487 Qui
721 4419 909 4474 emittit
922 4416 1181 4485 eloquium
1208 4431 1360 4469 suum
1377 4426 1547 4470 (εν-ταν.
1563 4413 1874 4485 Responde,
1889 4415 2075 4471 Judsee
2102 4434 2113 4469 :

522 4515 569 4567 si
599 4511 669 4564 de
697 4509 970 4565 frumento
1001 4507 1247 4572 dicebat,
1280 4515 1335 4560 et
1362 4506 1521 4574 adipe
1547 4505 1806 4562 frumenti
1844 4512 2005 4563 satiat
2031 4520 2114 4574 te,

2223 4320 2409 4376 braico
2446 4321 2611 4375 habet
2647 4321 2891 4391 pruinam
2915 4320 3136 4393 (ηεξ).
3171 4319 3502 4390 Deniqueila
3531 4321 3824 4388 sequitur:

2225 4411 2487 4467 Pruinam
2530 4415 2664 4467 sicut
2695 4413 2917 4468 cinerem
2956 4413 3176 4484 spargit.
3223 4413 3390 4468 Docet
3429 4426 3565 4478 nos,
3597 4423 3659 4467 et
3706 4413 3830 4465 iacit

2225 4505 2383 4559 nobis
2415 4506 2795 4560 vestimentum
2830 4505 2984 4574 quasi
3017 4504 3220 4570 nivem,
3248 4515 3298 4557 et
3326 4516 3450 4558 cum
3485 4517 3588 4558 nos
3626 4505 3832 4558 vestic-

523 4600 802 4674 qunmodo
849 4614 994 4653 nunc
1037 4597 1218 4653 dicit:
1253 4596 1355 4664 Qui
1400 4599 1588 4652 emittit
1643 4599 1903 4669 eloquium
1964 4617 2114 4654 suum
2143 4582 2294 4651 Drit
2348 4597 2672 4654 vesdmento
2725 4613 2866 4662 suo,
2917 4607 3046 4652 tunc
3089 4598 3247 4652 nobis
3296 4598 3490 4653 tribuit
3537 4597 3831 4654 alimenta.

525 4693 723 4748 teme?
767 4691 822 4745 ln
874 4689 1141 4760 principio
1183 4699 1306 4745 erat
1355 4688 1590 4745 Verbum
1637 4690 1838 4760 (Joau.
1872 4693 1950 4763 ι).
2003 4693 2115 4748 lioc

523 4786 762 4842 Verbum
795 4784 846 4838 in
875 4794 1039 4837 carne
1073 4783 1326 4836 mittitur.
1359 4782 1427 4837 Et
1461 4783 1697 4839 Verbum
1743 4799 1872 4840 caro
1915 4786 2114 4840 factum

515 4887 635 4945 est,
681 4887 738 4932 et
789 4873 1049 4930 habitavit
1084 4874 1135 4928 in
1183 4873 1339 4929 nobis
1368 4873 1607 4945 (Ibid.).
1641 4877 1743 4943 Qui
1770 4879 1954 4931 emittit
1999 4878 2114 4932 clo-

517 4971 697 5040 quium
721 4984 874 5022 suum
895 4975 1064 5028 terrar.
1099 4964 1176 5018 E0
1205 4972 1450 5035 tempore
1474 4968 1800 5037 completum
1827 4977 1912 5022 est
1937 4987 1948 5024 :
1979 4969 2114 5025 Ter-

513 5079 576 5118 ra
607 5060 756 5117 dedit
778 5059 1012 5115 fructum
1045 5072 1203 5114 suunt
1235 5055 1417 5127 (Psal.
1442 5058 1625 5129 LXVI).
1661 5059 1763 5127 Qui
1792 5062 1973 5116 emittit
1999 5061 2113 5117 elo-

515 5156 693 5225 quium
733 5169 886 5205 suum
925 5160 1096 5205 terra.
1127 5149 1204 5204 De
1233 5149 1622 5219 praedicatione
1662 5152 1902 5222 loquitur
1929 5155 2110 5210 Evan-

512 5245 709 5316 gelicn,
751 5252 810 5300 et
833 5243 902 5299 de
929 5243 1174 5298 doctrina
1207 5242 1606 5312 apostolorum.
1659 5243 1897 5313 Denique
1928 5249 2110 5317 sequi-

511 5350 598 5392 tur
628 5355 640 5390 :
681 5335 936 5390 Velociter
963 5335 1124 5388 currit
1148 5350 1317 5388 sermo
1351 5337 1485 5406 ejus.
1523 5334 1577 5388 In
1607 5337 1753 5390 οη)ιή
1788 5339 1931 5392 enim
1963 5349 2108 5394 terra

507 5429 723 5484 auditus
749 5435 836 5480 est
867 5440 1048 5480 sermo
1077 5425 1219 5493 ejus,
1249 5436 1296 5480 et
1325 5425 1381 5478 in
1403 5425 1539 5480 orbe
1571 5436 1859 5489 terrarum.
1885 5440 2104 5498 aposto-

504 5522 608 5577 lica
639 5519 908 5574 doctrina.
931 5516 1083 5572 Unus
1110 5516 1272 5570 homo
1302 5529 1528 5587 pauper,
1559 5529 1614 5574 et
1633 5520 1742 5587 jam
1774 5535 1941 5575 senex
1967 5535 2107 5590 prse-

503 5613 707 5669 dicavit
732 5612 800 5666 ab
823 5607 1131 5666 Jerusalem
1165 5623 1335 5678 usque
1358 5608 1424 5663 ad
1453 5609 1749 5681 lllyiienm,
1782 5622 1835 5666 et
1864 5611 2104 5668 velociter

500 5705 662 5761 currit
707 5720 875 5758 sermo
919 5704 1051 5774 ejus.
1085 5703 1350 5769 Quoniam
1382 5717 1510 5774 ergo
1540 5715 1764 5760 venerat
1790 5705 1857 5761 tle
1881 5707 2104 5762 Jerusa-

494 5797 626 5860 lem,
654 5809 825 5856 usque
855 5792 1147 5866 Illyricum,
1171 5805 1222 5848 et
1240 5795 1479 5849 velociter
1509 5797 1921 5853 cucurritstrmo
1949 5800 2058 5870 ejus
2084 5817 2102 5855 :

2227 4689 2482 4744 Pruiuam
2508 4691 2641 4744 sicut
2669 4692 2893 4745 cinerem
2921 4692 3141 4764 spargit.
3173 4689 3307 4745 Vide
3335 4690 3466 4761 quid
3492 4690 3651 4745 dicat
3684 4708 3697 4742 :
3725 4692 3832 4744 sic—

2223 4794 2274 4836 ut
2301 4784 2546 4838 cinerem.
2585 4784 2675 4838 Vis
2705 4797 2826 4838 esse
2865 4783 3133 4838 mundus?
3160 4798 3261 4852 age
3293 4781 3705 4852 paenitentiam.
3727 4781 3834 4836 Pa-

2219 4891 2343 4931 nem
2402 4891 2582 4932 meum
2639 4874 2779 4930 sicut
2823 4876 3061 4931 cinerem
3113 4875 3461 4938 manducavi,
3523 4885 3580 4930 et
3635 4885 3835 4944 potum

2218 4982 2398 5022 meum
2428 4983 2550 5021 cum
2573 4966 2700 5020 ﬁetu
2741 4967 3034 5022 miscebam
3067 4965 3256 5036 (Psal.
3289 4965 3394 5038 Cl).
3428 4964 3631 5022 Nonne
3674 4967 3837 5020 vides

2216 5060 2491 5128 quomodo
2543 5057 2791 5127 pruinam
2849 5074 3001 5112 suam
3063 5059 3206 5112 sicut
3260 5059 3502 5114 cinerem
3571 5056 3838 5128 Spargit?

2215 5150 2444 5207 Grandis
2473 5166 2650 5206 rerum
2677 5150 2927 5206 mutatio.
2963 5150 3037 5206 De
3065 5150 3249 5207 cinere
3291 5150 3382 5205 nix
3421 5150 3503 5204 ﬁt.
3540 5150 3620 5206 De
3651 5149 3841 5220 υωαί-

2214 5247 2378 5302 tentin
2395 5287 2410 5312 ,
2441 5245 2674 5300 mundus
2697 5241 2953 5300 efficitur.

2284 5336 2449 5390 Mittit
2498 5334 2804 5407 crystallum
2848 5352 2994 5389 suam
3037 5336 3169 5389 sicut
3211 5335 3490 5390 buccellas.
3527 5335 3840 5404 Quomodo

2209 5445 2379 5501 panes
2413 5432 2760 5500 franguntur,
2794 5441 2848 5484 et
2879 5429 3144 5484 buccellie
3176 5429 3308 5484 ﬁunt
3343 5447 3356 5483 :
3384 5430 3466 5484 sic
3495 5440 3552 5487 et
3582 5430 3841 5502 crystalo

2207 5525 2294 5580 lus
2328 5521 2622 5595 frangitur,
2663 5534 2719 5578 et
2770 5524 2821 5577 in
2863 5522 3143 5578 buccellas
3186 5522 3443 5579 vertitur.
3496 5523 3839 5594 Crystailus

2207 5627 2458 5671 naturam
2487 5617 2625 5671 hanc
2658 5615 2852 5680 habet,
2885 5617 3027 5670 sicut
3055 5631 3210 5687 aqua:
3254 5616 3477 5686 quando
3521 5617 3839 5688 congelan-

2211 5722 2298 5766 tur
2331 5733 2343 5766 :
2375 5711 2520 5782 quod
2576 5724 2674 5763 nos
2711 5709 2941 5778 glaciem
2992 5709 3244 5764 dicimus.
3302 5707 3449 5765 Inter
3487 5709 3834 5784 crystallum

2205 5817 2342 5874 ergo
2371 5813 2425 5858 et
2460 5816 2654 5872 squam
2688 5801 2791 5858 hoc
2839 5800 3100 5868 interest,
3140 5801 3287 5872 quod
3323 5809 3410 5858 est
3435 5803 3585 5862 inter
3614 5815 3829 5874 aquam
