4008 6336
615 332 756 392 1263

1405 328 1753 389 APPENDIX
1794 332 1887 388 AD
1925 328 2169 390 TOllUM
2209 329 2559 391 SEPTIMUM
2601 334 2656 392 S.
2701 331 3106 390 lllERONYMI.

3725 336 3831 394 ηθι

617 449 671 507 ἰη
698 448 1031 505 coelestibus.
1073 445 1165 503 Sol
1208 446 1351 502 cnim
1393 457 1448 502 et
1489 447 1614 504 luna
1639 491 1654 515 ,
1706 457 1760 506 et
1789 449 1965 506 stella:
1996 458 2216 520 propter
2240 453 2495 516 Avatur.
2532 450 2661 506 Mari
2695 457 3024 521 praeceptum
3056 446 3271 520 posuit,
3320 451 3375 500 ut
3416 445 3581 502 littora
3625 462 3706 503 sua
3747 467 3829 507 non

621 561 721 601 nos
753 556 880 600 sunt
913 563 924 598 :
955 543 1115 601 nobis
1143 543 1412 600 serviunt.
1446 543 1587 600 Dicit
1614 553 1670 600 et
1704 545 1996 615 Apostolus
2027 563 2040 600 :
2073 542 2218 615 quod

620 640 737 708 ipsa
764 646 1010 694 creatura
1048 637 1432 709 congemiscit,
1465 646 1521 694 et
1547 638 1777 709 parturit
1812 638 1863 692 in
1894 637 2216 693 liberatione

612 747 896 788 servorum
948 732 1044 787 Dei
1085 731 1268 804 (Rom.
1315 729 1453 803 vin).
1506 730 1737 800 Quando
1769 739 1947 787 autem
1981 731 2074 786 ﬁlii
2119 729 2217 786 Dei

616 826 878 895 assumpti
905 823 1136 894 fuerint,
1164 832 1220 881 et
1245 824 1357 895 ipsa
1392 834 1640 881 creatura
1681 825 1750 882 de
1780 827 1883 882 hoc
1907 824 2126 881 servitio
2154 825 2218 880 li-

618 919 860 974 beratur.
898 917 1050 974 Dicat
1079 918 1279 990 aliquis
1313 937 1325 972 :
1367 919 1651 986 Quomodo
1695 919 1775 974 sol
1816 920 2022 987 servit,
2057 928 2111 975 et
2151 919 2216 974 li~

619 1011 882 1066 Iteratur?
903 1010 1187 1080 Quomodo
1205 1011 1365 1068 luna?
1385 1011 1669 1080 Quomodo
1692 1011 2218 1068 stelltcliberantur?

619 1102 711 1158 Sol
742 1101 1022 1169 liberatur,
1056 1118 1125 1159 ne
1151 1103 1369 1161 Iudaeos
1417 1103 1639 1160 videat:
1674 1119 1773 1160 nec
1805 1103 2067 1175 gentiles,
2117 1118 2219 1160 nec

615 1193 1061 1264 blasphemantcs
1111 1195 1397 1251 Dominum
1437 1211 1616 1251 suum.
1668 1194 1826 1250 Videt
1884 1193 2213 1266 parricidas,

611 1288 764 1345 videt
807 1288 1140 1356 homicidas,
1183 1298 1238 1345 et
1269 1299 1450 1346 tamen
1482 1291 1648 1348 servit
1692 1289 1920 1360 imperio
1959 1290 2079 1360 ejus
2126 1287 2218 1361 qui

611 1380 794 1450 jussit.
828 1381 1012 1438 Solem
1054 1382 1197 1438 enim
1225 1397 1380 1439 suum
1425 1383 1558 1438 oriri
1601 1382 1727 1438 facit
1763 1397 1928 1454 super
1953 1383 2130 1453 justos
2163 1390 2220 1438 et

613 1474 808 1546 impios
842 1473 862 1544 (
887 1473 1081 1529 Matth.
1115 1479 1216 1545 v-).
1244 1475 1481 1531 Laudate
1507 1492 1646 1545 eum,
1677 1492 1850 1531 omnes
1871 1475 2037 1531 stella:
2065 1484 2112 1532 et
2139 1475 2220 1530 lu-

617 1582 752 1622 men.
779 1565 932 1622 Dicat
961 1567 1158 1638 aliquis
1187 1586 1198 1620 :
1233 1567 1390 1634 Quod
1439 1575 1523 1624 est
1565 1567 1747 1624 lumen
1776 1568 1894 1624 sine
1919 1567 2036 1624 sole
2056 1611 2071 1637 ,
2100 1567 2220 1624 sine

613 1658 783 1712 stellis
804 1699 820 1724 ,
847 1657 968 1714 sine
997 1659 1162 1714 luna?
1207 1659 1400 1716 Dicere
1440 1674 1731 1730 possumus
1757 1660 1899 1716 inter
1923 1666 2135 1716 noctem
2163 1667 2220 1714 et

611 1751 756 1808 diem
778 1794 792 1820 ,
835 1752 922 1808 vel
955 1751 1098 1808 inter
1135 1751 1278 1808 dicm
1332 1761 1389 1810 et
1421 1760 1664 1819 noctem,
1698 1752 1840 1824 quod
1870 1752 2075 1824 absque
2102 1751 2218 1808 sole

2323 542 2652 615 egrediatur.
2681 543 2842 598 Venit
2867 557 3107 599 oceanus
3139 549 3352 595 tumens
3376 537 3629 608 ﬂuctibus,
3654 550 3701 596 et
3727 542 3768 597 in
3789 559 3834 600 se

2321 636 2493 701 redit,
2546 644 2601 691 et
2652 644 2983 707 praeceptum
3016 633 3115 688 Dei
3165 631 3426 688 meminit.
3458 631 3612 688 Totus
3650 633 3834 690 mundus

2322 727 2431 783 Deo
2460 727 2667 795 servit,
2701 735 2757 782 et
2790 735 3120 797 praeceptum
3167 723 3286 795 ejus
3327 723 3590 791 meminit,
3623 731 3671 778 et
3708 723 3833 780 homo

2321 820 2470 875 solus
2499 835 2604 876 non
2636 818 2899 876 meminit.
2934 818 3063 874 ldeo
3084 817 3336 884 dicimus,
3368 825 3421 872 et
3443 817 3493 870 in
3515 815 3737 874 Oratione
3758 819 3836 874 Do-

2321 915 2517 971 minica
2555 933 2567 969 :
2602 915 2721 970 Fiat
2746 913 2999 970 voluntas
3035 923 3124 967 tua
3157 913 3296 968 sicut
3328 911 3378 966 in
3409 910 3541 967 cmlo
3568 921 3618 966 et
3645 911 3690 966 in
3724 921 3836 968 terra

2322 1006 2501 1078 (Matt.
2530 1005 2628 1078 vi).
2651 1006 2804 1064 Sicut
2828 1007 2885 1062 in
2911 1005 3053 1063 cosio
3074 1004 3248 1076 angeli
3274 1003 3367 1060 tibi
3389 1002 3628 1070 serviunt,
3649 1011 3695 1059 et
3718 1018 3836 1058 crea-

2322 1107 2439 1155 tura
2467 1099 2674 1168 servit,
2704 1101 2777 1154 ita
2804 1099 3013 1156 serviat
3037 1107 3092 1156 et
3121 1098 3306 1154 homo.
3336 1096 3380 1153 0
3411 1095 3582 1152 infelix
3611 1096 3837 1152 hominum

2321 1193 2520 1264 genus!
2557 1191 2847 1249 Descendit
2873 1191 2940 1248 ad
2961 1204 3010 1247 te
3040 1191 3179 1248 Deus
3210 1211 3221 1244 :
3247 1190 3498 1261 quoniam
3531 1200 3579 1245 tu
3599 1188 3658 1244 ad
3683 1189 3838 1246 celum

2319 1301 2427 1343 non
2455 1287 2536 1342 vis
2563 1285 2882 1344 ascendere.
2915 1285 3032 1342 Non
3063 1284 3159 1342 tibi
3190 1284 3421 1350 sufficit,
3464 1283 3596 1356 quod
3635 1300 3725 1339 non
3748 1299 3841 1339 sus-

2320 1380 2494 1453 cipis:
2527 1380 2623 1436 sed
2651 1380 2874 1446 occidis,
2898 1379 3196 1451 cruciﬁgis,
3240 1377 3589 1450 blaSphemas,
3615 1376 3842 1448 ﬂagellas?

2319 1475 2440 1530 Non
2469 1476 2563 1531 tibi
2595 1475 2815 1541 sufﬁcit,
2847 1474 2991 1546 quod
3021 1473 3247 1540 occidis,
3276 1473 3375 1530 sed
3405 1489 3501 1529 nec
3529 1471 3840 1542 pmnitentiam

2319 1566 2435 1640 agis
2457 1568 2602 1640 quod
2630 1568 2916 1625 occideris.
2947 1565 3098 1622 Dixit
3135 1567 3206 1623 de
3248 1565 3598 1622 invisibilibus
3625 1583 3637 1618 :
3663 1563 3773 1620 dixit
3804 1572 3844 1618 et

2320 1660 2387 1716 de
2411 1660 2738 1726 visibilibus,
2767 1659 2860 1717 sed
2895 1659 2964 1716 de
3002 1658 3309 1716 visibilibus
3339 1657 3640 1715 coelestibus
3682 1676 3692 1709 :
3733 1672 3843 1712 nunc

2320 1754 2482 1810 etiam
2528 1754 2596 1810 de
2647 1762 2814 1809 terra.
2841 1752 3033 1809 Videte
3071 1751 3317 1808 ordinem
3346 1750 3625 1806 laudantis.
3654 1747 3843 1803 Primum

613 1845 800 1901 lucet:
850 1845 977 1901 licet
1020 1844 1175 1900 multi
1219 1853 1409 1915 putent
1453 1845 1630 1916 ipsum
1674 1845 2025 1916 splendorem
2083 1845 2214 1901 solis
2245 1852 2294 1914 Β
2321 1847 2540 1903 laudant
2566 1845 2880 1914 invisibilia,
2914 1845 3113 1902 deinde
3140 1844 3396 1900 visibilia.
3422 1843 3486 1898 Et
3510 1842 3614 1912 ipsa
3637 1839 3841 1904 visibilia,

611 1953 756 1994 esse.
785 1937 926 1994 Dicit
957 1937 1139 2008 igitur.
1174 1935 1415 1994 Laudate
1456 1955 1604 2007 eum,
1641 1954 1818 1994 omnes
1846 1938 2014 1994 stella:
2051 1947 2098 1993 et
2135 1939 2217 1992 luo

618 2051 756 2090 men.
783 2033 853 2090 Ut
881 2033 1156 2106 quomodo
1193 2035 1261 2090 de
1300 2033 1661 2090 invisibilibus
1712 2033 1955 2102 dixerat,
2004 2033 2216 2087 laudate

612 2141 748 2192 eum,
777 2141 951 2180 omnes
979 2126 1190 2180 virtutes
1221 2128 1334 2198 ejus
1363 2142 1381 2181 :
1408 2125 1486 2181 sic
1515 2134 1569 2182 et
1599 2125 1666 2182 de
1696 2124 2000 2181 visibilibus
2036 2124 2211 2192 dicat,

609 2219 830 2275 laudate
860 2234 982 2275 eum
999 2261 1014 2287 ,
1040 2235 1204 2276 omne
1229 2219 1371 2290 quod
1399 2219 1564 2277 lucet.

679 2309 921 2365 Landate
951 2327 1089 2379 eum,
1121 2310 1237 2367 caeli
1255 2312 1526 2368 caelorum.
1555 2310 1746 2367 Plures
1764 2311 1936 2369 cmlos
1961 2311 2210 2368 dicimus.

611 2402 859 2473 Denique
882 2401 1177 2472 Apostolus
1204 2417 1375 2474 usque
1404 2402 1472 2458 ad
1505 2400 1724 2458 tertium
1753 2403 1957 2460 cmlum
1998 2411 2212 2473 raptum

609 2508 669 2549 se
699 2507 820 2549 esse
849 2492 981 2548 dicit
1007 2492 1075 2562 (ll
1102 2492 1223 2549 Cor.
1253 2493 1574 2566 xtt).Videte
1601 2494 1762 2565 igitur
1783 2505 2017 2566 quantus
2036 2495 2214 2567 fulgor

609 2593 727 2654 est,
755 2592 814 2640 ut
840 2584 1042 2641 cmlum
1082 2585 1207 2642 οωιί
1248 2586 1340 2641 sit.
1396 2587 1462 2642 Et
1500 2595 1699 2643 caztera
1726 2603 1848 2660 quae
1889 2598 2212 2661 sequuntur,

613 2679 753 2735 dixit
776 2676 1194 2762 de_visibilibus.

685 2771 821 2841 Quia
851 2772 961 2843 ipse
991 2771 1144 2837 dixit,
1175 2780 1222 2826 et
1255 2773 1394 2842 facta
1421 2781 1563 2827 sunt.
1598 2773 1694 2829 Dei
1743 2773 1973 2842 jussisse
2022 2772 2213 2830 fecisse

611 2874 696 2922 est
728 2883 742 2920 :
773 2864 894 2935 ejus
921 2864 1207 2935 imperium
1236 2864 1439 2920 fabrica
1466 2875 1572 2922 est.
1609 2865 1746 2933 Quia
1791 2867 1902 2936 ipse
1955 2867 2120 2934 dixit,
2166 2877 2213 2921 et

611 2961 754 3029 facta
780 2965 936 3026 sunt,
970 2957 1269 3013 secundum
1301 2958 1428 3014 illud
1461 2959 1603 3030 quod
1640 2957 1696 3014 in
1725 2959 1923 3016 Genesi
1951 2961 2211 3031 scriptum

613 3059 698 3107 est
730 3069 744 3105 :
774 3049 842 3105 Et
862 3048 997 3105 dixit
1027 3049 1172 3106 Deus
1195 3090 1210 3118 ,
1244 3058 1298 3106 et
1325 3050 1447 3106 fecit
1484 3051 1621 3108 Deus
1653 3049 1809 3123 (Gen.
1838 3051 1905 3124 ι).
1939 3051 2053 3108 Hoc
2094 3060 2210 3121 est,

615 3141 754 3198 dixit
783 3140 928 3197 Deus
971 3139 1172 3208 Pater;
1203 3140 1331 3198 fecit
1372 3140 1563 3198 Filius.
1603 3142 1755 3198 Dicat
1784 3143 2026 3213 aliquis:
2069 3144 2212 3214 Ergo

2317 1941 2634 1996 dividuntur
2658 1941 2711 1996 in
2735 1939 2842 1996 duo
2871 1958 2884 1995 :
2916 1941 2969 1995 in
2993 1939 3233 1996 coelestia
3263 1947 3318 1995 et
3350 1937 3635 1994 terrestria.
3660 1936 3778 1991 Dixit
3793 1935 3844 1992 de

2317 2035 2653 2102 caelestibus,
2685 2049 2828 2091 nunc
2857 2033 2988 2089 dicit
3013 2033 3081 2090 de
3109 2033 3484 2090 terrestribus.

2388 2127 2623 2182 Laudate
2653 2125 2934 2182 Dominum
2963 2127 3028 2181 de
3055 2136 3214 2182 terra.
3246 2126 3516 2194 Quoniam
3542 2124 3846 2182 laudaverunt

2315 2219 2532 2291 angeli,
2574 2219 2818 2275 laudavit
2843 2219 3042 2276 coelum
3075 2237 3086 2271 ε
3119 2219 3305 2275 laudet
3334 2227 3391 2275 et
3418 2227 3584 2274 terra.
3610 2216 3846 2273 Videamus

2316 2313 2387 2368 de
2419 2321 2565 2367 terra
2591 2313 2681 2382 qui
2711 2311 2864 2382 prius
2886 2310 3134 2366 laudent.
3157 2307 3426 2366 Dracones
3448 2318 3492 2366 et
3513 2325 3672 2364 omnes
3693 2307 3843 2379 abyssi.

2314 2406 2474 2477 ignis,
2504 2405 2728 2476 grando,
2761 2406 2872 2470 nix,
2898 2403 3110 2475 glacies,
3137 2404 3354 2476 spiritus
3383 2402 3733 2476 procellarum,
3760 2415 3846 2469 qua:

2317 2498 2516 2568 faciunt
2562 2495 2768 2551 verbum
2809 2496 2923 2567 ejus
2954 2510 2973 2548 :
3001 2504 3200 2551 montes
3239 2505 3286 2550 et
3325 2511 3499 2550 omnes
3541 2494 3699 2559 colles,
3739 2493 3846 2562 ligna

2316 2589 2608 2660 fructifera,
2633 2597 2682 2644 et
2705 2604 2878 2644 omnes
2908 2588 3080 2656 cedri,
3127 2588 3316 2658 bestia,
3346 2597 3396 2643 et
3426 2587 3652 2642 universa
3675 2599 3843 2657 pecora,

2315 2691 2576 2752 serpentes
2603 2690 2649 2738 et
2673 2681 2909 2736 volucres
2930 2689 3188 2750 pennatis.
3205 2680 3335 2736 Post
3359 2689 3504 2735 tanta
3525 2677 3645 2751 quid
3664 2676 3844 2733 dicitur?

2315 2776 2444 2833 Post
2467 2774 2756 2840 dracones,
2772 2783 2896 2846 post
2920 2783 3227 2845 serpentes,
3243 2782 3372 2844 post
3394 2773 3588 2844 ignem,
3603 2779 3710 2842 post
3725 2783 3848 2840 gran-

2315 2867 2496 2924 dinem
2517 2909 2531 2933 ,
2549 2876 2670 2938 post
2688 2867 2908 2932 bestias,
2934 2873 2992 2922 et
3014 2867 3260 2920 universa
3289 2879 3523 2935 pecora:
3547 2878 3576 2919 o
3602 2861 3760 2926 homo,
3779 2855 3845 2929 qui

2317 2959 2416 3015 tibi
2443 2959 2666 3030 grandis
2687 2957 2887 3014 videris
2908 2958 3005 3024 ,de
3035 2966 3093 3013 te
3119 2957 3345 3025 dicitur,
3377 2965 3433 3014 et
3459 2971 3564 3012 non
3589 2954 3649 3010 de
3667 2949 3845 3023 simplici

2317 3049 2560 3114 homine,
2583 3049 2678 3107 sed
2709 3049 2776 3106 de
2798 3049 2884 3104 his
2910 3048 3222 3106 hominibus
3244 3049 3336 3122 qui
3363 3049 3506 3106 inter
3527 3047 3746 3104 homines
3763 3057 3845 3099 ms-

2310 3143 2460 3214 jores
2490 3153 2637 3198 sunt.

609 3237 786 3308 major
813 3245 900 3294 est
933 3237 1028 3293 ille
1051 3237 1141 3308 qui
1169 3237 1360 3307 jubet,
1397 3245 1451 3292 et
1489 3237 1671 3292 minor
1698 3245 1784 3292 est
1815 3237 1917 3292 iste
1939 3237 2026 3293 cui
2053 3236 2212 3308 jube-
2241 3243 2287 3306 C
2390 3236 2556 3308 Reges
2581 3247 2751 3303 tet-rte,
2779 3245 2826 3291 et
2853 3250 3027 3290 omnes
3060 3235 3240 3305 populi
3281 3249 3300 3290 :
3329 3234 3614 3306 principes,
3643 3241 3685 3286 et
3716 3242 3844 3283 omnes

611 3340 720 3386 tur.
771 3330 966 3386 Dicunt
1010 3329 1116 3386 hoc
1145 3330 1372 3396 Ariani,
1403 3329 1591 3385 dicunt
1624 3329 1728 3386 hoc
1760 3329 2116 3398 Eunomiani,
2157 3339 2212 3386 et

614 3423 802 3478 dicunt
836 3420 1232 3478 Macedoniani.
1267 3421 1596 3493 Respondeo
1628 3421 1723 3478 tibi
1754 3422 2054 3479 secundum
2079 3437 2209 3480 sen-

611 3532 733 3572 sum
773 3525 956 3570 tuum:
1005 3514 1051 3570 O
1087 3514 1373 3585 haeretice,
1405 3514 1565 3582 dicis,
1615 3514 1789 3585 major
1822 3526 1907 3570 est
1936 3515 2094 3572 Pater
2119 3514 2212 3588 qui

611 3607 836 3678 jubeat,
865 3617 920 3662 et
961 3606 1140 3662 minor
1165 3617 1249 3662 est
1287 3605 1456 3662 Filius
1488 3607 1543 3663 in
1574 3622 1640 3663 eo
1671 3608 1815 3678 quod
1847 3607 2107 3678 jubeatur
2143 3608 2212 3664 ab

612 3698 729 3753 illo.
761 3697 817 3754 Si
858 3697 961 3754 hoc
991 3698 1292 3755 secundum
1324 3713 1545 3755 sensum
1604 3699 1899 3756 humanum
1951 3702 2152 3773 accipis
2192 3718 2206 3755 :

610 3793 886 3864 responde
923 3794 1086 3862 mihi,
1119 3793 1247 3866 quid
1278 3804 1361 3850 est
1401 3795 1574 3866 majus
1598 3837 1614 3864 ,
1644 3795 1855 3866 jubere,
1881 3811 1949 3851 an
1993 3795 2212 3852 facere?

612 3887 748 3943 Dico
780 3904 796 3943 :
828 3887 921 3943 ﬁat
949 3887 1162 3954 domus,
1197 3895 1253 3944 ct
1295 3888 1433 3943 alius
1459 3888 1587 3943 facit
1623 3888 1866 3944 domum.
1899 3889 2092 3946 Dicere
2123 3889 2212 3946 ni-

617 3980 693 4036 hil
724 3980 931 4053 grande
957 3991 1072 4049 est,
1110 3980 1290 4037 facere
1332 3980 1576 4037 difﬁcile.
1606 3981 1780 4052 Major
1818 3997 1948 4053 ergo
1989 3983 2082 4038 ille
2120 3983 2212 4055 qui

609 4069 763 4140 facit,
795 4087 957 4144 quam
986 4072 1078 4143 qui
1117 4072 1386 4142 praecipit.
1439 4071 1547 4128 Sed
1583 4081 1642 4128 et
1689 4072 1794 4128 hoc
1820 4073 2047 4144 impium
2087 4083 2208 4131 est:

609 4165 732 4222 Non
785 4169 930 4223 enim
977 4165 1147 4222 Filius
1193 4166 1367 4237 major
1391 4175 1474 4222 est
1522 4166 1702 4223 Patre.
1737 4167 1891 4224 Sicut
1925 4169 2068 4224 enim
2109 4168 2212 4226 hoc

610 4258 842 4329 impium
888 4267 972 4314 est
1014 4257 1083 4315 de
1114 4257 1259 4314 Filio
1283 4267 1472 4314 contra
1520 4259 1734 4316 Patrem
1774 4260 2021 4330 credere,
2051 4260 2129 4318 sic
2153 4270 2213 4320 ct

615 4349 748 4405 illud
795 4350 1021 4422 impium
1051 4349 1232 4406 estde
1273 4350 1434 4407 Patre
1468 4359 1656 4407 contra
1705 4351 1904 4408 Filium
1961 4352 2208 4410 credere.

620 4445 762 4510 Quia
785 4446 896 4518 ipse
922 4445 1076 4514 dixit,
1093 4452 1139 4500 et
1171 4446 1313 4516 facta
1339 4453 1458 4500 sunt
1481 4462 1500 4499 :
1523 4447 1632 4518 ipse
1650 4446 1933 4518 mandauit,
1959 4456 2008 4502 et
2037 4456 2212 4501 creata

614 4549 753 4594 sunt.
778 4537 897 4596 Una
931 4549 1118 4595 natura
1142 4538 1298 4610 jubet
1329 4548 1384 4594 et
1411 4539 1555 4594 facit.
1590 4539 1735 4596 Deus
1758 4539 1943 4610 jubet,
1979 4549 2034 4596 et
2067 4540 2211 4596 Deus

2303 3329 2519 3402 judices
2547 3339 2717 3384 terrw.
2753 3329 2957 3385 Deinde
2983 3327 3114 3400 quid
3141 3328 3441 3400 sequitur?

2384 3421 2604 3479 Iuvenes
2645 3435 2694 3479 et
2731 3423 2986 3496 virgines,
3026 3439 3172 3480 senes
3212 3439 3328 3478 cum
3359 3421 3652 3497 junioribus
3684 3418 3844 3473 laudent

2315 3533 2499 3572 nomen
2526 3515 2769 3581 Domini,
2797 3519 2922 3588 quia
2951 3517 3235 3572 exaltatum
3260 3525 3336 3570 est
3370 3532 3554 3570 nomen
3581 3514 3683 3585 ejus
3707 3511 3844 3572 solius,

2314 3619 2372 3665 et
2392 3617 2588 3665 caetera
2613 3625 2731 3681 qua:
2756 3618 3082 3680 sequuntur.
3107 3608 3152 3665 Ο
3173 3618 3382 3681 quanta
3414 3610 3466 3664 in
3500 3607 3615 3663 istis
3644 3601 3845 3678 mysteria

2315 3704 2692 3759 continentur!
2728 3703 3113 3759 Lautlaverunt
3139 3704 3410 3770 coelestia,
3442 3702 3764 3758 laudaverunt
3787 3696 3846 3750 in-

2314 3796 2548 3852 visibilia
2575 3815 2587 3852 :
2623 3811 2766 3853 nunc
2797 3797 2862 3852 ad
2894 3807 3107 3853 terrena
3133 3796 3452 3863 descendit,
3476 3805 3530 3853 et
3551 3795 3614 3850 ad
3638 3791 3846 3848 laudatio-

2316 3906 2441 3946 nem
2473 3891 2595 3959 Dei,
2628 3889 2865 3961 primum
2911 3890 3180 3946 dracones
3222 3900 3280 3947 et
3316 3890 3506 3962 abyssi
3549 3888 3844 3943 concitantur.

2321 3981 2418 4040 Ubi
2479 3983 2782 4040 abundavit
2836 3992 3158 4055 peccatum,
3216 3981 3675 4054 superabundavit
3720 3973 3847 4049 gratia

2319 4075 2498 4148 (Rom.
2530 4075 2608 4149 ν).
2641 4076 2745 4145 Qui
2775 4075 3008 4148 primum
3040 4075 3207 4133 draco
3239 4091 3397 4145 eras,
3427 4077 3519 4148 qui
3555 4073 3764 4130 habebas
3783 4083 3849 4124 ve-

2314 4184 2459 4226 nena
2496 4172 2772 4242 serpentis
2803 4187 2816 4224 :
2846 4186 2879 4226 o
2910 4180 2964 4226 tu
2997 4169 3088 4242 qui
3134 4171 3374 4242 primum
3417 4171 3640 4243 abyssus
3669 4179 3788 4229 eras,
3808 4169 3848 4215 et

2317 4261 2559 4318 tenebrat
2593 4277 2759 4334 super
2789 4263 2986 4335 abysso
3033 4262 3352 4319 ferebantur
3383 4261 3555 4334 (Gen.
3595 4260 3663 4333 ι).
3707 4255 3849 4312 Videte

2315 4354 2446 4425 quid
2476 4354 2623 4411 dicat
2659 4373 2671 4409 :
2709 4354 2808 4412 Ubi
2839 4355 3128 4424 dracones,
3162 4356 3253 4413 ubi
3279 4371 3514 4424 venena,
3543 4355 3628 4410 ubi
3654 4353 3846 4423 abyssum

2317 4448 2408 4505 ubi
2455 4449 2747 4506 tenebrae?
2783 4448 2862 4506 Ne
2898 4450 3162 4522 desperes
3205 4450 3392 4522 igitur.
3424 4449 3471 4506 Ο
3510 4459 3566 4505 tu
3608 4448 3690 4520 qui
3727 4445 3850 4500 draco

2315 4559 2463 4613 eras,
2491 4545 2586 4617 qui
2618 4545 2946 4601 tenebrosus
2976 4559 3121 4612 cras,
3145 4553 3201 4600 et
3229 4543 3405 4602 Deum
3438 4542 3653 4599 laudare
3677 4549 3848 4596 nonne

613 4633 764 4689 facit.
793 4633 954 4688 Jubct
973 4633 1168 4704 pictor,
1192 4643 1250 4689 ut
1273 4634 1460 4704 pingat
1483 4633 1656 4705 pictor
1683 4651 1695 4689 :
1729 4642 1783 4690 et
1814 4634 1988 4705 pictor
2013 4635 2204 4708 pingit,
2233 4650 2288 4712 ι)
2312 4638 2484 4696 debas
2510 4656 2522 4692 :
2548 4653 2648 4710 age
2671 4638 3068 4710 paenitentiam,
3091 4647 3147 4694 et
3171 4638 3359 4694 statim
3381 4635 3721 4696 converteris.
3738 4631 3848 4688 Licet

615 4725 761 4798 quod
793 4724 942 4795 pingi
971 4733 1328 4795 praeceperat.

698 4818 896 4874 Statuit
939 4833 998 4872 ea
1044 4818 1102 4871 in
1135 4819 1380 4873 sceculum
1407 4864 1422 4888 ,
1484 4829 1530 4874 et
1575 4821 1630 4874 in
1687 4821 1933 4876 steculum
1992 4822 2212 4876 steculi:

612 4920 928 4984 praeceptum
953 4909 1147 4982 posuit,
1175 4918 1223 4965 et
1253 4926 1355 4964 non
1397 4911 1701 4980 praeteribit.
1727 4911 1964 4969 Grandis
1992 4923 2076 4969 est
2113 4914 2210 4968 ho-

610 5008 774 5063 minis
803 5005 1002 5074 honor,
1033 5012 1090 5061 et
1125 5003 1351 5075 grandis
1380 5003 1687 5061 infelicitas.
1737 5006 1833 5062 Sol
1864 5007 1956 5064 tibi
2004 5007 2205 5076 currit,

611 5100 880 5156 elementa
925 5099 1020 5154 tibi
1077 5096 1369 5154 serviunt:
1412 5110 1468 5154 et
1516 5108 1572 5154 tu
1622 5101 1842 5170 ignoras
1888 5099 2201 5158 Creatorem

605 5193 798 5248 tuum?
852 5189 1192 5263 Praeceptum
1209 5192 1400 5263 posuit,
1435 5201 1482 5246 et
1521 5208 1622 5248 non
1653 5195 1956 5266 pra'teribit.
1989 5195 2200 5250 Praece-

602 5296 759 5357 ptum
791 5284 895 5340 soli
927 5285 1127 5355 posuit.
1158 5283 1302 5340 Ecce
1327 5299 1426 5355 per
1457 5293 1638 5341 tantos
1665 5301 1840 5343 annos
1869 5295 2202 5357 praeceptum

606 5377 704 5433 Dei
735 5391 1026 5449 numquam
1059 5377 1346 5448 praeteriit.
1383 5377 1652 5433 lntantum
1691 5393 1798 5434 non
1828 5379 2110 5448 praeteriit,
2145 5387 2204 5434 ut

607 5486 804 5530 cursus
831 5470 951 5542 ejus
971 5486 1036 5526 ex
1078 5469 1310 5526 humana
1358 5471 1736 5528 observatione
1777 5472 2200 5544 comprehensus

603 5565 701 5622 sit.
731 5562 1057 5637 Praeceptum
1087 5565 1288 5636 posuit,
1331 5575 1379 5620 et
1403 5582 1506 5621 non
1546 5567 1843 5638 praeteribit.
1872 5565 2038 5623 Luna:
2059 5584 2200 5639 prte-

603 5669 822 5730 ccptum
855 5658 1067 5728 posuit,
1093 5669 1149 5715 ut
1171 5674 1266 5730 per
1297 5659 1514 5730 triginta
1537 5660 1655 5718 dies
1677 5672 1886 5718 crescat
1905 5673 2070 5733 atque
2101 5663 2198 5719 de-

605 5761 838 5810 crescat.
871 5751 1141 5822 Numquid
1169 5767 1364 5808 cursus
1389 5767 1519 5808 suos
1557 5754 1844 5824 aliquando
1891 5755 2097 5810 mutat?
2137 5755 2196 5812 In

601 5847 744 5905 ccelo
774 5855 1103 5918 praeceptum
1146 5846 1242 5902 Dei
1271 5856 1543 5913 servatur,
1570 5856 1624 5902 et
1654 5849 1706 5904 in
1757 5857 1899 5906 terra
1931 5863 2038 5906 non
2081 5865 2195 5908 ser-

2316 4733 2370 4788 in
2405 4731 2635 4787 Hebrteo
2667 4747 2776 4786 non
2807 4731 3010 4788 habeat
3042 4731 3325 4798 dracones,
3359 4730 3459 4786 sed
3497 4730 3684 4786 habeat
3707 4736 3848 4781 ram-

2313 4841 2426 4894 Ntu,
2455 4823 2600 4897 quod
2627 4825 3041 4895 interpretatur,
3070 4832 3194 4878 cete.
3231 4823 3444 4879 Dicitur
3473 4832 3648 4880 autem
3673 4829 3772 4876 cete
3792 4815 3851 4869 in-

2313 4917 2483 4974 ﬁnita:
2542 4934 2665 4976 esse
2722 4915 3130 4990 magnitudinis.
3193 4916 3446 4988 Denique
3505 4916 3622 4988 ipse
3671 4920 3770 4968 cete
3811 4904 3848 4959 in

2311 5011 2532 5083 abyssis
2561 5027 2686 5069 esse
2723 5011 2947 5068 dicitur.
2980 5011 3235 5068 Dicamus
3265 5026 3398 5084 ergo
3439 5013 3669 5083 primum
3703 5017 3851 5062 secuuo

2311 5103 2440 5160 dum
2472 5103 2733 5161 litteram.
2763 5104 2954 5160 Videte
2981 5103 3110 5175 quid
3139 5103 3285 5159 dicat
3308 5120 3321 5158 :
3345 5103 3586 5160 Laudato
3609 5117 3668 5158 ea
3695 5111 3792 5170 quae
3812 5092 3848 5146 in

2312 5195 2452 5251 mari
2483 5204 2632 5263 sunt,
2665 5203 2722 5251 et
2753 5194 2966 5251 laudate
2992 5209 3053 5252 ca
3077 5209 3201 5266 qua:
3223 5202 3376 5251 extra
3409 5211 3566 5252 mare
3594 5201 3725 5249 sunt.
3752 5187 3850 5242 Dra-

2309 5303 2480 5346 cones
2520 5299 2574 5345 et
2601 5305 2796 5346 omnes
2831 5289 3034 5363 abyssi.
3069 5291 3112 5345 A
3146 5299 3301 5361 parte
3332 5299 3508 5347 totum
3547 5281 3850 5362 synecdochi-

2310 5397 2425 5440 cos.
2460 5383 2666 5440 Deinde
2721 5384 3010 5457 sequitur:
3055 5383 3222 5457 Ignis.
3247 5384 3442 5442 Videte
3484 5379 3848 5441 concordantem

2305 5474 2638 5532 discordiam
2657 5491 2812 5549 aqum
2833 5489 2887 5534 et
2917 5478 3058 5549 ignis
3078 5497 3091 5532 :
3113 5479 3277 5534 simul
3301 5477 3528 5534 laudant
3549 5477 3732 5532 Deum.
3749 5467 3851 5522 Dre

2309 5585 2458 5626 cones
2508 5580 2557 5626 et
2603 5586 2776 5626 omnes
2808 5571 3001 5643 abyssi.
3035 5569 3299 5629 Universa
3329 5585 3454 5643 quae
3500 5573 3773 5626 nascuntur
3803 5569 3851 5614 ex
3942 5579 3943 5593 ι

2309 5678 2480 5733 aqua,
2516 5669 2821 5720 nascuntur
2849 5678 2918 5720 ex
2959 5663 3116 5736 igne,
3159 5665 3262 5720 hoc
3296 5673 3377 5722 est
3404 5705 3421 5728 ,
3453 5679 3524 5720 ex
3559 5662 3791 5716 humore,
3813 5655 3850 5704 ει

2306 5756 2524 5824 calore;
2557 5772 2654 5812 nec
2677 5755 2818 5829 ignis
2839 5757 2992 5813 solus
3011 5772 3279 5829 generare
3304 5764 3484 5827 potest
3511 5755 3631 5812 sine
3649 5752 3847 5808 humore.

2307 5866 2407 5908 nec
2450 5851 2647 5909 humor
2698 5853 2817 5909 sine
2854 5851 2997 5924 igne.
3045 5850 3190 5908 Nihil
3226 5860 3310 5909 est
3359 5857 3470 5907 tam
3528 5844 3839 5906 contrarium,
