4008 6336
185 341 318 398 1265

1151 343 1574 404 BREVIARIL’M
1614 347 1680 404 IN
1720 344 2054 408 PSALMOS.
2095 350 2343 408 PSALM.
2384 351 2623 414 CXLIX.

3327 357 3469 415 i266

180 473 338 530 quam
369 459 564 514 humor
585 459 774 524 calori,
805 467 859 516 et
887 460 1040 516 calor
1070 461 1304 519 humori.
1329 461 1536 520 Tamen
1565 462 1767 518 volun-
1793 465 1850 527 Δ
1872 463 2007 521 dere
2045 465 2099 520 in
2146 481 2372 537 regnum
2425 467 2537 524 Deo
2577 467 2758 536 Patri,
2788 477 2844 524 et
2890 467 3202 526 conformes
3247 468 3471 527 efﬁcere

185 563 290 610 tate
331 554 452 620 Dei,
486 554 604 609 haec
647 570 769 625 qua:
801 555 943 611 inter
969 571 1030 611 se
1054 555 1267 612 diversa
1299 567 1458 624 sunt,
1494 557 1549 614 in
1581 566 1768 614 nostra

183 646 470 703 nativitate
490 635 844 704 concordant.
861 645 1094 717 Grande,
1112 649 1224 715 nix,
1246 649 1461 721 glacies,
1487 658 1534 704 et
1556 650 1771 720 spiritus

181 743 548 815 procellarum,
573 759 689 815 qum
709 743 907 815 faciunt
929 747 1130 799 verbum
1155 746 1288 813 ejus.
1313 743 1476 800 Multa
1499 753 1630 800 sunt
1650 758 1772 815 qua:

183 835 457 902 dicantur,
497 844 563 892 et
622 836 676 892 in
740 836 974 908 singulis
1036 836 1313 892 immorari
1373 851 1480 893 non
1529 851 1771 908 possum.

182 928 422 996 Grando,
454 930 564 997 nix,
598 929 813 1002 glacies,
845 939 892 984 et
930 931 1142 1003 spiritus
1181 929 1545 1001 procellarum.
1578 930 1773 986 Omnia

190 1039 312 1094 qua:
341 1023 588 1080 videmus
620 1025 672 1079 in
704 1022 905 1080 mundo
925 1065 940 1092 ,
976 1024 1132 1081 nobis
1160 1025 1422 1080 serviunt.
1453 1023 1771 1094 Serpentes,

184 1119 400 1192 abyssi,
431 1118 592 1190 ignis,
625 1117 860 1190 grando,
887 1117 1003 1187 nix,
1036 1117 1260 1189 spiritus
1285 1118 1650 1190 procellarum
1691 1117 1773 1173 vi-

182 1211 385 1267 dentur
428 1209 549 1267 sine
600 1211 813 1267 ratione
851 1225 974 1267 esse
1002 1229 1014 1263 :
1047 1210 1142 1266 sed
1174 1209 1336 1266 nobis
1372 1210 1637 1266 serviunt.
1682 1210 1774 1266 Die

184 1305 446 1360 hesterna
480 1311 782 1374 tempestas
821 1302 964 1370 fuit,
1000 1302 1288 1359 videbatur
1316 1302 1471 1358 nobis
1496 1317 1618 1359 esse
1645 1318 1774 1359 con-

190 1399 422 1454 trarium
461 1417 471 1450 :
503 1408 620 1454 erat
667 1395 838 1468 frigus
872 1415 884 1452 :
918 1405 1036 1452 erat
1074 1395 1271 1452 humor
1304 1413 1316 1449 :
1349 1405 1506 1452 erant
1556 1395 1772 1467 pluviae.

185 1489 304 1546 Hoc
331 1488 478 1560 quod
503 1489 568 1544 ad
595 1489 790 1544 horam
815 1487 975 1544 nobis
1005 1487 1226 1543 videtur
1254 1501 1376 1542 esse
1405 1485 1739 1542 contrarium
1760 1527 1776 1552 ,

183 1595 286 1652 pro
311 1581 470 1637 nobis
497 1589 583 1637 est
611 1599 622 1633 :
658 1579 898 1636 fructum
928 1580 1074 1637 enim
1109 1579 1268 1634 nobis
1290 1577 1454 1650 parit.
1473 1579 1608 1635 Vide
1633 1579 1778 1634 enim

183 1674 321 1747 quid
343 1674 476 1730 dicit
500 1691 512 1728 :
542 1673 641 1729 Illa
668 1683 723 1730 et
744 1673 839 1729 illa
861 1689 982 1745 qua:
1003 1672 1212 1729 faciunt
1232 1673 1454 1729 verbum
1479 1671 1620 1743 ejus.
1651 1671 1779 1726 Eru-

185 1767 376 1833 besce,
408 1765 595 1823 homo.
628 1765 944 1837 Serpentes,
979 1765 1194 1837 abyssi,
1227 1764 1342 1833 nix,
1385 1763 1604 1834 pluviae,
1636 1773 1776 1819 tem-

1875 559 2109 615 claritati
2139 561 2387 632 corporis
2417 562 2499 617 sui
2532 579 2546 617 :
2583 563 2770 633 utjam
2804 576 2910 618 non
2933 563 2984 618 ei
3013 563 3175 619 locali
3205 572 3260 620 et
3293 573 3473 620 trans-

1877 649 2038 705 itorio
2086 660 2281 718 cantu,
2325 651 2423 708 sed
2479 660 2766 723 perpetuo,
2818 663 2874 708 et
2919 654 3180 710 immobili
3227 655 3471 712 ctelestis

1875 742 2127 798 stationis
2173 743 2376 816 hymno
2397 789 2412 814 ,
2441 745 2556 816 jugi
2595 744 2967 802 modulatione
3005 761 3266 804 canamus
3299 765 3312 803 :
3343 748 3470 818 quia

1880 835 1984 905 ipsi
2012 845 2099 892 est
2119 852 2239 892 cum
2269 846 2478 895 aeterno
2502 839 2662 896 Patre
2684 847 2740 896 et
2765 838 2974 911 Spiritu
2995 851 3188 899 sancto
3214 841 3391 899 honor
3415 849 3474 900 et

1876 926 2050 998 gloria
2074 928 2128 984 in
2149 929 2346 986 saecula
2373 931 2725 989 saeculorum.
2757 934 2959 991 Amen.

2378 1067 2693 1128 PSALMUS
2730 1070 2965 1128 CXLIX.
3013 1097 3017 1100 -

1948 1180 2055 1237 Iste
2075 1181 2317 1252 psalmus
2344 1155 2516 1241 lectus
2544 1195 2651 1253 est,
2677 1187 2766 1259 qui
2796 1185 2962 1244 habet
2995 1186 3049 1242 in
3080 1183 3353 1257 principio
3381 1201 3394 1237 :

1953 1316 2168 1372 Cantate
2192 1317 2416 1374 Domino
2444 1320 2715 1377 Canticum
2741 1339 2948 1378 nouum.
2981 1323 3120 1392 Quia
3141 1331 3196 1378 et
3227 1333 3470 1391 nonage-

1881 1409 2051 1466 simus
2072 1408 2296 1481 quintus
2318 1413 2579 1482 psalmus,
2603 1425 2658 1470 et
2681 1416 3067 1487 nonagesimus
3089 1415 3356 1486 septimus
3382 1427 3475 1468 ea-

1880 1503 2004 1560 dem
2048 1503 2252 1560 habent
2300 1507 2584 1576 priueipia.
2627 1507 3023 1579 Nonagesimus
3066 1507 3294 1580 quintus
3325 1507 3475 1577 psal-

1881 1610 2002 1651 mus
2033 1594 2138 1651 hoe
2163 1596 2324 1653 titulo
2349 1607 2683 1668 przcnotatur
2718 1618 2729 1652 ε
2764 1599 3011 1655 Psalmus
3043 1598 3233 1665 Dauid,
3263 1597 3478 1670 quando

1882 1688 2065 1742 domus
2084 1687 2442 1757 tediﬁcabatur
2470 1698 2586 1762 post
2613 1691 2980 1762 captivitatem,
3008 1691 3060 1747 id
3081 1700 3186 1757 est,
3214 1700 3336 1760 post
3360 1702 3476 1758 pte-

1883 1779 2192 1846 nitentiam,
2217 1781 2411 1836 domus
2432 1781 2634 1838 Christi
2657 1781 2976 1838 :editlcatur.
3005 1781 3275 1850 Quoniam
3303 1780 3470 1852 igitur

188 1869 398 1931 pestas,
427 1859 654 1915 verbum
687 1859 780 1914 Dei
817 1857 1042 1926 faciunt,
1078 1866 1132 1913 et
1166 1865 1221 1912 tu
1253 1871 1360 1912 non
1389 1855 1542 1912 facis.
1575 1854 1781 1910 Montes
1811 1859 1860 1921 Β
1886 1871 2021 1928 dim
2048 1873 2222 1942 primo
2245 1891 2254 1926 ε
2279 1871 2493 1930 canum
2513 1873 2737 1930 οοηιεηο
2760 1877 3016 1929 canticum
3046 1889 3266 1939 novum,
3291 1881 3350 1927 ει
3380 1885 3481 1926 ηο-

186 1965 237 2011 et
269 1972 443 2011 omnes
470 1955 646 2011 colles.
680 1953 793 2010 Nec
822 1962 1041 2010 montes
1069 1960 1349 2009 mutantur
1377 1953 1429 2008 in
1459 1953 1652 2020 colles,
1680 1967 1782 2009 nec

180 2049 360 2104 valles
388 2049 441 2104 in
469 2057 684 2105 montes
709 2065 722 2103 :
747 2056 966 2104 servant
991 2055 1240 2117 naturam
1264 2061 1438 2102 suam.
1473 2044 1642 2118 Ligna
1668 2046 1783 2117 {rn-

179 2141 369 2212 ctifera
389 2183 404 2208 ,
437 2151 485 2197 et
514 2158 689 2197 omnes
717 2141 879 2196 cedri.
935 2139 1161 2212 Lignum
1196 2141 1350 2197 vides
1379 2141 1535 2212 quasi
1579 2140 1781 2196 siccum

181 2235 406 2292 amissis
439 2234 581 2291 foliis
616 2253 627 2289 :
662 2245 823 2291 aestas
852 2249 976 2291 cum
1015 2233 1260 2304 venerit,
1309 2234 1406 2290 tibi
1435 2233 1602 2290 mittit
1643 2249 1774 2306 ger-

187 2343 318 2384 men
349 2345 361 2380 :
389 2327 485 2383 tibi
516 2326 726 2382 fructus
753 2328 1002 2398 parturit.
1036 2327 1266 2399 Lignum
1298 2326 1398 2382 tibi
1431 2325 1663 2382 fructum
1691 2341 1785 2397 pa-

183 2422 280 2490 rit,
303 2429 361 2478 et
386 2433 444 2477 tu
473 2421 586 2479 Deo
610 2421 819 2478 fructus
844 2437 950 2477 non
978 2423 1146 2492 paris.
1171 2420 1240 2475 Et
1270 2438 1444 2478 omnes
1472 2421 1633 2477 cedri.
1658 2420 1779 2476 1πηί-

185 2524 308 2570 tare
329 2513 574 2570 cedrum.
593 2512 755 2570 Cedri
783 2513 1027 2570 nituntur
1047 2513 1117 2568 ad
1138 2515 1246 2569 alta
1273 2531 1287 2568 :
1317 2513 1470 2584 quasi
1493 2513 1560 2568 ad
1582 2513 1783 2570 cmlum

184 2608 273 2664 ire
303 2606 584 2663 festinant.
617 2607 685 2662 Et
717 2616 770 2662 tu
797 2606 1010 2664 imitare
1031 2607 1172 2678 ligna
1204 2605 1624 2662 irrationabilia.
1657 2605 1784 2660 Bes-

185 2703 277 2757 tia
305 2712 352 2755 et
384 2702 622 2756 universa
667 2717 873 2774 pecora.
915 2700 1034 2756 Non
1071 2709 1287 2756 mutant
1318 2709 1566 2755 naturam
1606 2713 1780 2754 suam.

188 2793 391 2849 Omnia
424 2802 570 2849 stant
595 2794 646 2848 in
672 2793 865 2849 ordine
891 2807 1010 2860 suo,
1039 2793 1243 2864 absque
1275 2791 1394 2850 solo
1423 2791 1666 2857 homine,
1697 2791 1786 2846 cui

184 2889 374 2942 omnia
406 2887 651 2958 subjecta
683 2894 830 2942 sunt.
863 2887 1139 2960 Serpentes
1175 2896 1222 2942 et
1262 2879 1490 2942 uolucres
1526 2893 1783 2956 pennatw.

185 2979 380 3048 Neque
405 2995 466 3035 ea
498 2995 619 3050 qua:
643 2979 695 3034 in
727 2980 866 3036 coelo
889 2994 1035 3048 sunt,
1068 2980 1134 3036 ad
1165 2989 1364 3035 terram
1392 2979 1659 3036 veniunt:
1688 2977 1786 3035 sed

185 3070 270 3127 ibi
299 3071 414 3127 Deo
443 3071 714 3127 serviunt.
745 3071 899 3127 Dicat
930 3071 1147 3143 aliquis,
1172 3071 1475 3128 secundum
1503 3071 1784 3126 historiam

185 3162 438 3234 loqueris
468 3179 481 3218 :
515 3177 624 3218 non
654 3161 792 3218 dicis
822 3163 1138 3235 allegorice.
1170 3162 1229 3219 Si
1267 3161 1567 3218 secundum
1608 3161 1782 3216 histo-

1885 1983 1983 2024 vus
2013 1968 2242 2040 populus
2272 1977 2455 2025 cantat
2480 1970 2753 2026 canticum
2784 1983 3018 2038 novum,
3053 1977 3110 2024 et
3145 1964 3433 2022 benedixit
3467 1983 3484 2023 :

1886 2077 1986 2119 nos
2015 2063 2082 2118 ad
2111 2062 2326 2134 reliqua
2346 2077 2658 2119 curramus.

1956 2156 2184 2212 Lwtetur
2214 2156 2382 2212 Israel
2411 2158 2466 2212 in
2497 2174 2554 2213 ea
2583 2157 2672 2229 qui
2707 2157 2825 2238 fecit
2859 2158 3054 2226 ipsum.
3092 2153 3194 2210 Ille
3236 2153 3482 2216 laetetur,

1885 2251 1977 2324 qui
2003 2267 2166 2308 sensu
2189 2251 2338 2308 videt
2363 2251 2553 2308 Deum.
2581 2251 2747 2308 Israel
2776 2251 2923 2306 enim
2948 2248 3038 2304 hic
3058 2248 3484 2318 interpretatur,

1885 2357 2049 2399 sensu
2073 2342 2265 2398 videns
2286 2343 2473 2399 Deum.
2505 2340 2574 2397 Et
2595 2343 2693 2412 ﬁlii
2721 2341 2850 2398 Sion
2873 2340 3126 2397 exsultent
3153 2339 3208 2392 in
3229 2346 3347 2409 rege
3369 2351 3486 2391 suo.

1891 2434 2014 2490 Filii
2062 2433 2356 2503 Ecclesiae,
2400 2433 2495 2490 filii
2539 2435 2660 2490 novi
2698 2433 2920 2505 populi,
2949 2429 3224 2488 exsultent
3256 2429 3310 2483 in
3358 2441 3487 2496 rege

1887 2543 2010 2596 suo,
2045 2528 2098 2584 in
2129 2527 2366 2597 Christo,
2397 2528 2490 2600 qui
2522 2536 2713 2600 regnat
2750 2529 2804 2581 in
2833 2525 2936 2583 eis.
2971 2522 3180 2580 Videtis
3205 2519 3483 2594 quomodo

1888 2621 2084 2678 leviter
2109 2636 2323 2678 summa
2351 2636 2580 2693 qumque
2611 2620 3046 2693 perstringimus.

1959 2713 2202 2770 Laudent
2230 2729 2414 2769 nomen
2439 2717 2552 2788 ejus
2581 2714 2636 2769 in
2663 2713 2840 2768 choro.
2885 2711 3230 2782 Ubicumque
3273 2709 3483 2766 chorus

1890 2818 2003 2878 est,
2037 2809 2110 2864 ibi
2139 2807 2374 2865 diversae
2401 2823 2566 2866 voces
2597 2807 2652 2863 in
2679 2823 2845 2864 unum
2875 2807 3148 2863 canticum
3178 2818 3488 2876 congerun-

1891 2910 1997 2956 tur.
2028 2901 2314 2969 Quomodo
2341 2901 2486 2958 enim
2515 2900 2745 2957 diversa:
2773 2914 2960 2965 voces,
2993 2900 3096 2955 hoc
3126 2906 3232 2964 est,
3265 2911 3387 2952 cum
3413 2896 3484 2950 si-

1891 2992 2004 3049 mul
2034 2991 2235 3048 fuerint
2274 3003 2651 3064 congregatae,
2703 2991 2929 3048 chorum
2969 2990 3183 3047 Domini
3219 2988 3486 3046 efficiunt.

1961 3085 2195 3140 Laudent
2220 3101 2405 3141 nomen
2428 3090 2541 3160 ejus
2567 3087 2618 3140 in
2643 3086 2822 3141 choro.
2845 3083 2949 3142 Ubi
2969 3083 3246 3140 dissensio
3266 3091 3369 3145 est,
3395 3081 3484 3137 ubi

1893 3177 2119 3241 invidia,
2141 3176 2215 3233 ibi
2245 3177 2446 3234 chorus
2473 3192 2581 3234 non
2613 3187 2718 3233 est.

184 3257 331 3314 riam
359 3255 494 3312 dicis
521 3273 535 3312 :
559 3271 728 3328 quare
760 3257 995 3327 primum
1019 3257 1222 3330 abyssi,
1251 3266 1305 3313 et
1331 3258 1446 3326 nix,
1472 3265 1527 3312 et
1551 3256 1782 3330 grando,

1967 3271 2201 3327 Laudent
2234 3287 2417 3327 nomen
2445 3272 2560 3342 ejus
2589 3272 2644 3326 in
2675 3272 2833 3326 choro
2864 3287 2882 3326 :
2906 3272 2964 3326 in
2993 3280 3244 3342 tympano
3272 3277 3318 3323 et
3343 3267 3489 3338 psal-

186 3350 394 3408 deinde
415 3350 558 3422 ligna
587 3349 890 3420 fructifera,
923 3360 980 3407 et
1007 3361 1208 3408 caetera
1241 3353 1639 3408 irrationabilia
1671 3354 1787 3408 lau-

186 3444 332 3502 dant
364 3445 556 3512 Deum,
581 3454 637 3501 et
656 3445 723 3501 ad
755 3453 1058 3501 extremum
1087 3444 1293 3501 homo?
1321 3445 1586 3518 Legamus
1609 3445 1788 3502 Gene-

187 3539 325 3605 sim,
362 3547 417 3594 et
453 3537 750 3594 secundum
781 3538 1026 3594 ordinem
1060 3538 1380 3608 nativitatis,
1427 3547 1482 3595 et
1509 3549 1788 3596 creatura-

188 3647 351 3699 rum,
389 3631 464 3686 ita
494 3630 804 3688 videbimus
837 3640 1034 3687 cuncta
1062 3631 1302 3688 laudare.
1337 3631 1415 3686 lbi
1457 3632 1605 3688 enim
1652 3634 1789 3689 scri-

187 3735 348 3799 ptum
379 3735 485 3792 est,
516 3727 752 3797 primum
777 3741 871 3782 eas
893 3725 1199 3782 animantes
1224 3727 1391 3781 factas
1411 3742 1556 3796 esse,
1585 3743 1705 3798 quae
1735 3728 1787 3783 in

188 3836 339 3893 aqua
371 3830 496 3876 sunt
529 3839 540 3873 :
576 3820 776 3876 deinde
802 3835 863 3876 ea
897 3819 1032 3874 facta
1070 3836 1189 3892 quae
1223 3821 1275 3874 in
1311 3829 1460 3876 terra
1492 3830 1623 3875 sunt
1653 3838 1666 3874 :
1696 3820 1790 3876 de-

197 3915 336 3972 inde
367 3914 507 3970 facta
539 3915 802 3982 volatilia,
832 3923 886 3971 et
917 3926 1102 3984 postea
1132 3913 1411 3970 hominem
1443 3931 1608 3970 unum
1641 3916 1785 3971 fecit.

189 4010 371 4082 Igitur
396 4010 537 4065 sicut
570 4009 804 4080 primum
838 4008 1042 4064 factum
1085 4016 1169 4063 est
1200 4024 1214 4066 :
1248 4008 1328 4064 sic
1368 4008 1550 4066 laudat
1601 4009 1788 4064 Domi-

188 4119 353 4160 num.
385 4101 494 4160 Sed
528 4102 670 4158 alius
711 4117 908 4158 sensus
939 4111 1021 4157 est
1057 4120 1067 4155 :
1102 4100 1146 4157 Ο
1185 4100 1371 4168 homo,
1407 4102 1656 4158 universa
1691 4102 1790 4158 ista

187 4211 320 4264 qum
360 4194 499 4262 dixi,
532 4195 686 4266 cujus
722 4210 884 4250 causa
915 4194 1056 4250 facta
1089 4193 1254 4249 sunt?
1294 4193 1525 4263 Bestiae,
1558 4208 1787 4264 serpen-

189 4299 302 4354 tes,
324 4287 467 4358 ligna
495 4286 797 4355 fructifera,
816 4288 1069 4360 volucres
1089 4296 1335 4356 pennatae
1363 4305 1373 4338 ε
1400 4286 1515 4342 haec
1537 4287 1792 4342 universa

187 4383 252 4437 in
309 4393 375 4434 eo
424 4379 647 4434 laudant
692 4379 906 4434 Deum:
941 4379 1064 4450 quia
1111 4393 1216 4434 non
1267 4386 1487 4434 mutant
1543 4387 1789 4433 naturam

188 4488 372 4529 suam.
403 4471 564 4542 Reges
595 4482 765 4540 terrm,
806 4481 855 4526 et
887 4488 1060 4526 omnes
1085 4471 1286 4541 papuli,
1317 4471 1573 4544 principes
1607 4479 1653 4526 et
1681 4486 1790 4525 om-

191 4583 288 4621 nes
313 4565 513 4636 jutlices
536 4573 704 4618 terrte.
722 4562 945 4618 Iuvenes
975 4573 1020 4619 et
1044 4564 1288 4635 virgines,
1313 4579 1455 4618 senes
1480 4579 1596 4618 cum
1608 4563 1792 4634 junio-

188 4660 340 4714 rilms
361 4658 570 4712 laudent
592 4675 773 4713 nomen
801 4657 1030 4721 Domini,
1052 4657 1171 4728 quia
1198 4655 1482 4710 exaltatum
1509 4666 1585 4711 est
1604 4673 1788 4712 nomen
1819 4638 1876 4699 Ῑ)

192 4753 313 4821 ejus
339 4751 524 4806 solius.
556 4749 747 4804 Omnis
768 4759 924 4816 tetas,
950 4749 1130 4806 omnis
1157 4762 1350 4816 sexus,
1373 4748 1658 4820 omnisque
1690 4765 1789 4820 po-

191 4851 371 4899 testas
402 4843 552 4898 illum
584 4842 813 4901 laudet:
846 4842 933 4898 cui
972 4841 1134 4897 Pater
1171 4842 1450 4898 evacuatis
1497 4843 1786 4912 potestati-

193 4937 326 5002 bus,
356 4935 506 4992 dedit
532 4949 732 4990 nomen
765 4934 1042 4990 excelsum
1067 4950 1081 4986 :
1117 4947 1217 4989 nec
1242 4935 1531 5004 quisquam
1555 4933 1658 4991 sibi
1681 4949 1790 5007 quo

191 5031 390 5096 utitur,
416 5035 658 5094 revocet,
689 5026 787 5082 sed
810 5026 863 5082 ei
890 5025 960 5084 de
990 5041 1098 5098 quo
1117 5035 1174 5083 et
1200 5026 1484 5098 sequitur:

271 5121 541 5191 Confessio
570 5124 684 5194 ejus
728 5137 884 5192 super
920 5119 1106 5177 caelum
1147 5128 1196 5175 et
1239 5131 1447 5176 terram.
1475 5121 1612 5192 Quia
1635 5122 1792 5193 juxta

194 5213 546 5286 Apostolum,
574 5213 755 5270 omnia
781 5214 830 5271 ei
860 5213 1190 5271 confitentur
1223 5233 1233 5267 :
1259 5228 1370 5269 non
1391 5213 1567 5269 solum
1598 5213 1795 5270 coeles-

194 5310 277 5366 tia
311 5323 374 5364 ac
398 5317 640 5374 terrena,
672 5323 862 5365 verum
891 5309 1055 5364 etiam
1089 5315 1143 5363 et
1171 5307 1382 5362 inferna
1412 5305 1675 5380 (Philipp.
1706 5305 1790 5378 ιι).

197 5398 273 5454 Ει
303 5397 544 5453 exultavit
575 5414 736 5453 cornu
763 5400 942 5473 pepuli
972 5399 1072 5454 sui.
1108 5397 1482 5454 Ecclesiastici
1511 5397 1719 5466 utique.

282 5495 523 5568 Hymnus
573 5497 804 5552 omnibus
831 5496 1022 5552 sanctis
1059 5497 1201 5567 eius,
1236 5494 1361 5565 ﬁliis
1390 5492 1556 5549 Israel
1602 5493 1797 5564 papula

198 5591 650 5663 appropinquanti
673 5592 794 5646 sibi.
825 5591 918 5646 His
948 5589 1238 5660 deputatur
1269 5587 1508 5645 cmlestis
1535 5587 1794 5659 hymnus,

200 5685 299 5754 qui
329 5682 384 5737 in
412 5697 478 5737 eo
505 5683 677 5738 sancti
709 5681 890 5738 effecti
914 5691 1040 5736 sunt
1066 5698 1080 5736 :
1109 5681 1200 5752 qui
1225 5696 1350 5737 eum
1380 5690 1563 5736 mente
1590 5677 1800 5749 conspi-

203 5777 361 5830 ciunt
385 5793 398 5830 :
421 5775 512 5847 qui
535 5776 653 5846 ejus
678 5774 800 5831 fidei
828 5773 1267 5846 appropinquant
1292 5791 1303 5826 :
1329 5787 1470 5844 quos
1492 5773 1561 5827 ab
1585 5785 1653 5828 eo
1681 5785 1800 5841 per-

208 5867 451 5926 versitas
483 5868 662 5942 iniqua
706 5881 815 5923 non
850 5873 1067 5936 separat
1104 5883 1114 5917 :
1149 5864 1240 5936 qui
1274 5878 1372 5920 nos
1404 5864 1658 5936 dignetur
1685 5870 1799 5918 tra-

1892 3368 2022 3422 terio
2050 3363 2285 3437 psallant
2313 3365 2379 3420 ei.
2403 3365 2618 3421 Chorus
2640 3365 2744 3420 iste
2770 3364 3041 3420 canticum
3070 3362 3253 3429 habet,
3273 3369 3328 3418 et
3349 3370 3491 3432 tym-

1892 3475 2124 3532 panum,
2157 3469 2211 3515 et
2250 3459 2569 3530 psalterium
2610 3458 2795 3515 habet.
2836 3455 3230 3528 Crueifigamus
3257 3468 3492 3524 corpora

1893 3565 2077 3612 nostra
2107 3553 2361 3622 Christo,
2411 3564 2466 3610 et
2509 3553 2603 3610 tali
2648 3562 2905 3626 tympano
2943 3563 3204 3608 canamus
3251 3548 3387 3605 Deo.
3430 3546 3491 3602 In

1892 3658 2150 3722 tympano
2189 3657 2244 3704 et
2280 3646 2540 3718 psalterio
2581 3645 2818 3716 psallant
2863 3645 2939 3701 ci.
2985 3643 3329 3715 Tympanum
3380 3654 3493 3696 non

1895 3742 2057 3797 habet
2097 3755 2348 3806 carnem,
2383 3738 2477 3795 sed
2513 3737 2734 3808 pellem.
2773 3737 2844 3792 Et
2883 3750 2986 3791 nos
3014 3733 3272 3806 quamdiu
3301 3729 3491 3788 carnei

1893 3847 2103 3898 Sllll'lllS,
2137 3845 2246 3886 non
2277 3843 2468 3883 sumus
2503 3837 2840 3898 tympanum.
2869 3825 3210 3897 Tympanum
3239 3836 3348 3877 non
3375 3829 3492 3888 εει,

1894 3924 1997 3978 nisi
2041 3921 2185 3992 quod
2230 3934 2342 3976 non
2387 3918 2586 3974 habeat
2634 3932 2828 3973 carnes
2862 3933 2876 3970 :
2911 3915 3019 3971 nisi
3048 3914 3192 3986 quod
3227 3912 3490 3969 tenditur.

1894 4014 2236 4086 Tympannm
2269 4026 2374 4068 non
2409 4018 2586 4082 potest
2610 4023 2731 4065 esse
2760 4016 3133 4075 contractum,
3165 4005 3261 4062 sed
3291 4013 3490 4060 exten-

1895 4121 2034 4163 sum.
2073 4107 2140 4162 Et
2163 4121 2264 4162 nos
2291 4112 2512 4177 peccata
2543 4118 2650 4159 non
2677 4102 3023 4170 contrahant,
3049 4099 3143 4156 sed
3169 4099 3376 4170 justitia
3409 4095 3491 4151 di-

1897 4199 2047 4254 latet.
2079 4199 2160 4254 Ad
2188 4199 2396 4269 reliqua
2430 4209 2837 4267 percurramus.
2872 4192 2937 4247 In
2971 4202 3216 4265 tympano
3257 4199 3304 4246 et
3346 4190 3490 4261 psal-

1897 4294 2030 4350 terio
2058 4293 2290 4365 psallant
2319 4293 2386 4347 ei.
2409 4290 2565 4359 Quod
2589 4291 2643 4344 in
2667 4289 2826 4343 choro
2850 4287 3104 4352 dicimus,
3121 4286 3222 4342 hoc
3242 4283 3494 4340 dicamus

1899 4385 1951 4440 in
1997 4383 2281 4454 psalterio.
2322 4381 2646 4438 Psalterium
2689 4379 2909 4450 proprie
2953 4390 3127 4450 genus
3171 4375 3360 4447 organi
3407 4382 3493 4430 est

1898 4475 2114 4544 musici,
2139 4475 2284 4545 quod
2310 4483 2395 4529 est
2418 4471 2572 4544 quasi
2603 4469 2835 4528 cithara.
2867 4467 3294 4526 Similitudinem
3325 4466 3492 4523 habet

1897 4569 2141 4636 citharae,
2173 4568 2266 4625 sed
2299 4583 2404 4623 non
2435 4576 2522 4622 est
2545 4565 2778 4622 cithara.
2812 4564 2958 4620 Inter
2986 4562 3304 4634 psalterium
3331 4571 3385 4618 et
3413 4562 3492 4617 ei-

1901 4663 2133 4731 tharam,
2167 4661 2272 4716 hoc
2303 4663 2527 4716 interest
2558 4676 2573 4715 :
2605 4657 2822 4713 Cithara
2866 4657 3123 4712 deorsum
3155 4655 3488 4727 percutitur:

1899 4765 2161 4811 caeterum
2189 4754 2508 4824 psalterium
2549 4766 2767 4808 sursum
2797 4750 3118 4820 percutitur,
3149 4747 3294 4819 quod
3317 4746 3492 4803 verba

1899 4847 2107 4919 vulgari
2135 4847 2336 4904 dicitur
2363 4845 2858 4919 polyphthongum.
2883 4843 3000 4900 Hoc
3020 4853 3106 4900 est
3129 4857 3262 4914 ergo
3289 4842 3492 4914 psalte-

1901 4939 2064 4994 rium.
2098 4939 2196 4994 Hic
2226 4953 2356 5010 ergo
2385 4935 2698 5009 prmeipitur
2727 4935 2907 5004 nobis,
2943 4944 3001 4991 ut
3027 4935 3080 4989 in
3111 4934 3324 4990 cantico
3349 4948 3494 4989 novo

1900 5047 2166 5091 canamus
2189 5033 2302 5090 Deo
2331 5051 2346 5089 :
2373 5047 2484 5089 non
2511 5031 2768 5089 deorsum
2799 5032 2868 5088 de
2897 5030 3142 5099 cithara,
3171 5028 3267 5087 sed
3296 5029 3494 5087 desur-

1900 5140 2044 5195 sum,
2076 5125 2182 5182 hoe
2206 5133 2312 5191 est,
2341 5124 2395 5180 in
2427 5123 2707 5196 psalterio.

1975 5218 2110 5287 Quia
2141 5219 2263 5274 bene
2288 5217 2542 5288 placitum
2567 5225 2639 5272 est
2679 5216 2904 5272 Domino
2943 5216 2996 5270 in
3043 5214 3244 5288 populo
3288 5229 3404 5279 suo,
3449 5223 3495 5268 et

1900 5310 2146 5367 exaltavit
2183 5319 2480 5364 mansuetos
2529 5310 2580 5363 in
2625 5308 2867 5363 salutem.
2908 5306 3062 5362 Beati
3103 5305 3272 5361 mites
3307 5323 3318 5359 :
3359 5317 3496 5375 quo-

1899 5403 2047 5460 niam
2077 5401 2178 5475 ipsi
2211 5401 2562 5472 possidebunt
2587 5409 2788 5456 terram
2817 5397 3035 5472 (Matth.
3068 5399 3149 5470 v).
3177 5398 3234 5456 Si
3263 5413 3393 5469 ergo
3420 5396 3497 5453 ibi

1902 5494 2124 5560 dicitur,
2155 5494 2299 5550 beati
2339 5493 2531 5558 mites,
2580 5491 2684 5546 hoe
2734 5498 2852 5556 est,
2897 5490 3165 5546 mansueti
3199 5487 3497 5560 :quonism

1905 5587 2260 5660 possidebunt
2281 5595 2504 5650 terram,
2521 5593 2577 5639 et
2601 5583 2688 5639 hic
2707 5583 2910 5641 dicitur
2931 5584 3175 5640 exultavit
3199 5590 3501 5638 niansuetos

1903 5681 1956 5734 in
1985 5677 2246 5734 salutem:
2275 5685 2331 5734 et
2356 5676 2448 5732 isti
2476 5675 2746 5731 mansueti
2786 5674 3105 5731 haereditate
3141 5669 3499 5744 possidebunt

1904 5779 2104 5826 terram
2133 5789 2144 5823 :
2173 5784 2304 5839 ergo
2335 5769 2436 5824 ista
2470 5776 2612 5824 terra
2637 5783 2748 5824 non
2777 5775 2861 5824 est
2881 5767 3160 5829 deorsum,
3184 5764 3282 5821 sed
3304 5766 3496 5819 desur-

1905 5879 2025 5920 sum
2055 5872 2159 5919 est.
2183 5858 2322 5928 Quid
2352 5861 2496 5917 enim
2519 5859 2684 5917 dicit?
2708 5859 2980 5918 Exaltavit
3001 5865 3312 5914 mansuetos
3334 5853 3388 5910 in
3411 5866 3498 5908 sa-
