4008 6336
487 298 624 354 1:267

1269 289 1616 349 APPENDIX
1656 288 1749 345 AD
1786 284 2031 347 TOMUM
2070 283 2424 348 SEPTIMUM
2459 286 2516 341 S.
2562 283 2969 343 HIEKONYMI.

3635 281 3767 340 iiiis

486 415 680 469 lutem.
711 412 768 470 Si
799 411 944 468 enim
973 408 1242 466 mansueti
1273 408 1431 465 istam
1465 416 1664 462 terram
1698 402 2077 474 possiderent,
2106 408 2158 468 Α
2184 400 2500 469 Salventur,
2544 402 2633 473 qui
2685 401 2887 455 inducti
2922 412 3047 457 sunt
3090 417 3119 455 a
3148 400 3304 456 malis
3332 399 3632 471 magistris.
3659 396 3767 452 Non

486 522 610 579 qua:
634 505 886 561 deorsum
919 512 1003 559 est
1028 521 1039 556 :
1065 516 1173 557 non
1199 501 1426 566 diceret,
1454 498 1736 554 exaltavit.

567 596 915 653 Exsultabunt
942 594 1108 649 sancti
1133 594 1186 647 in
1209 591 1401 665 gloria.
1434 590 1490 646 in
1523 604 1627 661 qua
1657 585 1870 661 gioria‘l
1900 594 2081 641 exsur-

483 710 572 766 ge,
606 691 774 764 gloria
806 705 951 759 mea,
985 705 1221 761 exsurge
1261 684 1575 758 psalterium
1612 696 1666 739 et
1704 681 1913 739 cithara
1944 697 1957 732 :
1985 693 2082 735 ex-

487 801 705 857 surgant
730 783 992 838 diluculo.
1027 782 1084 837 in
1115 797 1219 853 qua
1251 778 1462 854 gloria?
1502 775 1744 834 Necdum
1777 775 1923 829 enim
1965 780 2084 828 erat

485 879 713 947 spiritus
741 875 901 931 datus
925 892 939 929 :
966 875 1090 945 quia
1123 873 1281 929 .lesus
1316 871 1546 927 necdum
1590 876 1707 925 erat
1748 864 2081 936 glorificatus

488 969 675 1041 (Joan.
702 968 823 1040 vn),
853 966 958 1022 hoc
980 974 1085 1033 est,
1119 980 1223 1021 non
1256 973 1375 1020 erat
1394 960 1708 1017 crucifixus.
1733 957 2084 1014 Exsttltabunt

488 1062 656 1116 sancti
686 1062 739 1115 in
768 1059 958 1131 gloria.
1012 1060 1125 1115 Hoc
1166 1070 1299 1128 ergo
1324 1057 1450 1113 dico
1479 1073 1491 1110 :
1523 1053 1879 1111 exsultahunt
1908 1050 2081 1106 sancti

493 1155 550 1209 in
581 1168 762 1209 cruce.
786 1153 912 1207 Mihi
938 1161 1123 1213 autem
1149 1150 1290 1207 absit
1315 1146 1556 1221 gloriati,
1576 1147 1678 1205 nisi
1706 1147 1761 1207 in
1790 1159 1953 1202 cruce
1982 1145 2080 1198 Dn-

492 1248 626 1303 mini
660 1248 829 1301 nostri
860 1245 988 1301 Jesu
1016 1244 1218 1300 Citriin
1241 1241 1438 1313 (Galat.
1464 1241 1566 1314 v1).
1603 1241 1740 1297 Ecce
1770 1254 1905 1295 voce
1934 1242 2083 1309 Apo-

492 1340 619 1396 stnli
667 1337 947 1408 prophetia
990 1335 1257 1408 completa
1300 1342 1401 1391 est.
1434 1333 1701 1389 Ltetentur
1740 1332 1797 1387 in
1828 1330 2088 1385 cubilibus

491 1435 622 1489 suis.
659 1434 875 1489 Lavabo
906 1450 1002 1502 per
1026 1432 1267 1504 singulas
1300 1441 1491 1486 noctes
1524 1430 1718 1486 lectum
1757 1442 1938 1483 meum
1960 1469 1975 1491 ,
2009 1427 2089 1481 la-

496 1525 700 1598 crymis
734 1527 870 1580 meis
901 1534 1129 1581 stratum
1171 1539 1351 1580 meum
1377 1522 1586 1593 rigabo.
1618 1520 1758 1577 illud
1786 1518 2089 1590 peccatoris

498 1633 579 1676 cst
613 1639 627 1675 ε
660 1619 795 1675 illttd
834 1619 1151 1690 pmnitentis
1188 1627 1291 1672 est.
1336 1617 1451 1671 iioc
1489 1631 1620 1671 vero
1664 1613 1808 1689 quod
1838 1611 2042 1668 dicitur
2071 1628 2091 1667 :

496 1714 855 1770 Laetabuutur
884 1713 936 1766 in
969 1709 1245 1767 cubilibus
1275 1709 1408 1775 suis,
1452 1707 1521 1762 ad
1565 1708 1785 1762 sanctos
1818 1703 2087 1775 pertinet,

2181 501 2360 550 autem
2392 502 2617 571 possunt
2645 496 2828 571 populi
2859 494 3099 562 liberari,
3127 493 3227 549 nisi
3271 491 3519 565 magistri
3558 489 3769 561 obligati

2184 587 2401 646 fuerint.
2435 584 2589 645 Unde
2617 589 2863 661 sequitur
2896 606 2910 641 :

2254 681 2339 736 Ad
2375 680 2663 755 alligandos
2702 699 2848 757 reges
2888 699 3066 738 eorum
3092 681 3147 738 in
3171 681 3524 754 compedibus.
3561 675 3654 735 Vis
3680 693 3771 749 po-

2186 775 2367 845 pulum
2398 773 2667 829 liberare?
2696 776 2985 847 magistros
3016 774 3141 847 liga.
3176 773 3260 829 Ad
3287 771 3592 845 alligandos
3613 786 3772 845 reges.

2185 865 2301 922 Non
2345 868 2559 923 vocavit
2601 867 2911 940 magistros,
2948 867 3043 923 sed
3074 882 3237 942 reges.
3272 865 3523 943 Regnant
3549 865 3692 923 enim
3724 863 3779 923 in

2186 960 2442 1030 peccatis,
2486 971 2540 1017 et
2581 960 2813 1018 miseriis
2852 977 3066 1018 eorum.
3098 960 3181 1019 Ad
3204 959 3502 1034 alligandos
3525 976 3672 1033 reges
3695 975 3781 1014 eo-

2188 1070 2303 1107 rum
2324 1052 2378 1107 in
2398 1054 2748 1127 compedibus.
2773 1054 2918 1112 Bene
2939 1055 3164 1122 dixit,in
3186 1053 3513 1132 compedibus
3538 1069 3557 1109 :
3578 1070 3646 1110 ne
3671 1067 3781 1108 ma-

2187 1146 2339 1218 gistri
2372 1147 2598 1202 multum
2626 1157 2910 1205 currerent
2942 1169 2957 1203 z
2987 1164 3057 1205 ne
3082 1148 3282 1205 multos
3302 1146 3623 1218 deciperent
3650 1164 3665 1202 :
3688 1146 3781 1211 sed

2188 1240 2509 1313 colligentur
2534 1248 2589 1296 et
2613 1250 2777 1296 stent.
2815 1242 2878 1296 Et
2905 1240 3101 1297 nobiles
3141 1257 3317 1298 eorum
3356 1241 3410 1296 in
3439 1239 3653 1296 manicis
3683 1241 3785 1310 [er-

2188 1335 2309 1393 reis.
2360 1333 2578 1391 Nobiles
2615 1350 2802 1391 eorum
2832 1335 3018 1391 videas
3066 1336 3206 1391 inter
3246 1332 3539 1393 haereticos
3566 1332 3782 1389 dicere:

2191 1427 2297 1486 iste
2337 1430 2421 1485 vir
2457 1429 2650 1484 doctus
2689 1438 2774 1485 est
2806 1446 2818 1483 :
2855 1429 2948 1486 ille
2972 1429 3123 1502 signa
3152 1426 3284 1483 facit
3325 1446 3337 1479 :
3383 1426 3487 1485 iste
3512 1426 3789 1485 dmmones

2192 1522 2359 1594 ejicit.
2393 1519 2578 1579 Sancti
2608 1522 2841 1591 Domini,
2870 1524 2995 1594 quia
3028 1520 3231 1577 habent
3258 1516 3469 1594 gladios
3498 1519 3791 1591 ancipites,

2194 1614 2302 1670 hoc
2342 1623 2445 1682 est,
2492 1615 2721 1673 duorum
2768 1616 3028 1687 capitum,
3057 1623 3112 1670 et
3151 1611 3218 1669 de
3248 1610 3447 1681 veteri,
3473 1611 3621 1668 etde
3649 1625 3791 1667 noro

2199 1708 2570 1774 Testamento,
2614 1706 2781 1779 ligant
2829 1708 2953 1763 illos
3000 1707 3307 1781 magistros,
3353 1714 3405 1763 et
3449 1702 3797 1776 praepediant

495 1808 562 1860 ad
601 1807 779 1875 justus
812 1808 1067 1876 pertinet.
1100 1803 1231 1871 Quis
1260 1801 1329 1856 dc
1356 1800 1511 1856 nobis
1538 1799 1592 1854 in
1621 1798 1789 1855 cubili
1822 1812 1923 1852 suo
1943 1797 2096 1852 latta-
2126 1805 2177 1871 Β
2204 1801 2367 1872 pedes
2392 1801 2658 1873 ipsorum,
2689 1818 2756 1858 nc
2786 1803 2993 1872 possint
3020 1816 3267 1856 cut-rere.
3294 1795 3367 1876 Et
3395 1797 3590 1852 nobiles
3618 1813 3794 1851 eorum

497 1899 625 1954 turi
644 1898 777 1968 Quis
806 1913 913 1951 non
944 1904 1143 1968 pugnat
1164 1908 1286 1950 cum
1304 1907 1469 1948 carne
1491 1907 1583 1947 sua
1601 1891 1627 1945 ἲ
1652 1890 1764 1962 Ego
1784 1904 1906 1945 cum
1936 1907 1965 1942 e
1988 1888 2096 1944 lec-

498 1992 613 2043 tnlo
648 2003 769 2043 meo
805 1988 1119 2059 vigilavero,
1158 2001 1263 2040 non
1296 1986 1471 2049 laetor,
1498 1982 1593 2037 sed
1624 1996 1801 2053 pugno
1828 1997 1841 2033 :
1876 1995 1983 2035 non
2013 1994 2099 2034 re-

501 2099 666 2153 gnum
692 2083 955 2139 cmlorum
979 2082 1213 2154 suspiro,
1237 2079 1332 2136 sed
1354 2092 1474 2136 cum
1496 2092 1662 2134 carne
1686 2089 1885 2149 pugno.
1912 2073 2101 2130 incerto

503 2177 652 2229 dium
688 2174 872 2231 carnis
907 2176 1021 2245 rigo
1060 2173 1341 2245 lacrymis,
1385 2180 1441 2227 et
1468 2171 1772 2242 exstinguo.
1808 2167 2097 2238 Propterea

503 2267 745 2324 dicitur:
778 2268 998 2323 Lavabo
1039 2282 1135 2338 per
1159 2266 1401 2338 singulas
1435 2274 1623 2321 noctes
1649 2266 1845 2319 lectum
1876 2275 2057 2316 meum
2085 2276 2097 2312 :

503 2362 763 2433 lacrymis
781 2360 913 2414 meis
934 2370 1164 2415 stratum
1189 2374 1364 2414 meum
1391 2356 1578 2429 rigabo
1599 2354 1770 2430 (Psal.
1785 2351 1885 2424 Vi).
1911 2351 2101 2408 Lectu-

504 2455 592 2509 lus
626 2468 775 2508 meus
806 2452 898 2519 qni
942 2451 1095 2507 ardet
1136 2451 1357 2506 libidine
1380 2495 1393 2518 ,
1425 2449 1791 2520 exstinguitur
1828 2446 2100 2517 lacrymis.

503 2544 717 2601 Felices
747 2546 871 2613 isti,
903 2546 971 2600 de
992 2545 1187 2614 quibus
1210 2542 1408 2598 dicitur
1428 2561 1439 2594 :
1461 2540 1813 2598 Laetabuntur
1834 2542 1887 2594 in
1913 2538 2105 2594 cubilic

506 2640 608 2692 lills
630 2639 762 2692 suis.

585 2732 967 2788 Exsultaticnes
999 2730 1099 2787 Dei
1126 2732 1181 2786 in
1209 2739 1416 2803 gutture
1441 2746 1637 2785 eorum.
1658 2729 1852 2801 Utique
1874 2729 1964 2803 qui
1992 2727 2107 2784 cla-

505 2835 639 2889 mat,
684 2840 791 2879 non
831 2825 883 2878 in
928 2832 1145 2893 gutture
1178 2826 1398 2887 clamat,
1442 2822 1537 2878 sed
1576 2821 1630 2878 in
1663 2822 1788 2878 labii
1827 2861 1839 2874 .
1878 2821 1944 2875 Et
1971 2834 2105 2891 quo—

503 2918 671 2973 modo
699 2917 847 2982 dicit,
880 2914 1264 2972 Exsultationes
1298 2913 1394 2970 Dei
1416 2916 1470 2970 in
1498 2924 1706 2987 gutture
1732 2915 1957 2970 eorum?
1984 2914 2107 2970 Cia-

508 3018 723 3065 ntantes
747 3011 800 3064 in
832 3010 1086 3064 cordibus
1118 3010 1339 3075 noswis,
1371 3008 1530 3079 abba,
1566 3020 1720 3078 pater
1746 3007 1926 3075 (Rom.
1960 3007 2102 3076 vut).

2202 1871 2255 1948 in
2284 1871 2498 1948 manicis
2537 1894 2737 1967 ferreis.
2773 1871 2987 1965 Ligant,
3022 1909 3129 1947 non
3168 1871 3460 1958 occidunt;
3493 1904 3598 1944 nco
3630 1888 3797 1944 inter-

2206 1986 2413 2058 ficiunt,
2457 1986 2552 2045 sed
2595 1986 2783 2060 ligant.
2818 1986 3069 2043 Vinciuut
3098 2002 3310 2052 manus,
3345 1995 3395 2039 et
3425 1983 3669 2055 captivos
3697 1982 3797 2038 du-

2202 2090 2330 2135 cunt
2361 2078 2425 2135 ad
2458 2076 2758 2136 Ecclesium
2789 2080 3020 2137 vinculis
3049 2078 3262 2137 ferreis.
3291 2077 3515 2134 Catena:
3542 2077 3659 2131 ista:
3689 2092 3795 2134 non

2205 2171 2360 2243 ﬁunt,
2403 2173 2507 2230 nisi
2551 2173 2619 2231 de
2659 2174 2983 2230 testimoniis
3013 2172 3415 2242 Scripturarum
3450 2190 3462 2227 ε
3493 2170 3617 2227 dum
3652 2171 3799 2225 testi-

2207 2265 2445 2321 monium
2473 2266 2640 2338 jungo
2667 2267 3000 2323 testimonio.
3034 2265 3092 2322 Si
3129 2265 3215 2321 vis
3243 2272 3298 2320 ut
3329 2280 3434 2319 non
3477 2273 3801 2333 rumpantur

2207 2361 2323 2416 istm
2350 2367 2578 2424 catenar,
2608 2373 2713 2413 non
2759 2358 2867 2414 sint
2892 2356 3191 2428 simplices,
3226 2354 3319 2411 sed
3356 2354 3482 2410 hinc
3514 2354 3639 2409 inde
3668 2369 3800 2409 con-

2208 2458 2371 2508 textae
2425 2470 2436 2507 :
2482 2449 2783 2507 Funicufus
2824 2451 2966 2506 enim
2998 2450 3189 2524 triplex
3224 2465 3327 2505 non
3358 2446 3647 2521 rumpitur.
3690 2445 3803 2502 Hoc

2207 2554 2387 2601 autem
2414 2551 2581 2599 totum
2611 2558 2778 2615 quare
2803 2542 2905 2598 fit?

2284 2637 2352 2693 Ut
2393 2637 2593 2710 faciant
2630 2638 2683 2691 in
2722 2638 2795 2691 eis
2827 2636 3086 2710 judicium
3128 2637 3493 2711 conscriptum.
3536 2635 3675 2706 Quid
3713 2646 3797 2694 est

2203 2730 2467 2800 judicium
2514 2729 2923 2800 conscriptum?
2962 2726 3028 2786 Ut
3078 2729 3167 2805 qui
3211 2729 3440 2802 primum
3472 2738 3800 2801 negaverant

2212 2823 2402 2891 Deum,
2434 2830 2773 2878 revertantur
2797 2830 2981 2895 postea
3010 2821 3074 2877 ad
3106 2823 3501 2893 paenitentiam.
3530 2821 3802 2878 Iudicium

2209 2915 2596 2989 conscriptum,
2631 2923 2685 2970 ut
2718 2916 2960 2985 captivos
2991 2931 3116 2970 suos
3144 2915 3378 2978 solvant,
3419 2924 3477 2969 ut
3505 2930 3644 2985 quos
3674 2915 3803 2987 liga-

2211 3016 2421 3076 verunt,
2469 3015 2527 3064 et
2562 3023 2700 3079 quos
2746 3008 2813 3063 ab
2858 3007 3097 3064 Ecclesia
3137 3008 3425 3083 duxerant,
3467 3010 3519 3063 in
3567 3007 3808 3064 Ecclesia

505 3101 626 3157 Vox
668 3114 787 3173 qua:
824 3101 1027 3157 clamat
1058 3101 1125 3155 ad
1153 3101 1323 3156 Deum
1348 3145 1363 3169 ,
1407 3117 1513 3157 nan
1547 3110 1628 3156 est
1672 3099 1935 3155 labiorum
1964 3141 1979 3165 ,
2010 3099 2103 3155 sed
2142 3172 2176 3179 _
2212 3110 2401 3172 postea
2429 3100 2745 3157 dissolvant.
2789 3099 2856 3161 Ut
2885 3102 3079 3175 faciant
3116 3110 3170 3158 tu
3200 3102 3270 3159 eis
3288 3101 3551 3179 judicium
3582 3103 3810 3157 conscri-

505 3172 697 3250 cordis
717 3205 819 3250 est.
854 3194 1093 3265 Denique
1120 3194 1252 3249 dicit
1282 3194 1539 3250 Dominus
1566 3194 1631 3250 ad
1668 3195 1879 3267 .lloyseu
1915 3210 1931 3249 :
1964 3190 2104 3261 Quid
2131 3172 2177 3238 (ἶ
2211 3202 2376 3264 ptum.
2424 3191 2614 3248 Verbis
2657 3172 3078 3263 simplicioribus
3121 3172 3333 3267 loquor,
3367 3195 3469 3250 hoc
3498 3205 3605 3259 est.
3639 3205 3699 3250 ut
3725 3196 3805 3251 sic

505 3286 711 3341 clamas
739 3286 805 3341 ad
838 3301 924 3341 me
949 3285 1146 3355 (Enati.
1176 3286 1330 3356 xiv)?
1352 3285 1512 3343 Certe
1539 3286 1750 3360 Moyses
1789 3286 1923 3342 nihil
1953 3286 2107 3343 dise-

506 3387 611 3433 rat.
657 3378 719 3432 Et
769 3379 933 3451 gladii
978 3381 1229 3447 ancipites
1249 3381 1300 3433 in
1330 3378 1567 3435 manibus
1593 3394 1787 3435 eorum.
1815 3378 1984 3446 istud,
2014 3380 2113 3448 qui

510 3472 785 3526 exsultant
829 3471 882 3526 in
928 3471 1194 3527 cubilibus
1238 3472 1369 3532 suis.
1424 3473 1493 3527 de
1534 3474 1736 3528 sanctis
1779 3471 1999 3539 dicitur,
2042 3472 2112 3531 de

510 3563 767 3631 perfedtis
796 3562 925 3618 viris
952 3561 1174 3627 dicitur,
1203 3564 1333 3634 quid
1363 3563 1561 3620 habent
1588 3565 1733 3620 aliud
1751 3566 1777 3619 ?
1807 3564 1872 3620 Et
1902 3565 2111 3636 gladios

513 3657 777 3729 ancipites
820 3660 875 3713 in
915 3660 1163 3715 manibus
1193 3661 1327 3715 suis.
1358 3658 1532 3716 Gladii
1560 3671 1871 3716 sanctorum
1899 3664 2110 3735 ancipi-

513 3758 596 3805 tes
639 3759 782 3805 sunt.
833 3748 1086 3821 Legimus
1130 3751 1183 3805 in
1226 3748 1552 3825 Apocalypsi
1599 3750 1849 3821 Joannis,
1894 3771 2015 3826 qua?
2056 3752 2109 3812 in

512 3844 774 3901 Ecclesiis
806 3844 1023 3915 legitur,
1051 3853 1106 3900 et
1134 3843 1394 3916 recipitur
1413 3846 1611 3919 (neque
1640 3849 1783 3903 enim
1816 3848 1958 3904 inter
1981 3863 2114 3919 apo-

512 3936 746 4007 cryphas
772 3934 1088 4005 Scriptoras
1108 3935 1355 4001 habetur.
1377 3936 1474 3994 sed
1501 3936 1642 3994 inter
1666 3938 2111 4013 ecclesiasticas),

514 4026 718 4082 dicitur
762 4041 892 4097 ergo
934 4025 1007 4080 ibi
1044 4027 1112 4082 de
1144 4027 1375 4084 Domino
1418 4029 1705 4086 Salvatorc
1737 4050 1748 4084 :
1787 4032 1852 4087 Et
1877 4031 2110 4103 gladius,

511 4116 714 4189 inquit,
748 4128 815 4173 ex
854 4126 1082 4189 utraque
1113 4126 1262 4193 parte
1291 4130 1481 4176 acutus
1512 4122 1896 4194 egrediebatur
1921 4124 1989 4181 de
2017 4138 2114 4183 ore

515 4209 637 4280 ejus
665 4210 850 4284 (Apoc.
898 4211 961 4282 t).
1012 4210 1171 4269 Vides
1218 4226 1350 4285 ergo
1395 4215 1538 4285 quod
1586 4216 1672 4270 isti
1704 4216 1881 4299 sancti;
1903 4216 2117 4288 gladios

515 4305 653 4360 istos
683 4302 968 4375 ancipites,
1000 4316 1134 4376 quos
1167 4304 1367 4362 habent
1395 4305 1450 4361 in
1486 4308 1753 4375 manibus,
1786 4308 1857 4365 de
1886 4320 1983 4366 ore
2005 4309 2113 4367 Do-

516 4394 656 4451 mini
684 4405 1038 4469 snsceperunt
1057 4397 1083 4451 ἲ
1115 4397 1374 4453 Dominus
1403 4412 1531 4471 ergo
1560 4399 1769 4471 gladios
1796 4400 1866 4458 de
1896 4415 1992 4458 ore
2017 4416 2117 4459 suo

520 4488 688 4542 donat
715 4488 917 4544 sanctis
943 4489 1075 4544 suis.
1106 4486 1354 4545 Gladium
1386 4489 1702 4563 ancipitem,
1733 4490 1840 4549 hoc
1866 4502 1973 4562 est,
2001 4508 2120 4551 ser-

517 4590 739 4635 monem
768 4579 1030 4636 doctrinae
1056 4594 1190 4636 sure.
1231 4580 1480 4639 Gladium
1507 4553 1818 4655 ancipitem,
1848 4594 1903 4642 et
1927 4553 2122 4643 secun-
2144 4553 2197 4616 υ

519 4670 652 4725 dum
698 4669 1002 4737 historiam,
1034 4680 1089 4728 et
1127 4673 1426 4729 secundum
1468 4673 1806 4745 allegoriam,
1835 4687 1889 4733 et
1925 4692 2119 4735 secun-

521 4762 652 4819 dum
674 4763 932 4833 litteram,
957 4766 1012 4819 et
1035 4766 1331 4821 secundum
1354 4767 1625 4837 spiritum.
1643 4767 1870 4826 Gladius
1890 4771 1992 4827 iste
2015 4787 2117 4828 an-

521 4869 675 4929 ceps,
691 4857 799 4913 duo
818 4856 994 4930 capita
1010 4857 1191 4925 habet,
1211 4868 1265 4915 et
1280 4859 1349 4916 de
1367 4862 1619 4931 prtrscntl
1638 4862 1839 4919 saeculo
1860 4864 2115 4938 loquitur,

522 4952 668 5007 etde
688 4949 890 5007 futuro.
918 4951 984 5006 Et
1005 4950 1091 5007 hic
1109 4951 1309 5007 occidit
1323 4954 1687 5021 adversarios,
1700 4965 1753 5011 et
1766 4957 1819 5013 in
1836 4957 1973 5014 coelo
1990 4973 2121 5029 ape-

523 5043 597 5098 rit
612 5052 774 5115 regna
796 5044 1080 5100 castorum.
1095 5042 1318 5101 Gladios
1347 5046 1484 5103 istos
1514 5058 1682 5119 quare
1700 5048 1899 5107 habent
1914 5050 2125 5109 sancti?

596 5136 680 5189 Ad
706 5136 998 5206 faciendam
1020 5137 1317 5207 uindictam,
1347 5138 1542 5211 inquit,
1574 5140 1630 5196 in
1656 5140 1970 5200 nationibus.
2002 5141 2049 5200 Ο
2074 5142 2119 5203 si

524 5236 632 5297 ego
658 5227 898 5298 gladium
920 5228 1082 5284 istum
1109 5229 1398 5301 ancipitem
1426 5228 1632 5289 habere
1659 5244 1897 5305 possem,
1922 5235 2121 5294 11111111-

522 5317 725 5401 dictam
766 5319 945 5376 facere
979 5330 1195 5392 possem
1223 5321 1277 5378 in
1308 5324 1615 5381 nationibus
1647 5342 1663 5384 :
1689 5336 1879 5398 gentes
1905 5340 2119 5401 possem

520 5400 835 5467 interﬁcere
875 5428 892 5465 ε
937 5412 1126 5469 Arium
1164 5426 1380 5484 possent
1426 5432 1441 5471 :
1483 5414 1809 5475 Eunomium
1849 5400 2067 5495 possem
2103 5432 2119 5477 ε

523 5503 883 5558 Manicheum
913 5516 1127 5575 possem
1152 5524 1165 5561 :
1195 5508 1477 5566 universas
1503 5510 1744 5568 ἣξει-εδει
1771 5517 2018 5585 possem!
2052 5516 2120 5572 Et

520 5595 710 5651 videto
734 5594 864 5666 quid
894 5596 1041 5652 dicat
1073 5614 1087 5652 :
1121 5598 1201 5653 Ad
1232 5600 1526 5672 faciendam
1552 5602 1834 5660 vindictam
1858 5604 1911 5660 in
1940 5609 2113 5663 natio-

522 5684 693 5740 nibus.
722 5685 793 5742 Ut
819 5687 1161 5760 occidantur,
1189 5698 1245 5746 et
1274 5692 1532 5763 pereant?
1562 5695 1677 5752 Non
1708 5695 1811 5754 hoc
1838 5696 1989 5755 dicit.
2023 5699 2118 5757 ln-

525 5780 843 5849 crcputiones
866 5780 920 5835 in
947 5784 1171 5852 populis.
1206 5783 1475 5857 increpat,
1501 5796 1557 5844 ut
1586 5790 1864 5849 solventur
1907 5794 2114 5865 populi.

2208 3301 2303 3343 eos
2326 3285 2590 3357 judicent,
2613 3287 2885 3363 quomodo
2907 3289 2959 3343 in
2988 3288 3281 3359 Scripturis
3306 3290 3506 3346 sanetis
3530 3289 3798 3361 digestum

2208 3387 2311 3434 est.
2356 3376 2538 3434 Gloria
2579 3376 2687 3435 lucc
2730 3386 2803 3434 est
2845 3380 3083 3435 omnibus
3122 3381 3313 3437 sanctis
3353 3385 3488 3457 ejus.
3538 3380 3680 3439 Vere
3706 3398 3810 3445 non

2208 3472 2377 3543 gloria
2424 3482 2530 3539 est,
2578 3473 2665 3528 ttbi
2713 3483 2796 3530 est
2840 3489 3053 3542 aurum,
3099 3475 3188 3531 ubi
3233 3485 3319 3532 est
3360 3488 3673 3553 argentum,
3712 3478 3803 3537 ubi

2210 3581 2459 3638 gemmzr,
2490 3566 2580 3622 ubi
2608 3567 2927 3625 vestimenta
2962 3578 3085 3625 sunt
3112 3570 3306 3626 serica.
3337 3568 3679 3647 Quicumque
3712 3572 3809 3627 ha-

2214 3657 2306 3714 bet
2329 3658 2463 3714 istos
2485 3657 2713 3729 gladios,
2738 3658 2865 3729 quid
2889 3659 3052 3718 habet
3077 3661 3220 3717 aliud
3249 3664 3661 3723 necessarium?
3686 3664 3814 3720 Vide

2212 3750 2340 3821 quid
2379 3750 2507 3805 dicit
2539 3769 2550 3803 :
2580 3748 2765 3805 Gloria
2805 3752 2913 3807 lucc
2942 3762 3021 3808 est
3058 3754 3294 3812 omnibus
3320 3756 3516 3813 sanctis
3545 3757 3681 3832 ejus.
3710 3756 3815 3812 Ro-

2213 3859 2405 3915 gemus
2431 3844 2625 3912 Deum,
2656 3857 2712 3901 ttt
2744 3847 2884 3904 hanc
2914 3846 3205 3904 habeamus
3235 3849 3462 3922 gloriam
3491 3870 3501 3903 :
3531 3863 3586 3906 ut
3606 3851 3818 3926 gladius

2216 3938 2283 3994 de
2324 3953 2420 3996 ore
2459 3941 2627 3995 nostri
2670 3939 2970 3997 Salvatoris
3017 3940 3325 4015 egrediens,
3380 3952 3561 3999 armet
3603 3955 3819 4003 nostras

2218 4045 2429 4087 manus.
2474 4030 2577 4101 Qui
2622 4030 2762 4089 hanc
2790 4033 3123 4104 romphaeam
3151 4034 3336 4103 habet,
3367 4035 3550 4095 satculi
3579 4034 3817 4108 gladium

2219 4139 2325 4180 non
2358 4124 2530 4182 timet.
2561 4125 2697 4182 Rem
2727 4125 2882 4182 vobis
2908 4127 3031 4184 dico
3062 4143 3257 4184 novam
3294 4146 3303 4180 :
3340 4124 3689 4209 Frequenter
3711 4129 3820 4201 giae

2218 4216 2342 4273 dius
2364 4216 2524 4273 istius
2543 4217 2729 4273 szeculi
2755 4217 2992 4274 concidit
3019 4219 3165 4275 illum
3193 4218 3450 4290 gladium.
3479 4219 3820 4291 Frequenter

2219 4308 2422 4375 evenit,
2455 4317 2516 4365 ut
2546 4308 2730 4366 saeculi
2759 4310 2973 4382 gladius
3003 4311 3170 4368 donet
3197 4311 3352 4367 nobis
3383 4311 3535 4369 illum
3557 4312 3818 4385 gladium.

2220 4403 2279 4461 Si
2325 4404 2469 4460 enim
2513 4406 2677 4461 istum
2720 4406 3090 4476 timuerimus,
3138 4407 3287 4463 illum
3324 4423 3433 4465 non
3467 4410 3823 4482 accipiemus.

2221 4494 2436 4552 Gratias
2462 4496 2625 4569 igitur
2647 4511 2873 4570 agamus
2898 4498 2948 4554 ei
2975 4499 3067 4572 qui
3099 4497 3262 4555 habet
3287 4498 3450 4556 istum
3474 4501 3740 4573 gladium,
3771 4510 3828 4567 et

2224 4584 2607 4645 bettedicamus
2637 4604 2761 4647 eum
2790 4588 2843 4646 in
2872 4590 3070 4649 saecula
3097 4591 3447 4650 saeculorum.
3476 4593 3679 4652 Amen.

2798 4701 3113 4765 PSALMUS
3137 4701 3245 4763 CL.

2224 4789 2473 4849 Alleluia.
2507 4792 2615 4853 iste
2656 4793 2899 4871 psalmus
2931 4795 3073 4855 tertii
3091 4798 3555 4871 Δ(ιιιὶῃειιιιιςθιιεηζίἱ
3584 4799 3833 4859 continet

2297 4874 2716 4941 sacramentum,
2746 4865 2797 4919 id
2827 4872 2930 4941 est,
2966 4865 3472 4941 quod‘primus'per
3493 4868 3831 4940 baptismum

2296 4944 2352 4989 et
2390 4936 2760 5010 paenitentiam
2807 4937 2874 4992 ad
2914 4936 3386 5010 innocentiaanos
3408 4936 3705 5010 regenerat
3730 4943 3832 4996 bo-

2301 5007 2788 5096 πξξιῐῐιξξεσξψξξὶυετ
2806 5009 3214 5096 Patimini“?!
3240 5007 3836 5096 σςμςιυωῖίσιηοςοηιίε

2300 5076 2710 5162 comprehendit
2736 5097 2747 5133 :
2773 5076 2989 5149 tertius,
3008 5082 3223 5155 expleta
3244 5081 3700 5143 divinmcivitatis
3711 5084 3835 5140 tedi-

2302 5144 2573 5226 flcattone,
2604 5157 2658 5204 et
2683 5162 3053 5226 consummata
3094 5152 3335 5226 omnium
3366 5163 3685 5226 sanctorum
3712 5169 3831 5226 spe,

2302 5220 2384 5297 ad
2425 5221 3147 5297 teternam__gratulationem
3195 5221 3677 5297 laudationemque
3727 5220 3832 5281 nos

2299 5290 2635 5349 exhortatur.
2665 5290 2759 5349 Ait
2781 5294 2928 5348 enim
2959 5310 2972 5347 :

2302 5425 2532 5483 Laudate
2565 5422 2843 5483 Dominum
2870 5428 2923 5487 in
2953 5429 3145 5485 sanctis
3172 5430 3301 5504 ejus.
3332 5430 3439 5501 Qui
3460 5446 3557 5488 eos
3588 5442 3712 5507 post
3736 5446 3834 5487 cc-

2227 5520 2494 5577 iebralttm
2534 5520 2819 5593 judicium,
2866 5522 2919 5578 in
2963 5520 3281 5583 teternitatis
3306 5523 3477 5597 gloria
3506 5522 3828 5583 collocauit.

2225 5612 2463 5668 Landate
2503 5629 2618 5667 cum
2661 5614 2716 5667 in
2762 5615 3087 5684 ﬁrmamento
3128 5615 3333 5675 virtutis
3375 5618 3515 5690 ejus.
3561 5616 3641 5673 Eo
3680 5614 3828 5688 quod

2224 5706 2370 5761 omni
2420 5700 2737 5762 infirmitate
2776 5704 3006 5773 sublata,
3055 5704 3455 5767 firmamentum
3489 5707 3574 5765 bis
3603 5717 3829 5764 aeterna

2224 5796 2436 5857 virtutis
2467 5798 2755 5856 invexerit.
