4008 6336
211 288 234 344 1
244 286 343 341 ἓῢθ

1034 281 1355 346 SECUNDA
1398 281 1766 342 EXI’OSITIO
1804 283 2030 349 SUPER
2072 283 2402 342 PSALMUM
2442 280 2652 342 CXlX.

3354 283 3495 341 1270

271 401 504 458 Laudare
542 418 658 458 eum
690 402 740 456 in
770 400 1046 458 virtutibus
1071 403 1208 472 ejus.
1252 399 1358 456 Pro
1387 415 1454 462 eo
1478 400 1621 472 quod
1650 415 1794 456 mor-
1820 401 1870 466 Α
1899 400 2278 460 abstinentiam
2322 402 2539 460 retortis
2577 402 2903 472 visceribus,
2936 404 3498 474 concupiscentiisque

205 505 306 552 tem
349 494 756 554 immortalitate
802 493 1169 563 potentialiter
1204 507 1553 562 consumens,
1593 494 1795 550 incom-

203 587 472 644 mutabilis
502 587 622 642 νίιευ
654 588 735 641 eis
766 585 1011 642 tribuerit
1039 585 1265 656 gloriam
1301 605 1316 642 :
1347 602 1508 658 quam
1541 602 1640 642 nec
1668 601 1798 646 ocu-

200 683 281 746 lus
310 683 464 749 vidit,
496 697 595 740 nec
619 684 766 739 auris
786 681 1008 748 audivit,
1037 696 1135 737 nec
1157 680 1208 736 iit
1232 695 1326 738 cor
1349 680 1583 736 hominis
1606 695 1794 738 ascen-

199 775 274 834 dit
313 774 356 848 (l
384 773 503 831 Cor.
549 776 632 847 tt).
677 774 911 830 Laudate
946 791 1061 830 eum
1089 775 1370 830 secundum
1409 772 1796 828 multitudinem

200 866 568 940 magnitudinis
601 869 735 940 ejus.
774 866 908 935 Quia
953 865 1248 922 multifario
1279 866 1484 922 bonore
1511 866 1794 924 distinctas

196 957 495 1014 caelestium
535 973 825 1030 corporum
866 958 1087 1029 deputat
1129 958 1455 1024 mansioites,
1499 959 1639 1014 sicut
1682 958 1790 1014 Do-

195 1050 372 1106 minus
411 1052 488 1106 ait
531 1069 544 1108 :
591 1050 748 1122 Apud
790 1051 1006 1108 Patrem
1047 1067 1224 1107 meum
1269 1052 1448 1108 multae
1486 1052 1795 1111 mansiones

196 1152 326 1201 sunt
357 1143 540 1214 (Joan.
577 1144 713 1216 xw).

264 1234 503 1292 Laudate
545 1253 658 1292 eum
689 1237 740 1292 in
768 1253 896 1292 sono
927 1237 1079 1292 tubae.
1113 1237 1169 1293 1η
1201 1252 1310 1308 quo
1342 1237 1484 1294 bello
1514 1237 1677 1293 occisi
1711 1239 1790 1294 vi-

193 1341 389 1388 cerunt
434 1349 448 1386 :
500 1340 817 1388 conterente
857 1331 1092 1387 Domino
1131 1331 1384 1387 Satanam
1428 1331 1529 1386 sub
1568 1331 1796 1401 pedibus

193 1440 404 1482 eorum.
437 1424 679 1480 Laudate
708 1441 826 1480 eum
855 1425 909 1478 in
937 1423 1188 1494 psalterio
1216 1433 1264 1479 et
1293 1423 1512 1478 cithara.
1548 1425 1625 1478 Eo
1650 1424 1794 1495 quod

192 1521 270 1576 eis
305 1519 385 1574 vel
429 1519 497 1574 de
537 1519 676 1574 ctelo
706 1518 981 1576 canticum
1015 1517 1146 1588 legis
1178 1518 1402 1589 implere
1433 1517 1748 1588 prmstiterit
1777 1535 1790 1572 :

192 1613 273 1668 vel
305 1622 427 1683 post
468 1611 846 1666 mortilicatam
886 1625 1102 1666 carnem
1148 1610 1326 1684 (Rom.
1365 1611 1480 1682 xvi)
1505 1653 1520 1679 ,
1560 1627 1680 1684 quae
1711 1613 1792 1668 ci-

194 1706 347 1763 tbara
378 1708 662 1779 accipitur,
680 1707 732 1762 in
757 1723 815 1762 se
843 1708 1216 1764 viviticaverit.

1897 493 2088 550 evictis
2128 495 2458 563 carnalibus,
2509 495 2655 565 digni
2688 495 2888 550 inventi
2920 505 3046 552 sunt
3085 510 3251 566 regno
3283 497 3399 564 Dei,
3431 494 3498 550 ad

1896 585 2262 642 concinendas
2289 585 2500 642 divinas
2533 586 2742 644 laudes.

1968 678 2200 734 Laudate
2238 696 2352 734 eum
2390 681 2440 736 in
2472 680 2721 751 cymbalis
2751 680 2874 737 bene
2903 683 3206 738 sonantibus
3238 697 3256 738 :
3288 681 3496 738 laudate

1895 789 2010 828 eum
2051 774 2102 828 in
2129 773 2377 844 cymbalis
2403 772 2527 834 bene
2551 774 2909 830 tiuuientibus.
2947 775 3203 845 lmpletur
3233 775 3348 832 haec
3377 775 3498 836 laus

1895 862 1952 921 in
1998 866 2264 937 cymbalis
2309 865 2446 923 bene
2492 867 2814 924 sonantibus
2858 867 3392 938 exsultantibusque,
3434 881 3503 924 eo

1895 958 2040 1029 quod
2070 960 2425 1030 corruptione
2453 960 2634 1015 carnis
2663 960 3050 1032 sanguinisque
3096 961 3342 1032 depulsa,
3370 975 3501 1020 con-

1895 1049 2110 1108 formati
2157 1050 2225 1108 ad
2273 1052 2562 1122 imaginem
2609 1051 2919 1119 Creatoris,
2971 1055 3118 1110 omni
3165 1055 3502 1126 plenitudine

1895 1143 2010 1214 spei
2049 1143 2338 1210 completa.
2381 1143 2524 1201 sicut
2562 1145 2641 1199 sol
2680 1143 3065 1214 resplendeant
3101 1145 3154 1202 in
3197 1160 3364 1216 regno
3404 1145 3502 1211 Dei

1897 1233 2074 1290 Patris
2103 1235 2512 1304 omnipotentis.
2541 1233 2720 1291 Omnis
2747 1236 2966 1305 spiritus
2990 1235 3167 1294 laudet
3191 1234 3496 1294 Dominum.

1895 1326 1956 1383 In
1997 1329 2101 1383 boc
2135 1342 2268 1398 ergo
2298 1344 2468 1398 regno
2497 1345 2607 1384 non
2637 1345 2786 1397 caro,
2823 1346 2930 1385 non
2974 1331 3216 1401 sanguis,
3249 1346 3356 1388 non
3381 1346 3506 1388 cor-

1896 1423 2114 1492 ruptio,
2166 1422 2263 1478 sed
2311 1421 2474 1478 homo
2515 1423 2626 1493 jam
2679 1425 2976 1494 spiritualis
3024 1434 3172 1481 totus
3215 1423 3439 1480 effectus
3489 1441 3502 1480 :

1900 1513 2067 1569 Deum
2112 1513 2165 1568 in
2205 1515 2398 1584 spiritu
2430 1513 2543 1584 (qui
2573 1523 2656 1570 est
2698 1513 2948 1587 spiritus)
2979 1515 3199 1572 laudare
3226 1530 3332 1570 non
3361 1514 3506 1574 desi-

1898 1615 2009 1664 nat.
2051 1607 2152 1675 Qui
2201 1607 2359 1664 nobis
2405 1615 2668 1676 praestare
2699 1608 2970 1679 dignetur,
3005 1617 3062 1663 ιιι
3091 1611 3142 1663 in
3174 1607 3276 1663 hoc
3303 1606 3506 1668 saeculo

1897 1703 2131 1758 factores
2163 1701 2296 1772 legis
2321 1699 2522 1766 effecti,
2557 1700 2610 1758 in
2644 1701 2802 1772 bujus
2829 1702 2955 1758 vitae.
2987 1717 3157 1771 agone
3191 1700 3426 1772 probati,
3449 1709 3505 1756 et

261 1798 502 1855 Laudato
547 1816 662 1854 eum
703 1801 754 1853 in
804 1808 1052 1870 tympano
1099 1810 1146 1855 et
1185 1798 1366 1856 choro.
1412 1799 1468 1856 ln
1512 1808 1789 1872 tympano,
1825 1789 1868 1849 Β
1899 1796 2085 1852 tideles
2129 1793 2358 1860 inventi,
2401 1793 2774 1863 spiritualibus
2793 1793 2946 1852 ditati
2972 1793 3259 1860 fructibus,
3286 1793 3370 1848 bis
3393 1807 3504 1854 me~

190 1894 337 1964 quod
386 1893 768 1948 mortiﬁcatum
819 1908 1022 1962 corpus
1060 1893 1130 1948 sit
1177 1891 1584 1948 immortalitate
1625 1891 1796 1946 dona-

188 1994 324 2042 tum.
378 1985 434 2042 ln
472 1987 663 2055 choro,
697 1988 839 2058 quod
880 1987 1060 2042 eboris
1102 1987 1171 2042 sit
1215 1986 1473 2055 angelicis
1501 1985 1790 2041 sociatum.

187 2077 428 2135 Laudate
454 2095 570 2135 eum
596 2079 651 2134 in
681 2079 885 2134 chordis
914 2089 961 2134 et
998 2095 1214 2152 organo.
1247 2077 1401 2146 Quod
1431 2092 1526 2148 per
1549 2076 1794 2134 ciborum

1895 1903 2112 1944 reamur
2155 1885 2369 1958 adjuagi
2410 1886 2844 1944 concinentibus.
2893 1885 3000 1956 lpsi
3029 1886 3202 1956 gloria
3231 1897 3283 1942 et
3317 1887 3486 1956 impe-

1897 1981 2034 2036 rium
2081 1995 2204 2034 cum
2257 1988 2469 2034 aeterno
2519 1978 2678 2038 Patre
2724 1986 2780 2036 et
2824 1978 3032 2049 Spiritu
3075 1986 3303 2045 sancto,
3350 1986 3407 2033 et
3445 1978 3501 2042 in

1899 2085 2093 2132 cuncta
2123 2074 2324 2131 saecula
2355 2073 2704 2130 saeculorum.
2736 2074 2933 2132 Amen.

212 2278 3500 2306 __________________________________________——————-

434 2446 995 2558 SECUNDA
1072 2473 1710 2564 EXPOSITIO
1787 2474 2176 2560 SUPER
2263 2475 2818 2562 PSALMUM
2897 2475 3238 2562 CXIX.

259 2903 563 2960 Veniamus
593 2902 658 2958 ad
682 2902 950 2974 psalmum
980 2902 1070 2972 qui
1100 2911 1222 2972 post
1243 2900 1604 2974 centesimum
1632 2899 1789 2974 deci-

187 2991 342 3032 mum
373 2983 626 3029 ortavum
663 2972 930 3044 psalmum
960 2974 1138 3028 lectus
1177 2982 1281 3028 est.
1311 2973 1660 3044 Centesimus
1689 2972 1786 3044 de-

187 3052 373 3101 cimus
436 3040 672 3101 oetavus
714 3047 954 3114 psalmus
1021 3046 1101 3116 (ut
1160 3045 1474 3112 frequenter
1521 3040 1785 3116 diximus)

187 3119 476 3174 litteratus
506 3127 611 3178 est,
648 3117 748 3171 bne
787 3125 908 3181 est,
953 3116 1321 3183 alphabetites
1352 3124 1470 3169 est:
1511 3115 1582 3168 ab
1614 3129 1786 3170 saera

187 3191 344 3245 enim
379 3189 566 3258 incipit
586 3204 757 3253 usnue
787 3188 851 3241 ad
879 3200 1178 3242 extremam
1210 3187 1450 3258 litteram
1476 3185 1784 3249 Hebra'am.

187 3278 322 3332 quae
355 3257 621 3332 liebraice
649 3259 848 3332 dicitur
880 3275 1042 3332 suae.
1073 3259 1135 3332 Et
1160 3257 1354 3332 singuli
1378 3272 1594 3332 versus,
1619 3273 1648 3311 a
1673 3258 1783 3332 sin-

188 3316 342 3403 gulis
371 3331 570 3386 litteris
603 3331 891 3400 incipiunt.
929 3329 1130 3403 Viginti
1159 3316 1434 3403 duig‘sunt
1466 3316 1660 3403 litterae
1676 3327 1783 3382 He-
1811 3316 1857 3377 C

189 3399 428 3465 braicm,
452 3411 508 3456 et
529 3399 932 3456 octoni'versus
959 3419 984 3453 a
1006 3399 1244 3470 singulis
1268 3399 1466 3453 litteris
1497 3399 1784 3468 incipiunt.

188 3474 364 3531 Verbi
395 3487 582 3537 causa,
625 3473 693 3527 ab
719 3490 751 3527 a
779 3472 979 3536 littera,
1021 3488 1147 3540 quae
1189 3471 1398 3526 dicitur
1425 3486 1617 3534 Αιεριι,
1664 3478 1789 3527 octo

187 3561 395 3602 Versus
444 3545 725 3614 incipiunt.
765 3543 1000 3597 Rursum
1050 3559 1174 3598 cum
1209 3543 1283 3595 illi
1330 3542 1463 3614 finiti
1500 3542 1725 3607 fuerint,
1759 3555 1789 3595 a

188 3616 440 3672 secunda
481 3612 664 3670 littera
702 3631 820 3684 qum
851 3615 1056 3668 dicitur
1083 3629 1258 3677 uera,
1283 3612 1384 3684 alii
1435 3623 1557 3667 octo
1602 3625 1790 3668 versus

191 3687 488 3757 incipiunt.
527 3688 589 3741 Et
619 3687 678 3757 in,
703 3683 864 3740 tertio
890 3686 1001 3739 illis
1031 3687 1220 3748 linitis,
1243 3683 1314 3757 ab
1343 3685 1511 3757 altera
1536 3701 1654 3752 qua:
1695 3699 1792 3736 vo—

189 3754 360 3815 catur
396 3772 584 3823 GIIEL,
612 3756 706 3814 alii
736 3767 866 3812 octo
895 3772 1089 3810 versus
1117 3754 1401 3824 incipiunt.
1438 3754 1582 3823 Ergo
1613 3762 1796 3810 cente-

189 3833 376 3887 simus
409 3830 654 3886 decimus
677 3837 900 3884 octavus
930 3827 1172 3894 pSaImtts
1213 3823 1700 3898 alphabetitesest.
1735 3823 1791 3879 Si

192 3903 463 3956 volumus
507 3901 686 3970 legere
727 3898 1049 3968 epistolam,
1083 3913 1188 3970 non
1241 3897 1534 3970 possumus
1583 3897 1792 3963 legere,

190 3973 310 4030 nisi
347 3975 498 4042 prius
546 3967 782 4026 sciamus
831 3970 1066 4024 litteras.
1113 3969 1203 4023 Sic
1255 3967 1427 4042 igitur
1451 3976 1508 4021 et
1552 3981 1655 4042 nos
1685 3981 1794 4042 non

271 4037 496 4099 ssumus
519 4042 830 4110 Scripturas
849 4055 1202 4108 cognoscere,
1217 4037 1321 4095 nisi
1347 4038 1582 4107 primum
1607 4037 1799 4106 alpha-

271 4060 496 4099 ssumus
519 4060 830 4110 DCI'IDIIINIS
849 4060 1202 4108 οοιξιιοεερῐε,
1217 4060 1321 4095 IIIS!
1347 4060 1582 4107 ιιῐιιιιυιιι
1607 4060 1798 4106 Ἀψιιιι-

187 4060 388 4172 mium
419 4115 747 4172 noverimus.
779 4112 1125 4170 Centesimus
1146 4127 1277 4181 ergo
1302 4110 1548 4168 decimus
1574 4119 1798 4166 octavus

193 4187 451 4260 psalmus
495 4185 859 4260 a_lpbabetites
893 4183 1114 4237 moralis
1145 4191 1251 4247 est,
1284 4193 1338 4236 et
1370 4181 1593 4260 instruit
1623 4182 1796 4260 vitam

191 4252 468 4315 bostram.
506 4252 572 4310 Et
598 4259 718 4326 quia
751 4271 890 4310 nunc
919 4270 1025 4310 non
1052 4262 1133 4307 est
1167 4253 1422 4326 temporis
1453 4252 1520 4307 de
1548 4253 1801 4326 universo

194 4330 418 4402 psalmo
462 4323 666 4402 dicere,
706 4327 954 4402 dicamus
1009 4339 1153 4381 nunc
1195 4323 1286 4380 de
1316 4325 1490 4392 primo
1537 4323 1801 4394 graduum

201 4397 443 4476 psalmo,
475 4400 564 4475 qui
596 4401 676 4456 sic
703 4397 890 4470 incipit
915 4415 929 4452 :

283 4573 366 4630 Ad
396 4570 678 4634 Dominum
711 4586 826 4624 cum
867 4568 1141 4624 tribularer
1168 4567 1408 4634 clamavi,
1454 4576 1500 4620 et
1544 4565 1807 4620 exaudivit

201 4683 315 4726 me.
365 4665 660 4734 Propterea
705 4670 882 4716 autem
913 4668 1174 4716 vocantur
1201 4658 1460 4730 graduum
1503 4657 1718 4730 psalmi,
1753 4664 1808 4711 ut

202 4763 529 4830 frequenter
575 4753 832 4824 diximus,
879 4751 1130 4824 quoniam
1181 4749 1435 4821 gradibus
1483 4748 1803 4820 quibusdam

205 4851 283 4919 ad
315 4849 518 4921 majora
547 4846 980 4903 conscendimus.
1023 4843 1174 4899 Nunc
1203 4859 1306 4897 non
1339 4851 1423 4898 est
1456 4841 1712 4910 temporis
1740 4839 1808 4895 de

207 4941 470 5000 omnibus
498 4937 717 5010 psalmis
745 4937 1010 5009 graduum
1041 4935 1336 5006 disputare,
1371 4945 1423 4989 et
1451 4933 1653 4998 dicere,
1681 4949 1812 5004 quo-

211 5035 383 5102 modo
399 5049 494 5106 per
515 5031 763 5104 singulos
787 5031 1024 5100 psalmos
1039 5029 1236 5100 gradus
1253 5027 1406 5098 ﬂant,
1427 5037 1486 5081 ut
1509 5027 1573 5082 ad
1604 5041 1810 5084 summa

216 5127 528 5185 veniamus.
580 5123 807 5180 Interim
847 5123 1091 5178 dicamus
1125 5136 1268 5176 nunc
1293 5121 1361 5176 de
1403 5121 1578 5193 primo
1617 5120 1810 5191 gradu,

218 5221 599 5292 relinquentes
629 5217 946 5290 mysterium
977 5227 1144 5290 quare
1172 5212 1418 5267 decimus
1447 5212 1666 5282 quintus
1692 5226 1819 5282 gra-

222 5315 326 5370 dus
366 5312 616 5378 dicatur;
649 5309 893 5366 eantdem
936 5308 1080 5363 enim
1127 5321 1239 5361 rem
1271 5307 1579 5376 frequenter
1609 5303 1822 5377 dicere,

226 5406 446 5463 taedium
490 5414 573 5459 est
602 5402 963 5460 audientibus.
1007 5399 1161 5457 Unde
1190 5409 1246 5454 et
1276 5397 1574 5469 Apostolus
1602 5395 1829 5469 quinde-

227 5499 336 5556 cim
365 5498 483 5552 dies
527 5511 586 5550 se
617 5504 843 5550 testatur
875 5495 1064 5550 fecisse
1095 5492 1235 5563 apud
1271 5491 1484 5546 Petrum
1521 5491 1571 5545 in
1611 5489 1830 5546 Jeroso—

231 5593 398 5663 lytna,
435 5599 492 5644 ut
527 5590 792 5646 conferret
841 5598 1130 5657 utrumque
1159 5587 1592 5653 Testamentum,
1625 5595 1680 5641 et
1707 5599 1830 5655 sep-

233 5685 528 5751 tenarium,
557 5692 611 5740 et
645 5684 983 5740 octonarium
1019 5680 1217 5750 (Galat.
1252 5677 1333 5750 ιι).
1368 5678 1528 5733 Multa
1561 5690 1687 5733 sunt
1711 5693 1832 5748 quae

238 5778 506 5834 dicantur.
557 5777 636 5832 Ad
687 5773 971 5829 Dominum
1011 5789 1126 5826 cum
1169 5769 1447 5826 tribularer
1492 5771 1733 5835 clamavi,
1787 5780 1834 5823 et

1897 2901 2162 2957 axaudivit
2192 2917 2290 2955 me.
2320 2901 2656 2972 Quicumque
2699 2900 2874 2958 adbuc
2919 2900 2972 2956 in
3018 2901 3128 2956 imo
3174 2901 3342 2972 gradu
3386 2912 3491 2967 est.

1896 2994 2115 3063 respicit
2143 2993 2461 3049 altis~imnm
2477 2994 2741 3065 graduum
2769 2995 3040 3051 decimum
3067 2995 3334 3065 quintum.
3360 2997 3493 3066 Qui-

1895 3100 2127 3155 cumque
2159 3085 2210 3139 in
2240 3085 2425 3156 quinto
2458 3085 2674 3142 decimo
2708 3086 2886 3149 fuerit,
2914 3085 3024 3158 jam
3049 3085 3198 3154 juxta
3233 3087 3490 3158 templum

1895 3187 1998 3243 est,
2031 3189 2086 3232 et
2128 3177 2269 3232 istud
2311 3177 2590 3249 templum,
2632 3178 2790 3250 cujus
2838 3194 2978 3233 nunc
3008 3179 3192 3234 ruinas
3220 3179 3489 3248 videmus,

1893 3270 2120 3326 offendit
2166 3270 2448 3325 Dominum
2500 3286 2677 3325 suum.
2727 3270 2794 3326 Et
2847 3271 2975 3341 quid
3015 3271 3156 3328 dixit
3199 3272 3494 3330 Dominus?

1891 3362 2131 3434 Surgite,
2164 3363 2424 3418 abeamus
2458 3362 2580 3418 hinc
2603 3361 2788 3436 (Joan.
2821 3364 2953 3434 stv).
2997 3363 3063 3422 Et
3091 3363 3220 3435 quid
3260 3363 3390 3420 dicit
3430 3366 3483 3426 in

1890 3455 1996 3509 alio
2029 3455 2180 3509 loco?
2231 3455 2586 3526 Relinquetur
2625 3455 2780 3509 Vobis
2819 3455 3014 3512 domus
3042 3465 3220 3514 vestra
3265 3455 3484 3514 deserta

1891 3547 2043 3622 (Luc.
2093 3549 2235 3619 χιιι).
2271 3547 2534 3604 Dominus
2564 3563 2823 3619 egressus
2849 3560 2954 3616 eet,
2985 3558 3041 3604 et
3076 3549 3334 3620 templum
3365 3564 3486 3606 cor-

1891 3640 2020 3697 ruit.
2058 3641 2170 3695 lloc
2188 3640 2346 3710 igitur
2380 3643 2642 3712 templum
2673 3639 2726 3694 in
2758 3640 2989 3698 circuitu
3021 3641 3334 3711 quindecim
3364 3657 3495 3712 gra-

1893 3732 1994 3787 dus
2045 3731 2222 3786 habet.
2275 3731 2439 3802 Signa
2496 3733 2678 3802 aliqua
2728 3732 2974 3786 videmus
3019 3753 3030 3786 :
3082 3743 3387 3800 numerate,
3439 3744 3495 3794 et

1895 3823 2143 3877 videbitis
2172 3822 2242 3876 ita
2265 3836 2386 3876 esse
2409 3831 2464 3876 ut
2494 3821 2746 3875 dicimus.
2781 3822 2980 3877 Levita»
3003 3821 3186 3894 igitur,
3217 3834 3272 3880 et
3303 3840 3492 3880 sacer-

1896 3916 2072 3980 dotes,
2130 3915 2502 3986 unusquisque
2550 3913 2848 3968 secundum
2907 3914 3155 3972 ordinem
3214 3917 3394 3973 stabat
3443 3919 3495 3972 in

1896 4007 2174 4082 gradibus.
2204 4006 2370 4063 Verbi
2400 4021 2560 4062 causa
2592 4024 2604 4061 :
2633 4007 2731 4074 Qui
2763 4007 3004 4079 pontifex
3049 4017 3188 4077 erat,
3233 4008 3410 4063 stabat
3441 4009 3495 4066 in

1899 4101 2074 4174 primo
2116 4098 2308 4170 gradu,
2344 4099 2447 4154 boc
2479 4109 2586 4168 est,
2621 4100 2674 4156 in
2705 4100 2896 4168 quinto
2937 4099 3150 4155 decimo
3175 4099 3342 4172 gradu
3374 4116 3495 4155 sur-

1902 4208 2043 4250 sum.
2079 4191 2134 4246 ln
2167 4190 2408 4254 secundo
2448 4204 2577 4245 vero
2612 4190 2782 4260 gradu
2821 4190 3037 4245 stabant
3073 4190 3406 4261 sacerdotes,
3442 4201 3498 4247 et

1905 4287 1958 4344 in
1987 4285 2116 4358 ipsis
2141 4282 2520 4340 sacerdotibus
2541 4292 2656 4339 erat
2683 4283 2988 4338 diversitas.
3019 4283 3074 4338 ln
3099 4283 3259 4339 tertio
3277 4300 3494 4345 rursum

1904 4359 2148 4436 minores
2177 4375 2411 4432 stabant.
2445 4374 2504 4432 in
2533 4384 2728 4452 quarto
2775 4390 2990 4429 rursum
3024 4373 3242 4430 stabant
3273 4374 3497 4432 Levitm.

1910 4472 2133 4526 Etiuter
2163 4467 2381 4526 Levites
2411 4477 2532 4523 erat
2581 4467 2747 4522 multa
2791 4467 3085 4524 diversitas
3125 4486 3136 4522 :
3170 4468 3501 4544 quicumque

1910 4572 2030 4620 erat
2059 4572 2359 4628 extremus,
2393 4559 2480 4614 ille
2522 4561 2573 4613 in
2615 4557 2915 4614 novissimo
2943 4557 3111 4630 gradu
3143 4569 3282 4614 erat.
3311 4559 3503 4618 Consi-

1913 4656 2102 4712 derate
2151 4655 2406 4722 quoniam
2456 4661 2733 4707 terrenum
2785 4651 2889 4708 hoc
2939 4652 3220 4730 templum,
3266 4653 3506 4718 cmlestis

1917 4749 2103 4818 templi
2139 4749 2306 4817 figura
2337 4755 2414 4801 est
2448 4764 2458 4798 :
2495 4744 2662 4801 Stella
2687 4743 2832 4800 enim
2863 4760 2889 4798 τι
2920 4744 3079 4801 stella
3111 4744 3292 4802 differt
3317 4745 3370 4804 in
3397 4746 3504 4800 cla-
3575 4775 3586 4782 -

1916 4841 2076 4898 ritate
2107 4857 2116 4893 :
2167 4839 2238 4893 ita
2269 4847 2324 4893 et
2371 4835 2704 4892 resurrectio
2748 4844 3084 4893 mortuorum
3118 4834 3185 4910 (11
3215 4834 3336 4891 Cor.
3391 4837 3502 4907 xv).

1920 4935 2075 4991 Felix
2121 4933 2210 5004 qui
2253 4931 2306 4988 in
2340 4931 2533 5002 quinto
2567 4929 2780 4986 decium
2809 4928 2980 4999 gradu
3025 4931 3080 4983 in
3110 4927 3319 4986 caelesti
3349 4927 3508 4984 Jeru-

1921 5031 2113 5092 salem,
2138 5037 2192 5080 et
2223 5025 2276 5080 in
2313 5023 2513 5093 templo
2540 5037 2662 5077 esse
2691 5022 2972 5078 meruerit.
3000 5021 3200 5076 Tamen
3226 5021 3350 5094 quia
3377 5021 3510 5077 illud

1923 5120 2126 5194 grande
2157 5127 2262 5188 est,
2296 5126 2350 5173 et
2379 5115 2505 5170 illud
2540 5124 2668 5188 puto
2700 5129 2820 5170 esse
2864 5113 3258 5188 apostolorum,
3304 5124 3512 5188 marty-

1925 5228 2152 5284 rttmque
2191 5217 2504 5266 sanctorum
2540 5225 2552 5263 :
2588 5223 2688 5263 nos
2719 5221 2961 5273 oremus,
2996 5217 3053 5261 ut
3081 5206 3273 5262 saltem
3303 5207 3353 5262 in
3396 5207 3520 5263 ulti-

1928 5323 2017 5362 mo
2046 5304 2216 5377 gradu
2243 5301 2427 5372 templi
2459 5299 2671 5356 Domini
2703 5312 2824 5353 esse
2857 5312 3184 5357 mereamur.
3209 5298 3266 5353 ln
3291 5299 3522 5356 diversis

1931 5398 2148 5472 quidem
2169 5403 2308 5451 stant
2341 5391 2626 5470 gradibus,
2651 5388 2746 5445 sed
2774 5404 2939 5444 ttnum
2967 5389 3232 5460 psalmum
3259 5390 3310 5450 in
3335 5389 3523 5444 laudes

1937 5489 2150 5546 Domini
2175 5493 2396 5544 canunt.
2431 5483 2659 5537 Diversa
2693 5480 2815 5536 loca
2837 5487 2964 5536 sunt
2987 5498 2999 5534 :
3024 5479 3118 5534 sed
3151 5496 3258 5538 una
3285 5480 3398 5539 laus
3424 5479 3529 5534 Do-

1938 5583 2091 5639 mini.
2125 5581 2236 5637 Hoc
2267 5577 2408 5651 quod
2439 5575 2673 5630 diximus
2703 5573 2771 5630 de
2793 5574 3004 5630 caelesti
3039 5572 3369 5642 Jerusalem,
3389 5588 3533 5630 nunc

1939 5677 2158 5733 interim
2189 5674 2244 5728 in
2273 5672 2379 5726 isto
2409 5667 2613 5724 sarculo
2637 5667 2943 5734 constituti,
2977 5675 3108 5737 puto
3136 5664 3328 5720 diebus
3357 5665 3534 5720 omni-

1943 5770 2043 5826 bus
2065 5765 2333 5822 exercm-i.
2369 5762 2522 5817 Alius
2545 5770 2797 5814 noSIrum
2828 5758 2879 5814 in
2904 5759 3080 5830 primo
3101 5757 3272 5827 gradu
3301 5765 3407 5825 est,
3432 5769 3538 5810 non
