4008 6336
471 270 606 330 1271

1255 269 1606 328 APPENDIX
1644 269 1738 327 AD
1775 269 2024 326 TOMUM
2058 269 2412 327 SEPTIMUM
2450 270 2510 328 S.
2552 269 2954 329 HIERONYMI.

3620 272 3760 331 12η

467 387 728 458 desperet
755 386 1086 453 secundum;
1120 387 1211 458 qui
1241 387 1298 443 in
1336 387 1576 443 secundo
1607 387 1779 458 gradu
1808 396 1909 454 est,
1955 401 2065 442 non
2093 392 2141 454 Α
2170 386 2235 440 ad
2266 400 2428 459 regna
2456 387 2721 444 caelorum
2759 401 2773 442 :
2819 386 2914 443 sed
2945 387 3062 445 sine
3089 387 3331 459 jejuniis,
3356 404 3463 444 non
3496 402 3760 444 conscen-

473 479 727 550 desperet
774 481 1016 536 tertium.
1051 480 1262 536 Felices
1311 488 1600 552 martyres,
1636 495 1865 550 quorum
1911 478 2068 534 multi

472 573 543 629 de
573 574 872 630 novissimo
902 573 1096 646 gradu,
1145 575 1199 629 in
1242 573 1474 644 primum
1503 573 1726 644 gradum
1769 571 2070 628 ascendere

473 675 812 723 meruerunt.
840 667 942 735 Qui
975 668 1112 722 vivit
1137 667 1190 722 in
1216 667 1321 722 isto
1349 667 1574 735 saeculo,
1604 683 1713 722 non
1746 675 1926 736 potest
1952 674 2066 721 sta-

475 761 569 813 tim
597 758 666 814 de
697 761 876 829 primo
905 759 974 814 ad
1002 775 1273 816 summum
1315 759 1708 816 conscendere.
1743 758 1860 815 Non
1901 758 2072 816 debe-

474 867 597 906 mus
624 853 787 923 igitur
811 853 1055 908 contenti
1084 868 1206 909 esse
1235 854 1411 925 primo
1439 853 1630 924 gradu,
1666 868 1880 922 semper
1903 852 2072 908 debe—

474 960 598 1000 mus
628 945 693 1000 ad
748 946 953 1018 majora
993 949 1205 1003 conari.
1252 947 1364 1003 Nec
1400 948 1492 1018 qui
1530 947 1583 1002 in
1623 947 1921 1003 novissimo
1962 956 2067 1013 est,

477 1037 735 1108 desperet
764 1040 997 1109 primum
1027 1055 1041 1106 ;
1077 1054 1176 1096 nec
1205 1039 1296 1111 qui
1326 1040 1380 1094 in
1414 1040 1590 1111 primo
1622 1048 1728 1108 est,
1761 1039 1921 1095 debet
1949 1053 2071 1096 esse

475 1145 741 1187 securus:
770 1141 953 1203 potest
987 1135 1132 1188 enim
1160 1133 1361 1188 cadere
1391 1135 1442 1187 in
1480 1132 1754 1188 ultimum.
1796 1133 1910 1202 Ego
1941 1140 2071 1202 puto

477 1223 610 1278 illud
642 1240 762 1280 esse
794 1225 934 1296 quod
970 1225 1237 1297 signiﬁcat
1258 1226 1425 1281 etiam
1459 1225 1628 1281 Jacob
1659 1225 1823 1293 scala,
1853 1225 2070 1296 quando

482 1317 619 1389 i‘nglit
646 1317 814 1374 Jacob
841 1317 978 1373 Esau
1008 1317 1231 1373 fratrem
1272 1333 1450 1374 suum.
1485 1319 1552 1372 Et
1582 1318 1750 1383 venit,
1785 1318 1981 1388 inquit,
2017 1318 2069 1372 in

477 1409 686 1474 Bethel,
719 1417 772 1465 ct
804 1410 1065 1465 dormivit
1094 1410 1188 1478 ibi,
1223 1421 1280 1466 et
1327 1411 1508 1481 posuit
1540 1411 1776 1482 lapidem
1814 1410 1881 1466 ad
1911 1420 2073 1481 caput

471 1520 633 1560 suum
660 1504 813 1577 (Gen.
839 1505 1056 1577 xxvrtt).
1076 1504 1268 1562 Videte
1284 1509 1510 1566 ἀσκητὴν
1534 1513 1804 1574 nostrum,
1831 1505 2073 1577 fugiebat

473 1597 753 1652 hominem
793 1598 1253 1666 crudelissimum,
1292 1599 1528 1669 fugiebat
1559 1597 1806 1666 fratrem,
1836 1607 1889 1653 et
1919 1597 2073 1652 auxi-

475 1689 606 1743 lium
636 1690 843 1745 invenit
865 1690 919 1745 in
945 1689 1151 1760 lapide.
1179 1690 1342 1761 Lapis
1371 1690 1466 1745 ille
1493 1688 1743 1745 Christus
1764 1699 1848 1745 est
1873 1707 1885 1744 :
1929 1690 2071 1760 lapis

2173 478 2349 535 dimus
2401 480 2467 535 ad
2507 495 2671 551 regna
2715 481 2996 536 caelorum.
3031 480 3157 537 Sola
3203 497 3313 537 non
3357 491 3606 552 prosunt,
3640 497 3760 538 cum

2171 572 2292 628 aliis
2315 583 2561 643 prosunt.
2593 574 2706 629 Hoc
2732 581 2899 629 totum
2930 589 3095 644 quare
3121 574 3270 630 dixi?
3296 575 3430 642 Quia
3461 576 3616 645 quasi
3641 575 3761 630 fun-

2171 663 2482 720 damentum
2523 676 2603 721 est
2633 665 3053 723 ascendentibus
3093 666 3160 722 ad
3201 667 3426 738 majora.
3479 665 3763 724 Secundus

2173 772 2302 813 vero
2327 758 2525 828 gradus
2555 769 2676 815 est:
2709 761 2907 816 sacculo
2937 763 3264 829 renuntiare,
3301 761 3435 817 nihil
3464 762 3534 819 de
3562 765 3762 820 saeculo

2171 866 2438 922 qumrere,
2468 861 2681 908 terrena
2707 863 3076 910 cantemnere.
3103 854 3313 926 Aliquis
3343 855 3488 911 dicat
3513 874 3526 910 :
3559 856 3626 911 Et
3666 856 3767 912 hoc

2174 946 2350 1000 facere
2393 945 2664 1000 secundus
2692 947 2809 1000 ρειῖ
2849 946 2963 1018 Ego
2988 947 3111 1003 dico
3141 947 3463 1004 secundum.
3512 948 3659 1004 Nihil
3686 959 3769 1006 est

2175 1043 2390 1091 terrena
2410 1037 2717 1093 dimittere:
2743 1040 2869 1093 vitia
2897 1040 3091 1094 animae
3111 1041 3405 1110 dimittere,
3431 1043 3640 1112 grande
3662 1053 3764 1099 est.

2173 1127 2231 1183 Si
2255 1129 2397 1183 enim
2421 1129 2763 1200 jejunavero,
2787 1131 2889 1186 hoc
2909 1140 3012 1199 est,
3039 1134 3086 1187 si
3112 1132 3264 1188 fuero
3288 1133 3342 1189 in
3369 1135 3546 1204 primo
3565 1137 3764 1207 gradu:

2174 1223 2218 1278 si
2248 1222 2508 1278 dimisero
2548 1224 2918 1293 possessiones
2969 1240 3138 1293 meas,
3172 1225 3275 1282 hoc
3303 1235 3404 1294 est,
3441 1227 3488 1283 si
3521 1229 3677 1284 fuero
3713 1231 3766 1285 in

2175 1314 2414 1371 secundo
2441 1315 2634 1386 gradu,
2666 1316 2794 1388 quid
2838 1317 2968 1372 mihi
3002 1319 3240 1388 prodest,
3286 1321 3332 1376 si
3381 1324 3598 1378 rixosus
3626 1341 3767 1392 sum,

2174 1409 2220 1465 si
2251 1409 2536 1464 iracundus
2567 1425 2707 1477 sum,
2739 1412 2783 1465 si
2811 1411 3083 1468 detractor
3111 1429 3256 1481 sum,
3286 1417 3332 1471 si
3363 1417 3585 1473 invidus
3615 1421 3771 1473 sum?

2173 1499 2316 1556 Nihil
2366 1501 2568 1572 grande
2614 1511 2698 1556 est
2747 1511 2961 1558 terrena
3009 1504 3325 1562 dimittere:
3379 1508 3586 1579 majora
3645 1516 3775 1564 sunt

2175 1593 2322 1660 vitia,
2354 1609 2475 1665 qua:
2519 1593 2839 1660 dimittenda
2870 1606 3016 1652 sunt.
3047 1597 3153 1653 Sed
3201 1599 3348 1655 dicat
3378 1601 3594 1672 aliquis,
3632 1601 3777 1658 ditii-

2175 1687 2279 1744 cilc
2303 1698 2387 1742 eSt
2411 1701 2425 1742 :
2453 1689 2661 1758 grande
2688 1697 2772 1744 est
2800 1703 2814 1743 :
2845 1689 3040 1745 durum
3061 1701 3164 1747 est.
3190 1693 3255 1747 Et
3277 1693 3401 1749 ideo
3429 1694 3641 1764 grande
3667 1706 3773 1767 est,

477 1781 566 1836 hic
593 1781 679 1837 his
707 1784 796 1851 qui
841 1783 1274 1853 persecutionem
1321 1783 1625 1853 patiuntur,
1672 1781 1933 1837 auxilium
1963 1790 2065 1836 est.
2100 1786 2146 1846 Β
2175 1781 2298 1849 quia
2327 1780 2546 1836 dit‘ticile
2576 1792 2658 1837 est
2687 1799 2700 1835 :
2758 1783 2962 1838 athleta
2993 1799 3098 1840 non
3128 1799 3439 1855 coronatur,
3489 1787 3592 1842 nisi
3646 1788 3780 1860 legi-

477 1875 750 1932 Caeterum
797 1875 1001 1931 Iudaeis
1041 1876 1367 1943 incredulis,
1418 1877 1558 1947 lapis
1609 1874 1962 1944 oii'ensionis,
2017 1887 2072 1930 et

485 1981 636 2042 petra
665 1970 905 2027 scandali
937 1972 981 2043 (l
1017 1971 1159 2025 Pelr.
1190 1970 1274 2042 tt).
1304 1971 1370 2026 Et
1397 1971 1549 2037 vidit,
1586 1970 1777 2041 inquit,
1811 1970 1882 2024 ibi
1907 1969 2074 2024 Jacob

479 2065 683 2120 scalam
704 2074 942 2120 erectam
965 2064 1034 2119 de
1057 2074 1199 2119 terra
1225 2079 1395 2135 usque
1424 2063 1491 2118 ad
1507 2063 1728 2128 coelum,
1753 2071 1807 2118 et
1829 2062 1882 2116 in
1914 2062 2072 2128 cmlo,

477 2159 673 2228 inquit,
713 2159 1019 2214 Dominum.
1056 2159 1123 2213 Et
1161 2159 1315 2225 vidit,
1365 2159 1562 2230 inquit,
1612 2158 1836 2229 angelos
1881 2172 2075 2213 ascen-

478 2251 670 2309 dentes
716 2263 769 2308 et
810 2253 1223 2310 descendentes.
1271 2253 1466 2310 Videte
1515 2253 1646 2324 quid
1677 2253 1878 2332 dicat‘:
1929 2253 2078 2309 Vidit

479 2347 703 2417 angelos
747 2346 1180 2403 conscendentes
1217 2364 1231 2402 :
1273 2346 1411 2401 vidit
1443 2346 1669 2401 Paulum
1699 2344 2074 2401 conscenden-

479 2448 611 2493 tem.
659 2438 808 2494 Vidit
855 2439 1078 2508 angelos
1129 2438 1571 2495 descendentes:
1618 2437 1784 2493 Judas
1833 2437 2079 2508 proditor

481 2531 788 2587 corruebat.
834 2531 982 2587 Vidit
1023 2532 1244 2603 angelos
1274 2531 1633 2587 ascendentes
1670 2549 1684 2585 :
1729 2540 1950 2588 sanctos
1981 2532 2079 2586 ho-

483 2627 658 2682 mines
689 2625 757 2682 de
789 2623 935 2682 terra
979 2627 1044 2681 ad
1076 2627 1275 2683 coelum
1309 2635 1622 2698 pergentes.
1663 2625 1810 2681 Vidit
1858 2627 2078 2696 angelos

480 2717 880 2775 descendentes
921 2736 935 2772 :
981 2719 1258 2774 diabolum
1290 2727 1343 2774 et
1377 2718 1654 2774 dtemones
1679 2733 1800 2773 cum
1833 2719 2078 2774 exercitu

481 2830 582 2870 suo
611 2815 679 2870 de
707 2816 846 2871 ccelo
876 2815 1272 2886 praecipitatus.
1306 2813 1544 2869 Grandis
1575 2821 1657 2866 est
1693 2813 1984 2868 difﬁcultas
2011 2813 2079 2868 de

483 2907 647 2962 terris
710 2907 775 2962 ad
834 2907 1077 2962 coelestia
1133 2906 1522 2962 conscendere.
1581 2904 1815 2960 Facilius
1871 2907 2077 2961 ruimus

481 3015 645 3071 quam
673 3001 1110 3069 conscendimus,
1156 3000 1314 3055 facile
1362 2999 1569 3054 ruimus
1599 3017 1611 3053 :
1653 3000 1700 3052 in
1734 2996 2078 3054 ascendendo

479 3093 700 3164 grandis
721 3093 874 3148 labor
904 3094 1239 3164 est,grandis
1256 3092 1422 3148 sudor
1443 3101 1546 3148 est.
1578 3093 1632 3148 Si
1651 3091 1870 3147 iueroin
1903 3091 2078 3161 primo

2179 1876 2306 1929 time
2356 1875 2667 1930 certaverit.
2703 1874 2842 1930 Nulli
2891 1875 3054 1931 faciat
3083 1877 3542 1948 desperationem,
3572 1879 3778 1936 arduus

2177 1983 2440 2024 ascensus
2467 1977 2572 2034 est,
2604 1968 2838 2024 dit'ticilis
2867 1980 2950 2025 est
2983 1981 2998 2023 :
3023 1971 3334 2041 desperatio
3363 1972 3624 2028 nascitur.
3656 1973 3779 2030 Noli

2177 2061 2490 2131 desperare,
2517 2077 2548 2118 ο
2580 2063 2765 2131 homo,
2792 2064 2847 2119 in
2869 2065 3059 2136 quinto
3083 2065 3296 2121 decimo
3323 2065 3493 2136 gradu
3513 2066 3780 2123 Dominus

2177 2169 2340 2224 supra
2369 2165 2490 2210 est:
2541 2155 2782 2211 intuetur
2809 2165 2865 2213 te
2894 2168 2913 2211 :
2966 2157 3058 2213 dat
3101 2159 3382 2214 auxilium.
3411 2159 3470 2215 Si
3501 2159 3560 2214 in
3601 2162 3779 2230 primo

2177 2247 2346 2319 gradu
2375 2263 2452 2316 es,
2498 2257 2552 2303 et
2582 2247 2794 2304 videtur
2823 2247 2920 2305 tibi
2948 2250 3152 2320 grande
3193 2264 3317 2307 esse
3347 2251 3585 2321 spatium
3637 2254 3781 2308 inter

2182 2340 2435 2413 primum,
2477 2351 2533 2397 et
2556 2342 2803 2413 quintum
2834 2342 3110 2399 decimum
3141 2360 3156 2399 :
3201 2345 3307 2400 noli
3337 2346 3617 2415 respicere
3648 2361 3778 2418 gra-

2180 2434 2330 2500 dutn,
2363 2434 2458 2489 sed
2489 2435 2686 2490 caelum
2728 2436 2933 2506 aspice.
2976 2435 3044 2490 Et
3089 2435 3216 2493 vide
3268 2437 3394 2508 quid
3443 2437 3610 2494 dicat.
3663 2438 3781 2495 Non

2180 2527 2351 2586 dixit:
2409 2525 2533 2582 Vidi
2577 2527 2866 2583 Dominum
2922 2538 3155 2585 stantem
3212 2529 3266 2585 in
3321 2531 3512 2601 quinto
3564 2532 3780 2589 decimo

2183 2621 2349 2687 gradu
2382 2639 2397 2677 :
2432 2636 2531 2677 nos
2557 2621 2699 2677 enim
2729 2621 2793 2676 ad
2825 2629 3080 2690 stantem,
3114 2632 3169 2678 et
3197 2633 3443 2680 erectum
3488 2625 3780 2681 Dominum

2182 2718 2468 2788 pervenire
2496 2732 2601 2773 non
2633 2725 2977 2787 poteramus;
3006 2717 3101 2773 sed
3134 2717 3258 2774 vide
3281 2717 3408 2787 quid
3439 2719 3626 2774 dicat:
3659 2719 3782 2775 Vidi

2185 2812 2470 2867 Dominunt
2521 2812 2837 2867 innitentem
2885 2827 3050 2882 super
3097 2813 3296 2868 scalam
3333 2812 3488 2883 (Gen.
3523 2813 3775 2885 xxxvm).

2183 2904 2320 2960 Vide
2365 2904 2494 2976 quid
2541 2904 2684 2960 dicat
2711 2905 2778 2960 dc
2821 2920 2887 2960 eo
2911 2906 3001 2976 qtti
3028 2906 3203 2961 stabat
3238 2905 3587 2962 :lncurvavit
3614 2921 3698 2972 se,
3728 2916 3784 2962 et

2185 2998 2486 3053 humiliavit
2513 3013 2595 3066 se,
2638 3007 2697 3053 ut
2725 3013 2824 3052 nos
2854 3011 3137 3068 possemus
3166 2998 3476 3054 ascendere.
3518 2998 3781 3054 Dominus

2186 3091 2443 3146 incurvus
2499 3102 2582 3147 est
2638 3101 2860 3161 propter
2902 3102 2983 3158 te,
3028 3090 3331 3144 humiliavit
3377 3105 3438 3146 se
3488 3107 3503 3146 :
3553 3104 3781 3145 securus

481 3185 675 3256 gradu,
719 3197 974 3257 quantum
1023 3186 1154 3241 mihi
1196 3197 1368 3243 restat
1408 3202 1581 3256 usque
1628 3184 1694 3239 ad
1733 3184 1968 3240 coelum!
2017 3184 2076 3240 Si
2105 3172 2150 3235 C
2181 3181 2560 3237 ascende.lste
2579 3182 2759 3253 igitur,
2791 3181 2883 3251 qui
2914 3196 3059 3236 nunc
3087 3181 3139 3236 in
3166 3180 3338 3251 primo
3359 3180 3530 3252 gradu
3552 3190 3780 3248 est,non

481 3277 637 3332 fuero
667 3278 720 3333 in
749 3278 1012 3344 secundo,
1047 3279 1089 3332 si
1124 3279 1176 3332 in
1207 3278 1388 3344 tertio,
1415 3279 1535 3333 siin
1563 3286 1782 3348 quarto,
1811 3277 1856 3331 si
1891 3277 1943 3331 in
1974 3277 2074 3332 de-

481 3369 648 3436 cimo,
667 3371 793 3439 quid
816 3371 949 3426 mihi
971 3370 1192 3441 prodest
1217 3371 1320 3427 nisi
1348 3371 1416 3426 ad
1447 3384 1716 3424 summum
1740 3369 2079 3440 pervenero?

485 3463 596 3519 Fac
644 3463 773 3517 mihi
805 3463 962 3518 istam
1009 3463 1213 3518 scalam
1250 3463 1558 3533 quindecim
1599 3461 1803 3516 habere
1831 3462 2032 3532 gradus
2062 3478 2076 3515 :

483 3556 608 3611 veni
633 3569 804 3625 usque
829 3555 894 3610 ad
922 3565 1172 3626 quartum
1200 3555 1504 3619 decimum;
1535 3554 1637 3610 nisi
1666 3554 1911 3624 quintum
1937 3553 2082 3608 deci-

485 3663 634 3702 mum
667 3657 914 3713 tenuero,
946 3647 1074 3718 quid
1119 3646 1251 3702 mihi
1291 3649 1512 3716 prodest
1544 3646 1686 3717 quod
1731 3645 1796 3700 ad
1827 3654 2079 3716 quartum

483 3741 754 3799 decimum
789 3741 948 3797 veni?
984 3741 1049 3796 Et
1098 3741 1144 3795 si
1185 3740 1250 3795 ad
1290 3739 1538 3811 quintum
1570 3738 1838 3794 decimum
1878 3753 2080 3795 venero

391 3907 398 3910 _
481 3848 538 3895 et
574 3852 863 3904 corruero,
914 3836 1089 3906 major
1127 3849 1404 3904 ascensus,
1449 3833 1622 3904 major
1657 3833 1812 3887 ruina
1843 3842 1946 3887 est.
1997 3830 2082 3887 Si-

485 3929 709 3999 mulque
735 3927 1020 3984 considera
1051 3933 1449 3982 sacramentum
1484 3942 1496 3977 :
1529 3925 1651 3995 quia
1680 3923 1902 3993 grandis
1929 3922 2081 3977 labor

482 4033 589 4091 est,
630 4034 686 4078 et
711 4021 932 4091 grandis
963 4020 1149 4087 sudor,
1179 4019 1246 4076 de
1279 4021 1442 4075 terris
1471 4018 1538 4072 ad
1568 4017 1767 4074 coelum
1811 4033 2078 4073 conscen-

482 4115 630 4173 dere.
657 4115 831 4170 Vultis
850 4114 992 4170 scire
1017 4113 1108 4186 qui
1130 4121 1257 4168 sunt
1281 4112 1368 4168 isti
1392 4110 1630 4182 gradus?
1651 4111 1751 4180 Qui
1771 4121 1855 4166 est
1873 4111 2079 4180 primus

480 4208 716 4281 gradus?
763 4209 876 4280 Ego
921 4217 1050 4278 puto
1087 4207 1318 4278 primum
1351 4204 1573 4275 gradum
1606 4219 1726 4259 esse
1763 4203 2025 4274 jejunium
2061 4221 2075 4257 :

483 4301 660 4357 adhuc
699 4302 844 4356 enim
878 4300 1030 4371 juxta
1061 4308 1261 4354 terram
1308 4305 1426 4352 est:
1463 4295 1770 4352 recedimus
1813 4295 1880 4352 de
1909 4305 2076 4362 terra,

479 4395 930 4450 conscendimus:
967 4402 1148 4449 tamen
1191 4391 1367 4447 adhuc
1405 4391 1473 4447 de
1504 4391 1755 4456 terrenis,
1785 4399 1840 4446 et
1877 4405 2076 4462 corpo-

481 4487 684 4543 ralibus
712 4488 1032 4558 cogitamus.
1069 4485 1219 4541 Dicat
1249 4485 1480 4556 aliquis:
1521 4485 1646 4556 quid
1689 4485 1820 4540 mihi
1853 4486 2073 4554 prodest

471 4580 778 4652 jejunium?
803 4595 904 4650 ego
930 4595 1137 4650 quaero,
1184 4588 1245 4635 ut
1272 4581 1450 4634 anima
1482 4594 1598 4634 mea
1637 4593 1771 4649 pura
1816 4579 1888 4631 sit
1930 4577 2071 4646 apud

481 4672 768 4728 Dominum
797 4687 811 4723 :
838 4672 1025 4742 quanti
1055 4687 1162 4727 non
1190 4671 1457 4742 jejunant,
1491 4680 1545 4726 et
1565 4670 1736 4725 sancti
1769 4669 1926 4724 sunt!
1959 4667 2071 4739 Ego

476 4779 585 4821 non
619 4763 722 4819 hoc
753 4763 894 4819 dico.
926 4761 985 4819 Si
1005 4762 1205 4817 Paulus
1229 4763 1504 4832 apostolus
1525 4760 1830 4831 castigabat
1873 4775 2070 4830 corpus

474 4873 657 4928 suum,
701 4867 757 4914 et
785 4855 1029 4935 servjtuti
1060 4855 1422 4924 subjiciebat:
1465 4869 1533 4910 ne
1577 4854 1698 4909 aliis
1734 4853 2064 4923 praedicans,

468 4955 586 5024 ipse
615 4952 877 5022 reprobus
905 4950 1241 5006 inveniretur
1263 4948 1303 5020 (Ι
1334 4948 1452 5002 Cor.
1487 4946 1588 5019 tx);
1623 4949 1666 5002 si
1689 4946 1819 5002 dicit
1848 4964 1860 4998 :
1899 4947 2066 5002 Video

463 5053 646 5100 autem
675 5044 834 5099 aliam
863 5043 1036 5113 legem
1081 5039 1423 5096 resistentem
1454 5040 1554 5110 legi
1586 5042 1783 5094 mentis
1810 5054 1968 5104 mean,
2012 5047 2067 5094 et

469 5135 758 5192 ducentem
792 5150 877 5190 me
909 5133 962 5190 in
989 5133 1397 5204 captivitatem;
1425 5141 1481 5187 et
1513 5140 1694 5200 postea
1712 5131 1880 5186 dicit:
1916 5129 2061 5186 lnl‘e-

464 5226 540 5282 lix
570 5242 670 5297 ego
703 5229 887 5293 homo,
936 5227 1056 5298 quis
1098 5241 1186 5282 me
1225 5223 1476 5281 liberabit
1502 5224 1570 5279 de
1598 5237 1832 5295 corpore
1872 5223 2063 5278 mortis

463 5320 656 5389 hujus!
705 5320 750 5374 si
797 5318 889 5374 ille
935 5318 1163 5375 insidias
1215 5319 1461 5389 corporis
1508 5317 1679 5383 timet,
1732 5333 1829 5371 nos
1881 5318 2059 5374 securi

465 5411 688 5467 sumus?
730 5413 783 5466 Si
817 5412 904 5466 ille
943 5412 1115 5468 dicit:
1148 5412 1375 5481 Quando
1410 5410 1676 5474 inﬁrmor,
1713 5421 1839 5467 tunc
1868 5411 2062 5468 fortior

466 5517 586 5558 sum
615 5521 626 5556 :
659 5503 946 5569 infirmitas
970 5505 1238 5575 corporis,
1267 5505 1469 5558 sanitas
1492 5503 1685 5558 anima:
1716 5513 1816 5558 est.
1845 5503 1957 5559 Hoc
1981 5513 2059 5559 to-

466 5604 578 5650 tum
609 5609 778 5666 quare
802 5595 923 5650 dico
949 5613 962 5649 :
986 5596 1120 5664 Quia
1146 5596 1466 5652 abstinentia
1499 5596 1704 5666 primus
1726 5596 1924 5666 gradus
1946 5607 2052 5665 est,

463 5698 518 5742 et
548 5704 654 5744 non
686 5691 865 5743 statim
912 5697 1162 5759 putemus
1188 5690 1331 5760 quod
1359 5690 1403 5744 si
1428 5689 1890 5760 jejunaverimus,
1924 5704 2055 5745 con-

492 5779 785 5840 cendamus
799 5781 863 5835 ad
887 5795 1048 5852 regna
1071 5781 1354 5838 caelorum.
1370 5781 1581 5852 Jejunia
1604 5796 1703 5838 nos
1727 5797 1831 5839 non
1854 5781 2058 5840 ducunt

2182 3278 2345 3332 estin
2388 3277 2734 3333 tribulatione
2767 3291 2782 3332 :
2822 3277 2932 3348 jam
2974 3277 3122 3331 cnim
3163 3275 3391 3352 recessit
3432 3275 3500 3333 de
3551 3275 3780 3332 tribulaé

2185 3373 2354 3439 tione,
2385 3373 2492 3442 jam
2530 3373 2582 3426 in
2617 3372 2790 3441 primo
2817 3371 2989 3442 gradu
3029 3372 3209 3441 posuit
3240 3369 3454 3440 pedem.
3484 3369 3602 3426 Non
3635 3371 3778 3424 enim

2183 3465 2345 3520 dicit:
2374 3463 2528 3520 Nunc
2553 3464 2800 3530 tribulor,
2829 3478 2969 3519 nunc
2995 3465 3201 3530 clamo;
3232 3463 3327 3519 sed
3366 3464 3488 3533 quia
3524 3464 3577 3518 in
3609 3463 3782 3533 primo

2182 3557 2350 3626 gradu
2380 3565 2483 3622 est,
2517 3559 2680 3613 refert
2709 3556 2836 3627 quid
2881 3570 3073 3628 passus
3099 3565 3201 3612 cst.
3235 3555 3302 3611 Et
3343 3555 3473 3626 quid
3503 3556 3673 3611 dicit?
3701 3556 3782 3610 Ad

2183 3647 2464 3704 Dominum
2511 3667 2627 3703 cum
2659 3649 2952 3714 tribularer,
3001 3649 3243 3714 clamavi,
3285 3660 3334 3704 et
3363 3650 3630 3704 exaudivit
3677 3666 3778 3704 me.

2183 3743 2485 3812 Antequam
2517 3743 2573 3797 in
2613 3743 2789 3812 primo
2818 3741 2987 3813 gradu
3018 3741 3210 3812 pedem
3244 3755 3529 3811 ponerem,
3564 3741 3781 3797 tribula-

2185 3836 2304 3906 bar,
2335 3837 2458 3907 quia
2500 3852 2605 3891 non
2645 3847 2887 3906 poteram
2924 3845 3138 3893 terrena
3172 3836 3464 3891 dimittere.
3489 3837 3574 3890 Ad
3595 3834 3750 3891 Domi
3763 3866 3780 3879 -

2183 3945 2305 3982 num
2341 3945 2458 3985 cum
2483 3927 2756 3982 tribularer
2783 3927 3025 3995 clamavi,
3060 3937 3109 3982 et
3139 3928 3400 3982 exaudivit
3428 3944 3530 3982 me.
3561 3927 3780 3982 Videtur

2182 4019 2283 4075 iste
2322 4019 2627 4075 versiculus
2655 4020 2787 4075 nihil
2820 4020 3020 4075 habere
3062 4021 3409 4076 intrinsecus.
3463 4019 3779 4075 Versiculos

2182 4128 2380 4185 parvus
2402 4122 2520 4169 est:
2553 4113 2646 4168 sed
2687 4123 2796 4168 tres
2828 4128 3021 4169 sensus
3050 4112 3212 4168 habet
3237 4113 3287 4166 in
3318 4127 3378 4167 se
3406 4113 3616 4182 pariter
3643 4128 3775 4168 con-

2182 4208 2501 4278 glutinatos.
2557 4205 2695 4274 Quid
2728 4205 2871 4260 enim
2921 4205 3095 4261 dicit?
3140 4204 3268 4260 Cum
3316 4204 3617 4271 tribularer,
3654 4219 3776 4259 cccc

2181 4315 2372 4368 unum,
2387 4300 2636 4366 clamavi;
2657 4307 2712 4354 et
2730 4308 2850 4368 post
2874 4299 3168 4354 clamorem
3193 4297 3356 4369 quid?
3376 4306 3422 4354 et
3447 4298 3650 4352 audivit
3678 4313 3774 4352 me.

2179 4393 2236 4449 In
2278 4409 2387 4448 uno
2425 4407 2587 4447 versu
2633 4392 2780 4462 prior
2817 4391 3115 4460 tribulatio,
3148 4392 3424 4457 clamatio,
3476 4390 3773 4446 exauditio.

2178 4485 2296 4542 Non
2345 4485 2484 4540 dixit
2532 4502 2547 4544 :
2601 4484 2829 4553 Quando
2875 4498 3096 4539 securus
3127 4497 3301 4550 eram,
3353 4481 3574 4552 quando
3626 4483 3777 4536 lzetus

2102 4556 2156 4616 Ῑ)
2180 4595 2355 4647 eram,
2389 4580 2640 4648 clamavi,
2672 4579 2767 4635 sed
2797 4578 3015 4650 quando
3041 4577 3358 4642 tribulabar,
3390 4575 3645 4631 clamavi.
3679 4575 3778 4629 Pe-

2182 4675 2314 4744 titis,
2356 4675 2549 4744 inquit,
2583 4681 2638 4728 et
2683 4689 2791 4729 non
2835 4670 3166 4728 exaudimini
3211 4687 3225 4726 :
3263 4669 3388 4740 quia
3437 4667 3777 4738 negligenter

2179 4767 2361 4837 petitis
2392 4765 2532 4837 (Jac.
2567 4764 2666 4823 tvl.
2711 4763 2794 4817 Ad
2825 4763 3104 4817 Dominum
3153 4777 3269 4815 cum
3317 4759 3617 4826 tribularer,
3671 4759 3778 4812 cla-

2177 4859 2332 4926 mavi,
2367 4867 2415 4913 et
2442 4858 2701 4913 exaudivit
2725 4873 2822 4911 me.
2855 4856 2992 4926 Quid
3040 4871 3126 4912 me
3149 4854 3466 4911 exaudivit?
3507 4853 3662 4908 Fecit
3691 4868 3776 4908 me

2174 4961 2322 5008 stare
2370 4952 2420 5006 in
2471 4952 2647 5022 primo
2700 4949 2910 5021 gradu?
2947 4965 3134 5004 verum
3186 4947 3254 5004 ad
3307 4948 3774 5018 comparationem

2173 5044 2347 5114 quinti
2372 5043 2566 5099 decimi
2605 5041 2830 5114 gradus,
2863 5041 2992 5112 quid
3025 5050 3110 5096 est
3140 5054 3261 5096 esse
3284 5039 3336 5094 in
3361 5039 3542 5110 primo
3569 5037 3774 5109 gradu?

2173 5134 2364 5190 Dimisi
2395 5146 2630 5201 terrena,
2655 5134 2887 5190 necdum
2913 5133 2980 5188 ad
3002 5133 3110 5187 alta
3131 5131 3424 5188 conscendi
3453 5148 3465 5184 :
3504 5146 3640 5202 ergo
3666 5145 3774 5186 non

2170 5226 2349 5282 debeo
2396 5243 2516 5283 esse
2547 5243 2793 5294 securus,
2843 5227 2894 5281 in
2926 5227 3141 5282 caeteris
3184 5224 3443 5298 gradibus
3473 5224 3650 5282 debeo
3676 5240 3771 5280 au~

2170 5319 2361 5375 xilium
2395 5319 2491 5374 Dei
2521 5319 2820 5390 postulare.

2243 5409 2485 5479 Domine,
2525 5411 2684 5465 libera
2718 5412 2947 5465 animam
2978 5427 3145 5466 meam
3176 5427 3207 5465 a
3227 5411 3383 5466 labiis
3408 5413 3626 5482 iniquis,
3653 5422 3699 5466 et
3732 5428 3767 5463 α

2167 5504 2346 5576 lingua
2365 5503 2566 5558 dolosa.
2593 5503 2752 5574 Dicit,
2770 5504 2892 5570 hoc,
2913 5504 2981 5559 de
3003 5506 3255 5561 omnibus
3275 5504 3594 5560 haeresibus.
3623 5504 3763 5560 Dicit

2161 5596 2230 5654 de
2252 5597 2476 5663 ludatis,
2501 5597 2635 5652 dicit
2655 5596 2725 5653 de
2754 5585 2988 5667 Arianis,
3021 5598 3151 5652 dicit
3173 5597 3242 5652 de
3272 5596 3605 5662 Manicbteis,
3633 5597 3766 5652 dicit

2161 5691 2228 5745 de
2256 5692 2470 5746 caeteris
2498 5689 2817 5744 baeresibus.
2860 5689 3090 5758 Quando
3120 5689 3249 5745 dicit
3275 5690 3511 5744 Arianus
3553 5708 3565 5742 :
3598 5689 3761 5744 Pater

2159 5782 2358 5852 major,
2393 5781 2562 5837 Filius
2591 5779 2788 5852 minor,
2821 5781 2948 5854 quid
2978 5782 3222 5840 dicemus
3250 5782 3384 5838 nos?
3413 5778 3663 5848 Domine,
3695 5781 3761 5834 Ii-
