4008 6336
250 345 387 405 1275

1087 346 1407 406 SECUNDA
1447 343 1809 404 EXPOSITIO
1848 342 2077 404 SUPER
2116 343 2444 405 PSALSIUM
2483 293 2671 404 CXI-X.

3384 340 3522 400 1274

242 466 361 524 bera
383 467 610 521 animam
637 479 800 519 meam
825 480 856 517 a
885 461 1035 520 labiis
1064 465 1274 535 iniquis,
1298 472 1342 519 et
1363 480 1393 516 a
1418 463 1597 537 lingua
1625 462 1828 517 dolosa.
1857 463 1908 524 Α
1939 472 2048 520 tum
2086 463 2392 536 Prophetze,
2430 464 2599 520 immo
2623 463 2797 521 sancti
2827 463 2880 520 in
2916 463 3094 535 primo
3125 463 3292 535 gradu
3322 463 3528 520 εοιιειῑ..

239 559 468 629 Quando
507 559 637 615 dicit
671 557 1029 623 Manichacus,
1057 566 1113 613 et
1148 557 1348 614 similis
1380 554 1830 612 Manichaeorum:

240 654 502 711 Dominus
515 668 619 708 nou
642 653 938 708 resurrexit
951 655 1004 707 in
1021 651 1265 723 corporis
1282 651 1528 717 veritate,
1544 658 1598 706 et
1618 657 1678 703 ut
1693 649 1834 704 scias

240 763 348 804 non
383 746 548 802 fuisse
579 760 767 802 verum
795 758 1017 816 corpus,
1049 744 1249 799 clausis
1273 743 1546 814 ingressus
1567 749 1652 796 est
1677 738 1834 795 ostiis

239 839 420 912 (Joan.
443 838 561 911 xx),
577 853 675 894 nos
699 838 825 909 quid
854 836 1134 894 dicemus?
1157 835 1400 901 Domine,
1420 835 1579 890 libera
1605 835 1834 888 animum

240 950 407 988 meam
427 950 459 987 a
487 933 636 987 labiis
667 933 876 1003 iniquis,
903 942 949 986 et
980 949 1012 986 a
1040 932 1215 1003 lingua
1243 931 1442 985 dolosa.
1487 929 1688 1001 Majora
1713 926 1834 982 vul-

238 1042 369 1083 nera
395 1035 524 1082 sunt
549 1026 766 1096 linguae,
790 1040 948 1096 quam
967 1024 1153 1095 gladii.
1176 1022 1399 1080 Gladius
1429 1021 1684 1078 interficit
1711 1035 1833 1075 cor-

241 1136 373 1194 pus,
424 1121 663 1176 animam
701 1134 810 1175 non
840 1118 1118 1175 interﬁcit.
1161 1119 1369 1190 Lingua
1416 1117 1555 1172 mala
1589 1131 1678 1172 res
1715 1124 1827 1185 est,

239 1214 443 1270 malum
475 1217 722 1284 magnu’m
756 1229 767 1264 :
801 1211 1074 1267 modicum
1115 1210 1336 1282 quidem
1368 1209 1672 1266 membrum
1693 1253 1707 1278 ,
1736 1207 1832 1263 sed

241 1323 432 1379 magna
464 1307 761 1363 exulcerat.
794 1305 998 1374 Quanta
1034 1306 1172 1362 mala
1203 1304 1400 1360 habt-at
1426 1305 1630 1375 lingua,
1671 1301 1834 1374 legite

240 1399 540 1468 Epistulam
568 1400 738 1454 sancti
769 1399 954 1453 Jacobi
996 1397 1149 1472 (Cap.
1178 1399 1279 1467 ιιι).
1311 1397 1514 1468 Lingua
1545 1397 1676 1451 nihil
1711 1411 1828 1452 me.

241 1491 392 1548 dium
442 1491 632 1558 habet;
665 1498 758 1544 aut
779 1488 983 1562 grande
1006 1490 1202 1544 malum
1233 1499 1338 1559 est,
1369 1497 1460 1543 aut
1489 1486 1693 1560 grande
1737 1487 1833 1542 bo-

239 1601 391 1640 num.
440 1583 657 1640 Grande
703 1583 931 1651 bonum,
965 1583 1009 1638 si
1058 1581 1330 1643 Christum
1386 1581 1554 1635 Deum
1604 1578 1834 1634 conﬁte-

239 1690 358 1745 tur;
389 1677 595 1750 grande
636 1677 860 1742 malum,
894 1677 940 1732 si
978 1675 1253 1730 Christum
1281 1675 1451 1730 Deum
1475 1682 1655 1745 negat.
1687 1674 1831 1743 Ergo

240 1790 307 1830 ne
337 1782 486 1844 putet
515 1773 704 1845 aliquis
732 1779 785 1828 et
811 1771 954 1826 dicat
978 1771 1215 1839 interim,
1240 1783 1405 1842 opere
1435 1784 1542 1824 non
1565 1767 1784 1838 peccavi
1814 1783 1828 1822 :

1936 557 2056 613 tuti.
2101 557 2233 612 Dico
2286 556 2608 628 simplicius,
2665 567 2889 628 propter
2936 556 3322 629 simpliciores.
3387 554 3526 624 Quid

1934 649 2101 706 dicit?
2145 648 2384 715 Domine,
2418 650 2579 706 libera
2616 651 2844 706 animam
2873 666 3041 706 meam
3071 666 3102 705 a
3132 649 3283 706 labiis
3310 650 3521 721 iniquis,

1936 756 1984 802 et
2008 765 2039 801 a
2069 748 2244 819 lingua
2275 747 2479 805 dolosa.
2513 747 2674 804 Verbi
2716 763 2877 804 causa
2902 790 2918 816 ,
2950 765 2979 804 a
3014 749 3176 805 labiis
3218 747 3518 804 adversarii

1936 842 2164 913 mei,qui
2184 842 2318 898 mihi
2343 842 2600 900 detrahit.
2629 841 2735 900 Sed
2763 843 3022 900 Dominus
3041 843 3186 899 aliud
3208 841 3520 913 respondet.

1937 934 2000 991 Et
2030 934 2156 1006 quid
2196 935 2367 990 dixit?
2403 934 2522 992 Non
2562 934 2728 1004 dixit,
2763 934 2894 1006 quid
2922 935 3081 991 detur
3121 934 3250 1003 tibi,
3283 943 3377 991 aut
3398 932 3527 1005 quid

1935 1035 2236 1096 apponatur
2259 1028 2376 1096 tibi,
2395 1037 2584 1084 contra
2604 1028 2837 1099 linguam
2854 1027 3133 1084 dolosam?
3157 1028 3258 1084 hoc
3285 1037 3388 1095 est,
3418 1042 3525 1084 non

1937 1119 2093 1188 dixit,
2122 1120 2252 1189 quid
2291 1120 2573 1178 desideras
2617 1121 2716 1176 tibi
2765 1122 2880 1177 ﬁeri
2925 1131 3114 1178 contra
3157 1120 3526 1177 adversarium

1938 1213 2124 1266 tuum?
2146 1211 2252 1268 Sed
2283 1213 2408 1284 quid
2430 1212 2596 1269 dicit?
2626 1213 2764 1280 Quid
2787 1214 2939 1269 detur
2969 1214 3082 1280 tibi,
3106 1223 3194 1268 aut
3221 1215 3348 1286 quid
3369 1230 3528 1283 appo-

1937 1314 2087 1360 natur
2107 1306 2217 1374 tibi,
2241 1306 2310 1360 ad
2337 1307 2566 1378 linguam
2594 1307 2866 1363 dolosam?
2892 1307 3006 1364 Non
3034 1308 3192 1377 dixit,
3215 1316 3401 1364 contra
3427 1306 3530 1364 lin-

1934 1412 2094 1469 guam
2123 1415 2138 1453 :
2171 1398 2289 1466 sed,
2314 1399 2380 1452 ad
2403 1400 2652 1470 linguam.
2672 1400 2860 1456 Videte
2881 1400 3010 1472 quid
3033 1399 3178 1456 dicat
3203 1401 3272 1454 ad
3296 1401 3527 1473 linguam

1936 1490 2206 1546 dolosam:
2223 1491 2288 1546 ad
2305 1501 2449 1546 tuam
2469 1493 2728 1564 linguam,
2747 1510 2852 1550 non
2865 1493 3188 1550 adversarii.
3203 1493 3258 1550 Si
3277 1495 3422 1550 enim
3445 1493 3531 1548 ad-

1935 1585 2208 1640 versarius
2233 1583 2326 1639 tibi
2344 1585 2596 1653 detrahit,
2612 1584 2745 1641 nihil
2768 1585 2858 1642 tibi
2879 1595 3068 1642 nocet:
3097 1596 3152 1642 tu
3173 1599 3223 1642 te
3249 1585 3528 1652 interﬁcis,

1934 1678 1980 1733 si
2002 1677 2089 1733 alii
2113 1676 2384 1734 detrahas.
2408 1677 2564 1734 Verbi
2586 1680 2755 1749 gratia
2783 1698 2794 1735 :
2823 1679 2879 1735 Si
2903 1679 3154 1736 detrahat
3182 1679 3313 1736 mihi
3339 1678 3528 1747 frater,

1936 1772 2070 1826 mihi
2099 1771 2225 1843 quid
2249 1772 2468 1827 nocuit?
2493 1771 2547 1828 Si
2571 1772 2717 1828 dicat
2739 1788 2824 1828 me
2844 1772 3191 1840 homicidam,
3214 1774 3257 1829 si
3282 1773 3424 1830 dieat
3445 1787 3532 1829 me

237 1867 284 1922 si
335 1866 558 1937 peccavi
587 1907 602 1930 ,
635 1865 814 1936 lingua
850 1863 1090 1934 peccavi.
1137 1862 1293 1932 Quod
1324 1871 1404 1918 est
1430 1861 1604 1931 majus
1637 1873 1832 1931 pecca-
1863 1853 1908 1913 Β
1936 1865 2260 1928 adulterum,
2285 1867 2332 1921 si
2353 1866 3414 1938 sceleratum,sintendacem,mihiquid
3437 1881 3536 1922 no-

240 1971 351 2015 tum
375 2001 390 2026 ,
423 1974 583 2030 quam
615 1958 948 2028 blasphemia
997 1958 1050 2012 in
1081 1957 1297 2013 Deum?
1331 1968 1387 2013 et
1436 1965 1618 2011 tamen
1647 1955 1832 2025 lingua

239 2061 447 2121 peccat.
495 2040 768 2105 Diabolus'
790 2064 886 2104 cur
912 2048 979 2105 de
1007 2049 1146 2105 coelo
1188 2047 1422 2104 cecidit?
1473 2047 1597 2119 quia
1628 2046 1832 2101 furtum

237 2139 404 2197 fecit?
431 2142 556 2212 quia
587 2139 933 2196 homicidium
973 2138 1137 2196 fecit?
1165 2140 1289 2210 quia
1328 2139 1654 2194 adulterium
1685 2153 1834 2193 com-

239 2233 427 2290 misit?
465 2234 530 2290 Et
559 2232 675 2289 haec
703 2232 918 2304 quidem
949 2233 1087 2287 mala
1119 2241 1283 2302 sunt,
1317 2231 1410 2287 sed
1441 2231 1693 2287 diabolus
1724 2245 1833 2285 non

240 2334 460 2399 propter
501 2327 603 2381 hoc
643 2324 863 2391 cecidit,
912 2324 1008 2380 sed
1043 2333 1263 2395 propter
1295 2324 1533 2396 linguam
1562 2337 1714 2379 suam
1743 2337 1836 2378 ce-

238 2420 392 2478 cidit.
432 2419 588 2489 Quod
618 2419 765 2476 enim
799 2417 936 2474 dixit
965 2437 976 2471 :
1011 2418 1066 2474 lu
1095 2418 1294 2475 coelum
1326 2417 1640 2485 ascendam,
1673 2431 1835 2486 super

238 2515 421 2571 sidera
466 2515 589 2572 coeli
633 2529 826 2586 ponam
857 2513 1117 2569 thronum
1175 2528 1375 2578 meum,
1416 2521 1472 2568 et
1508 2527 1602 2568 ero
1643 2510 1834 2566 similis

237 2610 528 2667 Altissimo
577 2607 715 2682 (Isa.
765 2609 897 2679 χιιι).
953 2607 1070 2663 Νοιι
1101 2623 1231 2678 ergo
1262 2615 1454 2679 putent
1495 2603 1747 2662 monachi
1775 2620 1835 2661 se

238 2705 439 2761 debere
468 2719 589 2761 esse
614 2718 860 2771 securos,
883 2712 939 2759 et
965 2701 1152 2758 dicant
1175 2703 1391 2758 interim
1429 2721 1439 2756 :
1470 2701 1704 2758 Grandia
1728 2701 1837 2756 cri-

239 2799 387 2854 mina
417 2813 522 2854 non
555 2796 781 2854 facimus
811 2797 862 2852 in
885 2795 1240 2864 monasterio,
1266 2811 1370 2852 non
1394 2795 1695 2861 adnlteror,
1726 2809 1832 2850 non

236 2892 447 2950 furtum
499 2892 659 2957 facio,
715 2907 822 2947 non
869 2891 1222 2946 homicidium
1257 2890 1418 2958 facio,
1467 2906 1574 2946 non
1606 2889 1831 2959 parrici-

239 2987 388 3044 dium
441 2987 630 3054 facio,
685 2995 743 3043 et
797 2995 992 3042 caetera
1046 3000 1166 3056 qua:
1225 2984 1452 3055 grandia
1503 2985 1629 3039 vitia
1683 2992 1829 3038 sunt.

241 3081 463 3138 Grande
508 3081 687 3136 scelus
711 3087 830 3147 est,
856 3077 1072 3151 quando
1102 3078 1333 3133 detraho
1361 3076 1514 3132 fratri
1542 3091 1697 3142 meo,
1730 3077 1835 3132 litt-

241 3189 345 3246 gua
379 3189 498 3229 mea
529 3172 750 3228 fratrem
800 3171 1091 3227 interﬁcio.
1143 3171 1246 3240 Qui
1276 3171 1421 3226 enim
1464 3169 1579 3224 odit
1606 3169 1830 3226 fratrem

1934 1957 2080 2012 cuit?
2112 1956 2153 2012 E
2181 1957 2392 2012 duobus
2414 1958 2560 2013 enim
2592 1975 2753 2013 unum
2777 1968 2860 2014 est
2893 1979 2902 2012 :
2933 1968 3024 2014 aut
3051 1974 3237 2014 verum
3263 1959 3415 2026 dicit,
3442 1968 3537 2014 aut

1936 2051 2213 2107 mentitur.
2241 2051 2296 2106 Si
2328 2066 2510 2106 verum
2535 2050 2698 2118 dicit,
2731 2066 2840 2107 non
2871 2051 3000 2107 mihi
3030 2051 3162 2107 illud
3194 2058 3353 2108 nocet
3391 2049 3538 2121 quod

1933 2143 2026 2198 ille
2056 2143 2191 2198 dixit
2226 2161 2236 2196 :
2271 2142 2365 2197 sed
2392 2143 2514 2213 quia
2547 2158 2672 2198 vere
2693 2158 2792 2214 ego
2822 2142 2939 2198 feci.
2975 2142 3032 2199 Si
3051 2153 3230 2199 autem
3255 2142 3535 2210 mentitur,

1935 2235 2275 2291 mendacium
2324 2235 2493 2306 ipsius
2551 2235 2822 2292 nonmihi
2869 2243 3030 2291 nocet
3078 2253 3092 2291 :
3137 2238 3237 2292 sed
3279 2231 3538 2291 interﬁcit

1934 2330 2170 2384 animam
2205 2329 2538 2400 loquentem.
2578 2327 2834 2386 Infelices
2861 2343 3071 2397 sumus,
3103 2329 3288 2386 miseri
3317 2343 3535 2388 sumus.

1935 2424 2162 2493 Quando
2193 2424 2427 2496 aliquem
2462 2424 2725 2480 habemus
2752 2423 3038 2480 inimicum
3070 2441 3084 2479 :
3125 2423 3252 2478 dum
3284 2433 3536 2494 putamus

1935 2517 2077 2590 quod
2100 2527 2289 2573 contra
2320 2519 2496 2589 ipsum
2531 2517 2780 2587 facimus,
2813 2527 3003 2573 contra
3031 2532 3131 2574 nos
3154 2516 3402 2572 facimus.
3429 2519 3534 2576 De-

1937 2610 2202 2667 trahimus
2230 2610 2332 2676 illi,
2382 2609 2488 2666 huc
2521 2611 2755 2682 illucque
2803 2610 3123 2678 circuimus,
3165 2611 3416 2666 omnibus
3443 2610 3530 2666 dio

1936 2705 2110 2759 cimus
2143 2703 2208 2759 de
2229 2719 2294 2759 co
2325 2721 2337 2757 :
2372 2713 2626 2774 putamus
2656 2702 2799 2771 quod
2829 2703 2907 2758 illi
2940 2703 3273 2759 noceamus?
3311 2702 3392 2758 llli
3421 2718 3530 2760 non

1936 2811 2216 2862 uocemus,
2264 2794 2362 2852 sed
2411 2803 2631 2850 nostras
2684 2794 3052 2850 interticimus
3105 2794 3334 2863 animas,
3383 2793 3532 2866 quod

1938 2891 2250 2947 mentimur.
2279 2890 2351 2945 Os
2377 2891 2521 2945 enim
2557 2889 2702 2961 quod
2742 2889 3024 2956 mentitur,
3073 2887 3270 2943 occidit
3295 2888 3532 2944 animam

1937 2983 2094 3056 (Sap.
2128 2984 2198 3054 ι).
2237 2983 2376 3052 Quid
2403 2983 2553 3037 detur
2582 2981 2696 3049 tibi,
2729 2990 2817 3036 aut
2845 2980 2972 3050 quid
3001 2989 3296 3053 apponatur
3322 2980 3444 3046 tibi,
3469 2978 3539 3033 ad

1937 3078 2169 3152 linguam
2208 3077 2476 3132 dolosam?
2510 3075 2678 3144 Quasi
2720 3076 2896 3131 bonus
2925 3073 3193 3142 medicus,
3225 3073 3318 3146 qui
3349 3073 3480 3127 dicit
3513 3090 3524 3125 :

1935 3173 2005 3229 ad
2034 3172 2174 3227 hanc
2205 3171 2596 3238 inﬁrmitatem,
2626 3170 2695 3225 ad
2741 3169 2846 3226 hoc
2891 3171 3110 3236 vulnus,
3152 3167 3280 3240 quid
3311 3167 3403 3223 tibi
3452 3167 3534 3222 vis

237 3237 420 3337 suum,
449 3270 717 3326 homicida
740 3281 821 3327 est
851 3268 1034 3341 (Joan.
1060 3237 1387 3340 tu).-Videte
1417 3267 1545 3340 quid
1573 3266 1718 3322 dicat
1739 3267 1835 3322 Sa-
1859 3237 1906 3303 ο
1938 3265 2146 3336 imponi
2171 3284 2184 3319 :
2208 3264 2351 3335 quod
2381 3264 2476 3319 tibi
2503 3237 2589 3318 vis
2611 3263 2963 3333 emplastrum
2987 3237 3225 3332 imponi?
3251 3258 3533 3329 Quomodo

237 3366 421 3422 lomon
468 3383 478 3418 :
516 3365 571 3420 In
599 3379 759 3420 manu
789 3364 1004 3434 linguae,
1036 3378 1186 3418 mors
1215 3371 1271 3419 et
1295 3363 1401 3417 vita
1433 3361 1617 3429 (Prov.
1652 3362 1835 3432 xvut).

238 3457 430 3514 Videte
461 3457 587 3528 quid
612 3457 760 3513 dicat
787 3475 799 3510 :
831 3458 889 3511 ln
920 3473 1080 3512 manu
1123 3456 1341 3526 linguae.
1374 3453 1539 3510 Vides
1567 3464 1832 3526 quantum

235 3551 438 3608 malum
485 3551 554 3606 sit
610 3551 790 3623 lingua
844 3568 856 3604 :
903 3559 958 3606 et
1005 3566 1223 3606 manum
1275 3550 1457 3606 habet.
1499 3547 1639 3617 Quid
1687 3549 1832 3605 enim

235 3643 369 3700 dicit
394 3643 417 3698 i
440 3643 496 3698 In
528 3659 688 3698 manu
719 3645 936 3713 linguae.
964 3643 1178 3700 Grande
1209 3643 1401 3698 vitium
1433 3652 1517 3698 est
1542 3642 1832 3698 detrahere

233 3735 515 3802 fratribus,
547 3744 726 3792 tacere
755 3750 867 3791 non
901 3749 1084 3806 posse,
1114 3734 1346 3790 circuire
1377 3735 1561 3800 cellas,
1589 3735 1710 3790 aliis
1729 3734 1830 3790 de-

235 3829 474 3885 trahere.
519 3828 630 3899 Ego
655 3838 910 3898 peccator
951 3843 1068 3882 sum
1105 3845 1117 3882 :
1152 3826 1258 3883 lste
1285 3835 1538 3897 peccator
1566 3835 1668 3893 est,
1703 3825 1832 3897 quid

233 3919 302 3976 ad
337 3919 424 3976 te?
453 3919 709 3990 Teipsum
737 3918 1020 3974 considera
1049 3933 1119 3974 ne
1141 3918 1323 3974 cadas.
1352 3916 1490 3986 Quid
1526 3918 1577 3972 in
1608 3916 1830 3972 alterius

235 4011 394 4067 ruina
427 4009 702 4068 exsultas?
732 4009 1001 4080 Numquid
1030 4009 1076 4064 si
1103 4024 1204 4080 ego
1231 4007 1499 4073 cecidero,
1534 4016 1589 4062 tu
1620 4007 1832 4063 stabis?

231 4102 392 4161 Licet
433 4105 588 4160 ruina
620 4119 736 4160 mea
782 4104 875 4171 sit,
911 4103 1061 4160 ruina
1109 4101 1326 4170 fratris,
1361 4103 1526 4156 timor
1557 4111 1680 4156 tuus
1709 4115 1832 4158 esse

231 4195 419 4261 debet,
454 4212 561 4252 non
589 4195 901 4253 exsultatio.
937 4195 1030 4252 Ille
1055 4194 1284 4260 cecidit;
1315 4195 1536 4260 laetaris,
1562 4208 1635 4248 an
1662 4193 1833 4248 tristis

231 4289 328 4346 es?
356 4289 648 4361 Responde
680 4290 812 4345 mihi
845 4307 858 4344 :
897 4289 1092 4346 Frater
1139 4288 1370 4350 cecidit;
1420 4297 1512 4344 aut
1556 4287 1716 4342 laetus
1748 4300 1828 4352 es,

232 4393 328 4441 aut
359 4385 553 4440 tristis.
579 4385 636 4442 Si
663 4386 822 4440 laetus
848 4398 932 4452 es,
963 4383 1152 4454 utquid
1173 4384 1226 4438 in
1246 4381 1471 4438 alterius
1497 4380 1648 4436 ruina
1676 4380 1832 4436 [tctus

233 4481 338 4538 es?
365 4479 421 4536 Si
451 4489 631 4536 autem
666 4479 835 4535 tristis
867 4495 950 4548 es,
984 4478 1114 4548 quid
1144 4479 1343 4534 circuis
1364 4477 1387 4532 ?
1409 4475 1535 4546 quid
1557 4475 1676 4530 aliis
1703 4489 1830 4529 nar-

231 4573 370 4629 ras?
401 4573 669 4627 tristitiam
700 4581 844 4628 tuam
877 4572 1021 4627 Deus
1048 4571 1258 4639 videat,
1287 4582 1342 4627 et
1369 4571 1485 4641 ipse
1508 4569 1679 4625 frater
1707 4583 1832 4624 seu-

234 4668 355 4734 tiat,
382 4680 492 4720 non
521 4664 751 4720 fratrum
776 4680 938 4721 aures
967 4665 1209 4720 audiant.
1253 4664 1493 4728 Domine,
1525 4663 1688 4718 libera
1715 4663 1831 4716 ani-

231 4775 374 4813 mam
405 4773 571 4812 meam
598 4774 630 4811 a
658 4755 810 4810 labiis
833 4757 1044 4827 iniquis,
1069 4767 1115 4810 et
1145 4774 1177 4810 a
1205 4757 1389 4826 lingua
1412 4755 1616 4810 dolosa.

310 4851 452 4920 Quid
478 4851 628 4905 detur
649 4850 758 4914 tibi,
789 4847 879 4903 aut
899 4849 1024 4918 quid
1051 4857 1347 4918 apponatur
1370 4848 1482 4917 tibi,
1509 4847 1578 4901 ad
1602 4847 1832 4918 linguam

229 4946 514 5000 dolosam?
557 4943 794 5014 Spiritus
838 4949 1062 4996 sanctus
1109 4941 1405 5012 respondet
1436 4938 1715 5010 pr0phet:e
1745 4938 1831 4993 di-

230 5037 377 5095 centi
406 5054 418 5090 :
453 5035 672 5090 Domine
691 5077 708 5101 ,
737 5034 897 5090 libera
926 5036 1154 5088 animam
1190 5049 1356 5088 meam
1382 5048 1413 5086 a
1441 5031 1590 5086 labiis
1617 5031 1830 5102 iniquis,

229 5139 280 5184 et
311 5144 343 5181 a
374 5127 551 5200 lingua
580 5127 764 5183 dolosa
794 5142 813 5180 :
842 5125 968 5197 quid
997 5125 1148 5179 detur
1175 5125 1299 5195 tibi,
1331 5133 1419 5178 aut
1443 5124 1567 5195 quid
1592 5139 1829 5195 appona-

231 5231 319 5276 tur
347 5221 460 5284 tibi,
491 5219 559 5273 ad
584 5221 819 5293 linguam
849 5218 1122 5273 dolosam?
1149 5215 1466 5287 Respondet
1486 5215 1558 5281 ei,
1587 5223 1644 5270 et
1671 5213 1829 5282 dicit,

233 5325 289 5369 tu
317 5313 407 5384 qni
435 5312 573 5368 dicis
619 5331 632 5367 :
679 5313 898 5380 Domine.
919 5353 935 5377 ,
977 5311 1141 5365 libera
1169 5309 1399 5364 animam
1428 5324 1594 5362 meam
1619 5323 1650 5360 a
1680 5307 1828 5362 labiis

229 5406 440 5476 iniquis,
491 5415 538 5460 et
587 5423 618 5458 a
648 5407 826 5477 lingua
856 5405 1062 5471 dolosa,
1111 5401 1242 5475 quid
1284 5402 1378 5456 tibi
1433 5401 1514 5456 vis
1559 5399 1713 5455 dari?
1762 5400 1830 5455 Et

229 5506 520 5570 postquam
553 5497 739 5552 datum
773 5498 864 5552 tibi
897 5496 1086 5561 fuerit,
1111 5495 1241 5565 quid
1265 5494 1362 5551 tibi
1388 5509 1604 5550 rursum
1623 5494 1826 5566 apponi

231 5592 315 5646 vis
345 5590 413 5644 ad
466 5591 699 5660 linguam
748 5589 1038 5646 dolosam?
1069 5589 1260 5646 Videte
1300 5588 1426 5661 quid
1457 5587 1603 5644 dicat
1647 5606 1660 5642 :
1711 5587 1828 5644 Non

235 5685 392 5751 dixit,
419 5692 603 5739 contra
650 5684 893 5754 linguam
924 5684 1190 5750 dolosam,
1231 5683 1350 5751 sed,
1380 5683 1449 5738 ad
1476 5683 1704 5755 linguam
1734 5680 1832 5736 do-

236 5781 422 5836 losam.
456 5779 514 5834 Si
553 5779 802 5844 dixisset,
829 5789 1016 5834 contra
1052 5779 1287 5850 linguam
1318 5779 1584 5849 dolosam,
1615 5779 1833 5836 videre-

238 5881 331 5930 tur
355 5871 423 5930 de
445 5871 756 5930 adversario
783 5870 984 5929 dicere.
1018 5871 1213 5930 Videte
1243 5871 1370 5944 quid
1399 5873 1471 5930 sit
1509 5886 1830 5932 sacramen-

1860 4628 1914 4689 D

1934 3360 1980 3415 si
2017 3359 2162 3415 dicat
2191 3358 2382 3429 aliquis
2421 3357 2488 3413 ad
2513 3357 2855 3414 vulneratum
2886 3355 3122 3426 aliquem
3167 3372 3179 3408 :
3223 3353 3362 3422 Quid
3385 3354 3537 3407 detur

1935 3455 2048 3522 tibi,
2066 3462 2155 3509 aut
2181 3454 2306 3526 quid
2332 3463 2628 3524 apponatur
2654 3451 2768 3518 tibi,
2790 3450 2856 3506 ad
2885 3449 3081 3506 vulnus
3105 3463 3213 3521 quo
3233 3447 3421 3504 doles?
3448 3446 3534 3502 ln-

1936 3555 2173 3618 terrogat
2215 3546 2494 3612 Dominus,
2539 3559 2646 3600 non
2673 3543 2818 3614 quod
2862 3541 3093 3614 ignoret,
3126 3539 3221 3597 sed
3264 3539 3406 3612 quod
3431 3539 3534 3595 iste

1934 3642 2026 3711 qui
2049 3639 2296 3710 rogabat,
2327 3639 2464 3692 sciat
2489 3635 2764 3708 quomodo
2798 3649 2990 3708 rogare
3020 3633 3234 3689 debeat.

2008 3734 2226 3804 Sagitta:
2254 3737 2470 3800 potentis
2495 3740 2682 3794 acutae,
2713 3745 2827 3782 cum
2858 3727 3161 3781 carbonibus
3189 3725 3538 3780 desolatoriis.

1937 3827 2154 3897 Sagitta:
2177 3825 2402 3896 potentis
2423 3833 2607 3877 aCttltB.
2640 3821 2792 3876 Nunc
2817 3820 3112 3892 respondet
3133 3819 3196 3872 ad
3215 3817 3532 3884 Dominum,

1933 3920 2066 3992 quid
2099 3928 2269 3990 petat.
2304 3917 2440 3985 Quia
2482 3917 2694 3972 dixerat
2725 3915 2985 3970 Dominus
3021 3932 3033 3967 :
3078 3912 3217 3979 Quid
3244 3912 3392 3966 detur
3419 3910 3531 3976 tibi,

1935 4026 2024 4070 aut
2053 4014 2177 4085 quid
2198 4022 2496 4083 apponatur
2537 4010 2664 4065 tibi?
2689 4009 2846 4066 Nunc
2874 4009 2976 4064 iste
3006 4006 3160 4072 dicit,
3189 4003 3321 4076 quid
3351 4011 3498 4074 petat
3524 4021 3536 4056 :

1937 4111 2188 4176 Domine,
2236 4109 2339 4164 hoc
2380 4118 2504 4178 peto
2551 4126 2563 4160 :
2608 4107 2834 4178 sagittas
2880 4102 3116 4175 potentis
3166 4109 3382 4167 acutas,
3412 4113 3534 4153 cum

1935 4203 2261 4260 carbonibus
2290 4199 2658 4256 desolatoriis.
2693 4197 2886 4254 Videte
2911 4195 3040 4268 quid
3069 4195 3235 4251 dicat.
3254 4192 3534 4248 Venenum

1935 4297 2132 4368 lingua:
2169 4311 2322 4361 mem,
2356 4303 2406 4350 et
2439 4293 2830 4350 detractionem
2852 4305 3049 4353 meam,
3077 4287 3223 4343 nulla
3245 4300 3333 4342 res
3354 4291 3535 4356 potest

1936 4389 2084 4444 foras
2130 4387 2429 4457 projicere:
2461 4386 2563 4442 nisi
2601 4385 2812 4455 sagittae
2860 4394 2984 4450 tuan,
3016 4396 3138 4452 quae
3181 4376 3532 4436 solitudinem

1933 4482 2144 4539 faciunt
2187 4481 2386 4552 lingua:
2429 4495 2590 4536 mete.
2635 4479 2843 4550 Lingua
2874 4492 2996 4532 mea
3027 4484 3232 4542 tumet,
3264 4488 3535 4530 venenum

1937 4576 2104 4632 habet
2129 4575 2456 4630 intrinsecus
2497 4590 2512 4628 :
2546 4572 2649 4627 nisi
2686 4570 2904 4641 sagittis
2935 4569 3042 4624 tuis
3069 4575 3394 4638 compuncta
3423 4567 3538 4622 lue-

1937 4670 2007 4727 rit
2033 4712 2048 4736 ,
2079 4677 2134 4725 et
2161 4681 2451 4740 percussa,
2496 4679 2767 4722 venenum
2797 4678 2907 4718 non
2937 4660 3233 4734 egreditur.
3267 4659 3535 4718 Debemus

1935 4762 2244 4833 exemplum
2265 4760 2394 4815 dare
2423 4779 2435 4814 :
2465 4760 2508 4815 si
2539 4757 2756 4830 quando
2785 4759 2839 4814 in
2867 4771 3096 4828 corpore
3120 4756 3315 4811 vulnus
3346 4760 3450 4817 est,
3482 4761 3541 4808 et

1937 4853 1991 4910 in
2020 4855 2138 4925 ipso
2168 4852 2393 4907 vulnere
2437 4850 2549 4920 jam
2595 4849 2827 4920 putridaa
2857 4862 3052 4904 carnes
3079 4855 3230 4913 sunt,
3263 4856 3312 4901 et
3345 4859 3541 4900 cancer

1936 4957 2039 5014 est,
2071 4955 2127 5003 et
2167 4945 2328 5002 fuerit
2359 4960 2459 5014 pus
2509 4946 2877 5012 intrinsecus;
2925 4944 3028 5000 nisi
3059 4952 3306 5014 apertum
3351 4939 3539 5006 fuerit,

1946 5055 2055 5096 non
2099 5037 2376 5110 egreditur
2406 5051 2527 5108 pus.
2562 5037 2628 5093 Et
2655 5037 2701 5094 si
2746 5051 3029 5108 egressum
3062 5033 3225 5090 fuerit
3265 5048 3398 5104 pus,
3431 5030 3539 5087 nisi

1937 5131 2295 5186 cauteriatum
2343 5128 2548 5197 fuerit,
2599 5145 2813 5186 rursum
2858 5127 3165 5185 renascitur
3231 5142 3350 5198 pus.
3402 5123 3540 5180 Vide

1937 5223 2100 5293 igitur
2141 5220 2271 5293 quid
2318 5221 2466 5278 dicat
2510 5241 2522 5275 :
2569 5221 2709 5290 Quia
2740 5229 2916 5276 tumet
2954 5220 3132 5291 lingua
3175 5233 3321 5286 mea,
3355 5227 3411 5274 et
3439 5232 3539 5288 pus

1937 5313 2133 5382 habet,
2162 5324 2216 5370 et
2243 5331 2508 5372 venenum
2540 5315 2739 5381 habet,
2769 5315 3006 5385 primum
3034 5313 3244 5385 sagittis
3277 5313 3530 5382 vulnera,

1937 5415 1994 5462 ut
2020 5422 2118 5478 pus
2147 5408 2318 5478 possit
2345 5409 2497 5464 exire
2529 5425 2544 5462 :
2572 5406 2772 5463 deinde
2802 5407 3070 5464 carbones
3103 5417 3251 5473 tuos,
3281 5415 3336 5462 et
3358 5406 3536 5474 ignem

1941 5514 2104 5571 pone,
2129 5510 2183 5555 ut
2211 5501 2468 5572 quidquid
2501 5500 2701 5556 malum
2723 5500 2903 5567 fuerit,
2940 5510 3229 5571 excoquat,
3261 5509 3315 5555 et
3345 5497 3538 5553 deser-

1943 5600 2054 5647 tum
2085 5591 2263 5648 faciat.
2291 5593 2420 5649 Vide
2445 5593 2629 5664 igitur,
2656 5594 2781 5662 quid
2813 5592 2961 5648 dicat
2991 5611 3002 5646 :
3055 5592 3279 5663 Sagitta:
3325 5591 3546 5662 potentis

1939 5694 2146 5757 acutw,
2197 5704 2313 5742 cum
2369 5687 2677 5742 carbonibus
2723 5687 3076 5742 dcsolatoriis.
3133 5685 3349 5742 Utinam
3381 5683 3538 5738 detur

1940 5781 2095 5837 nobis
2135 5781 2237 5836 iste
2280 5781 2442 5836 carbo
2474 5778 2862 5836 desolatorius.
2914 5779 3131 5835 Utinam
3163 5787 3219 5834 et
3249 5791 3349 5833 nos
3388 5773 3540 5830 dica-

1941 5891 2064 5935 mus
2099 5895 2109 5930 :
2145 5875 2334 5934 Nonne
2373 5890 2466 5935 cor
2501 5883 2750 5934 nostrum
2789 5882 2908 5933 erat
2947 5873 3150 5932 ardens
3198 5875 3250 5931 in
3290 5872 3394 5940 via,
3424 5881 3548 5926 cum
