4008 6336
444 295 470 352 1
481 293 588 348 ‘275-

1237 292 1583 352 APPENDIX
1622 295 1713 349 AD
1753 292 2002 358 TOMUM
2042 290 2397 352 SEPTIMUM
2436 296 2495 352 S.
2542 292 2945 352 HIERONYMI.

3597 288 3726 350 1976

441 409 678 478 aperiret
702 407 856 463 nobis
879 407 1186 478 Scripturas
1207 407 1360 482 (Luc.
1392 407 1573 480 utv).
1620 409 1758 464 Dicit
1789 420 1840 465 et
1862 408 2029 464 Isaias
2057 410 2103 472 Α
2134 408 2278 473 mihi,
2327 410 2450 480 quia
2501 409 2757 468 incolatu:
2799 426 2939 466 meus
2987 408 3320 479 prolongata:
3360 417 3453 464 est.
3489 406 3725 462 Habitari

437 500 507 558 ad
538 500 867 572 Babylonem
896 519 906 552 :
943 499 1119 558 llabes
1143 500 1410 559 carbones
1442 502 1600 570 ignis,
1622 500 1838 557 scdcbis
1869 517 2034 572 super

438 608 534 649 eos
578 611 590 647 :
640 591 691 648 hi
739 601 904 648 erunt
950 591 1044 647 tibi
1095 591 1148 646 in
1177 593 1509 662 adjutorium
1539 591 1696 666 (lsai.
1744 593 1936 666 XLVII).
1967 594 2034 649 Et

440 684 687 755 Apostoli
709 693 996 755 antequam
1023 686 1334 755 acciperent
1361 685 1622 754 Spiritum
1647 695 1913 756 sanctum,
1942 689 2036 743 ha-

441 777 642 836 bebant
685 777 735 830 in
764 777 942 847 lingua
988 793 1081 833 sua
1111 777 1286 834 adhuc
1326 778 1542 850 aliquos
1572 789 1810 838 tumores
1841 781 2031 838 huma-

441 884 575 935 nos;
604 878 895 941 propterea
938 869 1170 940 Spiritus
1198 879 1416 926 sanctus
1441 872 1720 932 descendit
1751 874 1802 927 in
1853 875 2036 942 specie

444 961 582 1032 ignis
611 947 675 1018 in
724 962 930 1032 linguas
961 978 1148 1019 eorum
1179 961 1314 1034 (Act.
1351 963 1447 1035 tt),
1489 973 1546 1020 ιιι
1591 965 1853 1037 quidquid
1885 965 2034 1036 puris

438 1055 733 1122 habebant,
767 1055 1004 1125 Spiritus
1044 1066 1266 1113 sanctus
1309 1057 1657 1128 decoqueret.
1704 1059 1954 1115 Dicamus
1982 1068 2037 1120 et

437 1149 584 1205 aliud
612 1149 926 1218 exemplum
961 1168 971 1204 :
1009 1149 1175 1208 Isaias
1204 1167 1327 1206 cum
1373 1151 1599 1208 vidisset
1633 1153 1916 1210 Dominum
1948 1168 2037 1210 se.

437 1245 659 1300 dentem
706 1257 870 1314 super
904 1243 1156 1300 thronum
1188 1243 1462 1300 excelsum
1506 1255 1560 1300 et
1587 1245 1874 1314 elcvatum,
1907 1246 2035 1317 quid

363 1397 372 1403 ,
437 1338 603 1394 dicit?
633 1337 724 1392 Vae
747 1337 875 1394 mihi
913 1337 1136 1404 misero,
1169 1339 1294 1410 quia
1325 1350 1690 1410 compunctus
1719 1357 1836 1398 sum
1859 1384 1874 1407 ,
1909 1344 2033 1413 quia

439 1431 581 1487 labia
610 1429 882 1485 immunda
924 1429 1120 1496 habeo,
1153 1440 1211 1488 et
1239 1433 1290 1486 in
1323 1432 1504 1488 medio
1534 1433 1714 1502 populi
1745 1433 2032 1499 ,immuuda

439 1524 580 1579 labia
595 1524 865 1590 habentis,
883 1539 982 1595 ego
995 1525 1160 1580 sedeo
1175 1524 1440 1596 (Isai.w).
1454 1526 1608 1590 Vide,
1625 1527 1750 1596 qttid
1767 1527 1928 1582 dicit?
1944 1528 2035 1584 Vat

443 1617 574 1674 mihi
620 1617 847 1682 misero,
889 1617 1013 1688 quia
1045 1618 1316 1674 immumla
1351 1618 1490 1673 labia
1527 1618 1718 1674 habeo.
1751 1619 1814 1674 Et
1849 1632 2035 1689 postea

440 1709 568 1778 quid
582 1708 1019 1775 dicit?Quoniam
1036 1708 1172 1766 labia
1191 1709 1417 1764 habebat
1436 1710 1729 1776 immunda,
1751 1719 2033 1781 propterea

2135 516 2250 554 cum
2279 500 2622 558 habitantibus
2645 500 2830 556 Ccdar.
2864 500 3031 556 Cedar
3059 500 3113 555 in
3145 500 3323 571 lingua
3354 508 3537 554 nostra
3564 499 3726 554 inter-

2137 601 2398 662 pretatur,
2432 593 2673 650 tenebrw.
2713 591 2844 648 Vide
2873 608 3002 663 ergo
3025 592 3153 662 quid
3177 592 3321 648 dicat
3352 611 3363 643 :
3395 591 3454 646 ln
3473 605 3585 662 quo
3616 591 3730 647 loco

2135 697 2322 742 sumus
2355 701 2367 739 :
2403 685 2457 739 in
2483 685 2628 756 quali
2659 684 2864 741 mundo
2893 685 3119 740 sumus?
3171 683 3416 740 Habitari
3445 699 3564 737 cum
3591 682 3732 738 habi-

2137 778 2361 834 tantibus
2383 777 2569 834 Cedar.
2598 779 2700 835 Diu
2729 777 2802 835 fui
2845 778 2899 836 in
2929 777 3164 833 tenebris
3199 795 3210 830 :
3243 777 3332 832 ditt
3360 777 3466 832 vixi
3495 776 3550 830 in
3579 784 3728 832 tene-

2135 871 2248 926 bris
2277 889 2288 923 :
2321 870 2412 926 ditt
2436 871 2512 926 ftti
2545 872 2596 928 in
2624 887 2855 940 corpore
2883 871 3073 928 mortis
3100 869 3280 940 hujus.
3309 867 3537 923 Multum
3566 868 3733 924 incola

2137 963 2236 1034 fuit
2266 964 2443 1016 anima
2487 979 2618 1018 mea.
2653 963 2787 1018 Vide
2825 972 3044 1018 sanctus
3079 961 3206 1031 quid
3244 961 3387 1016 dicat
3417 978 3430 1013 :
3464 959 3532 1016 Et
3568 958 3614 1014 si
3645 957 3735 1014 de-

2137 1069 2254 1111 cem
2281 1069 2454 1114 attnos
2485 1056 2613 1124 vixi,
2641 1056 2868 1114 multum
2902 1055 3076 1110 incola
3105 1054 3201 1110 fuit
3223 1053 3402 1112 anima
3436 1067 3578 1108 mea.
3605 1051 3732 1117 Qua:

2137 1149 2278 1204 enim
2323 1147 2599 1205 beatitudo
2635 1158 2750 1212 est.
2797 1149 2864 1206 ad
2913 1149 3374 1220 comparationem
3405 1145 3732 1216 caelestium,

2138 1258 2262 1300 esse
2289 1242 2341 1298 in
2372 1243 2641 1302 terrenis?
2666 1243 2827 1299 Multa
2856 1253 2981 1300 sunt
3009 1258 3130 1312 qute
3170 1241 3422 1298 dicantur
3456 1259 3468 1295 :
3500 1240 3598 1297 sed
3625 1239 3735 1314 jam

2137 1337 2203 1390 ad
2235 1337 2390 1393 tinem
2425 1336 2638 1394 festinat
2677 1335 2872 1392 oratio.

2209 1427 2338 1482 Cum
2369 1425 2447 1482 Itis
2473 1429 2558 1500 qui
2595 1428 2814 1482 oderunt
2845 1443 3042 1494 pacem,
3085 1441 3226 1481 cram
3273 1425 3523 1497 pacificus
3554 1439 3574 1478 :
3609 1441 3724 1481 cum

2137 1518 2380 1585 loquebar
2415 1519 2553 1585 illis,
2581 1517 2953 1590 impugnabant
2986 1533 3064 1572 me
3100 1517 3288 1590 gratis.
3317 1516 3571 1572 Infelices
3603 1533 3735 1586 nos,

2139 1612 2376 1682 linguam
2406 1620 2646 1667 nostram
2669 1613 2953 1670 continere
2973 1626 3080 1666 non
3110 1625 3397 1681 possumus
3422 1627 3529 1666 non
3559 1611 3739 1666 detra-

2140 1704 2306 1760 here:
2337 1706 2378 1760 si
2411 1721 2508 1760 nos
2537 1703 2733 1776 aliquis
2759 1703 3057 1760 otienderit
3079 1745 3094 1769 ,
3127 1703 3282 1774 quasi
3312 1703 3522 1758 vultum
3554 1713 3740 1758 osten-

441 1801 678 1857 mittilur
707 1816 844 1854 unus
880 1801 947 1855 de
978 1799 1292 1872 Seraphim,
1329 1810 1383 1857 et
1411 1801 1547 1856 tollit
1570 1802 1862 1858 carbonem
1895 1803 2034 1873 ignis
2064 1805 2112 1868 B
2137 1800 2315 1856 dimus
2354 1809 2637 1869 pacatum,
2675 1808 2932 1855 czeterum
2961 1813 3058 1853 cor
3101 1797 3263 1852 habet
3301 1812 3591 1856 venenum.
3621 1797 3740 1852 Mo-

442 1895 511 1954 de
536 1895 716 1962 altari,
748 1904 802 1950 et
831 1895 1002 1968 tangit
1025 1894 1162 1948 labia
1197 1895 1364 1964 ipsius
1391 1905 1444 1966 et
1473 1894 1732 1966 lingttam,
1764 1907 1816 1952 et
1843 1906 2037 1970 purgat

442 2001 584 2044 eam.
639 1985 709 2044 Et
744 1986 873 2058 quid
926 1987 1100 2042 dicit?
1151 1987 1290 2048 Ecce
1337 1986 1439 2042 hoc
1472 1987 1620 2056 tetigi
1668 1987 1814 2044 labia
1839 1999 1948 2058 tua,
1981 1999 2038 2046 et

441 2079 699 2136 mundavi
731 2077 967 2148 linguam
995 2086 1162 2138 tuam.
1212 2079 1277 2136 Et
1305 2080 1486 2134 statim
1511 2077 1639 2152 quid
1667 2080 1836 2136 dicit?
1861 2081 2031 2151 Quem

441 2173 654 2230 mittam
681 2170 747 2231 ad
783 2171 1036 2240 populum
1069 2171 1253 2239 istum,
1292 2181 1348 2228 et.
1375 2171 1500 2242 quis
1526 2171 1664 2227 ibit?
1703 2171 1746 2227 0
1777 2175 2036 2244 mysteria

442 2263 847 2334 Scripturarutn
876 2263 889 2316 l
933 2263 1188 2333 quamdiu
1231 2262 1467 2318 habebat
1497 2263 1735 2334 linguam
1765 2263 2034 2334 dolosam,

441 2362 495 2411 et
527 2353 664 2408 labia
697 2352 996 2418 immunda,
1032 2368 1137 2410 non
1175 2355 1225 2409 ei
1257 2355 1476 2419 dicitur.
1513 2371 1675 2426 quem
1726 2355 1956 2425 mittam,
1983 2367 2037 2420 et

439 2445 563 2518 quis
587 2445 725 2500 ibit?
766 2445 1100 2500 mundantur
1126 2445 1267 2501 labia
1291 2447 1480 2516 ipsius.
1514 2455 1570 2502 et
1598 2445 1777 2502 statim
1807 2449 2037 2505 mittitur

439 2538 508 2594 ad
540 2538 888 2612 loquendum.
932 2537 1075 2609 Ergo
1102 2541 1189 2610 qui
1231 2540 1372 2596 labia
1403 2541 1681 2597 immunda
1710 2541 1894 2609 habet,
1927 2559 2034 2602 non

437 2640 622 2704 potest
665 2631 1011 2702 prophetare,
1065 2647 1172 2688 non
1222 2641 1396 2706 potest
1449 2635 1586 2690 mitti
1623 2638 1672 2692 in
1713 2636 2034 2706 obsequium

439 2724 559 2780 Dei.
592 2723 722 2782 Cum
764 2727 1071 2782 carbonibus
1109 2727 1454 2786 desolatoriis.
1489 2729 1703 2786 Utinam
1749 2741 2037 2801 praestetur

439 2816 599 2873 nobis
628 2827 684 2873 et
714 2819 814 2873 ista
849 2817 1110 2887 solitudo,
1151 2829 1208 2874 ut
1255 2820 1637 2894 quodcumque
1685 2822 1886 2882 malum
1928 2833 2031 2890 est,

443 2909 601 2966 tollat
629 2910 697 2968 de
725 2910 904 2982 lingua
937 2923 1117 2967 nostra
1165 2931 1176 2965 :
1230 2921 1285 2966 ttt
1315 2913 1402 2967 ubi
1437 2914 1606 2984 spina:
1633 2921 1780 2977 sunt.
1821 2914 1910 2974 ubi
1945 2929 2037 2972 vo-

442 3017 568 3074 pres
597 3012 744 3072 sunt,
775 3004 862 3058 ttbi
891 3006 1075 3058 urticze
1103 3015 1248 3073 sunt,
1279 3005 1524 3062 mittatur
1549 3006 1688 3078 ignis
1718 3006 1948 3076 Domini,
1981 3017 2038 3073 et

441 3098 692 3152 universa
723 3109 939 3164 exurat,
972 3107 1027 3153 ct
1049 3098 1142 3153 fiat
1171 3099 1402 3154 solitudo
1427 3098 1647 3155 Christi.

2141 1894 2296 1947 nacbi
2327 1893 2588 1958 dicimur,
2625 1903 2681 1948 et
2711 1893 2838 1948 licet
2874 1907 2979 1954 non
3012 1891 3182 1946 simus
3213 1890 3402 1962 quales
3426 1904 3548 1946 esse
3575 1890 3740 1946 debeo

2139 2002 2261 2042 mus
2279 2029 2292 2051 ,
2327 1996 2506 2043 tamen
2530 1987 2784 2042 dicimur.
2802 1986 2941 2041 llora
2967 1985 3130 2042 tertia
3155 1999 3406 2047 oramus:
3434 1983 3566 2038 hora
3587 1992 3741 2040 sexta

2139 2093 2396 2135 oramus:
2439 2095 2618 2146 nona,
2659 2078 3027 2134 lucet-narium
3067 2078 3334 2134 facimus:
3374 2075 3554 2132 media
3584 2084 3745 2132 nocte

2135 2172 2546 2241 consurgimus:
2581 2170 2780 2228 deinde
2817 2169 3094 2240 gallicinio
3122 2183 3368 2226 oramus.
3394 2166 3591 2226 Videte
3618 2168 3742 2238 qui-

2139 2262 2237 2318 bus
2288 2263 2440 2318 horis
2491 2278 2708 2334 semper
2737 2262 2802 2317 ad
2861 2260 3182 2331 obsequium
3233 2261 3326 2318 Dei
3382 2259 3739 2316 suscitamur.

2143 2356 2331 2412 Videte
2357 2357 2482 2427 quid
2522 2355 2696 2420 dicat,
2739 2355 2870 2414 hora
2906 2356 3098 2420 tertia,
3133 2363 3320 2420 sexta,
3356 2367 3531 2418 nona,
3561 2353 3742 2410 lucer-

2139 2448 2350 2504 narium
2370 2493 2384 2516 ,
2421 2448 2600 2508 medio
2632 2449 2834 2510 noctis,
2866 2447 3145 2518 gallicinio
3167 2490 3181 2514 ,
3217 2461 3377 2504 mane
3400 2445 3603 2517 primo.
3630 2445 3743 2501 Hoc

2139 2550 2307 2596 totum
2340 2539 2565 2600 facimus
2589 2582 2603 2606 ,
2632 2550 2686 2596 et
2715 2556 2820 2596 non
2849 2539 3290 2605 consideramus,
3322 2539 3447 2610 quia
3475 2539 3521 2594 si
3553 2538 3740 2593 inimi-

2136 2636 2292 2690 citias
2323 2634 2483 2688 habet
2512 2635 2687 2690 anima
2713 2644 2895 2689 nostra
2912 2642 3107 2689 contra
3132 2631 3386 2697 fratrem,
3422 2633 3544 2692 sine
3574 2644 3738 2686 causa

2137 2743 2380 2784 oramus.
2421 2729 2476 2784 In
2519 2727 2820 2800 Evangelio
2859 2728 3002 2784 enim
3045 2725 3172 2798 quid
3210 2725 3444 2784 dicitur?
3481 2725 3537 2781 Si
3575 2724 3741 2780 offers

2137 2837 2334 2877 munus
2362 2830 2510 2878 tuum
2535 2819 2600 2876 ad
2623 2825 2795 2880 altare
2811 2861 2826 2886 ,
2853 2829 2908 2880 et
2934 2818 3250 2876 recordatus
3277 2817 3448 2873 fueris
3474 2815 3573 2883 ibi,
3595 2815 3740 2890 quod

2136 2914 2338 2982 aliquid
2387 2914 2554 2969 ttater
2594 2927 2713 2970 tuus
2761 2913 2921 2970 habet
2972 2913 3235 2969 adversus
3276 2921 3328 2967 te
3365 2909 3592 2983 (Matth.
3651 2910 3736 2982 v).

2138 3005 2329 3062 Videte
2356 3007 2484 3076 quid
2513 3005 2659 3064 dicat
2682 3027 2694 3064 :
2722 3005 2835 3060 Non
2861 3004 2993 3060 dixit
3017 3047 3031 3069 ,
3055 3007 3097 3059 si
3135 3003 3300 3064 habes
3320 3002 3526 3073 aliquid
3550 3010 3740 3058 contra

2138 3099 2360 3154 fratrem
2394 3108 2578 3164 tuum;
2606 3099 2699 3154 sed
2722 3139 2737 3164 ,
2771 3097 2816 3154 si
2841 3097 3050 3164 aliquid
3072 3095 3241 3154 frater
3271 3104 3393 3150 tuus
3419 3094 3582 3148 habet
3612 3109 3744 3148 con-

512 3189 633 3244 IIeu
655 3189 796 3256 mihi,
830 3191 951 3260 quia
976 3191 1234 3246 incolatu:
1264 3208 1400 3248 meus
1427 3191 1764 3265 prolongatu:
1790 3194 1898 3248 cst!
1931 3194 2042 3250 Hoc
2068 3195 2114 3261 ρ
2147 3200 2227 3246 tra
2263 3200 2334 3246 te.
2367 3191 2498 3249 Rem
2527 3192 2678 3262 quasi
2714 3190 2969 3260 injustam
3002 3189 3217 3246 videtur
3250 3187 3405 3244 uobis
3428 3186 3741 3257 imponere;

437 3289 660 3338 sanctus
691 3281 840 3348 dicit,
875 3282 963 3353 qui
997 3298 1195 3352 corpus
1240 3298 1346 3337 non
1390 3282 1681 3349 desiderat,
1710 3284 1801 3358 qtti
1832 3292 2034 3352 terram

441 3390 550 3430 non
578 3376 794 3446 quarrit,
825 3377 915 3446 qui
943 3376 1138 3430 ctrlum
1169 3375 1333 3446 cupit.
1369 3375 1486 3429 Heu
1517 3378 1660 3443 mihi,
1692 3380 1812 3450 quia
1844 3379 2040 3435 incola-

445 3476 526 3521 tu:
602 3483 747 3522 meus
821 3467 1162 3540 prolongata:
1226 3478 1316 3520 est.
1381 3468 1609 3534 Quando
1660 3481 2038 3544 a-gr0tamus:

443 3559 660 3632 quando
691 3559 1057 3614 febricitamns
1090 3580 1100 3612 :
1131 3560 1344 3632 quando
1372 3560 1708 3629 suSpicamut-
1738 3579 1835 3618 nos
1861 3565 1996 3616 mori
2023 3581 2037 3618 :

445 3651 952 3724 quandojactatnus
973 3651 1191 3707 brachia
1219 3669 1234 3709 :
1264 3653 1482 3724 quando
1509 3653 1760 3709 timemus
1789 3673 1800 3708 :
1827 3655 2040 3725 quando

444 3754 809 3798 commeatum
846 3741 1117 3818 petimus,
1158 3744 1317 3798 istum
1351 3745 1680 3800 versiculum
1713 3760 1820 3800 non
1852 3760 2043 3822 possu.

445 3850 566 3891 mus
594 3834 797 3890 dicere.
827 3835 933 3894 lste
959 3851 1127 3890 sanus
1152 3845 1291 3901 erat,
1321 3852 1427 3891 non
1472 3838 1793 3908 a-grotabat,
1827 3848 1886 3894 et
1913 3839 2043 3908 qttid

442 3929 693 3986 dicebat?
726 3929 846 3984 Heu
885 3929 1044 3984 mihi!
1075 3931 1198 4002 quia
1249 3931 1505 3986 incolatu:
1537 3949 1677 3986 meus
1706 3935 2044 4004 prolongata:

444 4029 540 4076 est.
570 4020 835 4088 Quamdiu
882 4020 1024 4076 enim
1073 4036 1260 4075 sumus
1308 4021 1358 4076 in
1405 4024 1754 4077 tabernaculo
1800 4024 2045 4091 corporis

445 4113 628 4185 hujus,
659 4114 1068 4184 peregrinantur
1097 4131 1124 4168 a
1159 4115 1389 4171 Domino
1415 4115 1483 4188 (ll
1510 4113 1632 4170 Cor.
1664 4115 1742 4187 v).
1773 4114 1894 4178 Heu
1917 4117 2044 4171 mihi

446 4205 570 4276 quia
598 4205 854 4259 incolatu:
878 4221 1019 4260 meus
1059 4208 1396 4278 prolongata:
1423 4214 1521 4263 est.
1553 4203 1824 4260 Incolatus
1851 4223 1994 4262 mea:
2026 4223 2045 4262 :

447 4293 564 4350 Non
593 4294 750 4363 dixit,
807 4294 1068 4350 habitatio
1119 4311 1261 4368 mea,
1311 4297 1405 4352 sed
1457 4296 1716 4352 incolatu:
1767 4315 1908 4353 mea:
1941 4314 1961 4354 :
1992 4300 2045 4357 in

448 4385 650 4444 sarculo
675 4387 819 4442 enim
873 4389 1130 4458 praesenti
1177 4405 1283 4444 non
1321 4388 1582 4446 habemus
1633 4389 2042 4460 habitationem,

445 4480 545 4536 sed
592 4481 1106 4553 peregrinationem.
1164 4480 1320 4540 Unde
1373 4496 1430 4539 et
1489 4484 1788 4555 Apostolus
1841 4485 1973 4541 dicit
2029 4504 2042 4542 :

2140 3282 2186 3338 si
2213 3282 2354 3338 enim
2371 3282 2619 3349 dixisset,
2640 3281 2686 3336 si
2703 3282 2866 3337 habes
2880 3280 3080 3351 aliquid
3101 3291 3286 3335 contra
3312 3277 3539 3333 fratrem
3569 3287 3741 3348 ttttttn,

2142 3376 2193 3430 in
2219 3385 2400 3430 nostra
2423 3385 2541 3430 erat
2577 3384 2845 3445 potestate
2876 3375 3017 3442 quod
3057 3372 3413 3429 habebamus.
3435 3370 3594 3426 Nunc
3617 3387 3746 3426 vero

2142 3466 2268 3536 quid
2299 3466 2465 3522 dicit?
2498 3466 2552 3523 Si
2587 3466 2909 3522 recordatus
2947 3466 3140 3532 fueris,
3174 3464 3317 3536 quod
3351 3464 3554 3534 aliquid
3585 3464 3747 3518 habet

2145 3557 2310 3614 frater
2344 3571 2464 3614 tuus
2491 3559 2752 3616 adversus
2780 3569 2852 3614 te.
2886 3558 3215 3629 lle-ponderi
3235 3557 3284 3611 ei
3310 3573 3323 3610 :
3361 3556 3612 3624 Domine,
3643 3573 3747 3614 non

2145 3661 2228 3707 est
2258 3654 2361 3706 hoc
2395 3652 2444 3706 in
2487 3667 2607 3708 mea
2637 3661 2904 3723 potestate
2926 3694 2940 3717 ,
2974 3653 3020 3707 si
3057 3654 3225 3707 frater
3255 3666 3410 3708 ntens
3452 3650 3619 3708 habet
3647 3651 3748 3706 ali-

2144 3742 2273 3812 quid
2301 3753 2488 3798 contra
2523 3759 2639 3808 me,
2674 3759 2777 3815 ego
2803 3743 2933 3798 nihil
2969 3743 3142 3798 habeo
3172 3752 3357 3798 contra
3391 3758 3540 3798 eum.
3570 3743 3627 3798 Si
3661 3743 3750 3799 ille

2146 3836 2309 3891 habet
2338 3847 2524 3891 contra
2551 3851 2638 3892 me
2659 3877 2673 3901 ,
2701 3835 2768 3890 ad
2793 3851 2879 3891 me
2900 3835 3030 3907 quid
3064 3836 3335 3906 pertinet?
3362 3835 3419 3890 Et
3446 3851 3616 3906 quare
3643 3851 3747 3890 non

2145 3929 2226 3985 vis
2254 3929 2528 3999 suscipere
2557 3943 2749 3984 munus
2776 3944 2955 4000 meum
2977 3969 2991 3994 ,
3023 3939 3078 3984 et
3101 3927 3260 3994 dicis,
3286 3929 3330 3983 si
3362 3928 3528 3984 otl'ers
3553 3941 3748 3986 munus

2147 4033 2295 4080 tuum
2323 4024 2390 4080 ad
2421 4024 2623 4092 altare,
2657 4032 2713 4078 et
2744 4022 2814 4080 ibi
2852 4023 3172 4086 recordatus
3201 4021 3367 4077 fueris
3405 4021 3552 4096 quod
3585 4019 3750 4075 frater

2147 4128 2273 4178 tuus
2298 4117 2499 4190 aliquid
2543 4116 2705 4173 habet
2728 4125 2917 4172 contra
2949 4124 3001 4170 te
3033 4131 3048 4172 :
3094 4113 3311 4170 dimitte
3342 4128 3540 4169 munus
3565 4122 3750 4180 tuum,

2148 4219 2203 4266 et
2242 4207 2376 4264 vade
2407 4208 2560 4280 prius
2596 4208 2939 4264 reconciliari
2973 4206 3130 4263 fratri
3173 4215 3298 4274 tuo,
3333 4216 3389 4262 et
3427 4207 3508 4261 sic
3556 4205 3750 4270 oﬂ’eras

2147 4315 2346 4356 munus
2385 4302 2571 4356 tuum?
2602 4302 2740 4357 Ecce
2769 4315 2874 4370 ego
2913 4299 3051 4354 nihil
3095 4297 3304 4368 habeo;
3345 4298 3389 4353 si
3420 4297 3514 4356 ille
3555 4298 3750 4370 habet,

2148 4392 2216 4448 ad
2248 4408 2334 4448 me
2371 4393 2500 4464 quid
2545 4391 2816 4464 pertinet?
2851 4390 3164 4460 ReSpondet
3206 4389 3301 4444 tibi
3347 4389 3647 4445 Dominus:
3687 4387 3754 4446 Et

2151 4487 2279 4557 quid
2327 4484 2493 4542 dicit?
2547 4485 2687 4540 Male
2736 4498 2930 4550 serve,
2987 4482 3232 4554 intelligo
3283 4482 3523 4536 animum
3566 4489 3749 4536 tuum:

449 4571 614 4640 Quasi
642 4571 864 4628 advena:
894 4581 948 4630 et
979 4576 1270 4646 peregrini.
1319 4575 1541 4633 Advena
1567 4592 1669 4649 ego
1693 4591 1834 4646 sum,
1866 4587 1921 4636 et
1953 4595 2041 4649 pe~
2075 4579 2130 4642 D
2153 4578 2296 4635 Nihil
2326 4578 2491 4636 habes
2513 4585 2706 4634 contra
2747 4575 2970 4631 fratrem
2995 4575 3184 4630 tuum?
3221 4573 3354 4630 nihil
3381 4573 3756 4630 habes?amas

447 4666 700 4737 regrinns
730 4666 776 4736 (1
803 4664 948 4722 Petr.
979 4670 1060 4740 tt).
1094 4668 1216 4724 Heu
1241 4670 1406 4736 mihi,
1443 4671 1566 4741 quia
1604 4672 1858 4726 incolatu:
1902 4689 2046 4728 meus

451 4761 790 4836 prolongatus
841 4769 937 4817 est.
989 4760 1109 4830 Quo
1154 4762 1319 4827 dicit,
1372 4764 1475 4820 hoc
1519 4773 1601 4820 est
1643 4783 1654 4818 :
1705 4763 1892 4820 Infelix
1948 4779 2047 4838 ego

450 4856 707 4926 quamdiu
739 4872 858 4912 sum
884 4855 937 4911 in
969 4858 1075 4912 isto
1103 4871 1354 4928 corpore.
1382 4858 1515 4927 Quis
1544 4867 1788 4915 nostrum
1819 4855 1922 4920 hoc
1946 4873 2046 4930 po-

453 4955 560 5003 test
585 4946 807 5005 dicere?
836 4947 895 5006 Si
916 4949 1254 5020 octogenarii
1284 4949 1570 5021 fuerimus,
1605 4952 1857 5007 timemus
1880 4953 2046 5020 mori;

453 5042 574 5096 etsi
603 5042 906 5098 centenarii
937 5057 1159 5111 sumus,
1195 5051 1251 5098 et
1289 5052 1645 5116 tegrotamus,
1689 5054 1869 5102 tamen
1900 5061 2051 5102 com-

453 5143 691 5190 meatum
713 5143 768 5190 et
789 5134 1029 5205 spatium
1061 5135 1415 5204 postulamus.
1447 5138 1560 5193 lloc
1584 5147 1754 5195 totum
1776 5155 1946 5214 quare
1974 5140 2054 5196 fa-

455 5225 666 5281 cimus?
694 5225 830 5294 Quia
865 5238 1213 5298 peccatorum
1261 5244 1357 5284 nos
1385 5230 1719 5286 conscientia
1757 5231 2051 5289 remordet.

457 5315 674 5374 Scimus
713 5317 884 5384 enim,
932 5320 1056 5389 quia
1091 5321 1136 5376 sl
1187 5321 1507 5378 recedamus
1536 5322 1603 5379 de
1644 5339 1896 5396 corpore,
1946 5342 2052 5384 non

458 5411 598 5466 imus
643 5410 711 5467 ad
757 5412 1068 5479 Christum,
1125 5417 1222 5474 sed
1269 5417 1335 5472 ad
1381 5417 1703 5488 gehennam.
1765 5421 2056 5484 Apostolus

455 5505 586 5578 quid
641 5504 810 5560 dicit?
857 5503 1032 5580 Cupio
1079 5509 1342 5574 dissolvi,
1402 5519 1455 5566 et
1506 5527 1627 5566 esse
1671 5526 1790 5566 cum
1841 5510 2056 5568 Christo

460 5595 726 5670 (Philipp.
756 5598 815 5671 t).
853 5598 928 5654 Da
955 5599 1086 5655 mihi
1109 5603 1452 5657 securitatem
1481 5621 1494 5657 :
1525 5604 1649 5676 quia
1679 5612 1797 5672 post
1828 5615 2055 5660 mortem

457 5687 675 5744 futurus
715 5706 832 5744 sttm
864 5707 983 5746 cum
1025 5691 1241 5748 Christo
1276 5711 1290 5748 τ
1320 5695 1480 5749 etiam
1520 5711 1662 5752 nunc
1692 5697 1828 5751 mori
1875 5697 2056 5772 cupio.

460 5779 605 5852 Ergo
657 5784 758 5841 iste
802 5784 926 5854 quia
956 5794 1179 5843 sanctus
1220 5797 1330 5857 est,
1379 5797 1661 5870 propterea
1693 5787 1820 5845 dicit
1867 5808 1878 5842 :
1939 5787 2058 5845 Heu

2151 4674 2341 4730 illum?
2379 4673 2560 4741 Quare
2600 4687 2733 4744 ergo
2785 4669 2980 4728 Salvari
3020 4686 3142 4726 eum
3185 4686 3291 4728 non
3337 4667 3453 4724 vis?
3493 4669 3550 4724 Si
3602 4682 3755 4722 amas

2153 4767 2304 4824 illum
2326 4809 2342 4834 ,
2375 4765 2515 4822 vade
2536 4809 2551 4829 ,
2585 4781 2712 4836 roga
2751 4779 2873 4818 eum
2907 4779 2974 4818 ne
3016 4763 3104 4818 ille
3131 4771 3318 4817 contra
3359 4769 3411 4815 te
3445 4760 3674 4826 habeat,
3699 4767 3759 4812 ut

2154 4860 2348 4916 salvari
2401 4859 2590 4930 possit.
2634 4856 2742 4914 Sed
2765 4854 3011 4915 ostendis
3065 4856 3190 4924 quia
3226 4867 3335 4908 non
3367 4852 3550 4921 diligis
3590 4866 3756 4914 tum;

2154 4953 2279 5022 quia
2313 4951 2510 5006 saltari
2551 4964 2674 5006 cum
2719 4965 2825 5005 non
2860 4947 2976 5014 vis;
3024 4946 3197 5016 vade,
3245 4959 3371 5015 roga
3409 4960 3531 5000 eum
3558 4985 3573 5010 ,
3605 4944 3760 4998 mitte

2159 5053 2210 5100 te
2238 5044 2288 5098 ei
2321 5043 2384 5098 ad
2419 5042 2581 5114 pedes
2610 5042 2763 5113 ejus,
2808 5039 3002 5096 diebus
3033 5048 3087 5095 et
3121 5038 3373 5092 noctibus
3411 5035 3712 5107 deprecare
3743 5075 3759 5102 ,

2157 5136 2361 5198 dicito:
2409 5151 2608 5192 munus
2654 5151 2836 5194 meum
2875 5133 3059 5190 dimisi
3102 5132 3167 5186 ad
3202 5133 3408 5200 altare,
3436 5140 3660 5202 preptcr
3706 5137 3762 5184 te

2160 5231 2408 5286 victimas
2453 5229 2649 5283 ott‘erre
2693 5243 2799 5284 non
2837 5241 3082 5298 possum.
3116 5225 3212 5280 ille
3258 5225 3674 5294 compungitur,
3705 5229 3765 5275 et

2161 5323 2290 5395 quid
2315 5321 2484 5378 dicit?
2513 5321 2568 5378 Si
2611 5321 2712 5377 iste
2753 5320 2842 5396 qui
2890 5334 2976 5375 me
3013 5327 3204 5390 rugat,
3240 5331 3346 5372 non
3376 5315 3536 5371 offert
3565 5326 3764 5368 tnttnus

2162 5432 2352 5488 suum,
2396 5431 2496 5487 ego
2538 5417 2630 5486 qui
2670 5422 2890 5485 rogatus
2927 5427 3045 5468 sum
3069 5453 3084 5480 ,
3118 5421 3173 5466 et
3204 5427 3312 5466 non
3346 5411 3597 5481 ignosco,
3634 5403 3765 5476 quid

2163 5510 2408 5568 facturus
2439 5509 2598 5563 sum?
2623 5508 2919 5578 Propterea
2959 5505 3094 5564 dicit
3121 5514 3177 5560 et
3215 5503 3539 5574 Apostolus,
3573 5512 3629 5556 ut
3657 5500 3764 5555 ini-

2166 5603 2323 5660 micis
2347 5603 2546 5657 nostris
2569 5600 2896 5656 manducare
2917 5599 3128 5664 demus,
3151 5609 3203 5653 et
3225 5597 3415 5652 bibere
3439 5593 3620 5668 (Rom.
3641 5591 3765 5664 xu).

2169 5698 2232 5753 Et
2265 5695 2392 5770 quid
2427 5694 2592 5751 dicit?
2621 5695 2748 5750 llaec
2777 5694 2957 5763 enim,
2991 5691 3195 5764 inquit,
3228 5691 3465 5760 faciens,
3497 5689 3770 5746 carbones

2171 5789 2311 5862 ignis
2341 5802 2645 5861 congregas
2671 5802 2832 5860 super
2856 5798 3017 5860 caput
3043 5785 3180 5858 ejus.
3213 5783 3367 5841 Dicat
3394 5781 3590 5858 aliquis
3615 5823 3631 5850 ,
3663 5779 3768 5834 hoc
