4008 6336
245 305 380 363 1977

1203 304 1404 362 LIBER
1445 306 1536 364 DE
1572 306 2032 370 EXI'OSI'I‘IONE
2075 310 2527 370 PSALMORUH.
2594 351 2597 355 -

3389 323 3530 380 1278

244 420 447 482 inimici
497 420 730 488 faciunt;
774 419 897 480 ideo
942 421 1078 478 bene
1123 420 1327 480 faciunt
1372 420 1721 491 adversario,
1770 431 1906 490 utA
1933 423 2082 483 fratri
2123 441 2286 493 tneo,
2337 428 2428 498 qui
2475 428 2604 484 mihi
2662 429 2913 500 iniuriam
2964 434 3167 490 feeerat
3196 475 3211 501 ,
3243 443 3302 491 et
3335 450 3525 507 pacem

244 514 512 574 carbones
567 514 705 586 ignis
748 522 1083 590 congregem
1137 529 1301 585 super
1338 522 1500 584 caput
1540 515 1677 585 ejus.
1723 513 1835 574 Sed

240 608 388 668 aliud
418 608 615 666 dicitur
643 626 656 662 :
689 609 734 666 si
762 607 855 664 tibi
888 609 983 666 ille
1009 609 1152 673 male
1192 608 1381 672 fecerit
1407 650 1424 676 ,
1445 619 1503 668 et
1534 621 1589 668 tu
1619 609 1672 668 ei
1692 610 1834 668 bene

240 699 472 766 feceris,
493 699 763 762 carbones
786 699 924 771 ignis
955 715 1254 772 congregas
1296 715 1459 770 super
1488 713 1650 771 caput
1675 701 1794 776 ejus
1813 743 1832 769 ,

240 793 343 848 hoc
383 801 498 862 est,
553 791 782 852 mundus
825 791 952 847 vitia
995 793 1142 862 ejus,
1190 801 1244 850 et
1275 794 1531 863 excoquis
1571 794 1831 854 malitiam

239 885 385 961 ejus,
426 895 485 942 ut
533 885 598 942 ad
655 886 1027 956 pcenitentiam
1070 896 1440 946 convertatur.
1476 887 1662 946 Videte
1702 903 1834 958 ergo

236 977 364 1048 quid
411 976 555 1035 dicat
597 990 818 1036 sanctus
873 979 1156 1050 propheta.
1201 979 1330 1036 Cum
1367 981 1449 1037 his
1486 981 1572 1048 qui
1609 981 1824 1038 oderunt

235 1085 446 1141 pacem,
487 1086 628 1124 eram
674 1070 940 1140 paciﬁcus.
986 1069 1102 1126 Non
1133 1071 1302 1138 dixit,
1329 1071 1423 1142 qui
1452 1072 1706 1132 volebant
1735 1088 1832 1144 pa-

234 1177 356 1218 cem
384 1180 395 1216 :
429 1161 522 1220 sed
542 1205 557 1230 ,
585 1162 672 1234 qui
700 1163 920 1219 oderunt
947 1181 1146 1234 pacem.
1181 1165 1261 1220 illi
1284 1165 1512 1226 oderant
1541 1180 1752 1235 pacem,
1778 1175 1835 1225 et

231 1271 337 1327 ego
370 1257 616 1316 amabam
645 1273 740 1314 eos
789 1259 881 1330 qui
925 1258 1153 1318 oderant
1187 1275 1394 1329 pacem.
1443 1259 1572 1320 Ideo
1617 1262 1748 1317 dicit
1777 1271 1834 1322 et

231 1349 565 1420 Apostolus:
614 1349 886 1418 Quantum
942 1365 1011 1406 ex
1063 1351 1217 1407 vobis
1267 1363 1381 1417 est,
1411 1367 1533 1410 cum
1577 1355 1831 1416 omnibus

231 1443 552 1506 hominibus
601 1460 790 1518 pacem
845 1446 1106 1503 habentes
1151 1447 1341 1519 (Rom.
1375 1448 1506 1517 xtt).
1561 1449 1832 1521 Rogemus

231 1537 479 1602 fratrem.
508 1539 564 1602 Si
598 1540 848 1602 inimicus
877 1551 1062 1598 noster
1088 1554 1205 1608 est,
1250 1559 1503 1613 rogemus
1523 1554 1579 1602 et
1624 1545 1741 1613 bis,
1775 1553 1833 1602 et

231 1641 350 1700 ter,
383 1640 441 1698 et
465 1633 688 1702 septies.
719 1634 922 1692 Tamen
945 1645 1002 1694 et
1033 1635 1077 1690 si
1102 1638 1412 1708 peccaverit
1446 1637 1614 1696 frater
1651 1655 1826 1704 meus,

227 1726 484 1798 quotiens
522 1725 791 1784 dimittam
835 1729 946 1796 illi,
985 1730 1219 1800 septies?
1249 1731 1379 1788 Dico
1421 1732 1549 1797 tibi,
1594 1749 1698 1789 non
1741 1749 1830 1790 se-

1937 523 2096 580 labiis
2121 525 2412 594 promitto,
2457 535 2512 582 et
2540 526 2708 583 corde
2734 543 2999 586 venenum
3043 536 3223 586 teneo.
3254 529 3531 602 Frequen-

1935 623 2017 674 ter
2048 627 2102 672 et
2129 617 2270 672 oculi
2303 629 2358 673 et
2388 618 2589 686 vultus,
2622 619 2822 676 mentis
2850 621 3108 678 indicium
3135 630 3279 679 sunt.
3305 623 3537 692 Quando

1935 723 2029 764 cor
2061 720 2303 767 nostrum
2343 713 2688 774 vulneratum
2732 723 2820 768 est
2857 725 3048 769 contra
3095 715 3333 786 aliquem
3358 756 3374 783 ,
3422 731 3530 773 non

1933 817 2220 870 possumus
2251 818 2372 859 eum
2403 805 2647 876 aspicere
2675 805 2834 864 rectis
2863 808 3037 862 oculis
3073 825 3085 860 :
3115 808 3296 863 vultus
3329 810 3446 880 Ipse
3476 818 3534 866 et

1933 897 2097 965 oculi,
2127 899 2278 968 quasi
2303 899 2582 968 speculum
2614 901 2806 964 animm
2836 912 3036 960 nostra:
3059 910 3204 958 sunt.
3233 902 3372 971 Quid
3397 903 3530 962 dicit

1932 986 2248 1058 Scriptura?
2282 991 2350 1044 Et
2383 1007 2487 1045 non
2519 1001 2773 1061 poterant
2804 993 2948 1064 loqui
2977 993 3025 1050 ei
3054 995 3346 1070 quidquam
3386 997 3535 1067 paci-

1934 1082 2093 1137 ficum
2141 1083 2309 1153 (Gen.
2359 1084 2603 1154 xxxv"),
2645 1100 2752 1140 non
2796 1094 3010 1158 poterat
3057 1087 3237 1162 lingua
3267 1089 3485 1144 mentiri
3513 1132 3530 1164 ,

1936 1176 2080 1246 quod
2126 1192 2224 1232 cor
2261 1177 2409 1233 intus
2453 1194 2562 1234 non
2605 1181 2940 1236 continebat.
2985 1181 3098 1236 Hoc
3145 1181 3310 1251 igitur
3360 1183 3526 1252 dico,

1934 1270 2090 1325 vobis
2117 1269 2250 1341 ipsis
2269 1283 2330 1340 et
2362 1271 2513 1338 mihi,
2550 1288 2725 1344 neque
2764 1275 2907 1330 enim
2938 1273 3004 1329 ad
3037 1274 3139 1330 hoc
3165 1275 3433 1348 przedico,
3466 1286 3525 1333 ut

1933 1363 2086 1432 quasi
2126 1378 2212 1418 me
2255 1380 2504 1420 securum
2537 1365 2726 1421 faciam
2759 1385 2772 1422 :
2805 1368 3026 1423 occasio
3075 1368 3230 1422 istius
3277 1369 3530 1425 versiculi

1934 1457 2197 1525 Compulit
2235 1472 2334 1512 nos
2384 1459 2454 1512 ita
2488 1458 2690 1515 dicere.
2732 1459 2948 1517 Grande
2975 1462 3173 1517 malum
3207 1472 3290 1519 est
3319 1463 3526 1535 lingua.

1933 1548 2156 1604 Domine
2177 1592 2190 1615 ,
2216 1550 2377 1605 libera
2402 1552 2633 1604 animam
2661 1569 2826 1608 meam
2849 1571 2881 1609 a
2909 1553 3059 1609 labiis
3087 1555 3277 1626 iniquis
3298 1564 3346 1609 el
3367 1571 3398 1608 a
3427 1554 3532 1609 lin-

1932 1662 2036 1718 gua
2058 1643 2258 1699 dolosa.
2291 1643 2405 1698 Non
2438 1645 2507 1704 ab
2530 1644 2754 1700 alterius
2782 1645 2985 1716 lingua,
3015 1646 3109 1700 sed
3142 1662 3171 1701 a
3204 1662 3320 1702 mea
3350 1647 3529 1718 lingua

1935 1737 2125 1791 libera.
2160 1735 2301 1791 Nihil
2336 1736 2466 1791 mihi
2493 1745 2652 1791 nocet
2675 1735 2854 1807 lingua
2890 1738 3114 1792 alterius
3144 1755 3157 1791 :
3192 1754 3311 1793 mea
3345 1738 3524 1808 lingua

230 1817 376 1889 pties
401 1859 416 1885 ,
447 1819 542 1874 sed
563 1819 874 1892 septuagies
895 1823 1130 1893 septies,
1157 1821 1257 1880 hoc
1276 1834 1359 1879 est
1383 1824 1825 1895 quadringenties
1856 1819 1906 1880 B
1933 1828 2061 1884 mihi
2087 1827 2306 1883 inimica
2331 1837 2434 1884 est.
2469 1826 2690 1883 Domine
2707 1871 2721 1894 ,
2757 1828 2918 1882 libera
2956 1830 3183 1883 animam
3218 1845 3381 1884 meam
3405 1849 3424 1885 :
3449 1830 3534 1887 Me

228 1913 497 1985 nonagies
541 1913 772 1985 (Matth.
799 1914 992 1989 xvttt).
1033 1915 1090 1973 Si
1129 1918 1463 1976 voluerimus
1511 1931 1827 1989 computare

228 2003 303 2066 de
334 2019 493 2062 mane
529 2020 701 2078 usque
739 2008 807 2066 ad
839 2023 1154 2080 vesperam,
1201 2019 1348 2070 tanta
1391 2020 1615 2080 peceata
1651 2012 1832 2071 facere

226 2113 342 2155 non
367 2114 672 2170 possumus,
703 2101 1094 2173 quadringenta
1119 2105 1431 2174 nonaginta.
1463 2105 1666 2161 Tamen
1694 2105 1825 2177 quid

228 2188 367 2251 dicit
402 2191 702 2248 Dominus?
736 2193 792 2248 Si
833 2195 1143 2266 septuagies
1185 2197 1385 2263 septies
1429 2198 1731 2265 peccaverit
1771 2199 1828 2255 in

226 2284 320 2348 die
345 2326 361 2352 ,
389 2294 444 2342 et
470 2301 766 2348 conversus
791 2290 1061 2358 rogaverit
1090 2299 1141 2348 te
1162 2329 1180 2357 ,
1209 2289 1422 2348 dimitte
1447 2291 1517 2346 ei.
1538 2291 1646 2349 Sed
1669 2291 1827 2362 dicis,

228 2393 342 2434 non
373 2393 441 2434 ex
474 2387 588 2436 toto
610 2379 780 2443 corde
803 2385 1170 2450 convertitur,
1205 2382 1482 2438 mentitur.
1514 2382 1622 2438 Nos
1643 2383 1831 2440 dimit~

228 2477 416 2530 tamus
459 2469 570 2534 Deo
607 2470 913 2544 judicium;
956 2483 1111 2545 rogat
1151 2491 1272 2540 me,
1310 2476 1632 2545 deprecatur
1656 2521 1669 2543 ,
1720 2492 1832 2535 non

228 2561 370 2619 dicit
425 2562 529 2618 hoc
574 2579 736 2631 vere,
788 2565 928 2622 Deus
982 2568 1175 2627 novit:
1225 2567 1338 2640 Ego
1395 2584 1582 2625 vocem
1637 2568 1830 2635 audio,

232 2657 494 2714 Christus
522 2660 880 2732 corintelligit
911 2678 1043 2733 :ego
1066 2664 1301 2735 suscipio
1327 2664 1471 2734 quod
1497 2665 1682 2729 audio,
1712 2681 1834 2722 sus—

228 2749 405 2818 cipiat
441 2748 688 2808 Christus
720 2752 862 2824 quod
921 2755 1091 2810 novit.
1134 2755 1341 2814 Deinde
1375 2757 1496 2814 vide
1521 2758 1828 2816 ntercedetn

231 2850 385 2898 tuam
419 2861 430 2896 :
465 2847 726 2902 mentitur
749 2846 869 2914 ille,
903 2856 958 2904 tu
993 2863 1178 2907 verum
1203 2851 1465 2920 suscipis;
1491 2851 1634 2906 illius
1663 2853 1833 2908 inter-

227 2935 405 2992 fectio
445 2948 560 3004 est,
610 2947 696 2994 tua
731 2940 877 2998 salus
921 2952 1022 2998 est.
1056 2942 1170 2998 Hoc
1211 2952 1382 3002 totum
1414 2960 1585 3016 quare
1622 2945 1836 3003 loeutus

227 3029 400 3086 sum?
429 3029 696 3098 Quoniam
747 3033 798 3096 in
845 3035 1217 3100 monasteriis,
1262 3046 1316 3092 et
1353 3036 1588 3094 maxime
1631 3037 1685 3094 in
1719 3054 1834 3094 cas,

227 3120 453 3190 nobiis,
483 3123 660 3178 solent
688 3138 808 3179 csse
841 3126 941 3182 ista
973 3126 1120 3182 vitia.
1149 3126 1267 3184 Non
1297 3128 1691 3198 erubescimus,
1724 3145 1833 3190 non

1935 1923 2100 1978 libera
2133 1939 2162 1976 a
2198 1923 2380 1993 lingua
2421 1938 2562 1990 mea,
2598 1923 2774 1994 lingua
2819 1937 2935 1979 mea
2977 1924 3187 1992 gladius
3215 1931 3335 1978 est:
3369 1924 3536 1979 luter-

1935 2015 2046 2069 ftcit
2073 2015 2309 2070 animam
2338 2029 2535 2069 meam.
2563 2015 2696 2069 Puto
2718 2015 2860 2084 qttod
2888 2014 3109 2069 inimico
3138 2029 3260 2069 meo
3283 2029 3529 2082 noceam,

1933 2121 1984 2164 et
2019 2108 2203 2162 nescio
2227 2105 2373 2178 quod
2401 2107 2667 2176 meipsttm
2694 2107 2906 2160 occido.
2935 2105 3190 2177 Pugnant
3213 2105 3532 2175 adversarii,

1933 2203 2151 2274 quando
2179 2202 2375 2272 loquor
2405 2201 2543 2269 illis,
2573 2211 2628 2256 et
2656 2216 2757 2270 ego
2799 2203 3021 2272 pacifica
3061 2202 3272 2272 loquor.
3327 2201 3406 2256 llli
3432 2203 3534 2258 lia-

1934 2297 2096 2352 beant
2121 2296 2446 2354 inimicalem
2475 2296 2735 2363 animum,
2764 2311 2864 2350 nos
2891 2309 3023 2350 vero
3063 2294 3360 2351 habeamus
3387 2295 3537 2370 pacl-

1937 2389 2142 2444 ficalem
2172 2389 2434 2454 animum,
2459 2388 2723 2460 siquidem
2757 2388 3016 2458 scriptum
3047 2395 3131 2442 est
3159 2395 3216 2440 ct
3246 2387 3298 2440 in
3327 2386 3536 2442 Parali-

1935 2498 2205 2554 pomenon
2236 2501 2247 2536 :
2282 2482 2353 2537 Et
2373 2481 2578 2554 egressi
2607 2489 2769 2549 sunt,
2802 2481 3003 2552 inquit,
3034 2479 3129 2535 fllii
3155 2478 3320 2535 Israel
3343 2478 3410 2534 ad
3437 2495 3535 2549 pu-

1937 2581 2215 2650 gnandum
2259 2586 2440 2632 tuente
2468 2575 2714 2646 pacifica.
2746 2573 2956 2645 Aliquis
2999 2573 3148 2629 vadit
3176 2573 3241 2628 ad
3270 2587 3529 2645 pugnam,

1937 2681 1993 2728 et
2018 2681 2252 2728 mentem
2279 2669 2555 2740 pacificum
2575 2667 2766 2722 habet:
2790 2666 2885 2722 sed
2903 2665 3334 2721 Christianorum
3358 2679 3530 2732 arma,

1937 2781 2039 2836 pax
2071 2775 2156 2819 est
2181 2779 2194 2816 :
2225 2779 2326 2834 pax
2348 2761 2571 2830 Christi,
2595 2775 2716 2832 qum
2755 2765 3046 2829 exsuperat
3065 2773 3280 2814 omnem
3309 2772 3529 2813 sensum

1942 2855 2178 2925 (Philip.
2209 2853 2318 2923 tv).
2360 2853 2507 2908 Beati
2550 2852 2798 2923 pacifici:
2843 2866 2948 2906 non
2991 2851 3164 2905 solum
3203 2851 3293 2920 qui
3342 2865 3528 2920 pacem

1940 2946 2142 3002 faciunt
2171 2946 2314 3002 inter
2351 2947 2625 3010 rixantes,
2655 2943 2750 2998 sed
2777 2944 2866 3014 qui
2904 2944 2956 2997 in
2994 2942 3190 3013 seipsis
3231 2955 3418 3011 pacem
3451 2941 3534 2996 fa-

1939 3041 2110 3096 ciunt.
2161 3040 2308 3094 Beati
2353 3037 2580 3108 pacifici.
2611 3038 2671 3094 Si
2703 3037 2794 3092 alii
2835 3039 3007 3092 rixam
3056 3034 3282 3101 faciunt,
3337 3045 3388 3089 et
3432 3049 3535 3104 ego

1945 3135 2156 3188 medius
2201 3131 2532 3187 intercedam
2557 3173 2571 3198 ,
2603 3139 2657 3185 et
2683 3123 2874 3184 faciam
2915 3130 3054 3184 inter
3101 3143 3194 3184 eos
3223 3141 3440 3198 pacem,
3478 3135 3535 3182 et

228 3212 524 3270 dolemus:
558 3215 861 3279 dimisimus
896 3229 1124 3287 matres,
1162 3220 1467 3297 dimisimus
1501 3229 1712 3292 patres,
1745 3222 1830 3277 di-
1861 3215 1906 3278 C
1941 3228 2056 3296 ipse
2085 3242 2192 3282 non
2226 3225 2455 3280 habeam
2498 3237 2684 3294 pacem
2731 3223 2784 3276 itt
2835 3231 3016 3276 mente
3049 3235 3164 3276 mea
3196 3238 3207 3272 :
3236 3218 3365 3290 quid
3397 3218 3533 3274 mihi

228 3307 486 3364 misimus
538 3309 736 3366 fratres
766 3351 781 3376 ,
839 3310 1145 3374 dimisimus
1215 3327 1432 3369 sorores
1467 3355 1483 3379 ,
1531 3313 1833 3372 dimisimus

227 3415 470 3471 uxores,
496 3401 802 3459 dimisimus
826 3404 1000 3472 filios,
1035 3405 1338 3466 dimisimus
1368 3408 1568 3477 patrias
1594 3419 1831 3476 nostras,

229 3494 546 3552 dimisimus
586 3497 808 3563 domos,
849 3498 1153 3560 dimisimus
1191 3501 1419 3562 cellulas
1464 3512 1678 3558 nostras
1703 3543 1717 3568 ,
1753 3503 1832 3562 di-

228 3587 493 3644 misimus
522 3588 723 3658 cellas,
760 3590 1030 3666 inquibus
1063 3594 1170 3650 nati
1199 3607 1416 3660 sumus,
1452 3607 1502 3650 et
1530 3596 1745 3665 nutriti,
1776 3606 1833 3656 et

228 3678 546 3734 dimisimus
584 3681 862 3748 servulos,
889 3696 1011 3740 cum
1042 3683 1236 3754 quibus
1259 3685 1446 3742 nutriti
1478 3701 1666 3741 sumus
1694 3705 1705 3740 :
1740 3703 1830 3742 ve~

231 3769 423 3828 nimus
454 3770 507 3827 in
533 3775 922 3835 monasterium
944 3817 960 3841 ,
985 3784 1042 3832 et
1070 3784 1353 3847 propterea
1385 3777 1500 3834 hrcc
1527 3778 1831 3838 dimisimus

227 3863 420 3922 omnia
441 3905 458 3932 ,
483 3873 541 3924 ut
568 3871 790 3937 prepter
809 3882 925 3924 rem
957 3866 1200 3926 frivolam
1230 3869 1402 3928 rixam
1425 3884 1548 3926 cum
1573 3870 1830 3929 fratribus

226 3955 500 4012 faciamus
534 3956 587 4012 itt
628 3959 1009 4020 monasterio?
1042 3960 1354 4018 Dimisimus
1385 3962 1786 4033 possessionem
1815 4003 1830 4032 ,

227 4049 542 4108 dimisimus
571 4050 795 4121 patriam
818 4093 834 4118 ,
869 4052 1176 4112 dimisimus
1199 4056 1457 4113 szeculnm
1482 4097 1494 4119 .
1525 4065 1580 4112 et
1614 4065 1835 4127 propter

228 4143 510 4209 calamum
547 4144 719 4210 rixam
755 4147 983 4204 iacimus
1021 4149 1072 4202 in
1114 4149 1484 4205 monasterio?
1523 4149 1580 4206 Si
1608 4149 1835 4210 verbum

1941 3319 2165 3389 prodest
2209 3318 2351 3388 quod
2406 3316 2484 3374 illi
2537 3330 2726 3386 pacem
2771 3313 3050 3368 fecerunt?
3097 3311 3246 3367 Beati
3296 3310 3533 3381 pacifici,

1939 3411 2193 3484 quoniam
2221 3410 2320 3466 filii
2355 3409 2447 3464 Dei
2471 3409 2808 3464 vocabuntur
2831 3405 3049 3480 (Matth.
3088 3422 3117 3458 ν
3139 3403 3182 3475 ).
3214 3405 3360 3460 Beati
3395 3405 3541 3473 paci-

1939 3505 2021 3560 fici
2055 3503 2147 3574 (ιυὶ
2188 3503 2486 3572 loquttntur
2537 3503 2619 3557 his
2657 3501 2748 3570 qui
2777 3497 3006 3554 oderant
3035 3513 3246 3570 pacem,
3291 3496 3534 3567 pacifica.

1937 3596 2087 3653 Beati
2113 3595 2343 3667 pacifici.
2373 3593 2623 3652 Christus
2657 3609 2757 3661 pax
2785 3601 2888 3648 est.
2919 3591 2976 3650 Si
3000 3591 3143 3646 enim
3168 3589 3428 3645 Salomon
3455 3590 3538 3644 in-

1937 3699 2292 3760 terpretatur,
2319 3686 2598 3748 Christus:
2622 3686 2882 3742 Salomon
2904 3695 3083 3740 autem
3111 3685 3536 3752 interpretatur,

1939 3785 2190 3856 paciﬁcus
2206 3800 2224 3838 :
2240 3798 2368 3852 ergo
2383 3781 2631 3836 Christus
2655 3779 2797 3834 Deus
2819 3787 3030 3844 n0ster,
3063 3792 3160 3844 pax
3191 3785 3296 3828 est.
3320 3774 3537 3830 Vadeus

1939 3877 2004 3932 ad
2046 3876 2242 3932 omium
2265 3914 2282 3942 ,
2315 3874 2476 3929 nobis
2520 3873 2777 3928 vexillum
2807 3868 3044 3935 dimisit,
3076 3869 3264 3922 dicens
3294 3883 3308 3920 :
3340 3867 3535 3920 Pacem

1939 3984 2124 4026 meam
2182 3967 2253 4024 do
2319 3965 2516 4031 vobis,
2579 3979 2766 4034 pacem
2823 3976 2999 4017 meam
3054 3958 3304 4029 relinquo
3383 3957 3541 4014 vobis

1940 4064 2125 4133 (Joan.
2152 4061 2283 4133 xtv).
2301 4061 2595 4116 Servetnus
2619 4057 2765 4124 quod
2781 4055 3038 4112 Christus
3058 4051 3314 4110 donavit:
3341 4049 3540 4104 habea-

1941 4171 2065 4211 mus
2097 4168 2282 4225 paccm
2307 4171 2320 4210 :
2347 4152 2646 4210 Servemus
2674 4163 2885 4219 pacem,
2915 4157 2972 4203 et
3006 4145 3094 4202 illa
3126 4159 3227 4202 nos
3263 4151 3452 4200 servat
3482 4141 3540 4198 in

230 4250 484 4298 amarum
513 4237 762 4304 audiero,
786 4238 927 4302 ferre
949 4254 1058 4296 non
1080 4255 1297 4311 possunt
1326 4260 1337 4296 :
1367 4251 1562 4306 aeswat
1591 4242 1644 4298 in
1667 4242 1838 4300 corde
1861 4214 1914 4276 D
1940 4214 2160 4306 Christo
2194 4246 2325 4304 Jesu
2354 4263 2366 4301 :
2396 4244 2488 4302 cui
2530 4245 2602 4300 sit
2625 4214 2819 4316 gloria.
2847 4214 2900 4297 in
2933 4240 3134 4298 sarcula
3179 4237 3536 4298 oraculorum.

233 4342 403 4396 meo:
432 4330 694 4398 scribitur
728 4333 782 4390 in
825 4332 1077 4394 medullis
1123 4333 1262 4394 meis
1299 4334 1496 4398 diebus
1523 4335 1714 4393 decem
1741 4343 1836 4396 aut

237 4423 591 4497 quindecim,
624 4441 730 4488 non
777 4435 958 4500 potest
995 4428 1111 4488 tolli
1148 4428 1217 4494 de
1256 4428 1420 4490 corde
1454 4445 1576 4496 meo
1601 4471 1616 4499 ,
1642 4430 1835 4500 loquor

1942 4345 2139 4400 Amen.

229 4607 3523 4640 W

1639 4708 1646 4716 ’
1723 4737 2068 4863 LIBER

305 4931 581 5073 DE
682 4932 2050 5086 EXPOSITIONE
2141 4931 3472 5083 PSALMORUM.

695 5350 1383 5430 PROOEMIUM.

312 5525 641 5583 Psalterium
665 5527 737 5583 ita
765 5535 850 5582 est
876 5529 1030 5600 quasi
1062 5545 1255 5602 magna
1285 5529 1503 5598 domus,
1529 5545 1650 5601 quas
1673 5545 1834 5596 unam

236 5617 460 5691 quidem
486 5618 651 5678 habet
678 5620 1010 5686 exteriorem
1044 5631 1066 5658 η
1097 5624 1306 5686 clavem
1342 5623 1394 5678 in
1428 5631 1582 5696 porta
1616 5642 1627 5676 :
1665 5624 1718 5689 in
1753 5624 1834 5679 di-

314 5770 340 5799 ι
371 5761 452 5817 Ex
469 5761 700 5838 Origene
721 5770 930 5838 sumpta
960 5765 1315 5838 comparatio,
1347 5779 1503 5838 quam
1535 5765 1650 5836 ipse
1671 5763 1822 5838 prref.

239 5833 545 5892 Comment.
584 5835 639 5890 ln
681 5834 917 5906 psalmos
959 5835 1025 5891 ab
1057 5835 1285 5896 llcbrzco
1304 5833 1535 5911 quodam
1559 5833 1826 5894 traditam

1941 5339 2116 5396 versis
2142 5354 2274 5400 vero
2305 5340 2636 5400 intrinsecus
2659 5337 2925 5402 cubiculis
2951 5339 3203 5410 proprias
3237 5339 3421 5398 claves
3444 5336 3542 5396 lut-

1936 5435 2049 5491 bet.
2076 5433 2231 5492 Licet
2261 5436 2496 5505 amplior
2520 5449 2627 5490 una
2657 5431 2828 5490 clavis
2857 5432 2929 5488 sit
2951 5432 3176 5504 grandis
3209 5441 3380 5504 portae
3417 5432 3540 5503 Spi-

1937 5528 2076 5583 ritus
2104 5536 2352 5593 sanctus;
2383 5536 2561 5582 tamen
2610 5524 3036 5596 unumquodque
3070 5524 3384 5583 cubiculum
3413 5539 3535 5596 pro-

1936 5622 2082 5692 prias
2120 5619 2281 5684 habet
2315 5618 2607 5676 claviculas
2656 5633 2803 5674 suas.
2847 5618 2905 5674 Si
2951 5619 3074 5696 quis
3118 5617 3281 5689 igitur
3329 5618 3536 5684 clavem

1937 5764 2208 5834 proponit,
2259 5760 2474 5814 tametsi
2517 5759 2583 5814 ad
2627 5759 2937 5814 universam
2989 5757 3326 5828 Scripturam
3367 5765 3536 5888 aptet,

1941 5835 2152 5888 Dicebat
2174 5833 2335 5888 enim.
2358 5831 2554 5888 inquit.
2577 5830 2671 5887 ille
2696 5831 2915 5888 similem
2943 5847 3052 5888 esse
3077 5831 3365 5888 universam
3405 5830 3536 5886 -‘crt-

1941 5830 2152 5893 Dicebat
2174 5833 2335 5901 enim,
2358 5831 2554 5902 inquit,
2577 5830 2671 5887 ille
2696 5831 2915 5888 similem
2943 5847 3052 5890 esse
3077 5831 3365 5889 universam
3390 5830 3540 5888 Scri-
