4008 6336
384 265 526 326 ηπ»

1172 261 1523 323 APPENDIX
1563 261 1656 319 AD
1695 259 1944 320 TOMUM
1983 257 2330 317 SEPTIMUM
2371 257 2430 316 S.
2475 254 2879 314 HIERONYMI.

3538 248 3680 306 19.80

384 379 669 438 confusam
697 379 767 437 de
796 379 959 438 domo
991 379 1260 452 projiciat,
1291 379 1337 435 si
1367 377 1602 435 voluerit
1643 377 1860 449 aperire
1883 390 1977 432 cu-
2003 379 2054 442 Α
2081 373 2175 429 sed
2209 372 2404 430 beatus
2426 370 2508 428 vir
2533 371 2624 442 qui
2655 371 2709 426 in
2743 377 2967 441 peccato
2998 381 3104 424 non
3135 365 3594 439 perseveraverit,
3623 371 3681 420 et

384 473 652 543 biculum,
682 490 788 530 non
817 481 1020 544 potest,
1053 471 1158 529 nisi
1189 473 1401 530 clavem
1443 472 1728 528 invenerit.
1755 471 1848 526 Sic
1873 471 1987 526 siu-

389 567 504 639 guli
551 566 754 638 psalmi
807 567 962 638 quasi
1011 565 1240 637 singula:
1283 566 1500 622 cellula:
1531 575 1678 634 sunt,
1720 565 1987 622 habentes

390 659 638 731 proprias
664 659 848 716 claves
867 674 1019 716 suas.
1049 659 1286 716 Grandis
1325 659 1506 731 itaque
1529 669 1682 730 porta
1704 659 1861 715 istius
1887 658 1989 714 do-

394 765 515 811 mus
544 751 756 823 primus
785 751 1025 824 psalmus
1047 760 1150 820 est,
1181 752 1271 824 qui
1305 751 1377 808 ita
1405 751 1624 824 incipit:

865 903 1190 962 PSALMUS
1229 901 1507 962 PRIMUS.

471 1017 662 1073 Beatus
690 1018 766 1072 vir
788 1019 877 1091 qui
916 1035 1016 1074 non
1043 1019 1168 1074 abiit
1203 1019 1258 1074 in
1281 1019 1500 1074 consilio
1530 1019 1824 1092 impiorum.
1853 1019 1989 1088 Qui-

405 1109 532 1167 dam
581 1119 770 1182 putant
799 1111 956 1166 istius
985 1111 1179 1182 psalmi
1219 1111 1424 1167 clavem
1462 1126 1630 1182 super
1654 1111 1860 1169 Clit-isti
1895 1113 1997 1167 Do-

404 1204 538 1260 mini
569 1204 740 1259 nostri
773 1217 1058 1274 personam
1099 1218 1224 1259 esse
1265 1203 1604 1260 referendam
1643 1223 1654 1257 :
1686 1212 1746 1260 ut
1799 1204 1994 1261 beatus

401 1294 508 1351 iste
536 1295 620 1350 vir
647 1295 943 1351 secundum
979 1295 1258 1352 hominem
1282 1293 1535 1352 Christus
1567 1296 1660 1364 sit.
1693 1297 1840 1352 Bona
1873 1298 1996 1368 qui-

401 1389 526 1446 dem
560 1389 829 1457 voluntas,
861 1390 958 1447 sed
991 1390 1263 1461 imperitia
1305 1399 1410 1446 est.
1444 1390 1500 1446 Si
1527 1393 1671 1446 enim
1704 1391 1890 1448 beatus
1916 1393 2000 1448 vir

403 1483 656 1539 Christus
685 1493 790 1554 est,
810 1492 865 1540 et
887 1482 1138 1540 Christus
1163 1484 1336 1555 legem
1361 1483 1534 1549 dedit,
1559 1488 1832 1556 quomodo
1858 1501 2003 1542 nunc

408 1580 478 1636 de
499 1579 716 1636 Christo
739 1579 938 1636 dicitur
975 1599 985 1631 :
1020 1579 1110 1634 sed
1131 1579 1184 1634 in
1207 1579 1318 1650 lege
1343 1579 1553 1634 Domini
1582 1580 1819 1635 voluntas
1847 1582 2005 1652 ejus?

410 1673 619 1730 Deinde
642 1675 914 1746 quomodo
942 1674 1088 1745 ligno
1119 1675 1276 1730 alteri
1299 1686 1668 1746 comparatur,
1697 1675 1999 1730 ctdicitur:

2087 464 2142 520 in
2170 464 2253 520 via
2283 475 2624 535 peccatorum
2665 478 2776 518 non
2817 463 2990 517 stetit.
3018 461 3129 532 Ego
3155 458 3270 516 heri
3296 458 3545 530 peccavi,
3575 470 3682 512 non

2087 575 2206 616 sum
2238 559 2447 614 beatus.
2478 558 2534 614 Si
2569 573 2676 612 non
2707 563 2917 612 stetero
2951 555 3005 610 in
3035 563 3292 626 peccato,
3325 551 3373 606 si
3399 559 3684 606 retraxero

2090 670 2196 720 me,
2223 653 2340 723 jam'
2361 654 2549 710 beatus
2577 668 2720 707 sum.
2755 649 2822 704 Et
2868 653 2920 704 in
2948 647 3194 704 cathedra
3227 646 3538 720 pestilentia:
3583 662 3688 699 non

2088 749 2239 803 sedit.
2272 744 2555 814 Quomodo
2570 745 2642 800 ibi
2667 744 2828 810 dixit,
2849 746 3010 808 stetit,
3035 743 3115 798 sic
3141 751 3194 797 et
3217 741 3328 808 hic,
3360 739 3500 794 sedit
3529 754 3548 792 :
3577 738 3686 793 sic-

2093 851 2152 898 ut
2192 841 2261 896 ibi
2302 841 2391 912 qui
2429 855 2537 895 non
2577 837 2946 910 perseveravit
2983 837 3036 892 in
3069 845 3310 906 peccato,
3339 833 3535 889 beatus
3559 841 3690 889 est:

1995 945 2004 955 ‘
2093 937 2173 992 sic
2202 935 2288 991 hic
2313 934 2406 1006 qui
2436 935 2491 990 in
2513 933 2759 989 doctrina
2786 932 2925 987 mala
2967 945 3074 986 non
3110 927 3485 1000 perseveravit
3523 935 3580 982 et
3609 941 3694 980 se-

2095 1028 2201 1095 dit,
2249 1027 2442 1082 beatus
2485 1034 2590 1082 est.
2621 1025 2758 1093 Quid
2790 1023 2998 1096 igitur?
3034 1021 3233 1078 videtis
3265 1021 3390 1093 ipsi,
3422 1018 3698 1093 quomodo

2097 1121 2373 1179 beatitudo
2418 1120 2707 1192 tripliciter
2754 1119 3129 1177 condonatur:
3163 1118 3210 1174 si
3249 1133 3356 1172 non
3388 1117 3699 1186 cegitemus

2100 1216 2256 1282 mala,
2285 1215 2331 1271 si
2357 1216 2409 1270 in
2433 1224 2654 1286 peccato
2683 1229 2788 1268 non
2811 1211 3366 1283 perseveraverimus,
3391 1209 3439 1264 si
3467 1223 3578 1263 non
3603 1206 3703 1262 do-

2101 1323 2319 1365 ceamus
2348 1323 2414 1364 ea
2441 1323 2563 1378 quae
2613 1307 2752 1362 mala
2782 1315 2932 1361 sunt.
2984 1305 3097 1359 Hoc
3126 1313 3210 1359 est
3235 1302 3378 1374 quod
3411 1301 3544 1357 dicit
3575 1314 3705 1369 pro-

2103 1403 2300 1473 pheta:
2329 1401 2498 1474 Super
2529 1400 2696 1454 tribus
2735 1408 2780 1452 et
2823 1408 3046 1469 quatuor
3093 1397 3312 1467 peccatis
3345 1411 3448 1449 non
3469 1393 3590 1466 [ΑΙ.
3625 1390 3706 1461 si]

2104 1504 2394 1549 convertam
2413 1509 2550 1559 eam,
2576 1493 2700 1546 dicit
2724 1489 2976 1546 Dominus
3006 1489 3186 1563 (Amos
3211 1505 3250 1554 l,
3280 1487 3363 1560 9).
3394 1487 3508 1542 Hoc
3529 1483 3707 1541 octies

2107 1587 2258 1653 dicit,
2309 1588 2476 1642 Amos
2529 1595 2707 1642 autem
2754 1585 2860 1640 hoc
2908 1585 3168 1655 loquitur.
3209 1582 3265 1638 Id
3293 1591 3382 1639 est
3427 1579 3706 1648 cogitasti,

2109 1681 2287 1752 ignovi
2314 1700 2325 1734 :
2352 1680 2551 1747 fecisti,
2583 1679 2765 1749 iguovi
2802 1697 2816 1735 :
2850 1677 3111 1747 numquid
3143 1677 3282 1731 mala
3315 1675 3478 1731 etiam
3502 1673 3714 1730 docere

413 1764 484 1822 Et
513 1767 607 1821 erit
631 1776 894 1838 tamquam
933 1766 1134 1838 lignum
1159 1769 1298 1838 quod
1318 1767 1610 1839 plantatum
1640 1777 1714 1822 est
1741 1785 1884 1823 secus
1915 1769 2003 1823 de—
2034 1779 2080 1840 Β
2106 1772 2344 1830 debeas?
2375 1772 2488 1828 Hoc
2518 1780 2603 1828 est
2631 1769 2778 1843 quod
2805 1769 3009 1826 dicitur
3034 1789 3044 1822 :
3079 1785 3244 1838 super
3275 1767 3452 1823 tribus
3480 1776 3535 1822 et
3562 1779 3708 1836 qua.

411 1875 595 1915 cursus
624 1862 921 1931 aquarum?
947 1861 1002 1917 Si
1047 1861 1194 1916 enim
1224 1860 1373 1932 ligno
1403 1871 1752 1932 comparatur
1775 1905 1790 1928 ,
1845 1877 2005 1919 omne

414 1963 596 2010 autem
625 1954 766 2024 quod
797 1963 1164 2024 comparatur,
1190 1955 1372 2011 minus
1394 1965 1476 2011 est
1495 1956 1564 2010 ab
1585 1971 1652 2012 eo
1673 1956 1760 2012 cui
1791 1971 2008 2028 compa-

415 2055 591 2112 ratur,
623 2060 752 2118 ergo
781 2047 956 2116 tnajus
984 2046 1191 2118 lignum
1221 2063 1381 2118 quam
1414 2048 1712 2116 Dominus,
1745 2050 1835 2120 qui
1865 2050 2008 2120 ligno

419 2151 789 2209 comparatur.
827 2139 1031 2195 Videtis
1077 2141 1241 2209 igitur
1280 2141 1409 2212 quia
1461 2157 1626 2212 super
1653 2141 1867 2197 Domini
1899 2158 2011 2212 per-

418 2245 554 2286 sona
594 2247 699 2286 non
734 2240 912 2303 potest
942 2233 1288 2304 interpretari
1312 2234 1572 2304 psalmus.
1599 2235 1704 2292 Sed
1734 2237 2011 2307 generali-

423 2332 504 2380 ter
545 2323 616 2380 de
665 2326 910 2396 quolibet
948 2326 1097 2398 justo
1127 2328 1245 2383 viro
1271 2327 1476 2384 dicitur
1507 2348 1520 2384 :
1555 2330 1683 2386 licet
1729 2332 1884 2386 multi
1915 2347 2015 2403 pu-

425 2425 540 2475 tent
570 2426 596 2454 ει
626 2417 695 2472 de
715 2417 919 2490 Joseph
947 2419 1152 2476 dictum
1175 2435 1316 2491 esse,
1343 2421 1437 2476 illo
1471 2421 1541 2477 ab
1564 2421 1890 2494 Arimatltia,
1923 2426 2014 2496 qui

423 2524 530 2565 non
555 2510 754 2566 abierit
775 2512 831 2567 in
853 2512 1089 2568 consilio
1120 2511 1455 2581 Judaeorum,
1483 2523 1538 2569 et
1562 2515 1619 2570 in
1649 2515 1732 2570 via
1765 2526 2015 2586 peccato-

425 2619 546 2660 rum
573 2618 681 2660 non
712 2605 884 2673 stetit,
917 2614 974 2662 et
1000 2606 1054 2660 in
1087 2605 1344 2662 cathedra
1374 2606 1772 2662 Pharisaeorum
1803 2625 1909 2665 nou
1933 2625 2020 2666 so-

428 2698 546 2755 dit:
581 2709 760 2755 tanten
797 2715 897 2756 nos
921 2703 1065 2772 quod
1089 2702 1179 2756 alii
1210 2702 1515 2773 specialiter
1544 2703 1599 2759 in
1631 2703 1728 2758 illo
1754 2703 2022 2774 interpre-

430 2800 631 2858 tantur,
664 2793 996 2865 generaliter
1021 2795 1074 2850 in
1106 2796 1226 2849 viro
1251 2797 1396 2864 justo
1419 2796 1864 2868 interpretamur.
1888 2796 2022 2852 Bea-

431 2894 518 2939 tus
545 2887 622 2941 vir
641 2888 730 2958 qui
752 2904 856 2943 nou
876 2890 999 2943 abiit
1028 2889 1081 2943 in
1111 2889 1330 2943 consilio
1364 2891 1660 2960 impiorum.
1694 2889 1946 2960 Legimus
1969 2890 2022 2944 in

432 2979 635 3037 Genesi
666 2981 1008 3040 maledictum
1030 2983 1195 3039 fuisse
1223 2984 1393 3039 Adam
1421 2984 1643 3056 quando
1669 2983 1890 3050 dicitur,
1917 3001 2026 3037 ma-

434 3074 626 3130 ledicta
655 3077 865 3131 terrain
889 3077 1125 3150 aperibus
1157 3079 1256 3133 tuis
1281 3077 1433 3148 (Gen.
1466 3094 1544 3146 ιιι,
1581 3078 1691 3150 17).
1718 3076 2027 3134 Maledictio

2111 1878 2231 1923 tuor
2261 1867 2500 1937 peccatis
2527 1880 2633 1922 non
2653 1867 2922 1921 irascatur
2947 1864 3068 1934 tibi,
3095 1863 3224 1918 dicit
3254 1861 3535 1917 Dominus.
3565 1859 3634 1914 Et
3658 1860 3713 1914 in

2110 1957 2220 2032 lege
2245 1962 2357 2031 ejus
2381 1957 2716 2013 meditabitur
2757 1958 2840 2012 die
2867 1973 2930 2010 ac
2955 1966 3122 2010 nocte.
3157 1955 3303 2010 Dixit
3347 1955 3448 2008 tria
3478 1969 3602 2024 qua:
3633 1951 3718 2006 fa-

2111 2067 2236 2108 cere
2268 2068 2374 2106 non
2396 2051 2602 2116 debuit,
2635 2065 2741 2106 non
2773 2049 2924 2105 abire
2954 2051 3010 2104 in
3041 2047 3271 2104 consilio
3299 2046 3620 2116 impiorum,
3658 2052 3716 2098 et

2114 2145 2167 2202 in
2196 2145 2280 2200 via
2310 2153 2656 2216 peccatorum
2689 2159 2796 2199 non
2826 2152 2993 2207 stare,
3027 2151 3080 2198 et
3127 2141 3180 2195 in
3225 2139 3486 2195 cathedra
3537 2137 3717 2210 pedi-

2115 2241 2296 2298 lentiae
2325 2257 2430 2298 nou
2462 2240 2659 2296 sedere
2693 2258 2704 2294 :
2739 2239 2886 2294 Dixit
2919 2239 3015 2294 tria
3038 2251 3161 2310 quae
3191 2237 3372 2292 facere
3400 2250 3512 2290 non
3543 2233 3720 2290 debe-

2116 2350 2278 2391 mus:
2311 2335 2445 2391 dicit
2487 2335 2598 2390 duo
2629 2350 2749 2405 qua:
2795 2334 2974 2388 facere
3019 2331 3348 2394 debeamus;
3402 2343 3509 2383 non
3563 2327 3711 2382 enim

2118 2425 2318 2482 sullicit
2363 2426 2522 2482 nobis
2552 2426 2691 2480 mala
2724 2427 2939 2497 fugere,
2973 2423 3074 2478 nisi
3122 2434 3526 2492 consequamur
3550 2419 3720 2474 bona.

2194 2519 2303 2574 Sed
2331 2519 2382 2572 in
2412 2521 2522 2590 lege
2549 2517 2758 2573 Domini
2786 2517 3028 2570 voluntas
3059 2517 3190 2588 ejus.
3223 2512 3340 2569 Non
3367 2511 3506 2568 dixit
3536 2512 3723 2576 timor,

2122 2613 2240 2680 sed,
2271 2615 2515 2667 voluntas
2541 2613 2692 2685 eius;
2723 2610 2878 2666 multi
2919 2609 3064 2664 enim
3117 2607 3313 2662 timore
3345 2606 3583 2669 faciunt,
3625 2602 3723 2659 sed

2124 2709 2287 2764 timor
2309 2707 2556 2762 facientis
2579 2705 2886 2762 mercedem
2909 2718 3017 2759 non
3050 2701 3236 2756 habet.
3265 2699 3373 2755 Sed
3399 2700 3453 2753 in
3483 2698 3595 2771 lege
3615 2696 3725 2751 Do-

2125 2801 2249 2856 mini
2277 2801 2511 2854 voluntas
2539 2799 2669 2869 ejus,
2707 2809 2764 2852 ut
2788 2796 2920 2852 velit
2950 2794 3130 2849 facere
3159 2791 3301 2863 quod
3325 2790 3594 2846 Dominus
3623 2791 3727 2844 im—

2127 2893 2356 2964 peravit.
2381 2889 2450 2944 Et
2477 2891 2530 2943 in
2560 2891 2670 2959 lege
2697 2892 2810 2961 ejus
2837 2885 3170 2940 meditabitur
3189 2883 3272 2937 die
3298 2898 3362 2936 ac
3391 2891 3538 2934 nocte
3566 2897 3583 2934 :
3611 2879 3727 2933 Non

2129 2994 2306 3056 potest
2331 2998 2512 3039 sermo
2540 2981 2820 3052 explicare
2845 2988 3109 3051 quantum
3141 2990 3296 3033 mens
3321 2975 3583 3045 concipit.
3623 2972 3729 3026 Sal

2131 3081 2185 3134 in
2207 3079 2315 3150 lege
2335 3077 2547 3132 Domini
2585 3077 2822 3130 voluntas
2852 3076 2983 3146 ejus.
3018 3073 3157 3128 Dicit
3181 3069 3375 3139 aliquis
3407 3087 3419 3122 :
3453 3067 3599 3123 Ecce
3626 3080 3732 3137 ego

435 3181 568 3238 ergo
618 3169 776 3238 primi
847 3169 1084 3226 hominis
1142 3185 1285 3225 nunc
1339 3170 1719 3226 benedictione
1775 3171 2022 3226 solvitur.
2053 3172 2100 3236 C
2131 3173 2258 3229 volo
2289 3173 2460 3242 legem
2495 3169 2585 3225 llei
2619 3168 2818 3234 facere,
2852 3166 3042 3221 beatus
3081 3179 3212 3234 ergo
3246 3179 3366 3218 sum
3397 3162 3523 3233 quia
3561 3159 3725 3224 volo;

436 3261 600 3330 Quasi
645 3262 699 3317 in
733 3272 915 3319 vetere
946 3264 1092 3336 Lege
1121 3279 1226 3319 una
1255 3265 1533 3320 beatitudo
1565 3265 1784 3336 ponitur
1819 3283 1830 3317 :
1868 3275 2031 3320 cmic-

438 3369 560 3410 rum
591 3355 642 3409 iu
669 3355 965 3426 Evangelio
988 3367 1113 3412 octo
1137 3357 1297 3412 simul
1323 3357 1690 3413 beatitudines
1720 3371 2033 3427 nuncupan-

441 3457 528 3503 tur
559 3447 739 3519 (Matt.
771 3448 848 3519 v).
881 3449 1071 3504 Beatus
1097 3451 1174 3504 vir
1201 3453 1292 3523 qui
1321 3468 1424 3506 non
1454 3453 1583 3506 abiit
1613 3455 1666 3506 in
1693 3452 1911 3508 consilio
1932 3454 2033 3508 im-

441 3543 664 3616 piorum.
710 3541 900 3598 Beatus
940 3544 1038 3613 vir,
1086 3560 1192 3601 non
1226 3544 1420 3611 homo;
1453 3545 1549 3602 scd
1575 3547 1651 3600 vir
1679 3563 1698 3601 :
1723 3546 1807 3601 vir
1838 3547 1929 3618 qui
1981 3547 2033 3602 in

443 3633 744 3705 perfectum
771 3637 944 3692 virum
971 3638 1276 3707 pervenerit
1299 3638 1600 3707 Christum,
1628 3641 1722 3711 qui
1755 3656 1866 3696 non
1903 3641 2040 3696 abiit

444 3727 498 3783 in
521 3728 750 3784 consilio
777 3729 1092 3800 impiorum.
1137 3730 1262 3786 Tria
1295 3731 1575 3788 hominum
1599 3734 1873 3803 generalia
1905 3749 2036 3804 pec-

449 3828 566 3874 cata
599 3819 926 3892 descripsit:
962 3831 1057 3877 aut
1096 3821 1242 3878 enim
1269 3825 1606 3894 cogitamus,
1630 3834 1744 3886 _aut
1784 3824 2035 3893 facimus,

445 3921 538 3966 aut
567 3911 847 3968 docemus.
881 3913 1122 3970 Primum
1147 3916 1477 3986 cogitamus;
1506 3915 1707 3972 deinde
1739 3932 1861 3971 cum
1889 3920 2042 3988 cogi-

447 4005 775 4072 taverimus,
807 4005 1197 4078 cogitationem
1254 4008 1310 4062 in
1361 4023 1524 4078 opera
1574 4009 1839 4064 vertimus
1875 4027 1886 4060 :
1919 4024 2040 4064 cum

449 4095 740 4154 fecerimus
765 4099 966 4169 aliquid
1009 4100 1119 4170 jam
1149 4101 1353 4170 aperis,
1388 4101 1447 4155 lit
1475 4101 1663 4167 etiam,
1699 4110 1755 4156 ut
1786 4101 1926 4157 alios
1946 4103 2043 4157 do-

448 4205 669 4247 ceamus
695 4193 840 4264 quod
868 4194 969 4264 ipsi
1001 4193 1326 4250 feceramus.
1358 4194 1550 4250 Beatus
1579 4196 1657 4249 vir
1681 4195 1769 4265 qui
1793 4211 1896 4250 non
1919 4195 2045 4249 abiit

451 4284 504 4339 in
533 4285 748 4340 consilio
767 4287 1068 4357 impiorum,
1093 4286 1188 4358 qui
1217 4303 1324 4344 non
1363 4289 1619 4359 cogitavit
1648 4289 1848 4345 malum
1875 4305 1888 4343 :
1919 4298 1964 4344 et
1991 4290 2045 4344 in

452 4380 534 4432 via
566 4389 893 4448 peccatorum
921 4397 1022 4437 non
1049 4383 1224 4448 stetit,
1263 4395 1312 4438 et
1354 4383 1409 4436 in
1457 4383 1702 4436 cathedra
1740 4381 2047 4456 pestilentiw

455 4487 559 4525 non
583 4472 735 4527 sedit.
764 4473 879 4530 Hoc
905 4485 1010 4544 est,
1038 4476 1127 4546 qui
1160 4491 1258 4530 nec
1278 4477 1414 4532 alios
1435 4476 1640 4542 docuit,
1669 4485 1716 4532 et
1740 4479 1793 4531 in
1822 4478 1902 4531 via
1930 4494 2047 4547 pec-

2135 3266 2230 3320 sed
2255 3264 2375 3320 vide
2397 3262 2524 3334 quid
2551 3268 2810 3333 sequatur
2839 3278 2850 3312 :
2887 3274 2993 3313 non
3017 3256 3217 3313 sufﬁcit
3241 3255 3380 3310 velle
3405 3254 3580 3322 legem
3614 3252 3730 3316 Dei,

2135 3359 2253 3424 sed,
2276 3359 2331 3412 in
2362 3356 2472 3428 lege
2497 3357 2612 3426 ejus
2643 3352 2974 3408 meditabitur
2996 3351 3082 3404 die
3101 3364 3164 3403 ac
3190 3359 3356 3403 nocte.
3389 3345 3734 3400 Meditabitur

2138 3455 2222 3509 die
2250 3469 2311 3510 ac
2337 3462 2504 3507 nocte.
2532 3451 2684 3504 Dicat
2705 3447 2903 3518 aliquis
2925 3435 2940 3499 ἐ
2974 3445 3079 3501 hoc
3119 3443 3356 3498 humana
3400 3449 3591 3496 natura
3623 3453 3730 3495 non

2139 3545 2351 3611 sullert,
2385 3559 2508 3598 nam
2539 3551 2595 3598 et
2617 3538 3002 3597 ambulandum
3027 3546 3132 3605 est,
3157 3547 3212 3592 et
3231 3535 3528 3591 bibendum
3557 3543 3660 3598 cst,
3680 3541 3734 3586 ct

2139 3636 2536 3694 comedendum
2567 3645 2672 3704 est,
2697 3645 2754 3690 et
2781 3631 3158 3689 dormiendum
3191 3639 3298 3694 cst,
3330 3636 3386 3684 ει
3429 3642 3492 3683 ea
3517 3641 3634 3697 quae
3669 3625 3734 3679 ad

2141 3733 2304 3788 vitam
2356 3730 2664 3786 necessaria
2713 3735 2858 3791 sunt,
2907 3723 3293 3796 comparanda.
3347 3719 3637 3791 Quomodo
3679 3719 3728 3773 iu

2142 3825 2260 3897 lege
2285 3825 2381 3880 Dei
2413 3823 2763 3878 meditabitur
2791 3820 2881 3875 die
2906 3834 2970 3874 ac
3001 3817 3200 3873 nocte?
3228 3816 3466 3871 maxime
3493 3829 3620 3868 cum
3651 3813 3735 3869 di-

2143 3927 2230 3974 cat
2260 3917 2574 3985 Apostolus,
2601 3915 2728 3971 Sine
2755 3911 3134 3968 intermissione
3157 3921 3364 3965 orantes
3394 3908 3438 3982 (l
3465 3908 3648 3962 Thess.
3683 3923 3732 3973 v,

2147 4013 2259 4082 17).
2277 4010 2543 4082 Numquid
2559 4024 2624 4064 co
2649 4020 2892 4079 tempore
2913 4022 3019 4077 quo
3043 4005 3276 4072 dormio,
3292 4019 3450 4060 orare
3475 4003 3737 4074 possunt?

2145 4104 2418 4160 Meditatio
2461 4116 2593 4174 ergo
2633 4101 2770 4172 legis
2800 4114 2909 4156 non
2946 4100 2998 4154 in
3050 4097 3281 4167 legendo
3306 4106 3412 4164 est,
3453 4097 3549 4152 sed
3580 4097 3631 4150 in
3659 4095 3738 4151 fs-

2146 4196 2360 4253 ciendo.
2395 4195 2636 4266 Denique
2657 4193 2858 4250 dicitur
2887 4193 2940 4248 in
2968 4191 3080 4247 alio
3111 4191 3231 4246 loco
3263 4208 3276 4244 :
3306 4189 3430 4246 Sive
3459 4189 3737 4243 manduca-

2150 4293 2234 4356 tis,
2267 4290 2370 4344 sive
2399 4288 2589 4351 bibitis.
2617 4288 2722 4342 sive
2743 4286 2869 4358 quid
2890 4284 3087 4357 facitis,
3115 4285 3286 4337 omnia
3311 4285 3367 4335 in
3399 4284 3605 4337 nomine
3632 4279 3739 4336 Do-

2149 4387 2276 4442 mini
2298 4386 2496 4457 facietis
2521 4383 2569 4456 (l
2595 4383 2714 4439 Cor.
2755 4398 2811 4450 x,
2834 4380 2949 4452 3|).
2983 4379 3041 4436 Si
3065 4379 3289 4449 porrigo
3311 4377 3740 4448 eleemosynam,

2153 4481 2325 4553 legem
2360 4477 2455 4534 Dei
2479 4477 2714 4533 meditor
2749 4493 2762 4531 :
2792 4475 2839 4530 si
2866 4481 3219 4544 agrotantem
3240 4471 3426 4533 visito,
3452 4471 3620 4543 pedes
3642 4468 3744 4524 mei

453 4574 684 4618 satorum
708 4583 810 4620 non
838 4569 996 4622 stetit.
1025 4567 1257 4624 Difficile
1287 4577 1447 4625 estut
1473 4569 1673 4640 aliquis
1699 4585 1806 4626 non
1836 4578 2044 4638 peccet.
2074 4577 2129 4638 Ι)
2152 4573 2326 4642 legem
2381 4569 2474 4626 Dei
2525 4568 2895 4623 meditantur:
2928 4566 2972 4620 si
3021 4579 3084 4620 ea
3130 4563 3270 4618 facio
3309 4577 3432 4633 quae
3479 4570 3746 4632 praecepta

459 4659 700 4730 Denique
716 4659 847 4716 dicit
869 4660 1172 4718 etJoannes
1188 4662 1598 4734 etEvangelista
1617 4680 1628 4716 :
1647 4663 1781 4730 Quia
1795 4665 1885 4734 qui
1897 4675 2047 4732 negat

454 4768 510 4806 se
534 4763 800 4824 peccatum
828 4753 1030 4822 fecisse,
1061 4755 1323 4820 mentitur,
1360 4764 1408 4810 et
1443 4755 1666 4809 mendax
1690 4764 1764 4810 est
1788 4754 1834 4828 (ι
1857 4753 2045 4819 Joan.,

453 4861 494 4913 ι,
511 4844 589 4916 8).
613 4845 666 4902 Si
681 4859 814 4916 ergo
827 4860 1017 4902 omnes
1031 4861 1338 4916 peccamus,
1359 4862 1519 4903 nemo
1532 4857 1714 4902 autem
1740 4847 1932 4904 beatus
1945 4849 2047 4904 nisi

456 4938 547 5009 qui
568 4952 672 4994 non
703 4947 888 5010 peccat
923 4956 936 4992 :
970 4939 1134 5010 igitur
1161 4939 1288 5010 quia
1317 4955 1510 4996 omnes
1542 4953 1853 5011 peccamus,
1884 4954 2044 4996 nemo

459 5031 652 5087 beatus
675 5041 777 5088 est.
807 5033 916 5090 Sed
939 5033 1116 5090 videte
1141 5033 1270 5103 quid
1302 5033 1466 5100 dicat,
1488 5034 1610 5089 etin
1625 5034 1705 5089 via
1721 5044 2049 5106 peccatorum

459 5141 563 5179 non
606 5128 782 5194 stetit;
824 5143 929 5184 non
961 5127 1125 5195 dixit,
1155 5127 1352 5185 beatus
1381 5128 1466 5184 vir
1498 5129 1589 5199 qui
1631 5143 1736 5184 non
1781 5127 2044 5199 peccavit,

457 5320 663 5394 pluram
689 5313 931 5394 divinitus
952 5322 1190 5394 afﬂatum
1213 5331 1427 5394 propter
1453 5320 1834 5394 obscuritatem,
1858 5335 1974 5385 qua:
1990 5320 2044 5394 in

459 5399 523 5438 ea
548 5393 642 5464 est,
669 5386 842 5464 multis
861 5386 1139 5464 domiciliis
1154 5386 1256 5446 uno
1279 5393 1505 5464 cdificio
1517 5392 1775 5448 conclusis
1795 5409 1812 5454 ;
1841 5391 2046 5464 unicui-

460 5471 559 5536 que
586 5455 849 5536 domicilio
869 5462 1158 5536 appositam
1181 5455 1491 5536 clavim'non
1521 5465 1620 5536 ipsi
1649 5462 2047 5524 convenientem,

460 5528 636 5598 sicque
655 5527 1068 5599 dissipatas'esse
1090 5534 1252 5589 claves
1276 5551 1365 5604 per
1395 5527 1682 5594 domicilia.
1713 5549 1817 5588 non
1838 5549 2051 5604 respon-

465 5609 641 5680 dentes
661 5610 892 5680 singulas
915 5609 976 5663 iis
992 5607 1286 5680 domiciliis,
1305 5607 1488 5678 quibus
1506 5607 1762 5680 appositae
1777 5614 2046 5680 sunt,_etc.

469 5679 603 5749 Quae
646 5675 820 5737 Judaei
863 5679 1260 5737 Commentatio
1288 5675 1450 5735 etiam
1495 5675 1553 5736 εξ
1582 5675 1794 5735 Hilario
1826 5677 2051 5747 prologo

471 5753 526 5806 in
553 5753 790 5822 psalmos
818 5752 1096 5819 probatur.

547 5819 573 5859 "-
601 5823 770 5880 Verus
822 5823 1184 5893 Hieronymus
1229 5820 1590 5881 Commentat.
1643 5822 1697 5877 in
1739 5819 2054 5877 Matthaeum

2155 4673 2304 4730 sunt,
2335 4661 2478 4734 quod
2501 4661 2588 4715 alii
2610 4674 2705 4716 ore
2732 4659 3085 4725 meditantur,
3110 4669 3212 4726 ego
3227 4668 3466 4723 corpore
3493 4653 3743 4709 meditor.

2155 4757 2328 4813 Judaei
2357 4755 2524 4825 igitur
2567 4767 2663 4808 ore
2692 4751 3046 4814 meditantur,
3082 4756 3268 4802 nostra
3301 4745 3586 4803 meditatio
3609 4760 3747 4816 opus

2155 4858 2261 4905 est.
2292 4849 2440 4903 Dixit
2467 4847 2637 4918 igitur
2669 4845 2767 4900 tria
2797 4859 2918 4913 qua:
2946 4841 3131 4898 facere
3159 4855 3271 4896 non
3301 4839 3591 4909 debemus,
3615 4839 3750 4895 dixit

2155 4942 2264 4997 dllo
2293 4954 2414 5012 quae
2443 4938 2625 4992 facere
2651 4935 2950 4992 debeamus
2983 4953 2993 4988 :
3029 4932 3126 5004 qui
3157 4932 3259 4988 hoc
3295 4932 3509 5001 fecerit,
3543 4930 3746 5001 praemii

2155 5034 2286 5106 quid
2320 5030 2656 5088 merebitur?

2228 5124 2297 5180 Et
2317 5125 2413 5180 erit
2445 5134 2708 5195 tamquam
2736 5123 2935 5196 lignum
2979 5121 3122 5192 quod
3163 5121 3456 5192 plantatttm
3496 5132 3571 5177 est
3607 5137 3753 5212 secus

2151 5331 2269 5386 cap.
2301 5315 2494 5371 ultimo
2528 5335 2540 5370 :
2576 5314 2640 5371 In
2671 5317 2799 5379 alio,
2832 5314 3024 5386 inquit,
3063 5311 3399 5386 Evangelista
3419 5310 3619 5386 Ioseph
3650 5313 3744 5386 iste

2154 5383 2435 5451 Βοὺλευτὴς
2465 5388 2758 5460 appellatur
2777 5429 2790 5452 ,
2822 5385 2876 5440 id
2905 5383 3412 5460 gst,_consiliarius,
3464 5391 3513 5436 et
3552 5383 3616 5460 de
3643 5385 3751 5450 ipso

2157 5460 2366 5525 quidam
2414 5455 2596 5528 putant
2630 5461 2854 5524 primunt
2897 5456 3174 5511 Psalmum
3218 5470 3328 5528 esse
3355 5455 3750 5528 compositum,

2156 5523 2346 5602 Beatus
2363 5523 2558 5602 virqui,
2583 5523 2688 5586 etc.
2725 5529 2868 5602 Item
2885 5526 3406 5602 Commentariusjn
3431 5523 3631 5602 Psalm.
3656 5527 3755 5602 sub

2160 5601 2378 5657 nomine
2403 5594 2682 5658 Athanasii
2711 5602 2764 5655 in
2795 5597 3126 5655 Biblimheca
3151 5595 3457 5652 .lustiniaua
3482 5594 3746 5662 Venetiis,

2161 5675 2321 5742 inque
2371 5672 2722 5728 Ambrosiam
2771 5671 3089 5736 Mediolani,
3131 5682 3362 5738 prorsus
3400 5666 3650 5742 diversus
3688 5669 3753 5721 ah

2161 5739 2338 5810 edito,
2371 5745 2524 5819 cujus
2563 5743 2804 5819 initium,
2845 5746 2874 5802 ἡ
2928 5745 3017 5817 μὲν
3055 5743 3335 5819 προφητεία
3373 5739 3658 5815 πληροῦται
3684 5743 3755 5800 εἰς

2161 5819 2243 5874 τὸν
2271 5821 2446 5889 Ἰωσὴφ
2470 5818 2554 5873 τὸν
2578 5817 2933 5891 Ἀρημαθαῑον.
