4008 6336
291 314 423 371 1281

1276 313 1478 373 LIBER
1518 313 1608 371 DE
1649 311 2106 376 EXPOSITIONE
2147 314 2593 378 PSALMORUM.

3422 312 3574 372 ’1282

290 433 541 488 decursus
565 447 839 504 aquarum,
872 433 1010 504 quod
1048 434 1275 505 fructum
1305 452 1461 490 suum
1503 435 1639 489 dabit
1667 436 1718 490 in
1750 444 1882 489 tem-
1909 437 1964 498 Α
1989 436 2153 492 decies
2203 441 2403 510 fructus
2452 437 2720 505 afferebat,
2757 443 2804 492 et
2850 433 3088 502 habebat,
3124 433 3318 502 inquit,
3347 435 3494 507 folia,
3526 442 3577 490 et

290 542 414 595 pore
434 543 549 580 suo.
581 525 650 580 Et
677 525 862 598 folium
895 529 1008 600 ejus
1038 543 1140 582 non
1167 527 1378 598 tle/luet.
1413 528 1541 583 Mihi
1564 529 1884 600 simpliciter

288 617 1043 690 interpretanturquidicunt,
1073 619 1347 689 quomodo
1373 621 1576 692 lignum
1605 621 1649 676 si
1677 621 1883 700 planta-

288 719 403 767 tum
437 710 600 768 fuerit
622 711 772 781 juxta
810 727 998 784 aquas,
1024 727 1250 770 necesse
1280 723 1364 770 est
1389 723 1450 769 ut
1470 714 1664 779 vireat,
1688 724 1743 770 ει
1775 728 1884 770 non

287 807 551 873 siccatur,
582 805 707 879 quia
749 807 952 862 habent
981 806 1196 863 radices
1228 805 1403 877 ipsius
1429 808 1711 863 humorem
1741 805 1884 863 unde

286 898 496 965 vivant,
529 897 609 954 sic
636 898 965 968 quicumque
991 897 1165 969 legem
1200 897 1297 954 Dei
1322 897 1638 964 meditatur,
1661 897 1776 967 ipsa
1808 895 1886 951 le-

285 990 370 1060 gis
397 987 681 1045 meditatio
710 989 945 1044 virorem
965 997 1020 1044 et
1045 987 1194 1055 facit,
1220 997 1276 1044 et
1296 990 1486 1044 vitam.
1521 988 1632 1044 lloc
1658 987 1732 1042 illi
1754 987 1885 1043 sim-

287 1083 505 1153 pliciter
544 1083 1006 1154 interpretantur;
1037 1096 1136 1137 nos
1162 1090 1342 1138 autem
1371 1081 1744 1154 spiritualibus
1775 1080 1886 1151 spi-

284 1175 505 1232 ritualia
526 1183 935 1246 comparantes,
966 1174 1208 1245 legentes
1230 1175 1281 1230 in
1304 1175 1558 1245 paradiso
1582 1174 1884 1246 plantatum

282 1283 408 1325 esse
427 1268 632 1340 lignum
663 1267 808 1336 vitae,
841 1278 895 1322 et
917 1267 1122 1339 lignum
1145 1267 1392 1324 scientia:
1415 1267 1543 1324 boni
1575 1278 1629 1324 et
1655 1268 1804 1330 mali,
1831 1275 1896 1324 et

283 1362 491 1434 lignum
521 1361 644 1417 vita:
688 1361 793 1416 hoc
825 1360 1128 1432 plantatum
1157 1374 1284 1416 esse
1314 1361 1367 1416 in
1413 1359 1691 1432 paradiso,
1724 1367 1780 1416 et
1815 1359 1885 1415 de

283 1453 406 1526 ipso
435 1454 687 1526 paradiso
713 1452 897 1526 egredi
925 1453 1128 1510 fontem
1157 1454 1247 1524 qui
1271 1453 1546 1509 dividatur
1576 1455 1628 1509 in
1655 1461 1886 1524 quatuor

287 1546 554 1617 principia
588 1543 744 1617 (Gen.
785 1545 870 1613 ιι).
901 1543 1155 1616 Legimus
1180 1553 1236 1601 et
1265 1545 1320 1600 in
1351 1545 1644 1602 Salomone
1693 1543 1772 1616 (si
1799 1545 1886 1600 cui

285 1639 467 1712 placet
492 1639 710 1694 Librum
736 1637 1026 1710 recipere),
1057 1637 1126 1694 de
1157 1638 1418 1708 sapientia
1437 1638 1580 1693 enim
1607 1637 1679 1694 ibi
1713 1637 1887 1709 loqui-

287 1739 376 1786 tur
403 1748 416 1785 :
447 1729 699 1786 Christus
730 1730 826 1784 Dei
861 1731 1056 1797 virtus,
1085 1738 1140 1785 et
1163 1729 1256 1785 Dei
1308 1729 1571 1799 sapientia
1601 1728 1646 1800 (I
1673 1726 1794 1783 Cor.
1841 1744 1883 1797 ι,

1987 527 2116 599 folia
2153 532 2267 602 ejus
2308 530 2376 584 ad
2416 530 2691 584 sanitatem
2729 529 2956 600 gentium
2992 534 3159 582 erant.
3204 525 3345 594 Vidi,
3379 527 3575 598 inquit,

1991 623 2246 680 thronum
2287 623 2520 693 positum
2569 639 2735 679 unum
2772 640 2786 678 :
2820 623 2946 678 licet
2990 622 3136 678 enim
3185 621 3474 677 credamus
3523 620 3577 675 in

1984 715 2226 783 Patrem,
2254 725 2309 772 et
2332 715 2554 782 Filium,
2577 725 2632 772 et
2659 715 2924 786 Spiritum
2952 721 3225 781 sanctum,
3259 722 3316 770 et
3343 713 3582 770 Trinitas

1985 808 2075 872 sit,
2107 816 2294 863 tamen
2326 823 2552 879 regnum
2589 823 2754 862 unum
2793 814 2896 863 est.
2922 804 3070 875 Vidi,
3096 805 3290 876 inquit,
3321 805 3578 861 thronum

1986 898 2222 968 positum
2266 915 2454 968 unum,
2486 911 2536 954 et
2578 898 2704 967 vidi,
2727 897 2929 969 inquit,
2983 899 3038 951 in
3083 907 3358 969 conspectu
3407 895 3581 950 throni

1986 976 2203 1046 stantem
2231 1009 2393 1046 unum
2421 1008 2632 1064 agnum.
2670 992 2746 1046 De
2771 989 3148 1060 assumptione
3166 988 3362 1044 dicitur
3389 1002 3585 1058 corpo-

1986 1083 2064 1140 ris
2087 1084 2388 1140 Salvatoris
2416 1103 2428 1139 :
2457 1083 2590 1138 Ecce
2615 1101 2782 1156 agnus
2807 1082 2924 1153 Dei,
2955 1098 3068 1136 ecce
3087 1083 3175 1154 qui
3205 1081 3341 1137 tollit
3369 1089 3580 1151 peccata

1988 1176 2187 1230 mundi.
2219 1175 2287 1230 Et
2317 1175 2698 1247 egrediebatur,
2725 1175 2928 1246 inquit,
2950 1175 3066 1246 fons
3096 1175 3160 1228 de
3187 1173 3366 1229 subtus
3412 1173 3582 1228 medio

1989 1265 2179 1322 throni.
2210 1267 2414 1323 Videtis
2454 1267 2618 1339 igitur
2651 1267 2913 1338 quoniam
2937 1265 3005 1321 de
3032 1264 3211 1322 medio
3238 1264 3420 1320 throni
3459 1265 3580 1320 bons

1987 1357 2263 1430 egreditur
2289 1360 2610 1429 gratiarum.
2644 1358 2850 1414 Tamen
2880 1372 2988 1412 non
3026 1356 3306 1428 egreditur
3336 1355 3456 1409 l'ons
3483 1355 3582 1411 illc

1987 1451 2056 1507 de
2085 1450 2302 1519 throno,
2327 1453 2434 1508 nisi
2465 1468 2635 1524 agnus
2657 1459 2847 1508 contra
2876 1450 3111 1508 steterit.
3146 1449 3259 1505 Nisi
3288 1449 3432 1505 enim
3464 1462 3585 1504 cre-

1988 1542 2292 1599 diderimus
2335 1543 2832 1613 lncorporationem
2869 1540 3106 1609 Christi,
3139 1555 3247 1598 non
3285 1540 3582 1611 accipimus

1989 1638 2124 1693 istas
2165 1636 2384 1708 gratias.
2435 1637 2503 1692 Et
2550 1636 3097 1707 arhor,inquit,una
3143 1637 3356 1693 excelsa
3403 1637 3580 1707 posita

1990 1742 2128 1787 erat.
2160 1731 2278 1786 Non
2304 1731 2442 1786 dixit
2465 1730 2715 1796 arbores,
2739 1729 2835 1786 sed
2859 1731 3022 1786 arbor
3045 1745 3176 1785 una.
3202 1730 3259 1786 Si
3288 1730 3452 1785 arbor
3474 1743 3583 1784 una

283 1822 381 1893 24)
417 1840 430 1875 :
466 1837 594 1893 ergo
640 1821 730 1876 ubi
776 1821 1030 1876 Salomon
1080 1821 1350 1892 loquitur:
1383 1820 1605 1892 Lignum
1646 1821 1762 1876 vita:
1811 1829 1887 1876 est
1915 1831 1963 1892 Β
1991 1832 2096 1891 εει,
2126 1822 2400 1894 quomodo
2425 1838 2496 1879 ex
2526 1823 2631 1878 ista
2660 1832 2816 1894 parte
2855 1823 2986 1893 ripae
3011 1832 3115 1889 est,
3149 1832 3204 1880 et
3225 1839 3292 1879 ex
3314 1823 3408 1878 illa
3426 1833 3580 1894 parte

285 1915 522 1971 omnibus
549 1914 1102 1986 comprehendentibus
1145 1931 1259 1970 eam
1287 1913 1472 1986 (Prov.
1519 1931 1600 1982 ιιι,
1655 1915 1770 1986 18),
1810 1915 1886 1970 ibi

286 2008 358 2066 de
383 2009 655 2080 Sapientia
679 2008 898 2065 dicitur.
920 2008 975 2064 Si
1005 2018 1183 2064 autem
1212 2009 1480 2079 sapientia
1516 2009 1724 2079 lignum
1755 2007 1884 2063 vita:

1987 1915 2120 1987 ripa:
2146 1917 2264 1972 est?
2291 1917 2348 1972 Si
2371 1915 2514 1971 enim
2539 1915 2791 1984 dixisset,
2822 1915 2926 1970 vidi
2957 1915 3202 1984 arbores,
3223 1917 3336 1972 ﬂeri
3369 1925 3583 1987 poterat

1987 2019 2044 2064 ut
2066 2009 2185 2064 alia:
2217 2017 2402 2064 essent
2430 2022 2494 2064 ex
2539 2007 2639 2062 alia
2669 2019 2845 2078 parte,
2874 2016 2930 2064 et
2971 2009 3090 2064 aliae
3142 2023 3208 2064 ex
3253 2009 3379 2064 alia.
3427 2008 3580 2064 Nunc

287 2112 397 2172 est,
426 2104 691 2174 sapientia
720 2113 900 2159 autem
949 2103 1065 2174 ipsa
1113 2102 1360 2160 Christus
1391 2113 1496 2160 est.
1544 2102 1704 2159 Vides
1757 2119 1887 2174 ergo
1985 2118 2117 2158 vero
2143 2119 2247 2158 una
2278 2103 2444 2160 arbor
2471 2119 2536 2160 ex
2569 2113 2796 2174 utraque
2826 2112 2981 2174 parte
3006 2119 3128 2161 esse
3173 2103 3402 2170 dicitur;
3441 2117 3582 2158 unus

289 2195 548 2268 quoniam
582 2197 671 2268 qui
707 2195 896 2252 beatus
938 2196 1021 2250 vir
1049 2205 1103 2252 et
1133 2205 1354 2253 sanctus
1394 2205 1500 2263 est,
1544 2195 1668 2252 huic
1715 2197 1884 2268 ligno,

290 2291 400 2347 hoc
421 2301 505 2347 est
531 2290 811 2361 sapientiae
837 2297 1210 2361 comparatur.
1243 2290 1453 2346 Videtis
1473 2306 1604 2362 ergo
1633 2291 1887 2360 quoniam

291 2385 487 2440 beatus
515 2384 597 2438 vir
625 2391 682 2438 et
704 2383 885 2453 justus
913 2382 1015 2438 iste
1041 2383 1134 2453 qui
1158 2399 1263 2438 non
1293 2383 1424 2440 abiit
1447 2384 1498 2438 in
1533 2382 1760 2442 consilio
1783 2383 1888 2438 im-

291 2477 535 2549 piorum,
568 2477 658 2547 qui
700 2492 806 2531 non
836 2474 963 2532 fecit
993 2476 1109 2548 illa,
1150 2485 1204 2532 et
1231 2476 1360 2533 fecit
1387 2477 1514 2544 ista,
1557 2485 1602 2531 et
1634 2478 1731 2532 erit
1760 2488 1891 2531 tam-

295 2586 453 2642 quam
479 2570 674 2641 lignum
697 2569 837 2640 quod
862 2570 1157 2641 plantatum
1181 2577 1255 2626 est
1286 2586 1429 2625 secus
1459 2570 1704 2624 decursus
1731 2587 1892 2642 aqua-

293 2677 428 2716 rum.
449 2660 562 2716 iloc
583 2670 666 2716 est
690 2660 908 2717 Christo
929 2661 1124 2718 similis
1145 2663 1268 2730 erit,
1304 2662 1569 2733 siquidem
1593 2663 1893 2719 consedere

296 2769 398 2811 nos
430 2754 559 2811 fecit
590 2756 641 2809 in
669 2754 1004 2819 ctelestibus,
1032 2763 1087 2811 et
1115 2769 1448 2826 conregnare
1475 2753 1696 2827 (Ephes.
1725 2770 1785 2825 ιι,
1811 2754 1892 2827 6).

299 2849 508 2905 Videtis
537 2864 665 2920 ergo
691 2849 816 2921 quia
847 2864 969 2904 cum
997 2846 1216 2904 Christo
1257 2847 1602 2918 regnabimus
1650 2848 1702 2902 in
1729 2848 1891 2904 cmlo.

299 2941 512 2997 Videtis
555 2941 810 3011 quoniam
843 2941 1043 3012 lignum
1076 2941 1179 2995 hoc
1206 2939 1507 3011 plantatum
1537 2948 1622 2996 est
1655 2939 1708 2994 in
1739 2954 1895 3010 para-

299 3034 443 3102 diso,
473 3043 528 3090 et
555 3049 654 3090 nos
680 3048 870 3090 omnes
899 3048 1020 3089 cum
1042 3031 1138 3089 illo
1163 3033 1513 3103 complantati
1545 3046 1748 3088 sumus.

382 3129 452 3182 Et
494 3129 588 3183 erit
616 3139 876 3198 tamquam
905 3126 1103 3198 tignum
1131 3126 1270 3198 quod
1312 3129 1600 3195 plantatum
1638 3135 1712 3180 est
1752 3141 1895 3180 secus

1988 2195 2182 2252 ﬂuvius
2209 2195 2486 2267 egreditur
2515 2194 2586 2252 de
2615 2195 2814 2251 throno
2846 2196 2966 2262 Dei,
3000 2195 3104 2252 hoc
3131 2205 3238 2262 est,
3261 2197 3430 2267 gratia
3453 2195 3580 2266 Spi-

1990 2289 2125 2345 ritus
2154 2291 2348 2345 sancti.
2383 2289 2452 2344 Et
2476 2289 2575 2344 ista
2602 2289 2773 2360 gratia
2792 2288 3027 2359 Spiritus
3056 2289 3230 2344 sancti
3259 2289 3311 2343 in
3337 2287 3584 2358 Scriptu-

1989 2382 2068 2439 ris
2106 2382 2307 2438 sanctis
2337 2390 2441 2446 est,
2474 2383 2574 2438 hoc
2604 2392 2710 2451 est,
2743 2384 2795 2437 in
2828 2383 2932 2437 isto
2961 2380 3127 2438 ﬂuvio
3155 2381 3579 2452 Scripturarum.

1992 2476 2195 2532 Tamen
2218 2477 2322 2532 iste
2349 2475 2544 2531 ﬂuvius
2569 2475 2704 2531 duas
2735 2477 2880 2546 ripas
2906 2475 3086 2542 habet,
3117 2485 3175 2531 et
3203 2485 3358 2531 vetus
3383 2485 3442 2532 et
3486 2489 3588 2532 no-

1993 2585 2116 2625 vum
2141 2569 2573 2626 Testamentum.
2606 2569 2675 2625 Et
2714 2570 2767 2624 in
2795 2578 3026 2641 utraque
3057 2577 3207 2639 parte
3237 2569 3401 2626 arbor
3429 2569 3586 2641 plan-

1995 2673 2123 2732 tala,
2156 2662 2404 2720 Christus
2431 2671 2536 2719 est.
2564 2662 2691 2719 Haec
2713 2664 2876 2734 igitur
2900 2664 3064 2719 arbor
3087 2664 3138 2719 in
3161 2679 3324 2732 anno,
3352 2662 3455 2718 hoc
3477 2670 3584 2730 est,

1995 2756 2220 2828 singulis
2247 2757 2546 2826 mensibus,
2577 2756 2870 2813 duodecies
2905 2757 3112 2814 fructus
3151 2756 3433 2814 ali‘erehat.
3466 2757 3584 2814 Non

1995 2864 2282 2920 possumus
2317 2851 2462 2906 enim
2490 2849 2694 2906 fructus
2724 2850 2792 2906 de
2831 2851 2931 2906 ista
2962 2851 3159 2907 arbore
3183 2853 3448 2923 accipere,
3482 2849 3589 2907 nisi

2006 2959 2102 3015 per
2128 2946 2424 3015 apostolos.
2443 2943 2500 3001 Si
2525 2945 2644 3016 quis
2671 2959 2802 3016 ergo
2823 2959 2919 3016 per
2945 2945 3220 3016 apostolos
3240 2944 3306 3000 ad
3336 2945 3588 3000 arborem

1997 3039 2228 3105 venerit,
2261 3055 2484 3095 necesse
2522 3049 2605 3095 est
2634 3049 2693 3096 ut
2721 3039 2927 3096 fructus
2971 3040 3216 3111 accipiat,
3245 3039 3451 3096 fructus
3476 3053 3592 3094 me-

1997 3141 2077 3187 tat
2109 3134 2177 3190 de
2217 3133 2511 3204 Scripturis
2545 3133 2769 3201 sanctis,
2799 3133 2901 3189 hoc
2942 3142 3050 3203 eat,
3081 3148 3301 3189 sensum
3349 3133 3590 3188 divinum

304 3224 556 3280 decursus
586 3237 863 3292 aquarum.
887 3221 966 3276 De
993 3220 1088 3278 illo
1109 3221 1252 3276 enim
1281 3220 1427 3276 fonte
1458 3220 1756 3291 procedunt
1775 3235 1892 3276 om-
1917 3218 1963 3282 C
1997 3226 2050 3282 in
2076 3227 2252 3284 littera
2285 3237 2744 3284 commorantem.
2774 3229 2831 3284 Si
2861 3229 2982 3301 quis
3009 3243 3141 3301 ergo
3169 3229 3384 3286 venerit
3417 3228 3485 3284 ad
3522 3228 3596 3285 is-

305 3317 395 3372 nia
426 3314 685 3382 ﬂumina,
731 3313 869 3386 quod
922 3313 1150 3384 fructum
1199 3330 1350 3369 suum
1389 3313 1529 3368 dabit
1569 3313 1622 3366 in
1668 3321 1895 3382 tempore

309 3428 429 3467 suo.
463 3409 688 3480 Lignum
733 3410 836 3465 hoc
885 3423 990 3465 non
1035 3409 1181 3465 omni
1213 3417 1463 3479 tempore
1491 3409 1582 3464 dat
1625 3407 1892 3478 fructum,

305 3505 430 3572 sed,
463 3505 516 3558 in
542 3512 768 3575 tempore
789 3518 904 3557 suo.
930 3502 1158 3572 Lignum
1183 3501 1284 3559 hoc
1305 3518 1412 3558 non
1444 3502 1536 3558 dat
1561 3502 1614 3557 in
1642 3501 1897 3572 pmsenti

307 3598 554 3665 saeculo,
611 3597 710 3652 sed
762 3596 816 3651 in
875 3594 1078 3660 futuro,
1135 3597 1238 3651 hoc
1288 3605 1400 3665 est,
1455 3595 1506 3651 in
1548 3582 1638 3652 die
1682 3595 1892 3666 iudicii.

310 3691 544 3764 Lignum
585 3690 690 3746 hoc
739 3705 882 3746 nunc
921 3689 1084 3746 ﬂores
1118 3689 1310 3756 habet,
1359 3691 1562 3760 lignum
1603 3688 1706 3746 hoc
1753 3705 1898 3744 nunc

311 3786 611 3857 germinat,
661 3793 714 3840 et
741 3783 1011 3855 promittit
1057 3783 1243 3855 fruges
1273 3783 1500 3840 futuras.
1535 3783 1760 3855 Lignum
1792 3785 1898 3840 hoc

310 3877 477 3934 habet
504 3877 633 3946 duo,
663 3876 824 3932 habet
845 3885 900 3932 et
934 3876 1162 3943 fructus,
1192 3877 1356 3932 habet
1381 3887 1436 3932 et
1460 3876 1609 3931 folia.
1639 3875 1896 3932 Fructum

309 3973 495 4040 habet,
523 3985 742 4028 sensum
771 3971 822 4026 in
853 3969 1182 4041 Scripturis:
1211 3967 1370 4036 folia,
1403 3969 1568 4026 verba
1595 3969 1893 4040 simplicia;

313 4070 524 4122 h-uetus
550 4067 602 4122 in
634 4081 798 4122 sensu
823 4073 925 4132 est,
957 4064 1084 4120 folia
1111 4079 1242 4121 vero
1284 4065 1337 4120 in
1367 4064 1546 4121 verbis
1590 4072 1735 4120 sunt.
1763 4063 1898 4132 Qui-

317 4175 550 4228 cumque
576 4159 736 4228 igitur
760 4158 1065 4228 Scripturas
1095 4166 1311 4213 sanctas
1337 4157 1498 4228 legit,
1530 4155 1576 4212 si
1600 4156 1899 4214 secundum

307 4253 528 4311 Judzcos
557 4252 706 4323 legit,
726 4261 933 4308 tantum
962 4251 1088 4306 folia
1111 4251 1386 4323 intelligit;
1411 4251 1456 4307 si
1486 4266 1614 4308 vero
1645 4250 1904 4322 spirituaé

307 4348 435 4405 liter
462 4347 736 4418 intelligit,
761 4347 970 4403 fructus
998 4345 1162 4417 capit.

381 4441 453 4496 Et
479 4442 666 4514 folium
706 4442 819 4513 ejus
848 4458 950 4496 non
981 4440 1192 4511 tte/luet.
1235 4439 1437 4497 Tamen
1471 4449 1526 4496 et
1575 4439 1701 4496 folia
1742 4439 1900 4496 istius

309 4533 525 4591 arboris
551 4533 705 4589 utilia
728 4542 874 4589 sunt.
907 4533 1146 4604 Denique
1171 4533 1214 4589 si
1239 4533 1360 4605 quis
1389 4542 1445 4589 et
1465 4531 1761 4589 secundum
1788 4523 1898 4586 his;

1999 3329 2107 3376 tam
2148 3321 2400 3377 arborem
2439 3336 2538 3392 per
2584 3321 2882 3391 apostolos,
2921 3321 3127 3378 fructus
3175 3323 3292 3393 ejus
3338 3321 3514 3393 capit;
3547 3320 3593 3376 si

1998 3415 2119 3486 quis
2141 3431 2268 3472 vero
2296 3432 2402 3471 non
2431 3417 2689 3486 potuerit,
2722 3416 2900 3472 adhuc
2942 3416 3212 3473 inﬂrmior
3233 3426 3338 3484 est,
3364 3415 3593 3472 necdum

1997 3519 2081 3565 est
2109 3510 2424 3580 discipulus,
2457 3510 2552 3566 sed
2578 3510 2646 3567 de
2674 3510 2831 3566 turba
2862 3520 2967 3578 est,
3001 3510 3095 3566 sed
3130 3509 3332 3566 deforis
3366 3518 3469 3579 est,
3498 3508 3595 3566 sed

1998 3602 2216 3671 gentilis
2255 3611 2358 3657 est.
2396 3600 2502 3670 Qui
2542 3601 2755 3658 fructus
2791 3617 2989 3672 capere
3029 3617 3136 3657 non
3179 3609 3388 3673 potest,
3427 3601 3596 3658 verba

1999 3695 2200 3765 capiat,
2234 3695 2336 3750 hoc
2375 3704 2480 3760 εει,
2513 3693 2642 3750 folia
2672 3694 2740 3748 ad
2776 3695 3066 3749 sanitatem
3100 3694 3344 3763 gentium
3379 3708 3394 3746 :
3424 3691 3599 3762 scrip-

2001 3794 2113 3841 tum
2143 3795 2226 3841 est
2255 3787 2399 3841 enim
2435 3803 2448 3840 :
2482 3785 2552 3839 Et
2586 3787 2715 3857 folia
2755 3788 2870 3857 ejus
2921 3786 2990 3839 ad
3037 3785 3308 3839 sanitatem
3341 3785 3594 3854 gentium.

2001 3877 2060 3934 Si
2091 3879 2211 3949 quis
2240 3877 2418 3934 adhuc
2444 3877 2510 3933 de
2534 3878 2790 3949 gentibus
2819 3887 2922 3944 est,
2952 3877 2998 3932 si
3019 3877 3139 3948 quis
3167 3877 3463 3946 discipulus
3487 3891 3595 3932 non

2002 3979 2104 4038 est,
2135 3981 2192 4028 et
2221 3972 2398 4028 adhuc
2430 3972 2498 4028 de
2534 3971 2695 4027 turba
2723 3980 2828 4038 est,
2857 3971 2960 4027 iste
2990 3969 3118 4026 folia
3141 3969 3315 4040 ipsius
3341 3969 3593 4040 accipiat,

2004 4067 2108 4123 hoc
2135 4075 2239 4136 est,
2273 4069 2437 4123 verba
2467 4066 2740 4138 simplicia
2775 4065 3008 4136 accipiat
3036 4079 3135 4136 pro
3165 4063 3591 4120 medicamento.

2003 4162 2248 4234 Denique
2290 4161 2555 4233 scriptum
2594 4170 2699 4229 est,
2725 4160 2854 4216 folia
2883 4159 3000 4230 ejus
3029 4152 3112 4214 ad
3138 4159 3428 4216 sanitatem
3470 4173 3602 4230 gen-

2005 4256 2158 4321 tium,
2195 4255 2299 4312 hoc
2317 4263 2423 4323 est,
2459 4255 2524 4311 ad
2553 4254 2898 4311 medicinam.
2933 4253 3048 4310 iioc
3065 4260 3235 4308 totum
3266 4268 3435 4324 quare
3455 4253 3598 4310 dixi-

2003 4363 2159 4417 mus,
2202 4357 2256 4405 et
2308 4348 2645 4408 excessimus
2699 4347 2765 4404 ad
2835 4345 3269 4419 Apocalypsim?
3328 4345 3596 4415 Quoniam

2004 4443 2264 4515 scriptum
2313 4450 2420 4510 est,
2450 4441 2592 4512 quod
2622 4442 2846 4512 fructum
2895 4457 3047 4495 suum
3099 4438 3240 4493 dabit
3288 4440 3341 4494 in
3380 4449 3604 4513 tempore

2004 4554 2123 4603 suo,
2153 4547 2202 4592 et
2231 4535 2418 4608 [otium
2445 4538 2557 4609 ejus
2584 4552 2688 4590 non
2734 4535 2944 4606 deﬂuet,
2976 4541 3025 4588 et
3066 4531 3240 4586 omnia
3279 4547 3606 4603 quiscumque
3630 4538 3644 4548 '

313 4629 508 4686 toriam
541 4626 810 4698 intelligit,
842 4626 1127 4683 utilitatem
1168 4626 1332 4683 habet
1357 4626 1553 4682 anima:
1577 4641 1709 4682 suae.
1739 4624 1898 4696 Legi-
1924 4610 1980 4673 Ῑ)
2001 4629 2182 4699 faciet,
2200 4643 2400 4700 semper
2422 4627 2878 4699 prosperabuntur.
2901 4623 3144 4680 Diximus
3174 4622 3244 4679 de
3268 4622 3606 4680 beatitudine

309 4734 434 4777 mus
481 4720 534 4774 in
587 4718 911 4788 Apocalypsi
951 4718 1172 4775 Joannis
1221 4718 1419 4791 (quiin
1466 4718 1582 4774 istis
1609 4717 1899 4789 provinciis

311 4827 427 4868 non
462 4809 724 4879 recipitur
760 4809 906 4866 liber
937 4828 949 4864 :
979 4818 1162 4866 tamen
1205 4810 1346 4866 scire
1385 4810 1646 4866 debemus
1674 4809 1816 4881 quod
1845 4810 1898 4866 in

313 4903 605 4961 occidente
628 4901 800 4969 omni,
823 4914 877 4958 et
897 4903 951 4958 in
982 4902 1105 4958 aliis
1127 4902 1402 4959 Phoenicis
1419 4885 1734 4973 provinciis,
1767 4911 1821 4958 et
1844 4902 1899 4957 in

312 4994 557 5068 Egypto
602 4992 862 5064 recipitur
897 4994 1054 5064 liber,
1083 5001 1140 5052 et
1184 4993 1587 5051 ecclesiasticus
1625 5003 1730 5062 est,
1775 5008 1898 5049 nam

313 5099 370 5147 et
398 5102 615 5147 veteres
637 5088 998 5147 ecclesiastici
1029 5090 1157 5159 viri,
1181 5105 1212 5146 e
1240 5089 1438 5162 quibus
1458 5088 1815 5156 estlrenaeus,
1843 5097 1899 5145 et

309 5183 668 5256 Polycarpus,
701 5192 759 5241 et
779 5183 1104 5255 Dionysius,
1135 5192 1192 5239 et
1231 5182 1324 5238 alii
1363 5181 1595 5238 Romani
1636 5183 1902 5252 interpre-

312 5285 419 5342 tes,
443 5275 511 5332 de
554 5275 750 5347 quibus
793 5283 880 5332 est
909 5283 966 5331 et
1013 5273 1320 5346 Cyprianus
1365 5272 1904 5342 sanctus,recipiunt

312 5369 516 5425 librum
546 5377 604 5425 et
633 5366 1109 5440 interpretantur),
1139 5366 1369 5438 legimus
1395 5379 1526 5436 ergo
1550 5365 1650 5421 ibi:
1674 5363 1740 5418 Et
1763 5381 1898 5433 ecce,

314 5463 510 5534 inquit,
551 5462 660 5517 uidi
715 5463 960 5518 thronum
1016 5463 1258 5536 positum,
1291 5471 1339 5516 et
1383 5476 1576 5534 agnum
1624 5475 1806 5528 unum,
1856 5468 1904 5514 et

315 5553 573 5622 arborem,
608 5554 801 5626 inquit,
833 5555 1116 5611 secundum
1144 5557 1357 5627 ﬂumen,
1383 5561 1432 5610 et
1460 5570 1524 5608 ea:
1549 5561 1765 5626 utraque
1789 5569 1912 5624 par-

318 5659 366 5704 te
395 5648 525 5720 ripw
552 5649 718 5721 ipsam
751 5649 984 5704 arborem
1007 5650 1196 5719 (Apoc.
1231 5647 1385 5722 xxn).
1425 5646 1542 5704 Hoc
1573 5656 1676 5715 est,
1705 5663 1775 5703 ex
1809 5647 1912 5703 ista

317 5751 477 5815 parte
507 5751 627 5797 erat
662 5751 718 5798 et
758 5757 825 5798 ex
865 5741 958 5797 illa
982 5750 1142 5814 parte
1167 5751 1305 5799 erat.
1338 5741 1408 5797 Et
1449 5741 1687 5810 habebat,
1713 5740 1911 5812 inquit,

321 5839 525 5911 {ructus
554 5836 668 5907 ipsa
692 5835 866 5907 arbor,
895 5844 946 5890 et
974 5837 1028 5892 in
1049 5853 1208 5905 anno,
1236 5836 1494 5893 mensibus
1527 5837 1746 5910 singulis
1782 5839 1912 5892 duo-

1999 4721 2134 4793 justi
2162 4720 2288 4788 viri,
2317 4719 2553 4775 diximus
2599 4717 2668 4775 de
2717 4718 2940 4788 praemio
2998 4716 3140 4788 ejus.
3187 4715 3452 4783 Quoniam
3509 4713 3603 4784 qui

2014 4816 2117 4872 tria
2162 4829 2268 4869 non
2301 4812 2511 4883 fecerit,
2545 4820 2600 4869 et
2637 4810 2746 4868 duo
2789 4810 3001 4879 fecerit,
3035 4811 3180 4881 ligno
3209 4806 3471 4879 paradisi,
3494 4804 3601 4860 hoc

2008 4918 2112 4973 εει,
2154 4906 2359 4963 Christi
2387 4905 2664 4976 sapientiae
2689 4913 3056 4974 comparatur.
3089 4901 3336 4956 Diximus
3369 4913 3498 4970 ergo
3535 4897 3606 4954 de

2008 5006 2197 5056 sancto
2215 4998 2357 5067 viro,
2389 5011 2532 5053 nunc
2551 4996 2620 5053 de
2641 4997 2918 5052 contrario
2949 4995 3069 5051 viro
3118 4990 3417 5048 videamus.
3465 4989 3606 5060 Quid

2009 5095 2077 5150 de
2099 5100 2380 5164 peccatore
2405 5099 2460 5147 et
2487 5090 2651 5162 impio
2675 5089 2906 5147 dicitur?
3198 5162 3203 5167 ~

2085 5185 2207 5240 Non
2249 5186 2324 5239 sic
2374 5185 2538 5252 impii.
2581 5184 2677 5240 illa
2721 5183 2969 5239 universa
3010 5193 3208 5251 genera
3255 5176 3606 5250 prazmiorum

2013 5293 2134 5348 qua:
2166 5277 2234 5334 de
2257 5277 2404 5348 justo
2424 5273 2901 5346 diximus,'impius
2933 5286 3040 5326 non
3088 5270 3338 5342 accipiet.
3368 5268 3494 5325 Non
3533 5269 3607 5326 sic

2012 5372 2181 5443 impii.
2204 5369 2321 5427 Non
2341 5369 2498 5438 dixit,
2514 5383 2621 5425 non
2635 5368 2712 5423 sic
2724 5372 3068 5438 peccatores;
3087 5363 3134 5419 si
3154 5363 3297 5419 enim
3325 5361 3393 5418 de
3415 5375 3611 5433 pecca-

2015 5463 2224 5520 toribus
2253 5463 2498 5530 dixisset,
2525 5475 2714 5519 omnes
2737 5457 2896 5515 alieni
2926 5471 3165 5514 eramus.
3193 5453 3316 5511 Non
3337 5455 3411 5510 sic
3440 5454 3609 5526 impii.

2014 5556 2159 5614 inter
2200 5556 2423 5626 impium
2457 5563 2511 5610 et
2551 5559 2893 5624 peccatorem
2933 5549 3036 5604 hoc
3085 5549 3314 5604 interest
3347 5563 3360 5600 :
3391 5545 3484 5617 qui
3511 5545 3613 5600 im-

2016 5652 2135 5724 pius
2157 5661 2259 5718 est,
2295 5655 2455 5721 negat
2481 5648 2650 5704 Deum
2683 5664 2697 5702 :
2727 5645 2816 5717 qui
2844 5651 3098 5716 peccator
3117 5651 3223 5710 est,
3250 5641 3537 5698 conﬂtetur
3557 5647 3615 5696 et

2018 5755 2224 5817 peccat.
2262 5741 2385 5798 Non
2411 5743 2488 5796 sic
2517 5739 2684 5813 impii.
2722 5739 2779 5794 in
2806 5735 3128 5810 quibusdam
3158 5735 3374 5807 legitur,
3406 5749 3510 5788 non
3537 5733 3612 5788 sic

2022 5838 2125 5894 hoc
2161 5833 2422 5894 secundo.
2459 5832 2583 5889 Non
2637 5833 2712 5889 sic
2758 5830 2928 5904 impii,
2954 5845 3058 5886 non
3089 5829 3184 5885 sic.
3233 5825 3341 5887 Sed
3384 5824 3618 5884 sciamus
