4008 6336
439 299 580 361 198⁸5
1226 290 1578 353 APPENDIX
1614 287 1708 352 AD
1749 289 1992 350 TOMUM
2033 289 2049 347 ε

2153 288 2386 350 ’ΤΙΜυΜ
2425 288 2486 347 S.
2527 283 2932 349 HIERONYMI.
3595 280 3731 345 1984

435 414 561 484 quia
611 412 666 468 in
717 410 986 468 Hebraico
1039 409 1211 468 semel
1263 411 1497 483 positum
1549 417 1651 465 est.
1701 407 1943 463 Diximus
1969 407 2037 463 de
2066 405 2200 479 Α(Ι
2234 407 2353 461 (.‘or.
2388 403 2636 476 xtv,38).
2681 404 2783 472 Qui
2832 409 3084 473 peccator
3129 407 3234 466 est,
3264 411 3372 455 non
3414 397 3568 454 novit
3613 414 3736 452 cum

439 517 631 562 sancto
674 505 810 572 viro,
844 513 899 560 et
925 503 1335 576 comparatione
1377 501 1513 574 eius.
1542 500 1606 557 Et
1635 501 1742 556 erit
1781 508 2043 571 tamquam
2147 497 2441 568 Deuszqui
2473 497 2649 569 justus
2695 506 2800 562 est,
2843 506 3002 550 notus
3032 503 3118 550 est
3162 509 3194 549 a
3238 492 3371 548 Deo.
3398 490 3655 562 Legimus
3685 492 3738 546 in

440 601 662 672 lignum,
692 598 832 671 quod
873 598 1163 666 plumatum
1205 607 1281 653 est
1310 613 1456 651 secus
1485 596 1732 650 decursus
1765 607 2039 664 aquarum.
2142 591 2341 648 Genesi
2393 605 2459 645 eo
2515 601 2760 660 tempore
2808 601 2921 659 quo
2980 586 3370 658 praevaricatus
3411 591 3498 639 est
3541 583 3738 651 Adam,

440 691 595 750 Nunc
634 691 944 748 econtrario
981 689 1048 746 de
1095 689 1263 760 impio
1290 687 1696 744 dicitur.Sicut
1736 686 1914 754 justus
1961 685 2044 739 vir
2143 700 2212 742 eo
2268 695 2512 756 tempore
2557 699 2664 756 quo
2717 685 2888 755 magis
2932 685 3138 739 audivit
3190 691 3526 755 serpentem,
3578 695 3741 752 quam

439 791 791 851 comparatur
839 783 984 853 ligno
1018 783 1140 838 :sic
1186 781 1386 852 impius
1430 789 1776 852 comparatur
1814 777 2043 850 pulveri,

436 891 602 947 quem
653 875 872 946 proiicit
908 885 1102 932 ventus
1131 889 1162 928 a
1203 873 1341 931 facie
1368 882 1549 930 terrm.
1582 872 1764 928 Pulvis
1803 872 1930 927 licet
1977 872 2047 929 de

439 981 587 1030 terra
615 971 706 1036 sit,
735 981 914 1026 tamen
944 969 1142 1025 desiuit
1165 983 1288 1024 esse
1319 979 1483 1023 terra.
1513 967 1622 1024 Sed
1647 976 1905 1038 tamquam
1932 965 2048 1038 put-

443 1066 517 1119 uis
546 1079 698 1132 quem
731 1063 940 1136 projicit
974 1071 1153 1118 uentus
1177 1079 1213 1116 a
1241 1062 1372 1134 facie
1395 1071 1561 1116 terra.
1594 1059 1782 1114 Videte
1810 1058 1935 1129 quid
1963 1058 2046 1112 di-

444 1161 608 1221 citur,
629 1165 738 1213 tam
775 1155 954 1210 infelix
979 1155 1083 1210 erit
1115 1153 1337 1224 impius,
1353 1163 1410 1207 ut
1433 1166 1534 1209 nec
1561 1160 1810 1208 terrenus
1831 1150 2046 1220 quidem

447 1255 521 1308 sit
551 1250 745 1321 pulvis.
777 1248 1002 1305 Videtur
1029 1247 1248 1319 quidem
1283 1263 1388 1301 non
1431 1245 1630 1300 habere
1665 1243 2044 1311 substantiam,

439 1342 542 1398 sed
588 1342 748 1396 habet
777 1355 929 1397 suam
975 1339 1356 1396 substantiam.
1386 1337 1530 1394 Nihil
1583 1336 1747 1392 habet
1772 1334 2044 1402 solidum;

444 1433 544 1492 sed
575 1433 718 1504 quod
747 1433 941 1500 habet,
969 1432 1038 1488 ad
1071 1447 1282 1502 pinnam
1327 1430 1510 1486 habet.
1540 1429 1655 1484 Huc
1698 1428 1930 1496 illucque
1967 1426 2052 1481 di-

2146 778 2362 847 Deum,
2418 783 2636 851 quando
2687 793 2747 834 se
2797 778 3083 835 abscondit
3144 793 3172 832 a
3231 777 3371 834 l‘arie
3414 777 3535 844 Dei,
3595 776 3744 832 venit

2148 871 2410 928 Dominus
2456 884 2581 944 post
2640 872 2927 944 prandium
2993 871 3049 928 in
3107 871 3403 943 paradiso,
3445 879 3505 926 et
3557 871 3746 925 deam-

2123 965 2306 1021 ‘bulat
2340 966 2494 1038 (Gen.
2526 967 2608 1038 ιιι)
2631 985 2646 1021 :
2671 967 2852 1023 videte
2893 967 3020 1039 quid
3069 967 3288 1033 dicitur,
3334 964 3572 1038 requirit
3604 964 3748 1020 Deus

2151 1061 2322 1116 Adam
2374 1077 2480 1116 non
2537 1062 2782 1126 meridie,
2813 1061 2905 1117 sed
2960 1061 3026 1117 ad
3074 1077 3357 1132 vesperam
3393 1078 3404 1113 :
3432 1060 3545 1130 jam
3602 1059 3748 1113 enim

2151 1152 2323 1208 Adam
2346 1154 2516 1208 solem
2543 1153 2877 1224 perdiderat,
2897 1154 3022 1225 quia
3048 1154 3330 1210 meridiem
3349 1168 3456 1208 non
3481 1151 3750 1207 habebat:

2149 1245 2218 1299 ad
2266 1259 2548 1315 vesperam
2571 1290 2584 1314 ,
2615 1245 2717 1300 hoc
2757 1256 2876 1313 est,
2909 1245 3132 1315 δειλινὸν,
3164 1253 3219 1301 et
3271 1243 3612 1308 ambulabat,
3644 1259 3755 1298 non

2151 1336 2298 1392 enim
2323 1345 2432 1391 stat
2454 1336 2596 1391 Deus
2616 1339 2908 1406 peccaturi,
2935 1339 3032 1394 sed
3062 1337 3325 1392 ambulat.
3350 1335 3575 1392 Sciebat
3596 1334 3754 1390 illum

2149 1444 2276 1486 esse
2305 1431 2357 1485 in
2384 1429 2656 1501 paraui-’o,
2689 1442 2740 1485 et
2763 1445 2868 1485 non
2892 1431 3185 1502 ignorabat
3210 1431 3352 1503 quod
3377 1430 3580 1487 factum
3609 1439 3752 1496 erat,

441 1531 738 1600 spargitur.
792 1529 1092 1592 Numquam
1125 1527 1177 1581 in
1228 1540 1339 1580 uno
1388 1525 1507 1580 loco
1551 1532 1653 1579 est.
1703 1523 2053 1592 Quocumque
2153 1524 2246 1579 sed
2279 1525 2400 1595 quia
2417 1533 2736 1594 peccavi-rat
2759 1524 2948 1588 Adam,
2983 1529 3156 1581 nescit
3177 1540 3299 1581 eum
3322 1525 3488 1580 Deus.
3527 1523 3753 1579 Etdixit

440 1633 636 1679 ventus
684 1622 929 1689 traxerit,
959 1621 1089 1675 illuc
1129 1619 1364 1688 impetus
1415 1617 1532 1685 ejus
1567 1613 1835 1683 dirigitur.
1867 1612 1956 1670 Sic
1998 1619 2055 1666 et
2154 1615 2298 1672 Deus
2322 1633 2341 1672 :
2371 1617 2560 1684 Adam,
2585 1617 2674 1672 ubi
2701 1619 2795 1672 es?
2835 1617 3082 1673 Diximus
3107 1617 3173 1673 de
3216 1633 3282 1674 eo
3328 1615 3608 1688 quomodo
3630 1631 3754 1686 pec-

440 1715 648 1786 impius
675 1716 765 1786 qui
799 1713 969 1769 semel
999 1712 1276 1781 negaverit
1303 1709 1496 1778 Deum,
1528 1721 1871 1777 quocumque
1901 1705 2051 1760 illum
2151 1720 2308 1767 cator
2349 1712 2631 1782 ignoretur
2677 1729 2702 1765 a
2756 1711 2889 1767 Deo.
2945 1711 3269 1767 Econtrario
3303 1712 3448 1766 scire
3491 1710 3755 1767 debemus

441 1824 574 1865 aura
612 1807 813 1864 diaboli
833 1806 1424 1871 traserit,illucerrore
1445 1801 1772 1874 perdueitur.
1788 1800 2052 1866 Quoniam
2087 1800 2133 1860 Β
2157 1807 2434 1877 quomodo
2457 1807 2636 1878 justus
2670 1807 2873 1862 sciatur
2901 1821 2929 1860 a
2957 1806 3092 1863 Deo.
3126 1806 3268 1862 Dicit
3297 1807 3441 1862 Deus
3467 1806 3533 1861 ad
3575 1804 3755 1862 Abra-

441 1900 681 1957 diximus
711 1899 839 1970 quid
871 1899 940 1953 sit
980 1898 1184 1969 justus,
1219 1905 1275 1952 et
1292 1895 1380 1951 cui
1399 1902 1744 1964 comparetur
1773 1909 1787 1947 :
1813 1891 1943 1964 quid
1981 1893 2053 1946 sit

443 1993 671 2062 impius,
693 2001 749 2047 et
765 1990 854 2045 cui
875 1999 1221 2059 comparetur
1238 2005 1253 2043 :
1271 1997 1326 2042 et
1339 1987 1407 2042 de
1421 2001 1626 2057 praesen
1637 1985 1674 2039 ti
1690 1984 1894 2039 saeculo
1910 1982 2052 2036 dixi-

445 2099 571 2142 mus
603 2102 616 2140 :
647 2099 790 2140 nunc
817 2084 1076 2140 debemus
1105 2083 1176 2138 de
1197 2081 1378 2136 futuro
1403 2091 1458 2138 et
1473 2090 1681 2135 aeterno
1699 2091 2047 2149 cognoscere.

521 2175 655 2232 Ideo
684 2191 787 2232 non
815 2183 1088 2246 resurgunt
1123 2174 1274 2245 impii
1317 2174 1374 2227 in
1403 2171 1632 2244 judicio,
1659 2187 1824 2240 neque
1866 2185 2051 2240 pecca-

449 2279 586 2326 tores
609 2271 664 2325 in
695 2268 916 2325 consilio
932 2272 1215 2342 justornnt.
1249 2267 1498 2338 Legimus
1522 2267 1576 2321 in
1632 2264 1924 2336 Evangelia
1967 2277 2053 2319 se-

449 2365 690 2422 cundum
712 2363 999 2424 Joannem,
1025 2363 1330 2430 quicumque
1366 2362 1420 2414 in
1450 2376 1531 2414 me
1560 2359 1742 2421 credit.
1775 2373 1876 2412 non
1897 2357 2054 2430 'judi-

443 2458 674 2522 cabitur;
703 2456 1008 2525 quicumque
1030 2454 1086 2507 in
1110 2469 1190 2507 nte
1217 2469 1318 2507 non
1347 2451 1530 2516 credit,
1552 2455 1670 2524 jam
1690 2452 1960 2525 judicatus
1977 2459 2053 2504 est

445 2547 631 2620 (Joan.
666 2563 745 2615 ιιι,
777 2548 893 2617 18).
928 2549 1059 2614 Quis
1083 2561 1216 2617 ergo
1241 2546 1566 2616 judicundus
1611 2557 1716 2613 est,
1739 2544 1786 2599 si
1817 2544 1907 2600 ille
1955 2542 2052 2613 qui

442 2642 638 2708 credit,
669 2656 774 2695 non
819 2639 1168 2709 iudicabitur.
1194 2647 1252 2695 et
1288 2638 1382 2695 ille
1433 2639 1526 2708 qui
1579 2653 1686 2692 non
1711 2637 1908 2700 credit,
1936 2635 2049 2704 jam

434 2733 711 2804 judicatus
750 2733 872 2787 est?
899 2731 992 2802 qui
1028 2731 1082 2787 in
1125 2729 1217 2786 die
1260 2730 1447 2800 iudicii
1487 2727 1908 2798 iudicabuntur?
1941 2727 2045 2782 Re-

437 2829 723 2899 quirantus
747 2843 878 2898 ergo
905 2827 1144 2882 medium
1174 2826 1320 2880 inter
1348 2824 1684 2891 credentem,
1709 2830 1765 2877 et
1802 2837 1911 2876 non
1929 2835 2051 2878 cre-

438 2919 668 2978 dentem
700 2921 792 2990 qui
816 2917 1144 2989 iudicandus
1169 2917 1263 2974 sit.
1290 2915 1394 2983 Qui
1424 2915 1603 2971 credit
1643 2931 1747 2971 non
1783 2915 2051 2984 iudicabi-

447 3022 556 3071 tur.
573 3014 674 3083 Qui
694 3015 871 3070 credit
891 3027 996 3068 non
1027 3021 1238 3081 peccat,
1257 3011 1346 3080 qui
1369 3025 1496 3066 vere
1515 3009 1686 3064 credit
1714 3023 1821 3064 non
1838 3019 2044 3079 peccat,

443 3105 542 3176 qui
568 3120 751 3162 veram
785 3105 947 3158 [idem
980 3104 1142 3158 habet
1171 3118 1275 3157 non
1310 3111 1517 3171 peccat.
1563 3101 1787 3156 Demum
1834 3102 2049 3170 quando

449 3211 761 3268 peccamus,
791 3210 947 3250 mens
978 3205 1162 3250 nostra
1207 3195 1257 3248 in
1290 3193 1395 3250 (ide
1425 3192 1680 3257 ﬂuctuat;
1713 3208 1780 3247 eo
1801 3202 2048 3262 tempore
2077 3191 2122 3254 C
2152 3197 2262 3262 via,
2294 3206 2348 3250 et
2391 3198 2530 3262 vita,
2565 3208 2620 3253 et
2668 3199 2865 3252 veritas
2911 3198 3169 3276 Christus
3209 3209 3295 3254 est

448 3287 668 3358 quando
699 3301 1016 3358 peccamus,
1050 3285 1266 3354 quando
1294 3285 1604 3349 irascimur,
1633 3284 1848 3354 quando
1877 3285 2052 3339 detra-

451 3381 658 3446 bimus,
681 3379 898 3452 quando
938 3377 1232 3434 homicidia
1274 3376 1522 3441 fat-imus,
1553 3375 1770 3445 quando
1819 3374 2051 3430 fornica-

452 3490 600 3541 mur,
626 3474 716 3530 ubi
743 3473 878 3528 ﬁdes
905 3472 1023 3527 est?
1048 3470 1190 3542 Ergo
1213 3470 1359 3542 quod
1381 3469 1529 3535 dicit,
1553 3470 1642 3538 qui
1663 3469 1715 3522 in
1742 3483 1828 3522 me
1854 3467 2047 3533 credit,

453 3583 565 3624 non
607 3565 965 3634 judicabitur,
995 3578 1101 3618 non
1134 3565 1278 3618 enim
1333 3577 1561 3618 necesse
1613 3560 1776 3616 habet
1818 3558 2050 3629 judicari

453 3659 550 3733 qui
575 3658 687 3729 jam
713 3657 909 3714 beatus
944 3665 1047 3712 est.
1074 3655 1172 3723 Qui
1214 3654 1268 3710 in
1294 3669 1384 3709 me
1415 3667 1521 3707 non
1549 3653 1742 3718 credit,
1773 3653 1882 3719 jam
1909 3650 2052 3719 judi-

453 3760 610 3808 catus
649 3759 755 3817 est,
801 3752 909 3820 iam
950 3748 1095 3804 enim
1138 3745 1552 3818 prtedeStinatus
1578 3735 1645 3798 ad
1681 3757 1891 3814 pcenam
1941 3753 2049 3798 est.

452 3843 557 3912 Qui
582 3857 712 3916 ergo
730 3841 1046 3914 iudicatur?
1067 3840 1169 3908 Qui
1206 3839 1379 3896 credit
1417 3836 1660 3910 quidem,
1689 3837 1786 3892 sed
1815 3834 2051 3906 peccatis

454 3938 721 4002 vincitur;
750 3937 845 4008 qui
869 3935 1033 3991 habet
1059 3934 1226 3998 bona,
1253 3932 1416 3989 habet
1441 3941 1495 3987 et
1519 3931 1688 3996 mala;
1713 3930 1806 4000 qui
1829 3945 1892 3984 eo
1917 3939 2051 3984 tem—

454 4043 593 4100 pore
620 4044 729 4098 quo
762 4027 964 4093 credit,
1002 4025 1284 4090 benefacit,
1313 4039 1424 4096 quo
1450 4037 1556 4078 non
1581 4022 1776 4087 credit,
1808 4020 1946 4074 male
1973 4019 2050 4074 fa-

454 4120 552 4176 cit.
580 4117 870 4174 Videamus
911 4131 1040 4187 ergo
1087 4130 1230 4171 nunc
1260 4114 1386 4186 quid
1422 4113 1618 4168 dicitur
1653 4130 1664 4165 :
1698 4113 1812 4166 ideo
1842 4127 1943 4166 non
1971 4127 2052 4165 re-

455 4221 674 4284 surgunt
701 4210 848 4281 impii
868 4211 919 4264 in
936 4209 1163 4282 judicio.
1187 4207 1304 4262 Non
1327 4214 1616 4275 resurgunt
1637 4215 1694 4260 ut
1715 4204 2046 4274 judicetttur,

455 4307 581 4377 quia
604 4307 716 4376 jam
745 4306 972 4376 judicati
999 4316 1147 4359 sunt.
1172 4302 1280 4371 Qui
1311 4303 1454 4358 enim
1496 4316 1602 4360 neu
1638 4299 1816 4356 credit
1852 4299 1906 4354 in
1937 4314 2046 4364 me,

450 4397 564 4471 jam
592 4396 866 4467 judicatus
895 4406 999 4454 est.
1033 4395 1215 4467 Neque
1245 4404 1539 4466 peccatores
1561 4395 1615 4447 in
1641 4393 2049 4465 consiliojusto-

2155 1900 2280 1955 ham
2317 1919 2332 1955 :
2367 1899 2556 1955 Exidc
2593 1911 2728 1955 terra
2779 1910 2888 1967 tua,
2922 1908 2970 1955 et
3015 1900 3078 1954 de
3135 1900 3439 1973 cognatione
3480 1909 3569 1952 tua
3590 1896 3752 1968 (Gen.

2152 2008 2247 2058 xu,
2282 1992 2359 2062 ι).
2392 1991 2554 2048 Venit
2587 1993 2638 2048 in
2676 1991 3041 2059 Palaestinam,
3072 1991 3172 2047 iuit
3214 1992 3268 2047 in
3299 1989 3618 2056 Habramio,
3653 1989 3756 2044 fuit

2112 2128 2114 2130 .
2153 2084 2207 2140 in
2237 2084 2458 2140 Geraris
2486 2085 2658 2140 multo
2685 2093 2962 2155 tempore;
2988 2096 3109 2139 cum
3143 2090 3301 2138 natus
3323 2083 3373 2137 ei
3395 2080 3582 2137 fuisset
3612 2080 3753 2135 ﬁlius

2150 2177 2324 2246 Isaac,
2357 2186 2416 2233 et
2463 2177 2941 2248 repromissiouem
2987 2184 3292 2247 acceperat,
3325 2173 3448 2248 quia
3474 2173 3527 2228 in
3563 2174 3753 2229 semine

2153 2279 2241 2325 tuo
2269 2271 2629 2324 benedicentur
2665 2285 2841 2324 omnes
2867 2278 3065 2341 gentes,
3103 2269 3226 2323 tulit
3255 2264 3425 2329 Isaac,
3453 2275 3509 2321 et
3557 2265 3754 2320 obtulit

2151 2374 2276 2415 eum
2311 2361 2443 2423 Deo,
2473 2368 2531 2415 et
2571 2376 2672 2415 vox
2703 2361 2771 2415 de
2802 2360 2940 2415 uelo
2970 2357 3152 2415 audita
3185 2368 3290 2425 est,
3315 2374 3470 2430 parce
3497 2358 3608 2429 filio
3638 2367 3748 2423 tuo,

2151 2467 2208 2512 et
2238 2457 2423 2512 statim
2453 2457 2710 2511 scribitur
2737 2471 2803 2513 eo
2845 2465 3088 2528 tempore
3120 2471 3228 2527 quo
3275 2457 3551 2513 obtulerat
3579 2455 3746 2510 lilium

2152 2563 2336 2618 suum,
2363 2550 2493 2621 quid
2531 2550 2665 2604 dicit
2692 2551 2834 2606 Deus
2861 2551 3170 2606 Abraham?
3203 2550 3332 2605 Ecce
3376 2551 3592 2621 cognovi
3622 2564 3748 2620 quo-

2149 2642 2292 2694 niam
2320 2651 2372 2694 tu
2403 2644 2548 2696 times
2592 2641 2870 2695 Dominum
2902 2641 3071 2697 Deum
3101 2653 3267 2697 tuum.
3293 2641 3395 2711 Qui
3427 2652 3582 2698 tanto
3614 2651 3747 2698 lem-

2147 2745 2286 2802 pore
2318 2735 2531 2790 locutus
2556 2734 2756 2801 fueras,
2783 2751 2927 2790 nunc
2971 2736 3272 2807 cognovisti
3303 2734 3746 2791 Abraham?Scd

2150 2829 2406 2896 quoniam
2437 2828 2658 2899 grandis
2689 2830 2824 2885 ﬁdes
2849 2832 3027 2884 fuerat
3057 2827 3335 2885 offerendo
3368 2827 3539 2883 lilium
3568 2844 3744 2894 suum,

2153 2930 2441 2988 prepterea
2471 2933 2617 2976 nunc
2643 2921 2875 2991 primum
2907 2921 3072 2991 coepit
3099 2937 3224 2978 eum
3251 2936 3413 2977 nosse
3439 2922 3606 2976 Deus.
3637 2921 3748 2977 Hoc

2153 3020 2321 3066 totum
2369 3027 2536 3082 quare
2583 3013 3016 3083 dixiiquoniam
3056 3015 3320 3085 scriptum
3373 3023 3477 3080 cst,
3501 3015 3748 3079 quoniam

2152 3106 2293 3158 nouit
2341 3103 2597 3160 Dominus
2645 3107 2782 3160 rium
2803 3109 3091 3178 justorum.
3139 3106 3396 3161 Dicamus
3441 3115 3496 3161 ct
3541 3106 3744 3161 aliter:

3349 3219 3360 3251 :
3405 3199 3748 3254 ambulemus

2145 3304 2282 3359 ergo
2307 3291 2358 3344 in
2389 3290 2684 3356 Christum,
2709 3299 2764 3345 et
2786 3292 2930 3345 viam
2955 3300 3199 3346 nostram
3229 3291 3381 3347 novit
3403 3291 3544 3347 Deus
3565 3291 3745 3346 Pater.

2155 3381 2219 3435 Et
2256 3383 2356 3436 iter
2400 3383 2679 3452 impiorum
2706 3383 2910 3451 peribit.
2937 3382 3055 3438 Non
3085 3383 3243 3451 dixit,
3275 3382 3429 3452 impii
3462 3383 3744 3453 peribunt;

2151 3475 2248 3530 sed
2278 3475 2322 3529 si
2353 3476 2564 3552 egerint
2605 3477 3004 3545 pcenitentiam,
3035 3485 3091 3532 et
3119 3479 3216 3548 ipsi
3263 3478 3641 3531 saivabuntur.
3673 3475 3747 3530 Eo

2152 3576 2398 3639 tempore
2426 3584 2532 3639 quo
2555 3570 2833 3638 apostolus
2867 3569 3069 3625 Paulus
3100 3571 3534 3642 persequebatur
3563 3569 3746 3625 Chris-

2149 3669 2288 3726 tum,
2321 3670 2378 3715 et
2407 3659 2712 3728 Ecclesias,
2754 3662 2955 3732 impius
2983 3673 3117 3718 erat.
3152 3663 3207 3720 Si
3249 3677 3380 3736 ergo
3430 3664 3587 3736 impii
3631 3679 3744 3733 per-

2153 3754 2330 3820 ibunt,
2362 3770 2470 3808 non
2509 3755 2668 3810 datur
2699 3756 2850 3810 locus
2901 3757 3255 3825 prenitentize.
3291 3757 3400 3813 Sed
3443 3771 3548 3812 non
3591 3755 3742 3822 dixit,

2153 3848 2306 3916 impii
2335 3848 2616 3918 peribunt,
2642 3849 2766 3916 sed,
2794 3850 2892 3902 iter
2921 3850 3199 3920 impiorum
3245 3851 3453 3916 peribit.
3487 3850 3604 3906 Hoc
3641 3861 3738 3916 est,

2153 3941 2350 4011 peribit
2372 3942 2651 4010 impietas;
2685 3957 2790 3997 non
2818 3943 3034 4010 impius,
3063 3944 3161 4000 sed
3191 3946 3303 4016 ipsa
3327 3944 3609 4016 impietas;
3641 3961 3741 3997 non

2159 4035 2322 4090 homo
2349 4035 2552 4104 peribit
2577 4038 2665 4106 qui
2692 4036 2888 4103 impias
2909 4036 3142 4103 iuit,sed
3165 4037 3388 4093 homine
3415 4045 3615 4108 agente
3643 4052 3744 4105 po:-

2155 4128 2463 4192 nitentiam,
2511 4129 2706 4198 peribit
2751 4131 3025 4202 impietas.
3068 4131 3215 4188 Deus
3261 4147 3394 4204 ergo
3437 4130 3543 4186 hoc
3596 4130 3743 4185 nobis

2151 4229 2396 4290 praestet,
2416 4230 2473 4275 ut
2489 4223 2593 4276 tria
2617 4237 2726 4278 non
2757 4221 3040 4292 iaciamus,
3064 4233 3120 4280 et
3142 4224 3254 4280 duo
3277 4225 3545 4278 faciamus
3567 4240 3582 4289 ;
3605 4222 3741 4293 ligno

2155 4314 2278 4368 vita:
2308 4330 2710 4385 comparemur,
2747 4332 2852 4370 non
2886 4317 3058 4371 simus
3091 4318 3261 4388 itnpii,
3294 4317 3389 4388 qui
3427 4331 3742 4388 comparan-

2152 4413 2244 4460 tur
2274 4405 2518 4475 pulveri;
2547 4422 2653 4460 non
2681 4407 2855 4462 simus
2897 4418 3238 4478 peccatores,
3263 4409 3525 4478 quoniam
3551 4424 3741 4480 pecca-

452 4505 596 4546 rum.
621 4489 742 4544 Non
772 4490 926 4555 dixit,
959 4494 1274 4559 peccatores
1327 4503 1432 4544 nou
1473 4499 1777 4558 resurgunt,
1804 4487 1901 4542 sed
1949 4504 2049 4541 non

2157 4506 2303 4553 tores
2328 4513 2433 4553 non
2459 4511 2754 4571 resurgunt
2779 4501 2830 4555 in
2855 4501 3089 4556 consilio
3104 4502 3398 4571 iustorum,
3425 4515 3478 4558 et
3503 4503 3587 4557 via
3612 4501 3740 4556 mala

453 4589 732 4653 resurgunt
775 4580 830 4633 in
873 4580 1089 4634 consilio
1128 4581 1416 4652 justorum.
1453 4579 1572 4636 Non
1615 4588 1898 4634 merentur
1927 4594 2049 4635 cum
2079 4570 2128 4632 D
2155 4603 2340 4660 ρει-εει
2375 4609 2387 4645 ε
2417 4600 2474 4646 ει
2495 4570 2886 4648 beneﬁcam“;
2915 4570 3116 4661 nam;
3137 4596 3222 4650 cui
3251 4596 3329 4650 θίι
3350 4595 3527 4666 810m,
3561 4595 3617 4649 in
3644 4607 3742 4649 επ,

456 4670 545 4728 his
575 4684 862 4742 resurgere
888 4670 982 4744 qui
1018 4687 1127 4730 non
1158 4682 1286 4728 sunt
1310 4672 1608 4743 iudicandi.
1639 4671 1698 4727 Si
1731 4673 1782 4726 in
1815 4687 1900 4727 me
1927 4687 2046 4728 cre~

453 4767 670 4833 dereut,
701 4777 824 4820 cum
854 4762 941 4818 his
967 4775 1331 4834 resurgerem,
1355 4769 1449 4840 qui
1471 4782 1580 4821 non
1601 4775 1728 4820 sunt
1749 4764 2047 4834 judicandi.

533 4858 794 4926 Quoniam
819 4857 959 4912 nouit
988 4854 1244 4912 Dominus
1288 4859 1423 4912 viam
1439 4861 1726 4931 justorum,
1758 4869 1806 4914 et
1827 4861 1924 4916 iter
1949 4863 2048 4915 im-

455 4954 664 5025 piorum
695 4950 901 5019 peribit.
948 4949 1207 5016 Quoniam
1247 4952 1387 5006 novit
1416 4951 1672 5007 Doutinus
1709 4953 1844 5008 uiam
1875 4955 2051 5024 justo-

455 5061 597 5100 ru-m.
629 5044 694 5098 Et
745 5041 874 5113 quid
925 5041 1130 5112 grande
1181 5051 1285 5110 est,
1316 5045 1362 5100 si
1393 5045 1544 5100 novit
1593 5045 1856 5102 Dominus
1909 5045 2048 5102 viam

446 5135 747 5207 justorum,
770 5134 817 5189 si
854 5133 1055 5190 dicitur
1085 5134 1345 5190 Dominus
1375 5151 1536 5192 nosse
1579 5152 1699 5202 eos,
1723 5153 1861 5209 quos
1891 5153 2052 5194 nosse

455 5227 750 5300 dignatur?
770 5225 1013 5298 Denique
1041 5226 1108 5284 de
1153 5226 1531 5297 peccatoribus
1557 5228 1783 5297 dicitur,
1813 5231 2054 5286 accedite

456 5341 492 5382 α
539 5338 642 5394 me,
671 5322 895 5395 operarii
939 5321 1265 5394 iniquitatis,
1312 5337 1420 5378 non
1466 5323 1604 5376 norit
1656 5340 1744 5378 vos
1796 5321 2053 5380 Dominus

456 5417 618 5492 (Luc.
646 5431 763 5484 xm,
797 5415 892 5485 27)
925 5432 940 5470 :
977 5415 1108 5472 dicit
1131 5416 1424 5486 Apostolus
1449 5435 1460 5471 ε
1490 5427 1513 5454 α
1540 5418 1600 5473 Si
1627 5419 1740 5488 quis
1766 5419 2050 5490 cognoscit,

457 5519 811 5585 cognoscetur.
841 5508 1104 5577 Quoniam
1141 5509 1279 5564 nouit
1319 5509 1573 5564 Dominus
1621 5512 1756 5566 uiam
1785 5511 2054 5582 justorum

531 5637 563 5665 ι
589 5626 743 5693 Quod
763 5627 1044 5680 contrario
1064 5642 1228 5682 sensu
1258 5627 1314 5679 in
1338 5639 1493 5681 suae
1511 5625 1584 5680 sit
1608 5635 1780 5693 textu,
1812 5628 1856 5681 si
1883 5626 1936 5685 δέ
1967 5652 2046 5692 τις

455 5706 658 5773 ἀγνοεῖ,
685 5699 861 5770 ἀγνοεῖ
882 5721 989 5762 ται,
1016 5700 1058 5753 si
1104 5700 1221 5770 quis
1245 5700 1467 5773 ignorat,
1492 5698 1813 5773 igtwrubitttr
1847 5714 1866 5752 :
1892 5709 2050 5771 putat

464 5766 843 5834 Martianaéus,
890 5766 1162 5826 auctorem
1207 5766 1287 5825 vel
1341 5766 1546 5838 absque
1567 5769 1840 5840 privativo
1883 5766 1916 5826 ἁ
1973 5773 2050 5830 Ie-

2150 4685 2278 4740 cula
2306 4687 2650 4741 saeculorum.
2683 4687 2880 4742 Amen.

2743 4777 3062 4834 PSALMUS
3103 4777 3167 4833 V.

2225 4869 2456 4936 Quintus
2481 4869 2724 4939 psalmus
2751 4870 2858 4925 hoc
2887 4869 3050 4926 titulo
3077 4878 3430 4941 pranotatttr.
3466 4869 3536 4924 In
3562 4870 3734 4940 ﬁnem,

2153 4977 2251 5029 pro
2279 4979 2340 5015 eo
2360 4977 2476 5031 quis
2515 4962 2872 5018 hereditatem
2897 4964 3245 5033 comequitur,
3282 4962 3528 5020 Protinus
3558 4963 3741 5018 David.

2155 5053 2306 5110 Multi
2339 5064 2534 5125 putant
2557 5057 2747 5113 titulos
2790 5058 2857 5113 ad
2911 5059 3148 5129 psalmos
3189 5074 3298 5115 non
3341 5060 3643 5132 pertinere.
3684 5059 3746 5115 Et

2155 5147 2265 5204 hoc
2291 5163 2397 5219 qua
2425 5151 2636 5206 ratione
2663 5150 2960 5224 restituent,
2997 5153 3268 5211 nesciunt.
3289 5153 3348 5210 Si
3375 5153 3600 5226 quidem
3639 5168 3742 5210 non

2157 5237 2491 5296 haberentur
2517 5240 2570 5295 in
2601 5240 2862 5308 Hebreis,
2895 5251 2951 5300 et
2992 5241 3224 5312 Graecis,
3257 5255 3310 5301 et
3350 5245 3562 5302 Latinis
3597 5245 3747 5302 volo.

2157 5330 2415 5397 minibus,
2435 5340 2586 5388 recte
2611 5341 2899 5403 putarent:
2930 5348 3075 5390 nunc
3097 5350 3228 5392 vero
3242 5347 3370 5392 eum
3389 5339 3446 5394 in
3473 5338 3746 5396 Hebraicis
3818 5387 3826 5392 .

2157 5421 2464 5478 habeantur
2489 5423 2666 5490 libris,
2683 5435 2738 5480 et
2765 5427 3002 5482 maxime
3029 5427 3133 5483 iste
3157 5429 3347 5486 titulus
3373 5431 3463 5500 qtti
3483 5432 3538 5485 in
3563 5431 3746 5502 quinto

2159 5515 2370 5584 psalmo
2394 5527 2480 5572 est
2509 5528 2856 5587 transeuntis,
2891 5518 3059 5574 nit-or
3087 5533 3187 5577 eos
3231 5522 3332 5578 hoe
3358 5523 3501 5579 velle
3539 5522 3742 5590 dicere,

2195 5630 2333 5714 isse,
2354 5632 2435 5688 vel
2483 5641 2633 5714 (terte
2665 5647 2765 5706 pro
2811 5634 3001 5714 eodem
3040 5645 3212 5714 _atq_ue
3249 5646 3399 5714 post,
3448 5639 3738 5714 accepisse.

2155 5703 2340 5830 mp3
2372 5719 2502 5760 rem
2525 5705 2648 5760 haec
2671 5703 2793 5760 esse
2817 5708 3018 5762 veteris
3035 5703 3745 5780 Latin-.e"interpretu'tioais
