4008 6336
273 295 295 353 l
305 294 412 355 986

1244 291 1451 353 LIBER
1493 291 1580 352 DE
1617 285 2080 352 EXPOSI'I'IONE
2119 286 2563 352 PSALMOBUM.

272 409 414 480 quod
441 408 637 482 aliquid
668 408 720 464 in
747 407 1030 479 Scriptura
1049 408 1165 464 sine
1187 423 1350 465 causa
1370 412 1462 464 sit.
1487 410 1543 465 Si
1576 411 1680 464 iota
1703 423 1867 463 unum
1898 407 1950 468 Α
1974 406 2116 462 citur
2141 423 2240 476 pro
2269 419 2491 476 octava,
2524 409 2577 462 in
2607 415 2798 461 octava
2830 407 2972 463 enim
3014 421 3116 464 nos
3141 407 3451 478 accepimus
3480 425 3567 465 re-

269 511 325 559 ct
355 519 498 559 unus
544 518 680 574 apex
719 517 824 557 non
879 502 1102 558 transiet
1138 504 1208 558 de
1254 503 1416 574 Lege,
1449 512 1654 572 quanto
1701 503 1868 574 magis
1967 512 2130 568 gnum
2160 500 2447 566 ccelorum,
2495 498 2640 554 unde
2684 498 2859 555 dicit:
2899 498 3138 567 Domine,
3179 517 3243 554 ne
3287 501 3339 554 in
3390 505 3566 572 furore

271 604 420 652 tanta
460 598 624 650 verba
657 595 742 651 vel
765 595 1027 667 syllaba}!
1055 593 1120 649 In
1150 596 1308 664 ﬁnem
1344 612 1436 667 pro
1473 613 1530 648 ea
1557 612 1676 666 qua:
1703 595 1867 651 lime-
1968 598 2060 644 tuo
2089 607 2277 661 arguas
2304 608 2405 658 me,
2437 608 2600 659 neque
2619 592 2674 645 in
2696 593 2775 646 ira
2797 600 2886 646 tua
2910 593 3161 664 corripias
3187 609 3284 647 me.
3305 594 3410 649 Sed
3433 609 3568 664 quo-

269 693 484 745 ditatem
529 690 874 760 consequitur,
912 689 1150 744 Paulinus
1197 688 1385 744 David.
1417 691 1717 746 llatreditas
1753 707 1863 747 non

269 782 322 836 in
350 782 616 851 principio
643 783 1049 852 repromittitur,
1086 785 1178 837 sed
1219 784 1270 836 in
1304 784 1409 838 line
1457 785 1659 838 mundi.
1689 784 1864 841 Judaei

267 874 320 928 in
355 869 622 944 principio
668 888 727 930 se
778 875 1026 948 obtinere
1073 884 1420 944 putaverunt,
1452 892 1549 930 nos
1594 877 1645 931 in
1700 877 1862 931 linem

262 969 667 1039 consequimur.
704 968 860 1024 Unde
897 967 1027 1024 dicit
1050 976 1107 1022 et
1141 969 1426 1038 apostolus
1455 967 1693 1023 Joannes
1721 984 1736 1022 :
1767 968 1864 1023 Fi-

262 1063 403 1131 lioli,
433 1062 713 1118 nouissima
736 1063 867 1116 hora
887 1070 962 1117 est
986 1061 1029 1133 (l
1054 1059 1214 1117 Joan.
1249 1078 1309 1131 tt,
1337 1061 1446 1133 l8).
1472 1062 1529 1116 ln
1567 1063 1861 1118 novissima

260 1171 395 1226 ergo
437 1157 571 1211 hora
599 1156 719 1212 linis
747 1163 851 1211 est.
883 1154 943 1211 In
975 1156 1135 1210 linem
1171 1154 1479 1221 haereditas,
1503 1154 1556 1209 in
1579 1154 1736 1225 ﬁnem
1766 1171 1862 1227 pro

264 1266 331 1304 ea
359 1263 476 1319 quae
518 1247 875 1303 hwreditatem
921 1249 1272 1316 consequitur.
1299 1245 1431 1314 Quae
1474 1258 1558 1301 est
1603 1247 1710 1302 ista
1737 1262 1861 1317 qua:

262 1339 640 1395 haereditatem
673 1339 1063 1410 consequitur?
1089 1339 1214 1394 Mihi
1245 1339 1460 1394 videtur
1487 1340 1632 1409 quod
1673 1339 1861 1394 Eccle-

261 1431 345 1488 sia
369 1432 476 1498 sit,
504 1432 618 1501 ipsa
646 1442 723 1488 est
751 1434 896 1486 enim
925 1446 1045 1502 quae
1069 1430 1440 1486 baereditatem
1483 1429 1856 1501 consequitur.

259 1524 509 1580 Psalmus
557 1525 723 1581 David
768 1532 952 1580 cantat
992 1525 1044 1580 in
1089 1524 1382 1596 principio,
1410 1523 1558 1594 quod
1614 1523 1856 1579 Ecclesia

255 1615 494 1685 accipiat
545 1617 600 1672 in
657 1616 784 1672 line.
813 1617 1047 1685 Quintus
1083 1631 1218 1686 ergo
1255 1618 1494 1686 psalmus
1520 1631 1586 1670 ex
1627 1631 1859 1684 persona

259 1708 519 1765 Ecclesiat
539 1719 646 1766 est.
676 1708 782 1764 Alii
813 1712 980 1764 multa
1009 1712 1458 1779 interpretantur,
1485 1709 1638 1764 multi
1669 1709 1860 1764 dicunt

1968 683 2110 739 niam
2141 684 2210 739 de
2231 685 2442 740 duobus
2468 685 2694 754 psalmis
2715 685 2918 755 pariter
2939 687 3282 757 interpretari
3307 703 3412 743 non
3441 702 3568 758 pos-

1963 787 2172 842 sumus,
2191 775 2389 831 stillicit
2408 776 2566 833 nobis
2586 775 2656 832 de
2677 777 2818 832 sexti
2838 777 3028 846 psalmi
3056 778 3216 834 titulo
3235 778 3562 850 disputasse,

1963 866 2118 922 Nunc
2147 869 2425 924 veniamus
2452 869 2518 924 ad
2552 870 2769 938 septimi
2792 869 2985 938 psalmi
3005 872 3286 926 exordium
3313 872 3458 943 quod
3492 874 3567 930 ita

1962 957 2156 1030 incipit
2179 979 2192 1014 :
2213 960 2454 1017 Psalmth
2483 962 2651 1016 David
2669 979 2820 1032 quem
2841 965 3064 1018 cantavit
3093 963 3320 1020 Domino
3343 983 3436 1037 pro
3457 983 3569 1022 uer-

1964 1053 2040 1107 bis
2070 1053 2230 1109 ωηιδὶ
2253 1055 2355 1123 ﬁlii
2382 1055 2601 1112 Jemini.
2634 1056 2834 1112 Multos
2860 1058 2975 1113 scio
3004 1065 3061 1113 et.
3083 1067 3238 1114 certe
3257 1060 3568 1115 eruditissi-

1963 1161 2082 1201 mos
2113 1150 2281 1206 viros.
2303 1147 2447 1202 hunc
2467 1149 2682 1204 titulum
2708 1149 2781 1203 ita
2806 1149 3200 1220 interpretatos
3227 1151 3432 1208 fuisse:
3464 1151 3565 1220 Eo,

1961 1236 2160 1309 inquit,
2197 1248 2446 1310 tempore
2474 1259 2578 1312 quo
2623 1243 2862 1298 surrexit
2896 1244 3136 1302 Absalon
3175 1253 3365 1300 contra
3397 1244 3565 1302 David

1961 1339 2171 1398 patrem
2199 1346 2356 1387 suum
2376 1332 2598 1405 (quasso
2628 1349 2724 1390 vos
2739 1345 2796 1390 ut
2816 1336 3103 1405 patientius
3123 1337 3379 1405 audiatis,
3412 1337 3564 1395 Scri-

1965 1433 2154 1492 pturas
2183 1425 2330 1479 enim
2373 1424 2733 1497 interpretare
2764 1428 3036 1494 volumus,
3069 1444 3177 1484 non
3206 1429 3561 1494 declamare).

1963 1515 2043 1572 Eo
2073 1516 2238 1586 igitur
2267 1527 2516 1586 tempore
2539 1535 2650 1589 quo
2680 1522 2922 1577 surrexit
2953 1521 3199 1578 Absalon
3232 1535 3422 1580 contra
3460 1525 3562 1578 Da-

1962 1608 2072 1674 vid,
2109 1624 2249 1665 unus
2276 1610 2345 1664 de
2375 1610 2572 1666 amicis
2602 1612 2776 1667 David
2809 1615 3032 1668 nomine
3064 1615 3235 1672 Chusi
3284 1617 3454 1671 voluit
3483 1616 3563 1672 ire

1961 1715 2086 1758 cum
2121 1702 2316 1772 David,
2364 1704 2459 1760 sed
2491 1705 2658 1759 David
2690 1708 2908 1762 remisit
2935 1724 3062 1763 eum
3113 1709 3178 1764 ad
3209 1710 3469 1778 Absalon,
3505 1719 3561 1766 ut

258 1802 562 1858 secundum
592 1801 878 1857 historiam
914 1802 982 1857 de
1015 1801 1237 1858 lsraelis
1265 1801 1490 1872 populo,
1521 1801 1666 1871 quod
1697 1801 1857 1858 vellet
1888 1797 1936 1856 B
1962 1796 2289 1863 Achitoohet
2313 1798 2549 1852 consilia
2571 1799 2889 1868 dissiparet.
2919 1801 2996 1855 Eo
3015 1814 3259 1872 tempore
3279 1820 3389 1874 quo
3409 1804 3561 1859 Achi-

258 1895 457 1950 reverti
498 1894 566 1949 de
613 1893 888 1965 Babylone
924 1895 976 1947 in
1023 1893 1285 1950 iudicum.
1323 1894 1434 1948 lloe
1467 1893 1540 1948 illi
1582 1894 1859 1963 interpre-

254 1995 468 2053 tantur,
499 2001 606 2040 nou
637 1995 766 2040 sunt
795 1986 1134 2056 interpretati
1174 1987 1226 2039 in
1283 1987 1447 2040 linem
1499 2002 1595 2056 pro
1637 2001 1698 2039 ea
1745 2001 1858 2054 qua:

255 2080 615 2134 haereditate»:
640 2081 995 2150 consequitur.
1030 2079 1138 2134 Nos
1166 2094 1298 2150 ergo
1326 2079 1700 2148 spiritualibus
1747 2081 1860 2148 spi-

256 2173 475 2228 ritualia
505 2184 909 2242 comparantes,
933 2173 1278 2228 orationibus
1299 2176 1496 2228 vestris
1526 2189 1593 2228 ex
1622 2187 1855 2243 persona

257 2263 526 2320 Ecclesia
552 2264 717 2319 istum
750 2265 1018 2334 psalmum
1051 2264 1324 2320 disserere
1349 2266 1595 2320 nitimur.

825 2355 1145 2413 PSALMUS
1190 2355 1298 2414 Vll.

330 2448 572 2518 Singulis
604 2451 766 2505 rebus
814 2449 1170 2518 imponuntur
1202 2451 1444 2516 nomina,
1498 2459 1555 2505 ut
1586 2466 1656 2507 ex
1684 2454 1861 2506 nomi-

253 2543 420 2599 nibus
448 2553 504 2598 et
528 2558 616 2598 res
643 2551 1068 2614 cognoscantur.
1101 2543 1195 2600 Sic
1218 2553 1273 2598 et
1301 2544 1492 2615 psalmi
1519 2545 1686 2600 titulis
1716 2562 1859 2616 pra:-

253 2636 432 2693 notati
483 2648 633 2706 sunt,
683 2646 742 2694 ut
788 2653 853 2694 ex
905 2638 1078 2693 titulis
1124 2638 1509 2709 intelligantur
1545 2648 1607 2694 et
1644 2641 1857 2710 psalmi.

253 2731 492 2798 Quintus
537 2731 780 2800 psalmus
810 2731 976 2787 etiam
1026 2731 1131 2787 hoc
1175 2732 1331 2786 titulo
1363 2741 1701 2801 prainotatus
1735 2741 1857 2787 est:

254 2821 325 2878 In
343 2825 499 2895 ﬁnem
531 2841 624 2894 pro
651 2841 713 2880 ea
735 2842 854 2897 quw
876 2825 1226 2881 hereditatem
1269 2827 1621 2897 remetitur.
1658 2827 1861 2882 Sextus

256 2919 499 2988 psalmus
539 2918 644 2975 hoc
691 2918 854 2972 titulo
888 2929 1241 2988 praenotatur,
1277 2918 1344 2972 In
1389 2919 1547 2988 finem
1575 2920 1629 2972 in
1659 2921 1862 2990 hymnis

256 3027 354 3078 pro
378 3019 578 3078 octava,
610 3011 842 3082 psalmus
870 3010 1060 3064 David.
1095 3011 1153 3066 lu
1180 3009 1377 3081 quinto
1410 3010 1638 3076 dicitur,
1674 3029 1768 3082 pro
1800 3029 1862 3066 ea

253 3116 372 3171 qua:
412 3100 766 3156 hereditatem
803 3101 1148 3171 consequitur,
1210 3102 1263 3155 in
1301 3112 1461 3157 sexto
1502 3102 1734 3166 dicitur,
1769 3119 1862 3173 pro

1963 1889 2146 1958 topltel
2173 1891 2324 1945 dedit
2351 1893 2662 1957 consilium,
2690 1905 2750 1946 ut
2778 1893 3018 1947 Absalon
3049 1895 3232 1950 statim
3266 1912 3562 1966 perseque-

1965 1991 2115 2036 retur
2144 1981 2317 2037 David
2349 1985 2699 2054 imparatum,
2730 1996 2788 2040 et
2831 1987 3167 2042 inter-liceret
3201 2002 3328 2044 eum
3356 1989 3560 2045 :Clllh‘l

1957 2089 2090 2143 ergo
2112 2075 2593 2147 deditcousilium,
2624 2089 2680 2132 et
2701 2079 2987 2150 dissipavit
3016 2083 3302 2137 consilium
3334 2081 3558 2139 Achito-

1958 2163 2112 2235 phel,
2143 2177 2202 2222 et
2245 2169 2397 2222 misit
2422 2170 2539 2238 ipse
2565 2171 2813 2225 nuntium
2844 2172 3011 2228 Chusi
3040 2173 3106 2228 ad
3136 2175 3310 2230 David
3336 2175 3520 2231 dicens
3540 2223 3554 2244 ,

1959 2259 2070 2313 lucc
2099 2272 2143 2315 et
2172 2259 2283 2316 [nec
2309 2273 2568 2329 prwparut
2589 2263 2840 2317 Abtalon.
2873 2263 2937 2318 Et
2968 2267 3130 2336 coepit
3155 2269 3342 2338 lugere
3367 2269 3556 2336 David,

1959 2359 2017 2404 et
2036 2365 2378 2420 praeparare;
2407 2369 2474 2408 eo
2499 2364 2745 2423 tempore
2762 2371 2872 2427 quo
2889 2357 3060 2412 Cbusi
3087 2360 3364 2415 mandavit
3393 2365 3558 2418 verba

1962 2443 2029 2497 ad
2063 2443 2258 2509 David,
2305 2444 2470 2500 David
2515 2450 2760 2502 cantavit
2787 2449 3057 2518 psalmum
3103 2451 3266 2506 istum
3311 2454 3560 2523 Domino,

1963 2540 2218 2607 quoniam
2252 2540 2580 2612 Aehitophel
2609 2544 2841 2598 consilia
2876 2557 3000 2600 sunt
3027 2549 3312 2618 dissipata.
3350 2550 3462 2606 lloe
3487 2550 3568 2606 illi

1963 2633 2165 2698 dicunt,
2205 2645 2258 2689 et
2287 2650 2478 2690 revera
2532 2638 2933 2692 rationabiliter
2985 2655 3386 2698 etiarraverunt
3421 2663 3432 2698 :
3469 2645 3566 2699 sed

1965 2725 2251 2796 diligenter
2279 2727 2523 2798 legamus
2555 2728 2891 2799 scripturas,
2921 2731 2992 2787 ibi
3019 2735 3168 2787 enim
3197 2735 3270 2790 ita
3297 2735 3565 2807 scriptum

1963 2827 2072 2885 est,
2104 2822 2366 2890 quoniam
2402 2822 2508 2878 iste
2534 2823 2699 2879 Cbusi
2727 2825 2872 2879 titius
2892 2828 2964 2880 sit
2989 2826 3288 2885 Arat-bitas.
3319 2831 3450 2885 lude
3473 2833 3567 2888 illo

1965 2910 2131 2966 Cbusi
2154 2928 2248 2981 per
2266 2913 2427 2968 aliam
2446 2915 2688 2970 litteram
2705 2917 2962 2972 scribitur
2989 2920 3043 2974 iu
3065 2920 3377 2991 Regnorum
3393 2923 3564 2982 libro:

1965 3001 2039 3058 ibi
2056 3003 2204 3060 Chus
2230 3021 2326 3075 per
2347 3021 2559 3063 suum
2585 3009 2862 3076 scribitur,
2883 3011 3169 3070 hicautem
3201 3016 3350 3071 Chns
3365 3033 3463 3085 per
3484 3034 3566 3074 sui

1965 3096 2201 3152 litteram
2248 3101 2530 3155 scribitur.
2584 3103 2789 3158 Deinde
2825 3103 2919 3160 ille
2947 3105 3091 3160 σιω.
3142 3108 3282 3163 Illius
3321 3109 3516 3165 Aradii
3543 3128 3564 3166 ς

254 3202 454 3247 octava.
480 3193 539 3247 lu
567 3195 802 3264 septimo
831 3209 959 3248 vero
989 3195 1114 3263 quia
1137 3203 1194 3250 et
1218 3194 1335 3264 ipse
1357 3196 1461 3250 sub
1487 3196 1707 3251 alleluia
1733 3212 1861 3251 can-
1889 3185 1935 3250 C
1965 3189 2109 3244 unde
2139 3190 2295 3246 mulli
2323 3192 2638 3248 Graecorum
2670 3197 2982 3252 nescientes
3009 3199 3217 3270 legunt,
3248 3199 3410 3255 ωηιεό
3434 3204 3569 3257 ami-

256 3286 455 3340 taudus
483 3297 590 3353 eSI,
624 3287 751 3356 quia
782 3287 834 3340 in
869 3285 960 3340 illa
993 3289 1094 3340 alia
1126 3287 1406 3342 Dominica
1439 3288 1528 3342 die
1573 3289 1746 3343 lectus
1779 3301 1864 3344 est

259 3380 504 3449 psalmus
533 3389 743 3445 sextus,
777 3388 830 3435 et
863 3395 961 3434 nos
995 3395 1105 3450 pra:
1130 3381 1488 3449 wgrotatione
1519 3381 1864 3451 interpretari

257 3489 368 3528 non
397 3473 694 3542 potuimus,
726 3488 873 3527 nunc
896 3481 1080 3527 autem
1115 3473 1288 3528 lectus
1316 3484 1399 3528 est
1427 3473 1696 3542 septimus
1722 3474 1866 3538 psal-

259 3581 404 3622 mus.
441 3565 618 3620 llabet
643 3576 824 3620 autem
856 3566 1074 3620 titulum
1101 3565 1264 3635 hujus
1292 3564 1461 3631 modi,
1492 3564 1738 3621 Paulinus
1760 3566 1864 3619 Da-

259 3660 344 3714 vid
364 3676 513 3730 quem
537 3659 762 3713 cantavit
789 3654 1007 3712 Domino
1025 3676 1118 3730 pro
1145 3659 1305 3712 verbis
1329 3657 1488 3714 Chusi
1519 3657 1618 3727 ﬁlii
1641 3657 1861 3714 Jemini.

261 3753 452 3808 Videte
493 3753 770 3823 mysteria.
805 3753 946 3823 Ergo
976 3753 1079 3805 ista
1113 3751 1231 3807 sine
1261 3766 1424 3805 causa
1457 3752 1666 3822 scripta
1697 3753 1864 3806 sunt?

259 3846 318 3901 In
352 3849 540 3914 quinto
575 3844 798 3909 dicitur,
830 3860 924 3915 pro
953 3860 1015 3898 ea
1046 3859 1163 3914 qua:
1191 3843 1546 3897 liwreditatem
1591 3844 1864 3913 consequi-

258 3948 367 4005 tur,
399 3937 452 3992 in
486 3947 641 3992 sexto
671 3937 892 4006 dicitur,
938 3953 1031 4008 pro
1057 3946 1260 4004 octava,
1296 3936 1349 3989 in
1383 3935 1616 4004 septimo
1637 3934 1857 4001 dicitur,

255 4047 354 4102 pro
377 4030 540 4084 verbis
570 4027 730 4083 C/tusi
759 4029 856 4098 ﬁlii
879 4027 1096 4082 Jemini.
1126 4027 1338 4082 Videtis
1363 4041 1498 4097 ergo
1525 4035 1728 4096 quanta
1751 4026 1865 4079 sint

258 4132 517 4178 contexta
549 4122 833 4194 mysteria,
865 4136 958 4192 pro
983 4137 1041 4176 ea
1066 4137 1182 4192 qum
1210 4119 1566 4176 Itwretlitatem
1593 4120 1858 4189 consequi-

259 4223 364 4268 tur.
394 4213 531 4282 Quia
573 4215 622 4268 in
652 4213 843 4284 quinto
875 4212 1085 4281 psalmo
1116 4212 1542 4281 disputavimus,
1590 4211 1863 4280 interpre-

161 4327 172 4335 ί
259 4312 439 4361 tantes
467 4320 532 4359 ex
581 4319 816 4375 persona
867 4303 1130 4358 Ecclesiae
1171 4302 1338 4358 fuisse
1379 4302 1648 4372 psalmum
1679 4308 1864 4357 canta-

261 4408 396 4463 tum,
423 4413 543 4468 quze
574 4395 952 4452 btereditatem
977 4394 1177 4450 Christi
1207 4404 1498 4450 consecuta
1527 4403 1631 4450 est.
1661 4394 1863 4450 Sextus

259 4506 393 4546 vero
419 4490 659 4558 psalmus
690 4489 909 4560 proprie
937 4487 1002 4542 ad
1027 4489 1491 4544 resurrectionem
1517 4486 1722 4543 Christi
1751 4503 1865 4557 per-

259 4581 421 4647 tinet,
449 4596 570 4650 quae
602 4580 719 4634 dies
759 4587 947 4634 octava
981 4587 1086 4633 est.
1116 4576 1228 4633 Nos
1273 4578 1418 4632 enim
1451 4587 1502 4632 et
1551 4577 1700 4632 diem
1741 4577 1858 4647 pri-
1887 4563 1939 4625 D

261 4689 410 4730 mum
453 4673 740 4738 habemus,
771 4680 826 4728 et
868 4671 1015 4728 diem
1046 4680 1317 4726 octavum.
1359 4669 1470 4726 Nos
1502 4671 1648 4726 enim
1678 4670 1731 4725 in
1772 4670 1860 4727 die

263 4779 458 4824 oetava
494 4765 805 4836 accepimus
832 4780 996 4836 regna
1025 4763 1312 4820 caalorum.
1348 4763 1548 4818 Octava
1595 4765 1713 4819 dies
1737 4772 1862 4834 post

262 4861 573 4925 sabbatum,
608 4859 778 4928 prima
809 4859 864 4912 in
899 4857 1186 4929 principio.
1219 4854 1465 4926 Longum
1507 4865 1612 4923 est,
1643 4855 1688 4910 si
1719 4871 1863 4912 nunc

265 4951 605 5006 voluerimus
655 4948 837 5005 dicere
877 4946 944 5004 de
974 4948 1261 5002 octouario
1293 4959 1540 5001 numero.
1592 4945 1862 5014 Quoniam

259 5051 389 5099 octo
409 5037 776 5098 beatitudines
805 5047 932 5094 sunt
960 5039 1014 5091 in
1044 5036 1300 5093 Matth-.eo
1327 5054 1339 5090 :
1368 5038 1620 5107 quoniam
1653 5038 1704 5092 in
1737 5054 1866 5094 cen-

263 5138 462 5193 tesimo
494 5136 711 5190 decimo
741 5145 940 5190 octavo
975 5132 1186 5202 psalmo
1218 5130 1446 5201 singula:
1475 5131 1674 5186 littera:
1712 5141 1866 5186 octo-

263 5245 368 5286 nos
418 5245 612 5284 versus
659 5229 902 5285 habeant
939 5245 950 5281 :
987 5226 1259 5296 quomodo
1309 5225 1619 5295 quindecim
1668 5225 1862 5296 psalmi

264 5329 398 5378 sunt
424 5320 718 5390 graduum,
753 5319 1029 5390 quomodo
1056 5328 1263 5388 septem
1299 5325 1353 5373 et
1383 5328 1508 5374 octo
1545 5327 1693 5386 sont,
1729 5333 1864 5390 quo-

266 5407 430 5470 modo
465 5410 825 5468 Ecclesiastes
857 5409 1022 5479 dicat,
1053 5411 1172 5463 date
1203 5416 1397 5482 portent
1422 5417 1638 5478 septem,
1667 5417 1714 5461 ct
1744 5407 1862 5463 date

266 5518 471 5578 partem
517 5515 630 5559 octo
673 5501 916 5574 (Ecclss.
967 5521 1039 5570 xl,
1088 5507 1122 5559 ‘2
1151 5505 1207 5571 ):
1256 5501 1530 5574 quomodo
1577 5500 1864 5558 orientalis

265 5609 422 5673 porta
453 5601 505 5654 in
536 5597 784 5652 Ezechiel
805 5597 999 5652 habent
1025 5609 1232 5665 septem
1257 5597 1460 5668 gradus
1483 5605 1538 5651 ct
1564 5606 1718 5662 octo;
1745 5597 1863 5653 lon-

265 5710 394 5766 gum
427 5703 510 5749 est
539 5691 746 5756 dicere,
791 5690 1065 5761 quomodo
1098 5706 1322 5746 octavus
1352 5699 1435 5747 est
1467 5691 1538 5746 de
1570 5691 1695 5746 li!iis
1741 5691 1862 5747 lsaii

265 5793 464 5860 David,
505 5794 594 5866 qui
638 5790 843 5862 aCCepit
877 5803 1118 5860 regnum.
1172 5791 1283 5848 lloc
1312 5799 1396 5847 est
1425 5789 1569 5860 (illud
1603 5795 1748 5846 nunc
1778 5788 1861 5846 di-

1965 3297 2052 3333 cus
2075 3280 2259 3335 David.
2292 3283 2497 3340 Videtis
2521 3299 2656 3356 ergo
2675 3288 2934 3356 quoniam
2960 3298 3015 3344 et
3044 3291 3096 3344 in
3126 3292 3358 3349 lectione
3379 3304 3573 3350 errant

1965 3373 2159 3428 Graeci.
2194 3373 2694 3433 Manifestissimum
2723 3393 2855 3449 ergo
2877 3390 2968 3436 est
2995 3385 3290 3438 secundum
3320 3388 3566 3458 regulam

1963 3465 2400 3538 Scripturarum,
2446 3471 2704 3539 quoniam
2739 3473 2834 3529 ille
2861 3474 3028 3531 Chusi
3057 3476 3201 3532 {ilius
3221 3488 3310 3534 est
3338 3481 3566 3550 Arachi,

1965 3559 2066 3615 iste
2115 3577 2243 3616 vero
2281 3561 2452 3618 Clausi
2478 3563 2680 3619 dicitur
2709 3565 2934 3622 Jemiui.
2969 3569 3102 3636 Quia
3133 3571 3375 3627 diximus
3405 3574 3563 3629 illum

1964 3650 2128 3704 Chusi
2153 3650 2324 3707 fuisse
2349 3653 2518 3708 lilium
2563 3654 2786 3721 Aracbi,
2827 3659 2952 3727 quis
2978 3668 3066 3714 est
3093 3660 3199 3716 iste
3220 3661 3420 3718 Jemini
3445 3663 3468 3716 ἳ
3499 3664 3567 3720 Et

1961 3743 2228 3798 debemus
2256 3746 2630 3814 spiritualibus
2660 3749 2964 3817 spiritualia
2989 3763 3376 3822 comparantes
3404 3756 3565 3811 inve-

1964 3836 2082 3888 nire
2109 3836 2352 3889 nominis
2383 3836 2537 3890 istius
2563 3839 2827 3908 regulam.
2861 3838 2964 3895 Ubi
2992 3841 3301 3898 invenimus
3333 3845 3384 3900 in
3413 3847 3565 3902 Scri-

1964 3928 2161 3998 pturis,
2189 3927 2385 3984 Jemini
2403 3932 2427 3983 ?
2455 3930 2689 3985 Dubium
2723 3949 2828 3986 non
2857 3941 2943 3988 est
2967 3926 3103 4005 quin
3130 3938 3304 3992 tribus
3336 3955 3438 3993 una
3487 3940 3560 3996 sit

1962 4018 2032 4073 de
2057 4018 2368 4084 duodecim,
2404 4020 2624 4077 nomine
2663 4022 2967 4093 Benjamin.
3016 4024 3417 4096 Interpretatur
3464 4047 3566 4086 au-

1966 4122 2072 4168 tem
2094 4112 2395 4183 Benjamin,
2421 4115 2560 4184 ﬁlius
2582 4115 2798 4172 deat-rte.
2831 4117 2910 4172 Eo
2936 4121 3082 4174 enim
3105 4128 3351 4191 tempore
3371 4138 3554 4193 quan-

1964 4204 2034 4260 do
2067 4215 2278 4260 tnortua
2302 4213 2390 4260 est
2418 4205 2617 4261 llachel
2647 4206 2700 4261 in
2733 4206 2973 4278 Ephreta
3005 4210 3212 4282 (oculis
3241 4214 3450 4268 nostris
3473 4229 3563 4271 se-

1965 4299 2209 4368 pulcrum
2235 4299 2490 4365 vidimus,
2517 4302 2764 4370 exempla
2789 4317 2896 4356 non
2923 4304 3274 4376 quarrimus).
3303 4307 3378 4361 Eo
3399 4307 3564 4378 igitur

1967 4400 2209 4463 tempore
2238 4393 2456 4464 quando
2479 4394 2822 4452 moriebatur
2843 4395 3068 4465 Rachel,
3101 4402 3334 4469 peperit,
3367 4401 3562 4474 inquit,

1966 4486 2251 4553 infantem,
2277 4497 2331 4543 et
2354 4498 2688 4544 vocaverunt
2714 4504 2916 4545 nomen
2943 4492 3116 4561 ipsius
3144 4493 3422 4560 mulieres,
3447 4497 3564 4555 sive

1969 4579 2080 4650 ipsa
2115 4596 2244 4650 qua:
2271 4580 2630 4648 moriebatur,
2675 4579 2898 4646 Benoni,
2950 4583 3002 4638 id
3057 4593 3163 4652 est,
3197 4587 3340 4655 ﬁlius
3371 4589 3564 4644 doloris

1968 4673 2086 4726 mei.
2137 4671 2460 4728 Econtrario
2509 4688 2640 4730 vero
2676 4673 2846 4729 Jacob
2891 4685 3047 4746 pater
3071 4678 3318 4735 dolorem
3369 4683 3564 4737 matris

1970 4764 2137 4820 vertit
2159 4766 2214 4820 in
2239 4764 2494 4834 gloriam,
2512 4775 2569 4821 et
2590 4781 2696 4821 non
2727 4781 2853 4822 eum
2881 4777 3042 4825 vocat
3065 4769 3295 4837 Benoni,
3327 4770 3428 4826 hoc
3454 4783 3560 4844 est,

1970 4858 2111 4924 ﬁlius
2139 4857 2336 4911 doloris
2366 4859 2486 4926 mei,
2543 4856 2639 4914 sed
2667 4857 2970 4931 Benjamin,
3003 4862 3107 4918 hoc
3131 4873 3240 4926 est,
3271 4863 3412 4931 ﬁlius
3438 4865 3566 4920 dea:-

1971 4957 2084 5016 traz,
2121 4952 2222 5005 hoc
2245 4958 2350 5017 est,
2375 4950 2581 5005 virtutis
2607 4966 2752 5006 more.
2775 4950 3058 5022 Benjamiu
3083 4954 3244 5022 igitur
3263 4968 3330 5009 ex
3347 4953 3566 5014 dutist

1968 5043 2332 5113 compositum
2360 5055 2557 5097 nomen
2586 5053 2690 5110 est,
2723 5058 2791 5098 ex
2819 5043 2934 5097 lilio
2959 5052 3022 5098 et
3043 5044 3254 5099 dextra.
3289 5043 3394 5100 Ben
3413 5047 3564 5103 enim

1971 5134 2171 5190 dicitur
2203 5134 2366 5204 ﬁlim,
2394 5130 2596 5204 lamin,
2621 5135 2821 5190 dicitur
2840 5135 3078 5189 dextera.
3107 5134 3357 5192 Sciamus
3397 5137 3568 5208 igitur

1967 5241 2186 5295 semper
2219 5227 2417 5282 tribum
2451 5227 2735 5298 Benjamiu
2769 5227 3031 5296 appellari
3055 5227 3278 5287 Jeruini.
3309 5230 3566 5303 [egimus

1965 5320 2017 5374 iu
2041 5319 2348 5390 Regnorum
2377 5319 2540 5386 libro,
2563 5335 2630 5376 eo
2659 5330 2899 5388 tempore
2919 5335 3025 5390 quo
3048 5323 3119 5378 de
3137 5322 3266 5380 Saul
3287 5327 3565 5397 scribitur,

1963 5413 2036 5469 Et
2066 5430 2198 5483 cccc,
2247 5414 2442 5484 inquit,
2473 5416 2550 5469 vir
2577 5414 2641 5467 de
2667 5412 2804 5467 tribu
2833 5411 3116 5486 Benjantin
3156 5418 3367 5473 nonnae
3406 5419 3564 5490 Stal,

1965 5510 2131 5580 filius,
2165 5508 2355 5580 inquit,
2385 5507 2530 5574 Cltis,
2550 5508 2696 5577 ﬁlius
2719 5506 2923 5574 Abi/tel,
2946 5507 3096 5578 ﬁlius
3115 5507 3278 5578 Jetta,
3307 5513 3451 5582 [ilius
3475 5514 3566 5570 Jo-

1966 5601 2097 5666 tlter,
2123 5601 2263 5668 ﬁlius
2283 5598 2432 5666 Jcra,
2450 5597 2599 5669 ﬁlius
2621 5598 2839 5653 Jcmini.
2867 5598 2938 5654 Et
2956 5600 3139 5655 statim
3169 5601 3245 5658 ibi
3271 5593 3471 5659 dicitur
3493 5608 3567 5660 uir

1964 5692 2263 5758 leutiitwus,
2309 5690 2408 5745 hoc
2439 5701 2542 5756 est,
2591 5689 2659 5745 de
2692 5689 2834 5746 tribu
2875 5691 3154 5756 Jemiuu-a.
3202 5693 3309 5754 hoc
3349 5705 3458 5763 est,
3497 5697 3569 5753 de

1967 5785 2108 5842 tribu
2139 5783 2439 5855 Beniamin.
2472 5783 2672 5843 Demus
2699 5792 2754 5840 et
2793 5784 2936 5842 aliud
2972 5785 3338 5846 testimonium
3369 5807 3440 5848 ne
3469 5793 3566 5848 du-
