4008 6336
458 303 595 364 $287

1241 301 1593 364 APPENDIX
1632 299 1726 358 AD
1766 295 2006 359 TOMUM
2045 292 2406 356 SEPTIMUM
2449 293 2506 356 S.
2549 294 2961 356 HIERONYMI.

3616 290 3753 349 1288

456 419 630 475 bitare
655 415 944 488 possimus.
987 414 1168 472 Semei
1217 415 1308 473 ille
1334 417 1426 488 qui
1457 417 1509 472 in
1551 422 1732 470 monte
1773 411 1965 468 Oliveti
1993 423 2057 465 eo
2085 409 2136 470 A
2164 407 2408 463 sciebant
2435 409 2580 464 enim
2605 408 2748 480 quod
2775 408 2844 464 de
2865 407 3004 462 Filio
3037 403 3131 462 Dei
3160 403 3449 461 diceretur.
3487 402 3752 459 Videbam

460 519 703 583 tempore
733 509 950 581 quando
977 509 1142 565 David
1175 510 1411 582 fugiebat
1439 510 1606 565 ﬁlium
1637 522 1793 564 suum
1825 505 2057 560 Abessa—

458 603 576 668 Ion,
617 603 749 658 dicit
779 603 880 658 hoc
911 601 1188 674 Scriptura
1217 621 1229 657 :
1264 602 1330 657 Et
1370 618 1504 667 ecce,
1551 601 1742 673 inquit,
1797 599 1966 655 Semei
1996 597 2060 652 de

461 695 764 766 cognatione
789 694 924 751 Saul
953 695 1017 749 de
1037 695 1174 748 tribu
1194 694 1490 768 Benjamin.
1519 692 1587 748 Et
1617 692 1837 762 lapides,
1865 691 2058 762 inquit,

450 786 678 862 jaciebat
701 788 755 841 in
787 785 980 856 David,
1014 797 1062 842 et
1091 789 1291 844 dicebat
1325 806 1344 844 :
1386 786 1664 859 Egredere,
1695 788 1955 862 egredere,
1985 786 2063 840 vir

459 880 850 951 sanguinarius.
881 879 961 935 Eo
989 889 1234 953 tempore
1259 881 1475 953 quando
1506 881 1636 937 dicit
1680 895 1820 935 unus
1861 879 1930 934 de
1957 877 2062 933 du-

461 971 618 1028 cibus
645 971 764 1042 ejus
798 971 1016 1028 nomine
1055 972 1240 1030 Abisai
1276 990 1290 1029 :
1323 972 1545 1038 Vadam,
1595 972 1788 1043 inquit,
1819 980 1865 1025 et
1897 970 2060 1024 inter-

460 1065 632 1136 ﬁciam
663 1083 802 1133 eum,
843 1066 970 1138 quid
1017 1065 1148 1122 dicit
1177 1066 1225 1123 ei
1256 1066 1462 1122 David?
1496 1066 1635 1135 Quid
1661 1065 1786 1119 mihi
1827 1073 1872 1120 et
1897 1064 2062 1132 vobis,

463 1157 563 1228 ﬁlii
609 1157 857 1213 Samiae?
905 1158 970 1214 Et
997 1172 1147 1225 ecce,
1199 1157 1392 1228 inquit,
1445 1158 1535 1229 qui
1578 1157 1646 1213 de
1690 1156 1888 1211 lumbis
1931 1157 2066 1211 meis

463 1266 714 1324 egressus
749 1263 853 1322 est,
887 1263 1091 1326 pugnat
1118 1261 1307 1310 contra
1337 1268 1446 1320 me,
1469 1262 1525 1308 et
1547 1251 1816 1308 miramini
1845 1253 1890 1306 si
1924 1251 2066 1307 ﬁlius

461 1343 684 1410 .Iemini,
736 1345 838 1402 hoc
867 1355 970 1413 est,
1020 1361 1085 1401 ex
1119 1347 1265 1401 tribu
1297 1345 1596 1417 Benjamin,
1628 1344 1697 1400 de
1741 1343 1882 1400 tribu
1913 1342 2062 1410 Saul,

463 1436 554 1506 qui
603 1436 700 1492 luit
724 1435 1016 1492 inimicus?
1063 1435 1178 1492 Hoc
1207 1445 1380 1492 totum
1408 1451 1578 1507 quare
1621 1435 1768 1491 dixi?
1796 1443 1854 1488 ut
1883 1443 2068 1490 osten-

466 1532 652 1589 derem
680 1531 879 1588 Jemini
923 1531 1118 1588 tribum
1164 1546 1286 1587 esse
1315 1529 1617 1600 Beniamin.
1657 1527 1910 1584 Diximus
1938 1526 2066 1597 quid

461 1626 535 1683 sit
565 1624 872 1696 Beniamin,
901 1625 1134 1680 diximus
1165 1638 1362 1678 nomen
1398 1622 1590 1692 patris,
1627 1620 1911 1677 videamus
1937 1618 2066 1689 quid

464 1716 535 1773 sit
554 1714 721 1772 Cbusi
748 1715 890 1770 ﬁlius
913 1714 1132 1772 Jemini.
1159 1713 1298 1769 Chus
1327 1714 1510 1784 lingua
1539 1712 1766 1769 Hebraea
1802 1711 2066 1780 interpre.

2159 502 2418 570 scriptum
2457 515 2580 556 esse
2607 510 2663 557 et
2699 510 2874 556 tamen
2909 499 3170 555 timebant
3216 497 3307 553 Dei
3340 496 3540 552 Filium
3574 495 3753 551 dicere

2159 609 2281 651 esse
2307 595 2656 650 moriturum.
2706 594 2818 650 Hoc
2867 593 3083 649 interim
3123 592 3191 648 de
3219 589 3374 646 titulo
3419 589 3751 660 disputatum

2160 687 2252 754 sit,
2292 696 2348 744 et
2377 689 2666 744 universus
2712 687 2954 758 psalmus
2982 687 3051 743 de
3077 695 3252 743 morte
3295 683 3601 742 Salvatoris
3630 683 3756 740 dici-

2163 791 2271 839 ιυιο.

2235 879 2448 936 Dicitur
2491 878 2561 936 de
2590 877 2831 936 Iudaeis:
2875 878 2942 933 In
2987 877 3173 950 laqueo
3215 878 3317 933 isto
3350 891 3501 948 quem
3530 873 3755 930 tetende-

2162 983 2285 1028 runt
2313 1013 2330 1040 ,
2381 971 2781 1044 comprehensus
2807 980 2880 1026 est
2903 987 2991 1040 pes
3020 987 3196 1026 eorum
3217 987 3234 1024 :
3270 969 3468 1025 deinde
3495 968 3567 1024 de
3597 981 3757 1020 voca-

2165 1066 2317 1122 tione
2340 1065 2620 1133 Gentium,
2645 1081 2822 1120 omnes
2847 1063 3033 1120 Gentes
3051 1080 3166 1132 qua:
3187 1065 3556 1118 obliviscuntur
3572 1058 3754 1115 Deum.

2167 1158 2239 1214 Et
2289 1159 2650 1214 novissimum
2697 1166 2888 1214 contra
2937 1157 3258 1212 diabolum:
3309 1172 3412 1210 non
3437 1166 3513 1209 est
3541 1153 3680 1208 Deus
3709 1155 3760 1208 in

2167 1260 2446 1323 conspectu
2471 1253 2606 1320 eius,
2635 1249 2777 1305 sedet
2794 1251 2847 1304 in
2862 1249 3065 1304 insidiis
3088 1245 3478 1302 cumdiritibus.
3513 1244 3760 1300 Infelices

2166 1341 2365 1397 divites
2391 1357 2515 1396 cum
2558 1341 2754 1413 quibus
2799 1341 3057 1397 diabolus
3086 1341 3264 1396 sedet.
3312 1340 3561 1410 Denique
3588 1339 3762 1396 videte

2168 1436 2298 1506 quid
2328 1436 2528 1491 dicitur
2553 1435 2621 1492 de
2641 1435 2885 1503 diabolo,
2910 1436 3047 1490 sedet
3076 1435 3128 1489 in
3143 1433 3347 1489 insidiis
3365 1450 3484 1488 cum
3501 1434 3760 1488 divitibus.

2168 1529 2511 1600 Quicumque
2539 1529 2684 1583 enim
2713 1527 2868 1584 dives
2897 1536 3003 1593 est,
3037 1526 3138 1582 nisi
3171 1541 3466 1597 pauperem
3494 1525 3762 1596 spoliare,

2171 1619 2260 1688 rit,
2293 1620 2452 1676 dives
2479 1635 2604 1677 esse
2629 1636 2738 1676 non
2770 1629 2984 1692 potest,
3019 1628 3309 1690 pr0pterea
3341 1618 3510 1686 dixit,
3551 1619 3688 1673 sedet
3712 1618 3762 1670 in

2169 1715 2374 1770 insidiis
2399 1732 2517 1769 cum
2551 1715 2816 1770 divitibus.
2849 1712 3317 1784 Quandocumque
3351 1711 3554 1768 divites
3585 1725 3764 1781 perse-

467 1817 610 1865 tatur
652 1807 925 1878 xEthiops,
959 1806 1064 1862 hoc
1101 1815 1206 1870 est,
1248 1805 1392 1876 niger
1419 1813 1474 1860 et
1502 1805 1814 1859 lenebrosus-
1841 1801 2065 1870 Qualem
2098 1795 2147 1857 Β
2172 1821 2412 1882 quuntur
2457 1810 2837 1878 Christianos,
2889 1810 3177 1866 dicamus:
3229 1809 3386 1865 sedet
3430 1807 3682 1864 diabolus
3711 1805 3762 1860 in

462 1900 628 1957 habet
655 1899 912 1964 animam,
952 1898 1114 1968 quale
1161 1906 1216 1953 et
1243 1911 1473 1968 corpus,
1505 1895 1573 1952 de
1616 1909 1724 1966 quo
1753 1893 1885 1949 dicit
1915 1892 2068 1949 .Iere-

469 1995 640 2050 mias:
666 1992 728 2048 Si
756 1991 974 2045 mutabit
1005 1990 1255 2062 Ethiops
1277 1991 1459 2061 pellem
1487 2005 1654 2053 suam,
1686 1996 1733 2044 et
1761 1986 1958 2060 pardus
1986 2002 2072 2040 va-

466 2089 704 2142 rietatem
734 2102 882 2140 suam
908 2083 1057 2158 (Jer.
1091 2101 1206 2152 xm,
1228 2083 1354 2156 25).
1381 2085 1524 2155 Ergo
1552 2083 1639 2138 hic
1665 2081 1833 2137 Cltusi
1857 2081 2071 2152 nigrum

466 2190 521 2237 et
552 2179 888 2249 EtltiOpem,
918 2178 1196 2234 inimicum
1237 2193 1394 2233 suum
1437 2176 1654 2233 Saulem
1686 2174 1976 2244 signiﬁcat.
2006 2172 2075 2228 Et

468 2273 602 2330 dicit
620 2273 748 2339 hoc,
775 2271 1050 2343 quomodo
1076 2269 1334 2342 )Etbiops
1364 2278 1573 2325 mutare
1603 2284 1710 2324 non
1744 2276 1920 2338 potest
1951 2268 2069 2338 pel-

469 2367 576 2425 lem
608 2384 622 2424 :
652 2367 728 2423 ita
750 2376 805 2424 et
835 2367 936 2423 iste
959 2380 1140 2422 mores
1170 2379 1300 2451 suos
1321 2372 1529 2420 mutare
1549 2379 1657 2420 non
1685 2370 1884 2434 potest.
1914 2361 1964 2417 ls
1982 2377 2077 2417 ve-

351 2537 363 2543 _
468 2461 550 2518 nit
577 2461 630 2516 in
653 2475 846 2516 manus
867 2475 1037 2528 meas,
1069 2459 1248 2531 potuit
1274 2473 1397 2513 eum
1421 2456 1693 2522 occidere,
1716 2455 1868 2524 cujus
1896 2453 2074 2525 potuit

465 2557 780 2627 sanguinem
809 2554 1037 2611 fundere
1075 2551 1260 2608 :volui
1309 2567 1432 2608 eum
1474 2564 1734 2621 superare
1783 2546 2070 2614 beneﬁcio,

471 2649 570 2706 scd
618 2649 823 2704 malitia
853 2647 973 2718 ejus
1014 2645 1159 2701 vinci
1204 2659 1312 2701 non
1367 2651 1564 2714 potest.
1613 2640 1897 2709 Quomodo
1929 2639 2073 2695 enim

473 2741 730 2812 Etltiops
758 2739 932 2812 pelles
956 2750 1169 2796 mutare
1210 2754 1314 2793 non
1348 2743 1550 2808 potest,
1583 2735 1655 2789 ita
1697 2741 1751 2789 et
1777 2732 1919 2788 illius
1958 2746 2074 2786 ma-

471 2835 588 2893 litia
619 2836 817 2892 mutari
845 2850 954 2890 non
986 2843 1187 2904 potest.
1225 2829 1471 2900 Denique
1497 2827 1624 2898 quid
1655 2826 1831 2882 dicit:
1859 2823 2078 2879 Domine

470 2929 614 2986 Deus
639 2946 809 2996 meus,
853 2930 896 2984 si
924 2927 1024 3000 feci
1061 2925 1228 2993 istud,
1270 2924 1376 2979 hoc
1407 2930 1514 2989 est,
1562 2921 1607 2976 si
1635 2920 1738 2976 feci
1770 2918 1847 2973 illi
1875 2915 2076 2987 aliquid

470 3023 624 3081 mali.
651 3023 710 3080 Si
731 3034 809 3078 est
835 3022 1082 3093 iniquitas
1110 3022 1164 3074 in
1193 3017 1432 3072 manibus
1458 3017 1607 3082 meis,
1635 3014 1679 3068 si
1701 3011 1909 3068 reddidi
1930 3009 2081 3064 retri-

474 3117 744 3174 buentibus
773 3115 900 3170 mihi
927 3115 1086 3170 mala.
1129 3113 1262 3169 Vide
1292 3111 1419 3183 quid
1452 3111 1594 3166 dicat
1622 3107 1767 3180 :Ego
1794 3122 1893 3180 pro
1923 3103 2079 3160 malis

2175 1903 2391 1958 insidiis
2417 1917 2544 1958 cum
2574 1902 2858 1959 divitibus.

2250 1993 2544 2050 Insidiatur
2592 2005 2646 2050 ut
2685 1996 2858 2068 rapiat
2902 2011 3202 2067 pauperem,
3266 2010 3445 2064 rapere
3492 2007 3766 2065 pauperem

2175 2089 2300 2143 dum
2321 2087 2534 2144 attrahit
2558 2105 2694 2143 eum.
2739 2087 2804 2142 In
2834 2089 3021 2157 laqueo
3050 2103 3146 2142 suo
3177 2085 3472 2140 humiliabit
3493 2103 3628 2140 eum.
3656 2086 3767 2140 Iloc

2177 2181 2401 2250 impius,
2433 2180 2540 2235 hoc
2563 2179 2835 2234 diabolus.
2871 2179 3172 2250 Pauperem
3201 2193 3308 2231 non
3331 2175 3510 2232 solum
3543 2176 3770 2242 divitiis,

2178 2275 2274 2330 sed
2304 2283 2360 2330 et
2386 2274 2584 2345 spiritu
2609 2316 2623 2338 ,
2657 2272 2801 2329 beati
2842 2272 2987 2328 enim
3021 2285 3289 2342 pauperes
3318 2271 3534 2341 spiritu.
3598 2268 3664 2323 In
3691 2269 3773 2322 ta-

2175 2381 2306 2437 queo
2333 2382 2428 2420 suo
2453 2364 2791 2419 humiliabit:
2835 2364 3031 2435 quem?
3074 2361 3414 2418 Subauditur
3455 2376 3766 2432 pauperem.

2177 2457 2370 2514 Videte
2417 2457 2545 2528 quid
2593 2457 2842 2513 dicitur?
2887 2455 3243 2524 Humiliabit,
3295 2471 3403 2511 non
3440 2454 3767 2509 interﬁciet:

2178 2565 2300 2606 cum
2333 2560 2518 2607 autem
2552 2551 2929 2606 humiliaverit
2955 2565 3273 2622 pauperem,
3304 2549 3614 2605 bumiliatio
3646 2564 3774 2621 pano

2183 2643 2328 2714 peris
2377 2644 2531 2698 ruina
2560 2653 2644 2700 est
2674 2643 2898 2699 diaboli.
2932 2643 3072 2711 Quid
3103 2645 3250 2699 enim
3281 2643 3578 2713 sequitur?
3614 2640 3776 2695 Incli-

2181 2733 2324 2788 nabit
2363 2751 2454 2802 se,
2509 2743 2555 2788 et
2602 2736 2749 2789 cadet
2792 2734 2917 2788 dum
2963 2734 3259 2789 dominatus
3297 2734 3448 2804 fuerit
3469 2749 3773 2807 pauperum.

2181 2825 2375 2883 Nonne
2410 2825 2564 2883 vobis
2588 2827 2801 2884 videtur
2826 2826 3079 2883 diabolus
3108 2827 3161 2883 in
3189 2829 3578 2898 persecutione
3604 2843 3775 2899 quan-

2181 2921 2253 2976 do
2280 2921 2561 2976 occideret
2589 2919 2966 2986 Christianos,
3007 2920 3229 2991 quando
3267 2920 3604 2978 interﬁceret
3632 2919 3774 2976 Mar-

2185 3021 2334 3085 tyres
2359 3058 2372 3082 ,
2416 3012 2470 3067 in
2502 3029 2572 3069 eo
2602 3013 2780 3070 occidi
2814 3013 2958 3084 quod
2999 3013 3368 3069 interﬁceret?
3398 3013 3691 3070 lnclinabit
3718 3028 3776 3069 se

2184 3116 2238 3163 ct
2263 3106 2421 3163 cadet
2446 3107 2574 3163 dum
2612 3107 2989 3164 dominabitur
3018 3121 3318 3178 pauperum
3342 3107 3367 3163 ἲ
3406 3107 3610 3179 Martyr
3632 3106 3778 3163 occi-

474 3209 616 3267 bona
652 3209 884 3276 reddidi,
938 3208 1026 3264 ille
1055 3221 1157 3280 pro
1201 3206 1358 3263 bonis
1407 3204 1572 3260 mala.
1606 3201 1950 3257 Manifestum
1996 3187 2155 3255 estC
2185 3218 2278 3258 sus
2305 3204 2356 3258 in
2386 3204 2586 3260 caelum
2621 3203 2796 3273 vadit,
2837 3203 2934 3260 ille
2961 3203 3222 3260 occidens
3258 3203 3582 3259 humilium
3608 3213 3666 3260 ει
3691 3219 3779 3259 ca-

474 3303 639 3375 igitur
665 3301 918 3374 quoniam
948 3308 1137 3358 contra
1177 3297 1308 3354 Saul
1338 3297 1581 3368 psalmus
1611 3302 1713 3350 est.

1051 3390 1369 3448 PSALMUS
1409 3390 1503 3447 IX.

549 3489 723 3547 Jesus‘
757 3489 901 3544 ﬁlius
945 3487 1094 3545 Nave
1124 3487 1396 3559 pugnabat
1445 3487 1500 3541 in
1549 3500 1754 3553 eremo,
1803 3495 1859 3542 et
1897 3487 2080 3559 Moyse

479 3591 692 3649 orante,
724 3581 1018 3653 superabat
1045 3597 1059 3635 :
1089 3579 1229 3636 alius
1257 3579 1548 3652 pugnabat,
1583 3580 1720 3635 alius
1759 3581 1811 3636 in
1838 3579 2081 3637 oratione

477 3675 748 3732 vincebat.
795 3673 878 3730 Ita
923 3681 978 3730 et
1005 3687 1107 3743 ego
1133 3672 1429 3730 secundum
1460 3671 1592 3728 illud
1633 3671 1778 3742 quod
1820 3673 2080 3742 scriptum

479 3778 585 3837 est,
617 3769 762 3840 aperi
788 3785 843 3823 os
870 3776 1017 3821 tuum
1041 3774 1089 3822 et
1115 3765 1336 3840 implebo
1361 3765 1497 3822 illud
1520 3782 1539 3821 :
1559 3781 1660 3835 ego
1687 3764 1904 3837 quidem
1937 3766 2082 3837 loqui

480 3860 695 3926 videor,
718 3859 812 3915 sed
837 3857 929 3914 alli
955 3867 1083 3914 sunt
1103 3857 1298 3927 quibus
1323 3858 1626 3926 orantibus,
1658 3858 1869 3930 loquor.
1898 3858 2084 3917 Nonus

480 3951 721 4023 psalmus
751 3949 896 4022 quod
926 3965 954 4004 a
981 3950 1140 4006 vobis
1165 3957 1415 4007 cantatus
1440 3961 1523 4007 est
1566 3950 1816 4020 Domino,
1863 3952 2084 4022 grandis

483 4043 540 4101 in
570 4043 842 4110 versibus,
887 4042 1108 4114 grandis
1135 4051 1220 4098 est
1249 4043 1302 4098 in
1335 4043 1634 4114 mysteriis.
1664 4043 1929 4112 Quoniam
1977 4059 2083 4098 non

480 4151 774 4209 possumus
803 4136 872 4192 de
901 4137 1153 4193 omnibus
1193 4136 1494 4208 disputare,
1544 4137 1742 4192 sullicit
1773 4135 1989 4193 interim
2018 4137 2086 4193 de

484 4232 641 4290 titulo
681 4231 884 4288 dicere.
930 4230 1199 4299 Quoniam
1253 4247 1359 4288 non
1415 4247 1701 4302 possumus
1745 4230 1964 4287 domum
2006 4232 2088 4285 in-

487 4325 659 4397 gredi,
683 4325 889 4397 grande
919 4335 1001 4382 est
1025 4324 1170 4382 enim
1201 4325 1348 4397 regis
1377 4325 1656 4396 palatium,
1689 4341 1862 4397 neque
1892 4339 2085 4396 possu-

487 4431 608 4474 mus
635 4419 816 4474 omnia
839 4417 984 4491 regis
1014 4418 1158 4475 scire
1189 4418 1470 4490 mysteria,
1510 4418 1724 4476 interim
1752 4419 1902 4490 quasi
1931 4420 1983 4476 in
2021 4419 2089 4475 t'r-

487 4509 601 4566 tulo
648 4510 863 4576 domus,
897 4511 950 4566 in
981 4511 1099 4582 ipso
1147 4511 1436 4580 vestibulo,
1483 4510 1638 4582 cujus
1667 4513 1860 4568 domus
1897 4513 1968 4567 sit
1995 4513 2088 4570 de-

2183 3297 2293 3353 det.
2328 3297 2443 3353 Hoc
2469 3297 2687 3353 interim
2716 3297 2787 3353 de
2810 3298 3024 3369 psalmo
3055 3298 3297 3354 breviter
3326 3298 3662 3370 disputatum
3694 3307 3778 3354 est

2183 3407 2284 3462 pro
2313 3391 2542 3447 occultis
2572 3391 2702 3461 ﬁlii,
2737 3401 2792 3449 et
2822 3392 2927 3448 hoc
2957 3392 3164 3448 dictum
3192 3403 3276 3448 est
3304 3393 3358 3448 in
3389 3391 3562 3448 veteri
3590 3391 3776 3448 Testa-

2184 3493 2370 3540 mento
2396 3500 2409 3537 :
2447 3484 2499 3538 in
2531 3484 2705 3540 veteri
2735 3485 2882 3541 enim
2909 3484 3297 3552 Testamento,
3329 3484 3399 3541 de
3425 3484 3539 3540 ﬁlio
3567 3484 3778 3540 occulte

2184 3577 2405 3645 dicitur,
2461 3594 2607 3635 nunc
2653 3577 2708 3634 in
2764 3577 3064 3652 Evangelio
3097 3578 3346 3650 legamus
3371 3576 3682 3644 manifeste,
3714 3575 3780 3631 de

2186 3667 2492 3726 manifestis
2520 3669 2640 3725 ﬁlii.

2655 3762 2976 3821 PSALMUS
3022 3762 3310 3820 LXXVIII.

2261 3855 2519 3922 Quoniam
2543 3872 2796 3926 pauperes
2822 3857 2948 3927 facti
2968 3873 3147 3911 suntus
3170 3873 3188 3912 :
3209 3857 3463 3928 quoniam
3498 3865 3553 3912 tu
3578 3871 3780 3928 pauper

2189 3960 2286 4016 pro
2337 3948 2493 4003 nobis
2542 3947 2719 4003 lactus
2769 3962 2867 4018 es,
2929 3958 3223 4021 propterea
3272 3958 3328 4006 et
3366 3965 3466 4006 nos
3513 3964 3781 4021 pauperes

2187 4040 2318 4094 facti
2343 4055 2553 4096 sumus.
2597 4039 2780 4096 Oratio
2807 4043 3049 4114 pauperis
3079 4058 3194 4096 cum
3219 4043 3464 4098 anxiatus
3489 4043 3651 4113 fuerit
3674 4085 3688 4109 ,
3731 4050 3774 4096 et

2188 4133 2429 4202 e/fuderit
2458 4134 2746 4189 orationem
2783 4152 2960 4190 coram
2982 4134 3229 4192 Domino.
3264 4137 3534 4206 Quoniam
3569 4149 3624 4192 tu
3654 4152 3779 4208 pau-

2190 4243 2288 4299 per
2317 4229 2493 4284 lactus
2519 4244 2726 4296 es,cum
2755 4244 2909 4287 esses
2940 4230 3117 4302 dives,
3146 4239 3202 4287 et
3230 4246 3330 4288 nos
3358 4246 3629 4303 pauperes
3662 4231 3780 4286 lacti

2189 4337 2379 4380 sumus
2419 4342 2430 4377 :
2480 4324 2690 4398 Adjuva
2719 4342 2812 4381 nos
2837 4367 2852 4394 ,
2905 4327 3048 4382 Deus
3085 4325 3335 4382 salutaris
3362 4339 3556 4383 noster.
3601 4327 3659 4384 In
3684 4326 3782 4382 Ile-

2191 4416 2380 4474 braico
2405 4417 2569 4473 habet
2592 4438 2606 4472 ;
2659 4419 2867 4491 Adjuva
2889 4437 3013 4488 nos,
3041 4419 3196 4475 Jesus
3220 4431 3390 4476 noster
3415 4438 3434 4476 :
3458 4421 3781 4491 ubicumque

2191 4512 2337 4567 enim
2363 4511 2609 4566 Salvator
2638 4523 2736 4580 est,
2761 4512 2816 4568 in
2850 4512 3138 4580 Ilebraico,
3158 4512 3312 4568 Iesus
3327 4513 3512 4569 habet.
3543 4513 3781 4582 Denique

485 4613 871 4660 monstremus.
903 4602 970 4659 In
991 4605 1148 4674 linem
1167 4621 1262 4673 pro
1289 4604 1503 4660 occultis
1521 4605 1621 4676 ﬁlii
1643 4604 1874 4676 psalmus
1894 4604 2084 4664 David.
2116 4584 2170 4646 Ῑ)
2195 4602 2419 4659 Gabriel
2441 4603 2666 4675 quando
2687 4609 2840 4661 venit
2860 4605 2928 4661 ad
2955 4606 3198 4674 Mariam,
3234 4606 3300 4661 Et
3329 4608 3560 4675 vocabis,
3589 4607 3781 4678 inquit,

489 4695 560 4752 In
581 4698 760 4767 ﬁnem,
791 4697 934 4769 quod
960 4697 1182 4767 dicitur,
1215 4712 1322 4754 non
1350 4697 1585 4768 pertinet
1624 4698 1690 4752 ad
1722 4699 1958 4768 Judteos,
1992 4699 2088 4757 sed

489 4791 559 4848 ad
592 4805 693 4847 nos
720 4791 811 4861 qui
839 4789 891 4845 in
916 4789 1076 4846 ﬁnem
1108 4790 1457 4847 credidimus.
1490 4789 1588 4846 ille
1618 4792 1764 4861 prior
1791 4789 1955 4858 ﬁlius,
1989 4807 2089 4848 nos

489 4879 792 4939 novissimi.
835 4879 948 4936 Nos
976 4895 1106 4952 ergo
1155 4882 1246 4952 qui
1281 4881 1333 4937 in
1363 4881 1526 4938 ﬁnem
1557 4897 1768 4949 sumus,
1822 4883 2084 4954 psalmum

492 4974 656 5032 istum
684 4975 947 5032 debemus
975 4974 1186 5040 audire,
1216 4975 1340 5045 quia
1361 4974 1429 5031 ad
1459 4991 1558 5032 eos
1585 4976 1674 5047 qui
1704 4976 1755 5031 in
1781 4975 1939 5033 ﬁnem
1962 4987 2090 5034 sunt

491 5069 745 5142 pertinet.
768 5067 880 5124 Pro
901 5067 1115 5123 occultis
1142 5066 1264 5138 ﬁlii.
1292 5067 1425 5136 Qua:
1450 5077 1575 5124 sunt
1596 5067 1712 5126 haec
1735 5052 1942 5126 occulta
1967 5069 2090 5125 ﬁlii?

493 5163 813 5235 mysterium
843 5161 989 5234 quod
1019 5160 1274 5218 omnibus
1303 5171 1449 5218 retro
1468 5161 1683 5218 smculis
1707 5163 1882 5219 fuerat
1906 5163 2088 5220 occul-

490 5261 626 5320 tum,
655 5253 810 5310 nobis
836 5253 892 5308 in
914 5254 1076 5309 ﬁnem
1102 5261 1347 5324 apertum
1378 5261 1480 5309 est.
1517 5253 1624 5308 Pro
1652 5255 1866 5309 occultis
1887 5254 2008 5325 ﬁlii,
2035 5255 2086 5311 in

489 5346 755 5404 Hebraico
782 5346 941 5402 aliter
980 5347 1144 5403 habet
1171 5345 1263 5402 :in
1310 5346 1574 5403 Hebraico
1618 5347 1762 5403 enim
1805 5348 1968 5406 liabet
1996 5365 2090 5404 AL-

489 5456 659 5507 Io'rn,
691 5439 834 5510 quod
856 5438 1268 5510 interpretatur,
1293 5455 1388 5510 pro
1411 5449 1616 5495 morte:
1643 5439 1697 5494 al
1720 5440 1864 5496 enim
1893 5441 2092 5498 dicitur

490 5548 609 5605 pro,
641 5531 780 5586 molli
803 5530 1004 5587 dicitur
1033 5547 1194 5586 mors.
1224 5529 1368 5602 Ergo
1399 5546 1499 5600 pro
1529 5541 1705 5589 morte
1734 5532 1957 5604 dicitur,
1991 5551 2090 5606 pro

495 5635 672 5699 morte
691 5639 824 5696 ergo
850 5624 944 5680 ﬁlii
993 5625 1046 5680 in
1079 5624 1308 5680 Hebraeo
1337 5626 1600 5696 scriptum
1629 5637 1736 5683 eat.
1785 5627 1971 5685 Videte
1996 5629 2094 5702 igi-

496 5730 586 5777 tur
609 5720 961 5792 Septuaginta
990 5718 1320 5789 Interpretes
1341 5719 1432 5792 qui
1455 5720 1750 5779 Ptolomaeo
1772 5723 1958 5795 gentili
1979 5725 2091 5796 regi

496 5813 1016 5886 interpretabantur,
1045 5822 1101 5872 et
1130 5812 1326 5870 durum
1360 5821 1480 5871 erat
1503 5804 1948 5874 dicere'mortent
1974 5817 2093 5887 ﬁlii,

2194 4713 2308 4752 eum
2336 4695 2521 4752 Iesum
2545 4740 2561 4767 ,
2613 4699 2709 4753 iste
2749 4700 2888 4755 enim
2915 4701 3114 4756 salvum
3153 4703 3306 4773 faciet
3336 4703 3596 4772 populum
3617 4719 3779 4757 suum.

2200 4792 2409 4864 Adjuva
2435 4809 2548 4862 nos,
2577 4794 2733 4849 Jcsus
2758 4805 2953 4850 noster.
2998 4795 3192 4851 Videte
3219 4794 3350 4867 quid
3371 4795 3546 4863 dicat,
3573 4797 3779 4869 adjura.

2195 4883 2298 4951 Qui
2337 4883 2471 4942 dicit
2514 4885 2728 4959 adjuva,
2778 4897 2832 4944 et
2883 4887 3000 4958 ipse
3044 4886 3267 4944 liberari
3313 4899 3566 4955 conatur,
3613 4903 3782 4958 neque

2193 4979 2342 5034 enim
2368 4979 2707 5036 dormientes
2733 4995 2836 5036 nos
2864 4980 3108 5050 adjuvat,
3133 4981 3225 5038 sed
3249 4981 3586 5038 laborantes.
3618 4979 3783 5051 Prop-

2161 5107 2164 5112 -
2195 5080 2271 5127 ter
2298 5071 2521 5143 gloriam
2548 5073 2770 5127 nominis
2797 5074 2895 5142 tui,
2917 5072 3154 5143 Domine,
3187 5073 3347 5128 libera
3369 5091 3493 5129 nos:
3527 5076 3780 5146 quoniam

2196 5176 2448 5221 vocatum
2481 5175 2567 5222 est
2596 5180 2795 5223 nomen
2827 5176 2977 5222 tuum
3026 5181 3224 5223 novum
3256 5181 3424 5238 super
3453 5183 3556 5222 nos
3586 5208 3602 5232 ,
3641 5164 3783 5237 quod

2199 5257 2542 5315 benedicitur
2585 5259 2640 5314 in
2687 5257 2983 5330 gentibus:
3033 5257 3102 5314 Et
3148 5259 3401 5329 prapitius
3429 5269 3537 5313 esto
3568 5257 3784 5328 peccatis

2201 5351 2390 5405 nostris
2421 5360 2633 5422 propter
2671 5367 2858 5407 nomen
2897 5361 3061 5408 tuum.
3093 5350 3173 5407 Tu
3198 5351 3468 5419 Salvator,
3507 5361 3568 5408 ut
3593 5347 3780 5406 Chris-

2197 5452 2305 5510 tus,
2334 5451 2392 5500 et
2435 5458 2535 5501 nos
2564 5443 2891 5513 Christiani,
2938 5445 3206 5504 miserere
3234 5444 3392 5502 nobis
3421 5454 3648 5518 pr0pter
3689 5461 3781 5501 no-

2196 5551 2321 5594 men
2356 5547 2528 5594 tuum.

2270 5629 2503 5688 lntroeat
2547 5632 2601 5687 in
2647 5640 2921 5705 conspectu
2960 5640 3050 5687 tuo
3097 5633 3316 5706 gemitus
3353 5633 3780 5706 compeditorunt.

2202 5725 2313 5782 lloc
2343 5726 2523 5783 solent
2552 5725 2735 5782 dicere
2778 5727 2871 5797 qui
2898 5736 3200 5798 sequuntur
3225 5727 3482 5798 Origenis
3507 5727 3782 5798 dogmata,

2199 5820 2416 5892 gemitus
2434 5819 2838 5892 compeditorum
2861 5860 2876 5889 ,
2903 5819 3008 5878 hoc
3035 5832 3118 5879 est
3144 5820 3454 5894 angelorum
3471 5863 3488 5894 ,
3511 5821 3603 5894 qui
3623 5834 3786 5877 cont-
