4008 6336
237 289 380 354 1289

1219 290 1427 348 LIBER
1465 290 1556 348 DE
1594 286 2056 348 EXPOSITIONE
2095 289 2541 350 PSALMORUM.

3400 299 3540 359 1290

240 412 410 484 pediti
440 419 589 479 sunt,
621 409 896 481 inquiunt,
926 409 978 467 in
1006 412 1367 482 corporibus:
1392 410 1665 483 quomodo
1691 412 1834 467 enim
1862 409 1913 470 A
1942 410 2217 478 olivarum,
2240 409 2297 464 in
2324 409 2540 465 circuitu
2563 424 2752 466 mensa:
2776 418 2895 466 tuae.
2932 408 3049 481 Ego
3077 412 3208 481 puto
3236 414 3378 484 quod
3403 434 3535 488 pro.

240 507 286 562 si
329 507 617 562 mittantur
646 503 946 578 compedes
974 505 1029 562 in
1063 505 1291 577 pedibus
1321 547 1335 572 ,
1386 505 1683 577 degravant
1714 520 1839 562 cor-

241 614 345 672 pus
370 641 387 667 ,
444 607 501 655 et
546 613 771 656 currere
800 615 910 656 non
939 599 1125 655 sinunt
1151 616 1162 652 :
1204 599 1285 656 sic
1311 608 1368 655 et
1395 614 1625 670 corpora
1650 608 1837 657 nostra

241 692 531 749 includunt
580 693 791 749 animas
814 736 829 762 ,
879 691 986 748 hoc
1023 700 1110 750 est
1132 735 1148 760 ,
1178 692 1406 765 angelos
1438 692 1743 765 degravant
1781 692 1839 748 in

247 795 414 844 terra.
458 785 527 841 Et
551 785 658 843 hoc
695 786 894 858 quibus
920 786 1106 844 verbis
1133 786 1475 858 approbant?
1514 784 1715 857 Infelix
1745 801 1840 860 ego

244 877 418 948 homo,
441 880 557 953 quis
586 898 666 937 me
688 879 921 935 liberabit
949 880 1012 935 de
1033 895 1249 952 corpore
1278 879 1456 935 mortis
1480 879 1639 951 hujus
1661 877 1839 951 (Rom.

242 992 340 1047 vir,
373 974 510 1048 24)?
537 975 604 1031 Et
634 974 767 1032 illud
793 976 938 1048 quod
966 975 1188 1043 dicitur,
1232 975 1400 1046 Cupio
1427 973 1635 1030 dissolvi
1664 983 1712 1029 et
1735 989 1843 1029 esse

244 1087 364 1125 cum
391 1067 618 1126 Christo.
656 1067 897 1137 Reverti,
934 1078 984 1123 et
1014 1085 1125 1125 esse
1159 1086 1275 1123 cum
1307 1066 1512 1124 Christo
1542 1065 1766 1140 (Philip.
1798 1081 1839 1134 ι,

246 1163 365 1238 25).
400 1163 620 1231 Videte,
653 1162 866 1236 inquit,
897 1162 1025 1235 quid
1057 1161 1190 1219 dicit
1231 1161 1546 1234 Apostolus.
1591 1160 1846 1229 Quicum—

244 1273 354 1331 que
380 1256 551 1322 dicit,
587 1254 762 1326 Cupio
794 1254 992 1312 reverti
1024 1272 1039 1307 :
1067 1255 1251 1325 utique
1281 1255 1410 1310 illuc
1446 1254 1578 1311 dicit
1604 1254 1696 1311 ubi
1720 1263 1847 1311 ante

246 1351 447 1409 fuerat.
498 1348 737 1405 Introeat
778 1350 833 1403 in
875 1358 1147 1421 conspectu
1179 1356 1267 1403 tuo
1287 1348 1506 1421 gemitus
1530 1346 1847 1419 compedito-

246 1462 384 1501 rum.
422 1444 535 1515 Ego
563 1460 694 1502 vero
719 1442 1062 1515 simpliciter,
1103 1440 1378 1498 rusticana
1410 1439 1766 1511 simplicitate
1790 1447 1848 1496 et

247 1538 660 1608 Ecclesiastica,
695 1537 767 1593 ita
803 1536 901 1593 tibi
931 1534 1294 1607 respondebo.
1330 1534 1408 1589 Ita
1437 1533 1582 1590 enim
1616 1531 1847 1603 apostoli

246 1630 651 1704 reaponderunt
670 1670 687 1698 ,
713 1631 798 1687 sic
825 1638 957 1686 sunt
984 1628 1185 1695 locuti,
1213 1643 1322 1684 non
1346 1626 1529 1683 verbis
1558 1623 1850 1681 rhetoricis

247 1734 307 1782 et
345 1723 670 1781 diabolicis:
725 1721 922 1779 Melius
970 1730 1047 1778 est
1091 1722 1228 1776 enim
1272 1720 1457 1776 reverti
1504 1728 1550 1774 et
1593 1735 1703 1774 esse
1732 1733 1851 1772 cum

1946 503 2077 574 pitio
2121 502 2339 583 Christo
2385 518 2576 560 omnes
2619 496 2913 561 timeamus
2960 504 3154 562 Deum.
3217 506 3362 581 Ergo
3393 509 3535 567 hanc

1942 596 2331 655 beatitudinem
2374 613 2485 654 non
2547 596 2861 654 habemus?
2913 597 3190 670 Scriptum
3236 610 3323 656 est
3367 602 3542 673 enim,

1942 694 2031 765 qui
2060 693 2201 749 timet
2226 690 2537 760 Dominum,
2588 691 2728 749 hanc
2752 690 2920 749 habet
2949 692 3372 762 beatitudinem;
3405 713 3538 753 uxor

1945 796 2035 843 tua
2079 787 2210 842 sicut
2232 787 2347 842 vitis
2373 786 2650 843 abundans
2693 788 2751 842 in
2791 787 3037 845 lateribus
3066 788 3248 845 domus
3276 798 3411 859 tute;
3440 792 3544 861 lilii

1944 881 2021 936 tui
2059 882 2194 937 sicut
2243 879 2462 937 novellis
2498 882 2786 951 olivarum,
2819 883 2876 938 in
2910 883 3128 938 circuitu
3174 900 3365 942 mensa:
3412 896 3535 943 tute.

1946 972 2089 1046 Ergo
2113 982 2170 1031 et
2197 974 2290 1046 qui
2320 990 2486 1031 unum
2515 974 2679 1032 habet
2701 975 2871 1031 ﬁlium
2899 984 2957 1032 et
2980 976 3141 1045 duos,
3170 993 3278 1035 non
3306 987 3390 1035 est
3411 980 3543 1037 bea-

1947 1069 2068 1125 tua?
2096 1067 2238 1138 Quid
2266 1069 2413 1125 enim
2439 1068 2602 1136 dicit,
2634 1067 2734 1141 ﬁlii
2754 1070 2830 1124 tui
2855 1070 2988 1124 sicut
3014 1070 3233 1127 novella:
3258 1071 3539 1143 olivarum,

1948 1163 2003 1217 in
2026 1162 2246 1218 circuitu
2265 1179 2452 1219 mensa:
2482 1172 2606 1219 tum.
2637 1163 2748 1219 Nisi
2773 1173 2950 1220 tantos
2978 1163 3332 1223 habuerimus
3360 1167 3538 1237 ﬁlios,

1948 1265 2006 1313 ut
2031 1256 2252 1328 cingant
2291 1271 2535 1313 mensam
2576 1267 2851 1327 nostram,
2881 1258 3272 1316 beatitudinem
3297 1261 3542 1318 timentis

1949 1349 2241 1406 Dominum
2275 1364 2385 1405 non
2422 1349 2779 1408 habebimus?
2804 1350 2956 1408 lsaac
2983 1351 3125 1409 hanc
3144 1352 3540 1411 beatitudinem

1952 1456 2059 1498 non
2088 1442 2300 1513 habuit,
2330 1441 2521 1498 habuit
2543 1443 2687 1500 enim
2705 1445 2844 1501 duos
2864 1444 3027 1513 ﬁlios,
3054 1461 3221 1502 unum
3249 1449 3545 1519 pessimum

1952 1534 2114 1603 Esau,
2146 1536 2239 1607 qui
2269 1535 2441 1591 multo
2471 1537 2668 1593 melius
2698 1536 2883 1594 fuerat
2907 1538 2954 1595 si
2981 1548 3145 1596 natus
3184 1555 3294 1597 non
3330 1541 3545 1599 fuisset.

1954 1626 2154 1683 Habuit
2193 1635 2377 1683 autem
2425 1643 2590 1683 unum
2621 1627 2792 1684 lilium
2819 1628 2993 1686 Jacob
3019 1648 3033 1685 :
3057 1645 3192 1704 ergo
3214 1648 3324 1688 non
3358 1632 3551 1691 habuit

1954 1718 2393 1777 beatitudinem?
2434 1719 2575 1789 Quia
2626 1736 2765 1777 unus
2809 1722 3101 1780 circumire
3148 1740 3395 1782 mensam
3438 1741 3552 1785 nou

251 1817 481 1875 Christo.
507 1818 644 1887 Quia
669 1817 749 1874 sic
768 1816 934 1873 habet
959 1816 1015 1872 in
1034 1816 1248 1881 Graeco,
1277 1829 1384 1870 non
1410 1813 1593 1880 habet,
1611 1812 1846 1881 dissolvi,
1882 1815 1927 1875 Β
1957 1813 2156 1883 potuit.
2200 1812 2451 1886 Virgines
2478 1829 2611 1886 ergo
2632 1829 2741 1871 non
2770 1815 2966 1873 timent
2995 1819 3184 1875 Deum.
3238 1820 3378 1889 Quid
3404 1823 3554 1879 enim

250 1914 349 1971 sed
392 1914 597 1969 reverti.
645 1913 853 1969 Reverti
895 1920 942 1967 et
986 1927 1095 1967 esse
1129 1927 1246 1965 cum
1274 1908 1504 1965 Christo.
1544 1906 1649 1965 Ubi
1676 1906 1850 1963 Adam

252 2008 361 2064 fuit
393 2018 545 2079 pater
568 2020 754 2077 meus,
788 2005 861 2061 ibi
891 2012 948 2061 et
975 2019 1078 2076 ego
1106 2019 1229 2062 esse
1255 2001 1508 2059 desidero
1534 2018 1547 2056 :
1588 1999 1733 2057 unde
1760 1999 1855 2056 ille

252 2100 468 2173 eiectus
496 2109 612 2167 est,
643 2114 744 2171 ego
770 2097 976 2154 reverti
1005 2098 1190 2169 cupio.
1248 2096 1304 2152 lu
1334 2095 1508 2153 Adam
1536 2108 1730 2150 omnes
1755 2107 1855 2148 nos

252 2193 326 2252 de
355 2193 613 2266 paradiso
643 2192 804 2263 eiecti
837 2206 1056 2259 sumus,
1087 2190 1329 2248 introeat
1355 2189 1408 2245 iu
1438 2197 1732 2259 conspectu
1762 2195 1856 2243 tuo

252 2286 489 2359 gemitus
515 2284 973 2356 compeditorum.

330 2379 511 2447 Quare
539 2378 686 2435 enim
713 2377 819 2435 hoc
842 2393 953 2435 non
979 2376 1306 2449 simpliciter
1325 2375 1625 2448 intelligam
1651 2374 1857 2433 dictum

256 2488 386 2530 esse
411 2473 478 2533 dc
506 2473 842 2546 martyribus
863 2514 878 2541 ,
917 2471 1009 2544 qui
1044 2471 1241 2528 inclusi
1269 2478 1396 2527 sunt
1421 2469 1477 2526 iu
1501 2467 1860 2527 carceribus?

258 2567 461 2636 Quanti
492 2569 639 2624 enim
665 2568 801 2625 etin
828 2566 1067 2624 metallis
1087 2566 1238 2623 missi
1252 2565 1419 2622 sunt?
1449 2564 1567 2636 Ego
1587 2579 1718 2621 vero
1738 2563 1862 2621 dico

260 2663 388 2735 quia
418 2664 635 2721 illorum
657 2663 1098 2735 compeditorum
1122 2678 1252 2719 vere
1273 2661 1460 2719 audiat
1480 2676 1668 2718 vocem
1694 2660 1858 2717 Deus.

339 2758 644 2815 Secundum
681 2759 1095 2833 magnitudinem
1143 2758 1342 2814 brachii
1367 2757 1464 2823 tui,
1489 2756 1697 2828 posside
1725 2755 1865 2826 ﬁlios

263 2851 721 2922 mortiﬁcalorum.
752 2851 865 2909 Nos
887 2867 1080 2909 omnes
1108 2852 1188 2926 (si
1218 2862 1399 2909 tamen
1429 2847 1740 2920 meremur)
1771 2847 1867 2905 lilii

262 2953 569 3015 martyrum
599 2958 810 3000 sumus.
842 2944 1139 3014 Apostolus
1168 2942 1385 3014 quando
1407 2941 1460 2997 in
1481 2955 1703 2998 carcere
1722 2949 1862 3009 erat,

265 3037 610 3109 compeditus
647 3047 771 3096 erat
794 3037 1087 3110 :.apostoli
1120 3053 1312 3095 omnes
1346 3036 1564 3109 quando
1594 3036 1647 3091 in
1675 3048 1864 3092 carce-

266 3134 421 3192 ribus
450 3143 606 3191 crant
626 3178 641 3203 ,
691 3132 981 3205 compediti
1031 3141 1225 3191 erant:
1254 3147 1453 3190 omnes
1480 3143 1751 3203 martyres
1776 3127 1869 3201 qui

1956 1905 2176 1973 dicitur,
2224 1905 2369 1977 quod
2401 1906 2494 1979 qui
2525 1908 2676 1966 timet
2706 1908 2993 1966 Dominum
3026 1910 3298 1983 intelligat
3315 1914 3557 1972 beatitu-

1956 1997 2179 2055 dinem?
2205 1997 2353 2055 Uxor
2379 2006 2470 2054 tua
2490 2001 2624 2055 sicut
2651 2002 2769 2057 vitis
2789 2003 3065 2060 abundans
3104 2006 3159 2060 in
3195 2006 3439 2064 lateribus
3462 2012 3558 2067 do-

1958 2107 2074 2145 mus
2095 2100 2230 2158 tuae;
2262 2090 2363 2162 ﬁlii
2391 2093 2467 2147 tui
2509 2092 2648 2147 sicut
2686 2095 2906 2151 novellw
2929 2096 3205 2167 olivarum,
3248 2100 3303 2154 in
3332 2101 3559 2158 circuitu

1957 2199 2148 2239 mensa:
2181 2191 2306 2240 tute.
2338 2184 2492 2240 Hanc
2519 2185 2911 2245 beatitudinem
2951 2176 3191 2248 Joannes
3212 2207 3321 2249 non
3344 2192 3554 2252 habuit.

1958 2277 2197 2334 Joannes
2237 2278 2446 2352 utique,
2486 2288 2598 2337 tam
2645 2281 3027 2355 Evangelista,
3077 2302 3241 2357 quam
3271 2288 3557 2360 Baptista:

1960 2383 2190 2448 uterque
2229 2374 2376 2432 enim
2423 2377 2577 2449 virgo
2604 2377 2724 2434 fuit.
2756 2378 2906 2436 Hauc
2931 2380 3326 2441 beatitudinem
3359 2384 3563 2443 Paulus

1964 2483 2073 2524 non
2098 2468 2292 2526 habuit
2317 2470 2410 2542 qui
2437 2471 2608 2527 dicit:
2648 2470 2784 2528 Volo
2809 2483 2981 2530 autem
2999 2492 3173 2532 omnes
3193 2478 3269 2532 sic
3300 2495 3408 2535 esse
3428 2481 3563 2536 sicut

1964 2578 2045 2618 me
2070 2561 2115 2637 (ι
2141 2562 2264 2619 Cor.
2294 2578 2394 2631 vn,
2418 2562 2494 2636 7).
2536 2562 2749 2621 Videtis
2769 2580 2904 2638 ergo
2930 2568 3190 2638 quoniam
3219 2586 3362 2628 uxor
3382 2580 3440 2629 et
3467 2573 3567 2630 ﬁlii

1966 2657 2323 2729 spiritualiter
2348 2658 2695 2732 intelligendi
2720 2670 2870 2729 sunt,
2899 2661 3142 2736 alioquin
3173 2666 3276 2722 nisi
3308 2667 3569 2738 spiritua-

1966 2748 2095 2806 liter
2123 2750 2562 2809 intellexerimus
2586 2799 2600 2823 ,
2654 2753 2832 2825 angeli
2864 2755 3003 2812 hanc
3030 2756 3423 2817 beatitudinem
3454 2778 3564 2819 non

1967 2841 2193 2911 habent,
2219 2844 2346 2916 quia
2375 2844 2516 2902 ﬁlios
2543 2860 2645 2902 nos
2673 2845 2902 2904 habent.
2952 2847 3314 2910 Revertantur
3339 2868 3472 2928 ergo
3496 2855 3566 2913 ad

1969 2936 2218 2994 ordinem
2250 2938 2523 2997 lectionis.

2043 3028 2194 3086 Beati
2220 3048 2399 3089 omnes
2443 3034 2534 3104 qui
2579 3035 2758 3092 timent
2800 3037 3104 3095 Dominum.
3140 3040 3426 3110 Quomodo
3456 3060 3564 3102 non

1972 3132 2154 3195 potest
2201 3125 2419 3193 dicere,
2472 3126 2606 3184 Pars
2654 3145 2773 3186 mea
2820 3130 3116 3202 Dominus,
3147 3134 3252 3191 nisi
3280 3139 3369 3208 qui
3401 3138 3565 3196 aliam

269 3228 544 3289 interfecti
564 3237 714 3298 sunt,
740 3230 794 3284 in
827 3229 1141 3287 carceribus
1170 3236 1330 3286 erant
1354 3225 1673 3296 compediti.
1698 3224 1869 3292 Prop—
1894 3222 1943 3287 C
1974 3227 2183 3290 partem
2230 3220 2282 3275 in
2332 3222 2535 3277 saeculo
2575 3237 2685 3279 non
2719 3222 2921 3293 habet;
2966 3227 3046 3283 sic
3074 3243 3181 3283 non
3207 3228 3363 3287 timet
3393 3231 3567 3289 Deum

270 3331 422 3379 terea
472 3338 614 3379 nune
658 3322 861 3378 dicitur
896 3339 910 3376 :
967 3320 1189 3377 Posside
1229 3320 1371 3393 filios
1417 3319 1865 3389 mortificatorum.

270 3411 455 3468 Redde
498 3413 678 3469 vicinis
727 3413 919 3468 nostris
947 3411 1244 3486 septuplum
1270 3412 1327 3466 iu
1348 3411 1467 3466 sinu
1488 3426 1687 3466 eorum.
1739 3409 1871 3466 Mihi

269 3504 487 3562 videtur
533 3506 675 3576 quod
726 3521 837 3562 non
881 3513 1075 3562 contra
1110 3506 1236 3562 illos
1262 3514 1452 3578 rogat,
1480 3505 1578 3562 sed
1610 3520 1710 3576 pro
1737 3504 1868 3573 illis,

270 3598 379 3655 hoc
407 3607 493 3654 est
517 3640 533 3664 ,
585 3598 654 3654 da
692 3598 801 3654 illis
828 3599 1112 3656 sabbatum
1145 3610 1295 3656 tuum
1324 3618 1335 3653 :
1386 3599 1656 3655 sabbatum
1683 3608 1871 3656 autem

206 3716 221 3721 ο
272 3693 674 3763 interpretatur
720 3692 943 3763 requies.
994 3692 1150 3760 Quod
1198 3693 1332 3749 dicit
1367 3694 1471 3749 hoc
1510 3702 1632 3750 est:
1664 3693 1750 3749 lac
1774 3706 1871 3749 eos

272 3785 630 3857 requiescere
654 3784 708 3840 in
739 3783 948 3841 malitia
975 3798 1075 3840 sua
1099 3824 1116 3853 ,
1161 3793 1258 3841 aut
1277 3793 1434 3842 certe
1456 3784 1636 3852 aliter,
1677 3784 1765 3840 hic
1789 3784 1874 3841 eis

274 3878 468 3946 redde,
500 3888 687 3936 etnon
717 3862 803 3936 eis
831 3878 1031 3936 reddas
1057 3877 1112 3933 in
1144 3878 1348 3935 loturo.

352 3972 469 4029 Nos
517 3979 690 4029 autem
731 3971 962 4046 populus
999 3983 1121 4030 tuus
1153 3980 1200 4028 et
1228 3988 1343 4028 oves
1373 3986 1585 4043 pascuis
1607 3980 1728 4027 tum.
1770 3968 1876 4027 Ubi

275 4082 410 4125 oves
435 4066 592 4136 dicit,
620 4064 991 4124 innocentiam
1022 4066 1312 4138 signiﬁcat.
1352 4064 1496 4122 Oves
1534 4081 1643 4121 non
1674 4064 1877 4122 habent

278 4164 387 4220 nisi
419 4171 717 4234 pastorem.
772 4160 1144 4233 Conﬁtebimur
1173 4162 1264 4217 tibi
1294 4163 1349 4216 in
1377 4159 1651 4218 steculum.
1699 4141 1907 4231 Confi-'

281 4255 522 4321 lebimur,
549 4255 635 4312 vel
654 4254 1034 4327 pmuitentiam
1063 4255 1298 4328 agimus,
1320 4254 1409 4311 vel
1429 4265 1579 4312 certe
1599 4253 1743 4325 quod
1768 4269 1881 4311 me-

279 4347 388 4405 lius
415 4356 524 4416 est,
554 4347 947 4419 gloriﬁcamus.
985 4346 1049 4403 In
1077 4347 1462 4422 generationem
1495 4355 1544 4403 et
1581 4346 1878 4421 generatio-

281 4458 400 4496 nem
426 4482 442 4509 ,
494 4441 551 4496 in
602 4441 780 4512 primo
825 4441 1029 4514 populo
1072 4451 1127 4497 et
1170 4440 1414 4498 secundo
1459 4440 1680 4513 pupula.
1724 4439 1882 4496 Licet

280 4534 584 4592 secundum
651 4534 938 4591 historiam
994 4535 1161 4592 aliter
1204 4535 1420 4592 dicatur
1477 4536 1532 4591 in
1580 4531 1875 4590 Ezechiel:

1974 3313 2063 3384 qui
2114 3314 2269 3371 timet
2313 3314 2461 3371 aliud
2504 3315 2709 3388 aliquid
2758 3328 2914 3376 extra
2963 3321 3273 3379 Dominum.
3322 3324 3570 3399 Denique

1973 3405 2094 3477 ipse
2117 3406 2371 3464 Salvator
2390 3406 2523 3465 dicit
2547 3425 2561 3463 :
2594 3407 2773 3467 Nolite
2798 3413 2974 3469 timere
2994 3430 3083 3471 eos
3102 3416 3193 3489 qui
3222 3428 3436 3490 possunt
3457 3435 3572 3476 cor-

1974 3515 2071 3571 pus
2099 3499 2363 3568 occidere;
2409 3500 2500 3555 sed
2530 3517 2648 3557 eum
2668 3504 2840 3560 timete
2862 3506 2951 3578 qui
2981 3515 3147 3576 potest
3174 3525 3361 3584 corpus
3386 3521 3432 3567 et
3455 3513 3575 3567 ani-

1975 3609 2115 3647 mam
2160 3594 2395 3650 occidere
2442 3595 2499 3649 in
2541 3596 2824 3671 gehennam
2876 3598 3057 3669 (Matt.
3090 3616 3147 3670 ι,
3175 3601 3293 3674 28).
3361 3598 3574 3662 Videtis

1977 3701 2115 3759 ergo
2159 3687 2308 3760 quod
2351 3688 2500 3745 aliud
2545 3689 2747 3761 aliquid
2808 3700 2968 3748 extra
3017 3693 3190 3750 Deum
3230 3695 3426 3765 timet,
3480 3699 3578 3769 qui

1982 3781 2151 3837 Deum
2182 3797 2291 3838 non
2319 3782 2497 3840 timet.
2546 3783 2649 3852 Qui
2694 3785 2838 3839 timet
2885 3783 3210 3857 Dominum,
3255 3804 3378 3860 quae
3422 3790 3576 3862 signa

1976 3872 2181 3932 habet?
2207 3876 2295 3947 qui
2338 3876 2567 3933 ambulat
2604 3878 2661 3934 in
2696 3878 2792 3934 viis
2817 3880 2949 3951 ejus.
2996 3879 3181 3937 Multa:
3209 3892 3337 3938 sunt
3376 3882 3477 3939 viae
3521 3893 3579 3941 et

1978 3970 2165 4028 multa:
2208 3971 2310 4027 vite
2353 3970 2562 4028 ducunt
2604 3971 2675 4028 ad
2704 3986 2865 4028 unam
2893 3972 3061 4029 viam.
3104 3972 3352 4047 Denique
3377 3974 3580 4033 dicitur

1976 4074 2036 4143 et
2065 4066 2121 4121 in
2147 4064 2378 4122 .lcremia
2407 4082 2423 4122 :
2472 4063 2541 4121 Et
2566 4074 2699 4121 state
2720 4067 2773 4121 in
2796 4066 2890 4121 t'iis
2914 4065 3153 4135 Domini,
3186 4076 3235 4122 et
3265 4068 3582 4141 interrogate

1981 4159 2193 4215 semitas
2215 4159 2330 4231 ejus
2350 4166 2572 4215 celeritas
2594 4200 2609 4226 ,
2653 4167 2700 4214 et
2728 4158 2998 4214 invenietis
3025 4158 3187 4225 viam,
3219 4167 3267 4215 et
3288 4159 3584 4216 ambulabi-

1983 4253 2050 4311 tis
2076 4253 2133 4309 in
2160 4270 2221 4309 ea
2248 4250 2467 4327 (Ierem.
2498 4267 2574 4318 vr,
2609 4251 2723 4324 l6).
2772 4250 2970 4308 Videte
2997 4250 3127 4322 quid
3154 4250 3331 4321 dicat,
3360 4262 3417 4310 et
3441 4263 3583 4313 state

1983 4346 2041 4403 in
2063 4345 2193 4417 viis,
2223 4357 2277 4403 et
2302 4344 2637 4417 interrogate
2664 4342 2782 4401 vias
2814 4343 3030 4400 Domini
3059 4351 3316 4414 aeternas,
3348 4356 3402 4402 ct
3430 4346 3585 4405 inve-

1983 4440 2147 4498 nietis
2176 4455 2341 4497 unam
2388 4440 2530 4498 viam
2555 4485 2571 4511 ,
2620 4445 2679 4497 et
2723 4437 2998 4495 ambulate
3029 4438 3083 4494 in
3111 4453 3197 4495 ea.
3230 4438 3423 4498 Videte
3448 4458 3585 4515 quo-

1986 4534 2150 4592 modo
2175 4549 2271 4606 per
2297 4535 2487 4606 plures
2515 4533 2632 4590 vias
2660 4532 2914 4589 venimus
2943 4531 3013 4589 ad
3045 4547 3208 4590 unam
3252 4533 3417 4591 viam.
3467 4535 3584 4595 Hoc

281 4638 468 4686 tanien
492 4629 791 4686 secundum
820 4628 1231 4700 intelligentiam
1258 4628 1598 4701 spiritualem
1625 4629 1729 4684 hoc
1748 4626 1881 4684 dici-
1906 4631 1960 4692 D
1986 4627 2193 4684 dicitur
2233 4639 2289 4683 et
2327 4625 2385 4682 in
2420 4625 2720 4697 Evangelia
2749 4624 2875 4680 aliis
2901 4625 3083 4681 verbis
3112 4625 3215 4683 sub
3238 4626 3339 4682 alia
3370 4628 3585 4701 signiﬁ-

281 4738 430 4792 mus,
454 4722 710 4794 quoniam
741 4721 863 4778 ista:
892 4721 1014 4778 dua:
1040 4731 1231 4793 gentes
1256 4766 1273 4793 ,
1304 4721 1410 4779 hoc
1428 4730 1541 4791 est,
1566 4721 1689 4779 dute
1713 4721 1877 4794 virga:

278 4818 586 4892 junguntur
612 4817 667 4873 in
696 4816 980 4883 Ezechiel,
1009 4824 1066 4872 et
1103 4817 1164 4871 tit
1193 4833 1360 4873 unum
1388 4832 1639 4889 regnum.
1691 4816 1761 4871 1n
1787 4832 1879 4887 ge-

284 4914 609 4969 nerationem
665 4921 713 4966 et
757 4911 1142 4983 generationem
1195 4910 1623 4966 annuntiabimus
1669 4908 1882 4965 laudem

284 5016 451 5062 tuam.
504 5006 898 5079 Apostolorum
927 5021 1032 5061 vox
1081 5015 1185 5061 est.
1237 5006 1433 5062 Petrus
1464 5008 1516 5062 in
1552 5004 1750 5077 pepulo
1770 5007 1881 5062 cir-

286 5102 664 5167 cumcisionis;
695 5100 895 5157 Paulus
924 5107 980 5156 et
1006 5098 1285 5155 Barnabas
1315 5100 1369 5155 in
1405 5099 1680 5171 gentibus.

778 5192 1097 5251 PSALMUS
1133 5192 1393 5249 CXXVII.

360 5286 514 5343 Beati
544 5303 717 5343 omnes
743 5291 835 5359 qui
860 5287 1038 5343 timent
1070 5285 1370 5342 Dominum.
1423 5285 1526 5356 Qui
1559 5286 1752 5342 timent
1773 5286 1884 5344 Do-

289 5382 503 5441 minum
533 5382 680 5453 quod
703 5382 907 5438 habent
936 5384 1245 5454 praemium,
1276 5397 1436 5454 quam
1462 5381 1761 5439 coronam?
1793 5379 1885 5436 Vi-

290 5477 520 5535 deamus
580 5491 742 5546 quam
789 5475 1027 5534 habeant
1077 5477 1294 5534 laudem
1322 5520 1338 5547 ,
1389 5476 1533 5546 quod
1574 5473 1883 5547 praemium.

290 5570 486 5627 Beatus
513 5585 586 5637 es,
622 5579 669 5624 et
698 5569 825 5624 bene
854 5570 946 5625 tibi
968 5572 1087 5626 erit.
1137 5571 1258 5628 Jam
1290 5569 1402 5627 dixi
1431 5569 1500 5627 de
1527 5567 1887 5638 beatitudine,

293 5677 485 5734 quaero
532 5661 925 5719 beatitudinem
973 5680 1097 5735 qua:
1136 5663 1227 5719 sit.
1281 5662 1383 5732 Qui
1413 5663 1566 5720 timet
1598 5662 1891 5719 Dominum

293 5770 458 5827 quam
491 5754 656 5813 habet
680 5754 1115 5813 beatitudinem?
1147 5756 1292 5813 Uxor
1318 5767 1409 5813 tua
1434 5758 1568 5813 sicut
1594 5756 1711 5813 vitis
1733 5756 1898 5812 abun—

300 5848 436 5905 dans
461 5891 477 5922 ,
505 5849 560 5908 in
597 5850 842 5906 lateribus
867 5851 1051 5907 domus
1072 5862 1193 5909 tute.
1249 5850 1377 5909 Filii
1407 5854 1484 5910 tui
1504 5854 1642 5921 sicut
1670 5850 1892 5913 novella:

589 5944 865 6008 Pnnou.
913 5943 1150 6009 XXVI.

1988 4720 2208 4778 catione
2237 4718 2516 4788 parabolae
2544 4719 2612 4775 de
2640 4717 2737 4773 illo
2762 4717 3102 4790 negotiatore
3130 4719 3220 4791 qui
3249 4718 3441 4775 habuit
3466 4720 3587 4792 plu-

1988 4827 2081 4872 res
2107 4811 2455 4884 margaritas,
2485 4810 2578 4883 qui
2605 4809 2851 4867 vendidit
2878 4824 2993 4877 eas,
3023 4819 3081 4868 et
3104 4811 3238 4867 emit
3268 4826 3429 4867 unam
3457 4828 3581 4883 pre-

1991 4906 2343 4964 tiosissimam
2369 4903 2739 4976 margaritam.
2755 4903 2909 4973 Quod
2928 4903 3175 4961 dicithoc
3197 4913 3299 4973 est,
3316 4905 3585 4966 llabetotc

1992 5000 2259 5072 plurimas
2289 4998 2647 5071 margaritas,
2677 5006 2733 5053 et
2762 5007 2904 5053 atate
2929 4996 2984 5052 in
3014 4996 3137 5052 viis.
3190 4994 3305 5053 Hoc
3330 5006 3417 5053 est
3443 5009 3589 5059 state

1995 5095 2049 5152 in
2081 5095 2204 5165 viis,
2228 5103 2285 5150 et
2315 5094 2652 5165 interrogate
2675 5093 2900 5157 semitas
2928 5089 3145 5146 Domini
3172 5097 3428 5148 aeternas.
3460 5093 3593 5152 Pul-

1997 5189 2128 5247 chre
2177 5197 2450 5255 aeternas,
2504 5203 2574 5243 ne
2614 5195 2927 5259 putaremus
2956 5182 3194 5241 adventu
3224 5186 3454 5259 Christi,
3490 5189 3595 5250 Le-

1995 5298 2120 5357 gem
2158 5293 2213 5341 et
2257 5283 2546 5356 prophetas
2574 5296 2697 5340 esse
2719 5281 2922 5337 ﬁnitos.
2967 5278 3076 5337 Sed
3106 5278 3235 5339 vide
3266 5283 3394 5355 quid
3422 5284 3592 5344 dicat.

1997 5378 2151 5438 State
2180 5379 2234 5436 in
2273 5378 2375 5435 viis
2397 5421 2413 5447 ,
2442 5378 2498 5435 in
2528 5376 2673 5450 Lege
2703 5386 2758 5433 et
2783 5373 3098 5447 prepbetis,
3130 5385 3186 5432 et
3215 5384 3357 5435 state
3386 5379 3439 5435 in
3465 5380 3593 5438 viis.

1997 5474 2179 5533 Nolite
2227 5473 2308 5531 sic
2346 5472 2573 5531 credere
2614 5471 2668 5528 in
2716 5469 2802 5527 via
2856 5483 3004 5539 una,
3067 5476 3127 5526 ut
3171 5468 3457 5530 dimittatis
3481 5474 3601 5532 vias

2001 5567 2302 5641 plurimas;
2336 5564 2435 5623 sed
2466 5572 2606 5621 state
2633 5562 2690 5619 in
2721 5560 2854 5632 viis,
2885 5561 3220 5633 interrogate
3240 5562 3467 5622 semitas
3496 5566 3604 5623 Do-

2004 5663 2137 5719 mini
2184 5671 2436 5719 :eteruas.
2470 5658 2811 5743 Interrogate
2833 5656 3056 5715 semitas
3090 5658 3336 5729 Domini,
3364 5662 3492 5734 quid
3522 5662 3606 5721 div

2002 5758 2147 5815 xerit
2191 5754 2457 5815 Jeremias
2485 5796 2499 5822 ,
2542 5753 2727 5823 Isaias,
2773 5752 3053 5822 Ezechiel,
3099 5753 3230 5827 quid
3252 5755 3443 5813 caeteri
3474 5770 3606 5827 pro-

2007 5852 2558 5927 phetaeJntcrrogatc
2588 5847 2811 5908 semitas
2837 5871 2852 5909 :
2884 5848 3077 5907 melius
3099 5847 3298 5909 dicitur
3326 5849 3381 5907 in
3422 5849 3616 5911 Graeco
