4008 6336
340 310 490 386 I29!

1329 322 1531 392 LIBER
1564 330 1656 393 DE
1695 324 2155 395 EXPOSMONE
2215 330 2662 397 PSALIIOHUM.

3510 347 3650 411 ηθι

343 450 398 494 nt
425 438 565 495 filios
589 434 645 497 δε
667 438 807 498 tilias
830 439 885 498 in
910 440 1210 512 Scripturis
1236 446 1592 517 spiritualiter
1635 446 1943 520 intelligere
1973 450 2013 507 Α
2046 455 2150 509 est,
2176 458 2368 513 custos,
2403 449 2535 503 nihil
2560 449 2610 504 ei
2667 448 2903 505 infundit
2951 451 3054 507 nisi
3107 453 3291 511 vinum
3336 462 3395 512 et
3440 458 3644 517 oleum.

345 535 659 592 debeamus.
729 535 875 593 Uxor
898 544 989 593 tua
1017 540 1151 594 sicut
1189 540 1305 594 vitis
1333 539 1604 596 abundans
1630 544 1682 596 in
1701 534 1944 599 lateribus

348 628 535 682 domus
565 632 687 683 tum.
723 628 875 686 Sicut
898 630 1021 687 vitis
1045 631 1327 687 abundans
1355 633 1619 704 plurimos
1644 634 1828 689 botros
1850 630 1945 688 ha-

347 722 459 788 bet,
491 725 569 779 sic
598 731 651 779 et
682 739 820 780 uxor
851 738 1056 793 nostra,
1084 728 1185 782 hoc
1212 737 1316 793 est,
1359 730 1624 797 sapientia
1654 742 1787 783 uxor
1811 744 1941 783 nus-

343 823 448 882 tra,
471 830 592 887 qum
619 826 815 888 sponsa
848 826 953 874 est.
1005 819 1251 892 Denique
1283 820 1541 877 scribitur
1566 824 1617 876 in
1640 822 1748 877 alio
1776 822 1895 877 loco
1925 839 1938 877 :

346 909 499 975 Veni,
532 926 703 980 soror,
733 926 846 967 mea
871 929 1061 985 sponsa
1090 911 1264 986 (Cant.
1296 930 1350 982 ν,
1386 916 1462 984 t).
1520 914 1597 971 Ne
1627 915 1681 970 in
1709 930 1777 971 eo
1797 916 1941 986 quod

338 1001 571 1072 dixerat,
604 1020 815 1074 sponsa,
876 1015 1035 1075 turpe
1074 1007 1275 1078 aliquid
1293 1007 1648 1081 intelliget-es.
1695 1008 1941 1079 jungitur

334 1111 516 1164 soror;
554 1098 611 1152 ut
638 1096 816 1153 omnis
848 1100 1020 1168 turpis
1039 1110 1194 1155 amor
1228 1100 1568 1156 excludatur.
1594 1100 1753 1167 Veni,
1780 1114 1942 1157 soror

335 1204 481 1251 mea,
516 1196 739 1245 sanctus
762 1193 905 1247 enim
931 1208 1085 1248 amor
1114 1195 1205 1259 sit,
1236 1202 1288 1248 et
1308 1204 1595 1265 propterea
1620 1204 1671 1248 to
1693 1208 1938 1249 sororem

333 1282 475 1338 'voco
501 1289 562 1338 et-
586 1296 844 1353 sponsam
873 1298 1069 1342 meam.
1096 1285 1393 1355 Propterea
1432 1298 1484 1342 te
1505 1300 1759 1357 sponsam
1780 1300 1933 1352 voco,

333 1383 395 1431 ut
423 1374 650 1432 habeam
678 1386 929 1444 uxorem,
950 1387 1006 1430 et
1033 1378 1103 1433 de
1130 1382 1183 1433 te
1212 1378 1352 1434 illius
1383 1377 1579 1434 faciam
1630 1379 1833 1449 plures.
1877 1380 1939 1432 ti-

332 1466 438 1522 Iios
463 1464 647 1537 plures
663 1469 818 1539 quasi
846 1469 918 1523 de
942 1469 1054 1525 vite
1083 1470 1289 1525 botros.
1344 1469 1631 1538 Quomodo
1671 1471 1795 1524 vitis
1837 1470 1936 1523 ha-

331 1557 458 1615 beat
479 1558 729 1616 diversos
754 1560 961 1617 botros.
993 1562 1063 1617 Et
1092 1574 1195 1616 una
1217 1561 1437 1631 (pridem
1460 1561 1618 1617 radix
1671 1571 1778 1617 est.
1829 1561 1935 1619 Sed

330 1654 492 1726 longe
546 1656 763 1727 lateque
822 1655 929 1711 huc
982 1664 1147 1726 atque
1184 1656 1315 1712 illuc
1339 1656 1555 1727 ﬂagella
1579 1655 1850 1722 diffundit,
1881 1667 1939 1711 et

330 1746 446 1817 Ipsa
475 1746 685 1818 ﬂagella
721 1747 931 1804 habent
951 1748 1157 1803 fructus
1178 1756 1328 1817 suos,
1355 1757 1410 1805 et
1433 1749 1486 1803 in
1510 1749 1643 1820 ipsis
1667 1748 1935 1805 trucibus

2053 540 2246 597 Vinum
2273 543 2645 599 austeritatem
2677 554 3094 616 praeceptorum,
3148 550 3332 606 vinum
3370 554 3640 626 typicum;

2048 641 2107 688 ut
2136 635 2512 706 quodcumque
2541 637 2667 713 mali
2698 636 2946 694 humoris
2976 649 3057 695 est
3083 651 3352 714 excoquat
3391 655 3447 701 et
3481 663 3645 703 exco-

2048 727 2248 783 medat.
2273 727 2543 796 Quoniam
2569 739 2751 785 autem
2776 731 3008 787 humana
3037 731 3305 805 fragilitas
3326 753 3433 793 non
3467 750 3649 811 potest

2046 818 2328 874 veritatem
2358 818 2522 876 ferre.
2548 820 2610 876 Si
2639 822 2778 876 enim
2799 824 3100 893 iniquitates
3127 828 3382 894 attendas,
3403 830 3643 904 Domine,

2045 909 2291 977 Domine,
2313 913 2428 984 quis
2452 912 2721 968 sustinebit
2743 913 2914 984 (Psal.
2946 930 3127 985 onis,
3159 918 3218 990 5)
3236 918 3260 972 ?
3279 919 3337 977 Si
3357 922 3502 978 enim
3532 933 3645 981 tan-

2046 1006 2158 1056 tum
2182 1003 2545 1070 justnsfnerit
2575 1004 2855 1072 Dominus,
2908 1021 3009 1064 nos
3066 1010 3251 1067 vivere
3300 1027 3405 1068 non
3455 1029 3647 1084 possu-

2045 1110 2186 1151 mus.
2208 1096 2505 1168 Propterea
2529 1098 2754 1169 justitite
2779 1100 2973 1171 ipsius,
3031 1102 3133 1159 hoc
3166 1113 3273 1173 est,
3321 1107 3451 1164 vino
3483 1110 3645 1167 mise-

2044 1186 2297 1243 ricordiae
2328 1191 2509 1245 oleum
2530 1191 2844 1261 adjunctum
2876 1203 2982 1248 est.

2119 1279 2253 1335 Ecce
2277 1283 2356 1336 sic
2379 1282 2705 1339 benedicetar
2724 1287 2877 1339 homo
2903 1287 2994 1353 qui
3022 1289 3164 1343 timet
3190 1289 3491 1348 Dominum.
3520 1295 3640 1352 lam

2043 1372 2213 1426 multa
2245 1373 2413 1429 Iocttti
2439 1390 2647 1442 sumus,
2677 1376 2997 1435 festinemus
3022 1379 3088 1434 ad
3140 1380 3321 1438 linem.
3361 1384 3646 1444 Benedicat

2041 1462 2360 1521 teDomiuus
2387 1483 2452 1521 ea:
2484 1469 2637 1523 Sion.
2672 1468 2749 1525 De
2785 1472 2886 1526 ista
2930 1470 3060 1528 Sion
3079 1458 3142 1528 ἐι
3188 1479 3460 1543 quomodo
3514 1481 3648 1537 dicit

2040 1558 2181 1614 alius
2234 1560 2545 1633 propheta:
2607 1563 2740 1618 Sion
2787 1566 2941 1636 quasi
2992 1582 3116 1639 ager
3161 1571 3397 1626 arabitur
3420 1574 3638 1648 (Jerem.

2042 1654 2309 1724 lxvt,l8).
2331 1654 2534 1717 Dicitet
2551 1657 2839 1714 Dominus:
2859 1657 3171 1730 Jerusalem,
3186 1663 3502 1735 Jerusalem,
3521 1685 3637 1740 quo:

2041 1745 2235 1800 occidis
2255 1748 2537 1819 preplietas
2559 1758 2603 1801 et
2634 1748 2840 1821 lepidas
2862 1767 2949 1805 eos
2982 1756 3071 1822 qui
3113 1756 3182 1809 ad
3234 1768 3282 1810 te
3321 1758 3465 1814 missi
3518 1774 3641 1817 sunt

327 1849 456 1895 sunt
488 1841 651 1903 botri,
699 1849 755 1895 ct
808 1839 948 1896 alius
993 1840 1183 1897 botrtts
1230 1842 1404 1913 major
1428 1851 1530 1906 est,
1561 1842 1701 1896 alius
1733 1845 1932 1907 minor,
1966 1846 2013 1908 Β
2043 1835 2264 1905 (Hann.
2321 1852 2477 1905 χχιιι,
2506 1838 2636 1911 57).
2690 1839 2936 1912 Denique
2986 1860 3108 1900 cum
3154 1851 3647 1919 appropinquasset

326 1931 437 1988 alia
458 1932 667 2001 majora
694 1946 860 2003 grana
883 1942 1027 1997 sunt,
1057 1932 1162 1988 alia
1216 1933 1463 1997 minora;
1509 1933 1591 1989 sic
1644 1942 1700 1987 et
1738 1933 1806 1989 de
1844 1947 1936 1987 sa-

329 2024 529 2095 pientia
550 2070 563 2093 ,
593 2039 715 2096 qum
744 2036 823 2080 cst
857 2041 993 2080 uxor
1045 2035 1227 2081 nostra
1257 2043 1269 2079 :
1312 2026 1360 2080 si
1412 2034 1594 2080 tamen
1644 2039 1934 2096 numquam

325 2135 449 2177 eam
477 2114 864 2186 dimiserimus,
900 2123 1084 2189 plures
1109 2131 1404 2177 nascuntur
1456 2120 1617 2188 botri,
1677 2119 1781 2176 hoc
1828 2130 1933 2189 est,

326 2218 559 2272 virtutes
582 2215 867 2286 plurimm;
902 2225 1100 2271 sancit!
1140 2214 1519 2286 cogitationes,
1565 2229 1730 2282 opera
1792 2228 1931 2283 prae-

327 2313 497 2369 clara.
530 2309 666 2366 Filii
696 2313 775 2365 lui
794 2312 924 2365 sicut
950 2310 1165 2366 novella:
1193 2311 1447 2366 olivarum
1472 2310 1525 2363 in
1552 2311 1768 2365 circuitu
1791 2325 1935 2364 men-

326 2423 401 2461 sa:
430 2414 552 2462 tute.
590 2405 842 2477 Legimus
877 2408 930 2460 itt
963 2406 1072 2461 alio
1096 2407 1216 2462 loco
1242 2420 1256 2456 :
1288 2404 1357 2459 Et
1387 2408 1561 2461 vinum
1590 2405 1817 2476 ludificat
1845 2421 1933 2459 cor

327 2499 556 2555 hominis
614 2498 786 2570 (Paul.
821 2514 933 2565 cut,
964 2500 1074 2571 I5).
1104 2498 1355 2569 Legimus
1380 2507 1437 2553 et
1458 2499 1511 2553 in
1531 2498 1770 2553 Canticis
1789 2498 1928 2551 ϐιη-

327 2594 607 2648 ticorum:
655 2593 848 2651 Venite.
900 2594 1111 2661 fratres,
1161 2591 1314 2646 bibite
1358 2602 1408 2647 et
1452 2592 1801 2647 inebriamini.
1862 2590 1932 2645 Et

324 2688 511 2743 viuum
540 2686 686 2758 quod
719 2685 954 2741 laetiﬁcat
980 2700 1075 2741 cor
1118 2686 1373 2740 hominis.
1429 2685 1540 2739 lluc
1586 2685 1769 2740 vinum
1822 2698 1927 2738 non

325 2780 564 2837 laetiﬁcat
582 2794 677 2835 cor
704 2780 979 2845 hominis;
1015 2779 1106 2832 sed
1138 2778 1339 2844 obruit,
1369 2790 1425 2832 ct
1476 2780 1723 2833 insanum
1775 2777 1926 2832 facit.

325 2874 575 2944 Denique
601 2875 883 2939 scribitur,
940 2882 999 2928 ttt
1037 2873 1129 2944 qui
1176 2883 1409 2945 potentes
1453 2881 1594 2937 sunt,
1627 2873 1799 2927 sinunt
1826 2887 1929 2926 non

327 2967 889 3040 bibant(Prov.xxxr,
921 2965 1000 3040 4).
1048 2966 1251 3023 Scribit
1304 2975 1362 3023 et
1419 2966 1733 3037 Apostolus,
1788 2981 1925 3037 qun-

325 3060 470 3116 biam
493 3074 600 3115 non
620 3061 880 3115 debemus
905 3060 1087 3114 vinum
1126 3058 1313 3115 bibere
1336 3068 1393 3115 et
1432 3074 1651 3115 carnem
1702 3058 1929 3113 mandu-

323 3170 451 3212 care
474 3154 653 3228 (Rom.
689 3157 822 3225 xiv).
856 3155 1091 3210 Rursum
1122 3154 1319 3209 dicitur
1364 3153 1524 3209 nobis
1555 3171 1569 3208 :
1621 3154 1687 3208 Et
1739 3154 1924 3207 viuum

2045 1927 2311 1983 Dominus
2336 1928 2404 1983 ad
2462 1928 2762 1986 Jerusalem
2805 1943 2861 1986 et
2903 1935 3146 2003 vidisset,
3194 1936 3362 1993 llevit.
3417 1942 3646 2008 Quando

2040 2031 2221 2076 autem
2244 2021 2462 2078 dellevit
2514 2024 2674 2079 eam?
2727 2024 2855 2081 Ideo
2916 2029 3102 2100 utique
3150 2031 3297 2088 ﬂevit
3355 2036 3641 2109 ruituram,

2038 2117 2190 2186 quasi
2225 2118 2539 2183 perituram.
2572 2119 2814 2189 Denique
2841 2122 2970 2191 quid
3000 2124 3170 2179 dicit?
3204 2126 3434 2199 Surgite,
3463 2146 3642 2188 eamus

2037 2207 2180 2264 hinc.
2206 2210 2272 2265 Et
2295 2212 2349 2266 in
2374 2210 2481 2265 alio
2526 2212 2646 2267 loco
2692 2214 2836 2284 quod
2878 2214 3048 2271 dicit:
3095 2218 3439 2292 Relinquetur
3502 2226 3639 2282 vobis

2037 2307 2221 2359 domus
2240 2314 2408 2359 vestra
2436 2304 2660 2369 deserta.
2696 2306 2839 2378 Ergo
2871 2309 2974 2363 hoc
3001 2311 3148 2379 quod
3182 2314 3337 2378 dicit,
3368 2316 3632 2374 benedicut

2036 2405 2086 2450 te
2114 2395 2371 2452 Dominus
2393 2414 2458 2452 ea:
2487 2397 2642 2464 Sion,
2673 2414 2777 2455 non
2799 2400 2931 2455 dicit
2961 2401 3119 2458 istam
3138 2403 3270 2460 Sion
3293 2423 3453 2474 quam
3484 2410 3635 2467 vide-

2036 2504 2155 2545 mus
2174 2505 2297 2547 esse
2318 2492 2611 2547 desertam.
2649 2492 2780 2561 lpme
2813 2506 3003 2564 portat,
3023 2509 3077 2551 et
3105 2499 3218 2563 ipse
3245 2514 3395 2571 ager,
3419 2514 3472 2559 et
3494 2506 3630 2575 ipse:

2031 2586 2202 2641 ruime
2256 2588 2388 2641 iram
2439 2586 2649 2642 Domini
2705 2588 3033 2656 signiﬁcant.
3090 2592 3313 2649 Etiamsi
3340 2612 3440 2652 nos
3468 2599 3625 2668 igno-

2035 2693 2239 2744 ramus,
2270 2680 2412 2734 oculi
2445 2680 2542 2747 ipsi
2588 2680 2827 2736 clamant
2873 2684 3004 2738 iram
3053 2686 3281 2742 ltumini.
3346 2688 3627 2747 Benedicat

2032 2781 2081 2826 te
2096 2769 2354 2828 Dominus
2372 2789 2436 2827 ex
2465 2773 2617 2829 Sion.
2645 2774 2774 2830 Sion
2799 2775 3184 2843 interpretatur
3211 2782 3445 2849 specula.
3476 2780 3633 2839 Jeru-

2030 2864 2189 2919 salem
2219 2865 2609 2936 interpretatur
2642 2866 2768 2920 visio
2804 2868 2968 2939 pacis.
3002 2869 3058 2923 Si
3086 2872 3266 2925 anima
3297 2883 3478 2929 nostra
3510 2891 3635 2946 spe-

2027 2960 2204 3014 culam
2232 2959 2506 3016 habuerit.
2538 2959 2595 3016 Si
2625 2961 2680 3015 in
2703 2960 2933 3016 sublime
2966 2963 3148 3018 fuerit.
3196 2965 3254 3022 Si
3287 2981 3395 3022 non
3418 2969 3489 3024 de
3521 2978 3635 3027 ter-

2028 3052 2177 3107 renis
2205 3054 2549 3123 cogitaverit,
2580 3054 2676 3107 sed
2704 3053 2772 3109 de
2803 3054 3150 3112 sublimibus.
3194 3057 3249 3113 Si
3278 3059 3456 3114 anima
3508 3080 3628 3118 nos-

2028 3154 2109 3200 tra
2149 3144 2402 3200 habuerit
2424 3145 2690 3201 visionem
2724 3149 2891 3215 pacis,
2935 3148 3039 3203 huc
3096 3160 3201 3217 est,
3261 3152 3306 3207 si
3350 3152 3628 3225 Christus,

324 3246 564 3303 Iattilicat
587 3261 683 3302 cor
724 3245 979 3301 houtinis.
1020 3246 1124 3301 Sed
1159 3248 1340 3300 viuum
1389 3245 1592 3301 dicitur
1620 3245 1922 3315 spirituale,
1952 3239 1999 3302 C
2028 3241 2120 3311 qui
2147 3254 2270 3295 vera
2304 3255 2402 3310 pax
2432 3248 2538 3308 est,
2573 3240 2894 3299 habitaverit
2922 3246 2973 3299 iu
2995 3259 3057 3301 ea
3091 3259 3105 3301 :
3139 3247 3254 3316 ipse
3305 3267 3403 3305 nos
3448 3252 3630 3310 bene.

322 3340 468 3413 quod
497 3341 541 3394 si
566 3340 689 3411 quis
720 3339 925 3395 biberit
969 3340 1152 3395 statim
1206 3339 1528 3394 inebriatur.
1580 3338 1687 3393 Vos
1708 3352 1921 3407 omnes,

322 3442 383 3488 ut
408 3433 753 3489 dimitteretis
785 3434 1161 3501 possessiones
1189 3442 1422 3497 vestras,
1454 3443 1508 3487 et
1534 3441 1786 3502 parentes
1803 3447 1924 3487 vcs-

325 3534 461 3591 tros,
493 3535 545 3579 et
586 3526 724 3580 ﬁlios
756 3535 809 3581 et
854 3525 1065 3590 attines,
1099 3526 1314 3582 bibistis
1336 3527 1544 3591 vinum,
1590 3533 1647 3580 et
1673 3523 1922 3581 inebriati

321 3632 425 3689 pro
449 3617 667 3671 Christo
705 3619 947 3673 insanire
971 3620 1233 3687 coepistis.
1257 3618 1372 3673 Non
1395 3619 1551 3675 vobis
1571 3619 1783 3675 videtur
1802 3634 1924 3675 esse

321 3709 600 3767 ebrietas?
651 3725 756 3765 non
803 3712 957 3766 vobis
1001 3712 1218 3767 videtur
1241 3713 1541 3780 spiritualis
1572 3712 1804 3778 insania,
1828 3713 1921 3770 de-

322 3804 481 3861 licias
510 3811 884 3870 contemnere,
912 3804 1104 3859 sordes
1137 3813 1417 3873 appetere,
1437 3804 1621 3874 fugere
1650 3806 1918 3869 civitates,

321 3899 538 3955 deserta
566 3898 786 3962 sectari,
815 3897 1028 3953 nescire
1057 3896 1304 3962 allectus,
1327 3899 1576 3968 ignorare
1600 3898 1780 3952 carnis
1797 3906 1923 3966 pro-

325 3994 704 4065 pinquitatem,
763 4004 818 4049 et
870 3993 1046 4049 solum
1104 4008 1265 4048 nosse
1310 3992 1622 4048 Christum?
1679 3995 1918 4063 Denique

322 4086 554 4157 aposmli
586 4086 691 4142 hoc
716 4085 843 4139 vino
870 4084 1118 4141 inebriati
1145 4095 1324 4152 erant,
1370 4095 1425 4142 et
1457 4095 1745 4156 propterea
1784 4086 1921 4140 dici-

324 4189 414 4235 tur
442 4177 565 4235 eis:
599 4177 776 4233 Hasta
829 4187 947 4233 sunt
992 4180 1131 4248 pleni
1182 4179 1318 4251 (Act.
1355 4180 1550 4251 “.15).
1606 4180 1721 4235 Non
1771 4180 1915 4235 enim

320 4272 541 4328 fuerant
569 4271 816 4328 inebriati
847 4271 917 4328 de
939 4271 1083 4345 Lege
1110 4274 1304 4343 veteri,
1368 4273 1464 4328 scd
1496 4273 1565 4329 de
1597 4274 1914 4344 Evangelia.

318 4361 437 4419 Nee
462 4379 593 4435 ergo
618 4374 771 4436 puto,
795 4365 939 4437 quod
963 4368 1037 4420 ita
1066 4366 1363 4421 inebriatus
1393 4368 1460 4420 sit
1489 4366 1589 4420 hoc
1614 4365 1756 4420 vino.
1786 4364 1917 4421 Filii

314 4457 398 4512 uti
420 4460 554 4512 sicut
583 4459 799 4513 novellae
825 4459 1096 4513 olivarum.
1125 4456 1268 4513 Nulli
1294 4458 1381 4511 alii
1411 4466 1799 4528 comparantur
1821 4458 1914 4514 lilii

319 4551 493 4607 nostri
525 4552 629 4606 nisi
658 4552 885 4607 novella:
912 4552 1202 4606 olivarum.
1235 4550 1348 4606 Non
1369 4550 1511 4607 dixit
1537 4551 1694 4607 olivae
1715 4554 1909 4623 veteri,

2028 3332 2181 3387 dicit.
2217 3333 2273 3388 Si
2301 3331 2623 3389 habitaverit
2667 3337 2719 3390 in
2743 3339 2900 3392 nobis
2939 3339 3208 3406 Christus,
3263 3353 3320 3399 et
3360 3359 3459 3400 nos
3515 3350 3630 3403 eri-

2029 3446 2149 3486 mus
2171 3431 2322 3487 Sion.
2359 3431 2427 3486 Et
2457 3448 2554 3486 ttus
2592 3433 2798 3489 erimus
2822 3433 3149 3493 Jerusalem.
3183 3437 3248 3493 Et
3278 3441 3449 3496 videas
3489 3443 3629 3511 filios

2025 3523 2277 3593 ﬁliorum.
2314 3524 2426 3594 Ego
2450 3525 2605 3581 vobis
2634 3526 2849 3596 loquor.
2881 3526 2938 3583 Si
2972 3543 3039 3582 ex
3094 3545 3219 3586 meo
3248 3548 3504 3590 sermone
3530 3552 3630 3591 vos

2026 3618 2358 3683 instruxere,
2393 3618 2503 3672 vidi
2529 3618 2670 3674 tilios
2701 3635 2851 3675 meos
2883 3638 2900 3674 :
2931 3622 2975 3676 si
3018 3637 3118 3678 vos
3161 3625 3298 3679 alios
3342 3627 3625 3685 instruxe-

2024 3709 2165 3771 ritis,
2192 3708 2301 3763 vidi
2329 3709 2467 3764 Illius
2499 3710 2733 3765 ﬁliorum
2777 3727 3043 3767 meorum.
3078 3714 3312 3771 Oremus
3333 3717 3497 3789 igitur
3523 3722 3627 3776 Do-

2025 3801 2254 3866 minum,
2284 3810 2341 3855 ut
2368 3801 2663 3858 habeamus
2705 3804 2867 3868 filios,
2916 3804 3212 3863 habeamus
3259 3821 3509 3882 nepotes,
3570 3828 3625 3871 et

2022 3908 2241 3964 semper
2270 3894 2565 3950 habeamus
2606 3896 2832 3951 multam
2875 3899 3214 3968 progeniem.
3277 3902 3623 3965 Festinemus

2025 3988 2158 4042 tales
2183 3986 2324 4042 lilios
2352 3986 2551 4043 facere.
2598 3987 2794 4044 Sancta
2853 3989 2954 4043 ista
3006 4002 3086 4046 est
3109 3994 3448 4062 conjunctio.
3480 3997 3613 4056 Rem

2022 4081 2179 4137 vobis
2219 4083 2339 4139 dico
2389 4098 2635 4140 novam:
2684 4085 2803 4141 sine
2857 4088 3047 4141 uxoris
3104 4091 3390 4162 complexu
3436 4098 3620 4165 plures

2022 4182 2316 4230 nascuntur
2350 4175 2487 4230 tales
2509 4176 2622 4230 lilii.
2660 4174 2779 4231 Pax
2808 4194 2960 4246 :uper
2987 4176 3180 4236 Israel.
3243 4181 3417 4240 Israel
3449 4186 3622 4245 inter-

2021 4277 2285 4342 pretatur,
2308 4285 2450 4323 mens
2468 4270 2646 4325 tridens
2675 4269 2865 4326 Deum.
2890 4273 3023 4329 Vide
3056 4290 3186 4348 ergo
3224 4280 3367 4349 quod
3419 4282 3618 4341 dicitur

2019 4377 2126 4432 pax
2151 4377 2317 4431 super
2346 4360 2528 4417 Israel.
2556 4360 2731 4431 Super
2759 4378 2856 4418 eos
2878 4366 2969 4435 qui
3001 4365 3202 4424 habent
3242 4384 3482 4430 mentem
3539 4377 3618 4433 vi-

2018 4454 2235 4510 dentem
2260 4454 2450 4510 Deum.
2483 4453 2634 4510 Meus
2673 4471 2793 4511 mea
2834 4460 2879 4513 si
2925 4457 3174 4516 habuerit
3202 4463 3466 4524 visionem
3493 4468 3611 4537 Dei,

2017 4548 2063 4602 si
2093 4563 2310 4618 semper
2334 4548 2608 4604 Christum
2640 4549 2857 4616 videro,
2883 4552 3022 4607 alios
3072 4570 3177 4611 non
3208 4558 3424 4617 videbo.
3483 4563 3612 4631 Qui-

312 4649 416 4702 sed
448 4644 679 4699 novella:
707 4645 884 4701 olivae.
927 4644 1210 4712 Quomodo
1229 4654 1287 4700 et
1318 4644 1392 4700 ibi
1406 4643 1475 4700 de
1497 4644 1761 4701 ebrietate
1781 4660 1914 4716 apo-
1943 4635 1994 4696 Ι)
2018 4654 2247 4712 cumque
2275 4642 2544 4697 Christum
2580 4643 2741 4698 habet
2775 4642 2828 4699 in
2853 4658 2934 4705 se.
2980 4646 3141 4704 habet
3188 4650 3242 4705 in
3292 4668 3353 4710 se
3398 4671 3608 4727 pacem.

316 4736 606 4801 stolorum,
633 4751 740 4789 non
770 4736 966 4791 dicitur
997 4736 1067 4789 de
1095 4736 1224 4790 vino
1249 4736 1443 4805 veteri,
1468 4737 1563 4793 sed
1598 4737 1668 4793 de
1696 4747 1912 4793 musto:

315 4830 400 4885 sic
427 4839 480 4885 et
513 4828 603 4884 hic
626 4828 827 4885 dicitur
848 4830 1060 4884 novella
1086 4828 1375 4895 olivarum,
1435 4845 1555 4901 quae
1611 4840 1722 4887 tota
1778 4833 1916 4888 viret

314 4927 372 4981 in
404 4923 680 4994 Evangelii
702 4924 1011 4995 jnventute.
1040 4922 1261 4979 Novella
1291 4923 1557 4979 olivarum
1586 4925 1742 4994 plena
1768 4926 1908 4982 luce.

313 5020 509 5076 Oleum
538 5017 676 5074 hane
709 5026 954 5074 naturam
988 5019 1170 5085 habet,
1204 5019 1433 5074 uteibos
1469 5018 1714 5085 condiat,
1745 5029 1804 5075 ut
1831 5021 1910 5074 lu-

314 5111 447 5167 mini
481 5110 719 5168 fomeuta
748 5111 1006 5181 praebeat,
1049 5118 1107 5166 ut
1138 5111 1282 5167 lasso
1328 5114 1491 5183 longe
1539 5112 1734 5167 itinere
1788 5125 1911 5167 cor-

313 5220 418 5278 pus
444 5216 668 5262 unctum
701 5206 952 5263 restituat
980 5206 1137 5278 Quasi
1174 5206 1344 5262 labori
1372 5206 1603 5277 pristino
1655 5215 1713 5262 et
1761 5210 1910 5262 sani-

311 5301 434 5356 tati.
467 5299 711 5371 Denique
730 5302 1058 5373 quicttmque
1106 5300 1281 5356 lassus
1336 5300 1495 5357 fuerit
1550 5310 1607 5357 et
1663 5303 1903 5373 ungitur,

311 5393 466 5465 quasi
495 5393 692 5463 recipit
711 5396 997 5465 pristinum
1048 5395 1310 5467 vigorem.
1361 5395 1523 5451 Putas
1576 5397 1694 5451 sine
1743 5411 1906 5452 causa

309 5504 458 5546 nunc
485 5489 685 5545 dicitur
711 5491 895 5545 vinum
917 5503 972 5547 et
995 5492 1214 5548 oleum?
1262 5489 1379 5547 Non
1426 5492 1601 5563 potuit
1641 5492 1748 5549 mel
1773 5492 1899 5559 dici,

310 5592 419 5638 non
447 5582 552 5636 alia
574 5587 843 5647 aromata,
872 5596 979 5637 non
1009 5582 1108 5639 alia
1141 5584 1325 5652 arbor,
1380 5584 1473 5640 sed
1530 5586 1737 5640 tantum
1782 5583 1907 5639 vitis

309 5680 368 5734 et
388 5678 551 5733 oliva.
583 5676 784 5733 Vinum
813 5685 870 5731 et
899 5676 1100 5732 oleum.
1134 5678 1188 5732 In
1226 5678 1352 5733 vino
1373 5678 1689 5743 austeritas,
1709 5678 1760 5732 iu
1783 5677 1908 5733 oleo

309 5770 700 5827 misericordia.
730 5768 972 5839 Denique
1002 5769 1078 5823 illi
1105 5773 1193 5839 qui
1253 5770 1322 5825 de
1340 5770 1637 5828 Jerusalem
1686 5769 1927 5827 Jerit'ho‘

310 5866 704 5929 descendebat.
763 5864 851 5934 qui
884 5864 1199 5917 vulneratus
1228 5868 1420 5931 fuerat,
1455 5865 1757 5926 Sctmaritis.
1809 5865 1909 5921 hoc

2020 4733 2214 4790 Pacem
2239 4751 2406 4789 meam
2434 4735 2502 4790 do
2530 4735 2691 4805 vobis,
2748 4753 2926 4805 pacem
2968 4755 3135 4796 meam
3181 4746 3416 4817 relinquo
3468 4752 3609 4807 vobis

2019 4826 2199 4901 (Joan.
2232 4843 2341 4895 xw,
2376 4828 2494 4897 27).
2544 4827 2695 4884 Licet
2735 4831 3053 4887 sintmnltae
3080 4839 3512 4911 persecutiones,
3551 4844 3617 4899 li-

2015 4930 2100 4976 cet
2127 4920 2279 4974 multi
2308 4919 2420 4976 sint
2448 4922 2538 4990 qui
2569 4935 2980 4990 persequantur,
3017 4935 3199 4983 tamen
3228 4930 3281 4985 in
3314 4947 3423 4999 quo
3452 4934 3610 4993 Chri-

2011 5025 2129 5070 stus
2144 5014 2368 5078 habitat,
2385 5014 2473 5069 ille
2494 5030 2710 5085 semper
2726 5015 3000 5072 Christum
3024 5018 3217 5089 habet;
3243 5023 3331 5078 cui
3354 5026 3604 5099 sitgloria

2015 5106 2069 5162 in
2099 5109 2296 5162 saecula
2324 5108 2668 5162 saeculorum.
2704 5112 2894 5166 Amen.

2490 5203 2811 5260 PSALMUS
2848 5204 3133 5262 CXXVIII.

2086 5300 2236 5371 δαέρα
2263 5310 2686 5371 expugnaverunt
2708 5314 2788 5353 me
2808 5316 2839 5352 α
2861 5300 3127 5368 iuventute
3145 5319 3279 5371 mea,
3305 5308 3445 5364 dicat
3466 5328 3609 5370 nunc

2012 5392 2200 5449 Israel.
2232 5392 2386 5465 Swpc
2416 5401 2836 5465 expugnaverunt
2868 5409 2946 5447 me
2974 5411 3006 5447 a
3022 5396 3298 5466 juventule
3320 5417 3449 5459 mea.
3488 5406 3604 5460 Dim

2009 5488 2282 5544 dicuntur.
2310 5486 2378 5542 Et
2408 5502 2553 5555 stt-pe
2577 5498 3033 5554 expugnaverunt
3059 5505 3168 5555 me,
3194 5504 3247 5547 et
3271 5509 3300 5548 a
3320 5494 3604 5563 juventute

2009 5598 2129 5639 mea
2179 5590 2632 5653 expugnaverunt
2679 5596 2784 5635 me.
2840 5581 2983 5652 Ergo
3029 5584 3072 5637 si
3116 5586 3169 5639 in
3212 5589 3391 5645 media
3441 5604 3604 5652 (etate

2009 5693 2232 5744 σωροί-ο
2259 5676 2471 5731 servire
2514 5674 2780 5738 Domino,
2815 5677 2961 5731 vorbi
2994 5680 3163 5746 gratia
3191 5724 3205 5747 ,
3240 5684 3602 5759 quadraginta

2011 5787 2300 5839 annorum,
2337 5787 2441 5823 non
2479 5784 2696 5843 possunt
2730 5768 2915 5824 dicere
2941 5813 2954 5834 ,
3000 5788 3423 5844 expugnaverunt
3462 5798 3544 5836 me
3571 5803 3602 5836 (ι

2012 5865 2273 5934 iuventute
2302 5876 2432 5915 nitu.
2465 5860 2572 5915 Sed
2613 5860 2742 5930 quid
2775 5862 2935 5918 dico?
2978 5862 3298 5923 occiderunt
3345 5887 3429 5926 tne
3458 5892 3484 5924 ει
3543 5893 3606 5931 u—
