4008 6336
455 270 599 330 1293

1248 262 1593 323 ΑΡΡΕΝΜΧ
1631 264 1726 324 AD
1763 262 2012 323 TOMUM
2050 263 2406 324 SEPTIMUM
2441 264 2500 323 S.
2543 261 2952 323 HIERONYMI.

3551 274 3671 336 1296

453 395 677 442 vcnlule
702 383 1282 453 mea,vulneraverunt
1301 398 1389 439 me
1410 399 1440 438 a
1461 381 1745 453 juventute
1762 395 2041 448 mea,con-
2065 383 2113 443 Α
2143 397 2417 451 cursores,
2448 383 2550 438 hoc
2575 392 2680 450 est,
2726 383 2821 454 qui
2847 387 3084 439 currunt
3111 381 3165 438 in
3194 381 3380 442 stadio.
3401 387 3609 464 Denique
3623 406 3669 453 et

453 484 807 537 calcaverunt
846 495 933 535 me
960 494 988 533 a
1010 478 1301 549 juventute
1330 492 1471 533 mea.
1503 477 1607 545 Qui
1637 484 1819 532 autem
1852 491 1880 529 a
1918 490 2047 547 pue-

453 578 577 631 ritia
608 573 801 644 incipit
830 572 1037 628 servire
1070 570 1298 627 Domino
1332 585 1344 629 :
1374 580 1428 626 et
1453 584 1600 645 saepe
1643 575 1987 640 expugnatur
2014 582 2047 622 a

455 670 679 725 diabolo
704 677 758 723 et
780 667 986 738 angelis
1016 667 1156 735 ejus,
1188 677 1246 722 et
1275 676 1455 721 tamen
1493 681 1602 721 non
1637 666 1909 729 vincitur;
1943 662 2047 718 iste

450 764 579 834 quid
604 761 793 818 dicat?
823 761 978 833 Swpe
1003 768 1428 834 expugnaverunt
1456 776 1538 814 me
1558 776 1589 813 a
1602 762 1873 832 juventute
1893 773 2004 812 utea
2027 772 2047 812 :

451 857 639 910 etenim
664 870 767 909 non
788 861 1072 925 potuerunt
1101 853 1253 907 mihi.
1283 852 1500 908 Athleta
1533 851 1639 905 nisi
1669 849 1910 921 legitime
1931 864 2047 904 cer-

449 949 672 1019 taverit,
700 962 808 1003 non
839 956 1163 1014 coronatur,
1196 945 1301 1001 nisi
1348 961 1587 1016 pugnum
1620 945 1911 1016 acceperit,
1944 943 2048 999 nisi

456 1040 654 1096 faciem
688 1038 910 1095 lividam
936 1080 951 1106 ,
988 1038 1089 1094 nisi
1113 1038 1183 1094 de
1215 1037 1354 1094 facie
1384 1041 1606 1108 sanguis
1633 1036 1838 1093 eﬂ'usus
1864 1036 2046 1093 fuerit.

452 1133 621 1190 Livor
646 1143 892 1190 meretur
938 1147 1201 1189 coronam
1224 1174 1239 1199 ,
1274 1132 1436 1188 dolor
1483 1142 1727 1188 meretur
1767 1132 2047 1203 gaudium.

451 1227 607 1300 Scepe
635 1235 1066 1301 expugnaverunt
1098 1242 1178 1280 me
1201 1242 1234 1279 a
1251 1228 1530 1299 juventute
1556 1243 1691 1282 mea.
1723 1225 1879 1281 Dicat
1904 1224 2050 1282 hunc

454 1321 792 1376 versiculum
843 1320 1001 1393 virgo
1051 1319 1286 1375 Domini.
1337 1319 1495 1377 Dicat
1533 1318 1839 1376 monachus
1880 1323 1974 1389 qui
2017 1333 2049 1374 a

447 1430 617 1485 parva
659 1422 819 1471 aetate
862 1416 1028 1488 coepit
1071 1415 1277 1471 servire
1310 1415 1568 1471 Domino.
1603 1412 1717 1485 Ego
1748 1421 1933 1468 autem
1959 1410 2051 1482 qui

446 1507 807 1579 quadraginta
836 1507 919 1563 vel
943 1508 1340 1580 quinquaginta
1369 1521 1640 1588 annorum
1669 1505 1809 1575 coepi
1841 1504 2051 1561 servire

450 1601 686 1657 Domino
710 1646 725 1671 ,
758 1602 1035 1673 quomodo
1075 1617 1298 1673 possum
1328 1602 1514 1658 dicere
1542 1619 1557 1655 :
1587 1600 1741 1673 Swpe
1783 1615 2051 1672 expugna-

447 1705 631 1750 verunt
660 1711 741 1750 me
780 1711 813 1749 a
839 1697 1114 1767 juventutc
1161 1697 1319 1751 mea?
1357 1695 1513 1752 Dicat
1554 1709 1690 1766 ergo
1738 1693 1843 1750 hoc
1873 1694 2046 1765 virgo.

2149 475 2446 548 Apostolus
2475 477 2607 533 dicit
2644 492 2705 534 se
2730 493 2954 535 currere
2982 486 3043 533 ut
3067 477 3139 534 ad
3168 493 3403 537 coronam
3433 491 3668 555 perveniat

2147 568 2166 624 Ι
2198 568 2321 623 Cor.
2350 569 2562 642 11,26).
2596 569 2665 625 Et
2692 568 2821 641 quid
2843 569 3047 626 dicitur
3077 573 3129 625 in
3154 570 3260 627 alio
3283 572 3396 630 loco
3424 592 3439 632 :
3468 576 3671 636 Priami-

2149 673 2322 719 torum
2339 664 2638 719 obliviscens
2654 665 2723 717 ad
2744 664 2923 734 priora
2939 680 3020 720 me
3036 665 3255 719 extendo
3271 664 3476 739 (Philip.
3493 685 3562 737 lli,
3580 671 3668 745 15).

2154 757 2346 814 Videte
2389 773 2520 829 ergo
2572 758 2852 830 Scriptura
2899 759 3027 830 quid
3082 759 3235 815 dicit.
3286 760 3448 834 Supra
3487 764 3671 825 dorsum

2150 867 2330 909 meum
2352 852 2757 908 fabricabantur
2780 861 3120 924 peccatores.
3142 852 3233 910 Sic
3251 868 3454 927 semper
3470 861 3668 927 cucurri,

2150 957 2206 1002 et
2232 954 2439 1002 tantum
2481 946 2723 1012 cucurri,
2757 955 2815 1002 ut
2849 946 3199 1003 adversarius
3239 962 3386 1005 meus
3426 966 3676 1022 numquam

2155 1038 2452 1111 praecedat,
2482 1039 2578 1096 sed
2602 1026 2820 1111 semper
2844 1049 2964 1110 post
2990 1049 3199 1111 tergum
3222 1040 3526 1098 inveniatur.
3546 1043 3680 1100 Num-

2152 1148 2316 1204 quam
2349 1132 2504 1188 venit
2531 1141 2725 1189 contra
2748 1133 2938 1188 oculos
2970 1147 3122 1189 meos
3147 1151 3160 1187 :
3184 1148 3357 1203 neque
3380 1135 3514 1191 enim
3540 1138 3686 1206 potuit

2153 1226 2428 1282 sustinere
2475 1226 2659 1283 lumen
2708 1226 2995 1282 oculorum
3044 1242 3328 1295 meorum;
3377 1228 3467 1284 sed
3505 1244 3686 1300 semper

2151 1335 2276 1377 eam
2331 1329 2538 1391 partem
2594 1318 3025 1391 persequebatur
3071 1334 3196 1389 qua:
3251 1334 3387 1376 caeca
3431 1332 3543 1390 est,
3587 1338 3690 1393 qua.

2154 1413 2344 1470 oculos
2393 1430 2502 1469 non
2554 1413 2742 1477 habet.
2799 1416 2974 1485 Supra
3014 1413 3237 1470 dorsum
3279 1429 3452 1472 meum
3496 1415 3691 1472 fabrica-

2152 1507 2355 1562 bantur
2384 1516 2720 1578 peccatores.
2759 1505 3225 1578 Quandocumque
3251 1506 3441 1577 aliquis
3468 1506 3693 1566 fratribus

2153 1598 2413 1665 detrahit,
2445 1600 2548 1655 iste
2573 1610 2698 1671 post
2723 1598 2946 1655 dorsum
2978 1599 3292 1657 fabricatur.
3320 1599 3486 1670 Supra
3505 1600 3692 1657 dorsum

2153 1705 2334 1747 meum
2366 1689 2778 1747 fabricabantur
2806 1699 3128 1762 peccatores
3149 1731 3166 1758 ,
3196 1689 3293 1747 sed
3321 1706 3418 1764 ego
3450 1707 3548 1748 non
3574 1692 3698 1750 vide-

450 1786 609 1842 Dicat
635 1786 935 1843 monachus
962 1789 1171 1861 integer
1210 1803 1445 1861 corpore
1484 1799 1538 1843 et
1569 1774 1785 1858 spiritu.
1828 1787 1897 1843 Et
1920 1786 2048 1858 quid
2079 1784 2130 1846 B
2153 1785 2276 1841 bam
2315 1785 2546 1841 insidias
2573 1800 2761 1842 eorum
2788 1802 2804 1852 ;
2832 1786 2914 1841 illi
2948 1774 3354 1844 fabricabantur
3376 1797 3489 1858 post
3511 1786 3698 1845 dorsum

448 1881 593 1937 dicat
620 1897 633 1934 :
659 1881 811 1954 Stepe
828 1895 1250 1954 expugnaverunt
1276 1899 1359 1938 me
1382 1898 1413 1936 a
1429 1886 1700 1956 juventute
1723 1883 1875 1936 mea?
1896 1880 2051 1936 Dicat

455 1975 657 2046 aliquis
702 1992 717 2030 :
764 1976 808 2031 Ο
840 1977 1144 2043 monacbe,
1183 1977 1459 2045 quomodo
1503 1985 1557 2031 te
1601 1983 2049 2046 expugnaverunt

447 2068 728 2124 daemones
754 2078 817 2125 et
841 2069 1136 2126 diabolus?
1163 2069 1505 2125 Videbantur
1534 2069 1752 2141 quidem
1798 2068 2049 2125 homines

446 2164 539 2235 qui
568 2164 962 2236 impugnabant
986 2209 1001 2235 ,
1050 2164 1147 2221 sed
1195 2178 1298 2235 ego
1328 2164 1382 2219 in
1431 2164 1741 2219 hominibus
1770 2162 2046 2219 diabolum

443 2258 841 2330 intelligebam.
897 2257 1129 2327 Quando
1159 2272 1290 2328 ergo
1318 2270 1413 2313 eos
1442 2266 1848 2327 persequuntur
1875 2254 2049 2310 homi-

444 2364 583 2419 nes,
615 2365 724 2405 uon
753 2349 1058 2405 irascamur
1099 2349 1454 2420 persequenti
1478 2389 1492 2415 ,
1528 2347 1626 2404 sed
1655 2347 2048 2404 condolcamus

447 2450 506 2499 et
528 2443 848 2515 plangamus
878 2455 974 2499 eos
1004 2461 1016 2495 :
1045 2443 1169 2513 quia
1206 2441 1345 2497 alius
1370 2450 1457 2496 est
1484 2440 1577 2511 qui
1610 2440 1962 2511 persequitur
1990 2439 2047 2495 in

444 2534 920 2607 persecutoribus.
962 2532 1022 2590 Si
1052 2533 1441 2590 daemoniarius
1469 2574 1485 2600 ,
1517 2532 1608 2602 qui
1653 2531 1816 2589 habet
1846 2531 2048 2587 daemo-

444 2645 592 2697 nem,
625 2630 860 2696 venerit,
894 2636 950 2684 ct
980 2643 1219 2699 pugnum
1251 2626 1387 2682 mihi
1406 2626 1639 2692 dederit,
1668 2633 1725 2681 et
1750 2625 1902 2681 calce
1926 2639 2048 2697 per-

447 2725 701 2793 cusserit,
727 2723 993 2795 numquid
1025 2723 1236 2778 irascor
1260 2723 1310 2778 ei
1331 2722 1355 2777 ?
1380 2722 1476 2779 ille
1505 2735 1686 2793 pugno
1709 2720 1969 2789 perculit,
1993 2729 2048 2775 et

451 2835 554 2891 ego
590 2818 743 2888 ploro
770 2828 827 2874 et
862 2816 1063 2888 plango
1093 2815 1512 2888 percutientem.
1544 2812 1717 2870 Video
1747 2814 1891 2869 enim
1919 2811 2048 2883 quia

444 2913 607 2984 pejus
635 2911 936 2984 percutitur
966 2909 1036 2964 ab
1062 2923 1128 2964 eo
1159 2910 1247 2980 qui
1280 2908 1333 2964 in
1366 2922 1426 2963 se
1458 2914 1735 2978 operatur,
1758 2920 1920 2978 quam
1945 2918 2047 2976 ego

449 3026 478 3065 a
509 3022 670 3064 manu
701 3005 847 3078 ejus.
886 3004 1118 3073 Quoties
1145 3019 1278 3075 ergo
1308 3001 1513 3073 aliquid
1553 3001 1811 3071 patimur,
1841 3008 1897 3055 et
1928 3009 2045 3054 ten-

444 3100 681 3156 tationes
706 3098 917 3171 aliquas
946 3096 1307 3165 sustinemus,
1335 3095 1489 3150 illum
1522 3092 1891 3162 intelligamus
1920 3104 2046 3148 esse

2153 1894 2335 1934 meum
2361 1921 2377 1947 ,
2408 1889 2467 1935 et
2494 1894 2594 1950 ego
2623 1878 2797 1935 oculis
2828 1879 3140 1950 paradisum
3187 1880 3594 1951 conspiciebant.
3633 1881 3702 1937 illi

2151 1970 2284 2028 mihi
2316 1971 2685 2028 moliebantur
2721 1971 2948 2027 insidias
2974 2013 2991 2041 ,
3035 1983 3089 2029 et
3119 1988 3223 2045 ego
3263 1989 3513 2029 coronam
3548 1973 3704 2031 videre

2150 2064 2458 2137 cupiebam.
2510 2064 2966 2139 Prolongaveruut
3014 2066 3341 2138 iniquitatem
3383 2082 3541 2121 suam.
3584 2065 3704 2134 Quid

2150 2158 2321 2225 dixit,
2354 2157 2791 2231 prolongaverunt
2833 2160 3160 2230 iniquitatem
3185 2176 3337 2215 suam
3361 2176 3380 2214 :
3402 2160 3510 2231 Ego
3535 2160 3575 2214 si
3600 2174 3706 2230 pec-

2149 2266 2370 2319 cavero,
2395 2259 2453 2308 et
2478 2260 2601 2321 post
2626 2261 2907 2321 peccatum
2933 2266 3116 2308 meum
3146 2267 3314 2323 egero
3336 2253 3706 2324 pmoitentiam,

2150 2344 2336 2401 brevis
2362 2353 2446 2400 est
2472 2343 2729 2414 iniquitas
2757 2359 2877 2400 mea
2904 2353 2958 2400 et
2987 2360 3096 2401 non
3125 2344 3313 2416 longa.
3344 2345 3398 2402 Si
3425 2355 3591 2401 autem
3614 2360 3708 2415 pec-

2149 2454 2371 2507 cavero,
2395 2455 2740 2512 quocumque
2765 2439 2855 2496 die
2901 2454 3228 2512 peccavero,
3260 2440 3529 2497 funiculus
3550 2455 3709 2513 pecca-

2150 2543 2328 2591 torum
2370 2550 2617 2591 meorum
2648 2535 2862 2605 longior
2892 2537 3004 2591 liet.
3048 2535 3208 2593 Unde
3241 2535 3444 2592 dicitur
3470 2546 3523 2591 et
3549 2536 3597 2590 in
3620 2533 3710 2589 alio

2149 2626 2272 2682 loco
2314 2643 2329 2681 :
2363 2623 2543 2682 Funes
2589 2636 2916 2699 peccatorum
2956 2627 3417 2684 circumdederunt
3462 2643 3538 2682 me
3563 2623 3709 2698 (Psal.

2149 2734 2338 2789 cxvm,
2370 2720 2484 2793 6|).
2522 2720 2655 2777 Vide
2682 2720 2810 2792 quid
2837 2720 3018 2789 dicat,
3051 2720 3236 2779 Funes
3267 2729 3601 2793 peccatorum
3625 2718 3714 2774 cir-

2149 2814 2544 2870 cumdederunt
2567 2830 2675 2871 me.
2700 2816 2769 2870 Et
2791 2815 2843 2870 in
2866 2815 2976 2870 alio
2998 2816 3122 2871 loco
3144 2817 3410 2871 scribitur
3435 2832 3447 2868 :
3470 2812 3713 2868 Funt'culis

2150 2918 2478 2980 peccatorum
2504 2926 2722 2965 suorum
2746 2910 3100 2982 unusquisque
3124 2911 3517 2983 constringetur
3558 2906 3714 2979 (Prae.

2149 3016 2202 3069 ν,
2224 3000 2344 3075 22).
2372 3001 2506 3059 Vide
2524 3001 2654 3074 quid
2675 3001 2842 3071 dicat,
2866 3001 3129 3059 funiculis
3147 3013 3504 3073 peccatorum
3525 3012 3717 3058 suorum

2150 3098 2526 3169 unusquisque
2567 3097 2992 3167 constringetur.
3027 3096 3335 3153 Funiculus
3377 3103 3718 3169 peccatorum,

451 3201 508 3249 et
537 3193 682 3259 illos,
714 3192 808 3261 qui
837 3190 995 3247 nobis
1027 3189 1362 3245 tentationes
1391 3195 1688 3259 generant,
1719 3186 1770 3240 in
1802 3184 2046 3241 homini-
2071 3181 2118 3245 C
2150 3189 2254 3246 nisi
2279 3192 2434 3261 plura
2461 3199 2682 3262 peccata
2708 3190 3018 3257 habuerim,
3052 3191 3161 3249 texi
3186 3207 3303 3248 non
3326 3199 3525 3263 potest.
3545 3188 3723 3261 Sipec-

448 3288 573 3343 bus.
605 3286 762 3341 Dicat
784 3284 979 3355 aliquis
1004 3300 1017 3337 ε
1043 3282 1157 3339 Hoc
1186 3283 1362 3353 ipsum
1386 3281 1455 3336 de
1475 3279 1774 3351 Scripturis
1796 3278 2005 3334 allirma
2031 3296 2043 3332 :

451 3395 563 3433 non
612 3377 759 3433 enim
788 3377 1053 3433 debemus
1097 3374 1301 3445 aliquid
1334 3372 1482 3445 loqui
1515 3372 1618 3428 nisi
1648 3372 1717 3428 de
1747 3371 2051 3442 Scripturis

450 3472 619 3527 fuerit
646 3470 970 3527 adornatum
1003 3479 1168 3540 atque
1196 3467 1578 3539 approbatum.
1603 3465 1770 3523 ludas
1800 3464 2051 3536 proditor

448 3568 577 3633 fuit,
607 3566 703 3623 sed
733 3564 963 3621 intravit
988 3563 1043 3619 in
1068 3563 1219 3618 illum
1250 3562 1507 3631 Satanas,
1538 3570 1595 3616 et
1624 3561 1745 3631 ipse
1776 3560 1829 3614 in
1869 3556 2050 3629 prodi-

449 3674 571 3719 tore
601 3660 867 3734 prodidit.
904 3658 1056 3716 Uxor
1079 3655 1343 3729 Putiphar
1365 3672 1432 3711 eo
1462 3667 1706 3725 tempore
1725 3651 1946 3724 quando
1973 3661 2050 3706 te-

448 3758 572 3813 nuit
601 3754 823 3825 Joscpb,
855 3768 1074 3811 servum
1111 3766 1267 3807 suum
1294 3793 1309 3819 ,
1345 3749 1569 3806 domina
1608 3763 1865 3815 servum,
1890 3744 2048 3801 ditis-

452 3852 589 3908 sima
623 3848 1013 3922 pauperculum
1040 3889 1056 3914 ,
1088 3846 1222 3902 civis
1272 3844 1619 3917 peregrinum
1645 3884 1660 3910 ,
1700 3842 1793 3897 illa
1824 3840 2053 3897 tenebat

451 3942 678 4014 .loseph,
707 3940 806 3997 sed
838 3949 1065 3995 sanctus
1093 3939 1177 3995 vir
1207 3940 1262 3994 in
1285 3938 1538 3993 manibus
1567 3934 1815 3991 mulieris
1846 3933 2050 3989 intelli—

456 4037 632 4107 gebat
671 4049 794 4091 esse
820 4032 1096 4090 diabolum
1131 4032 1479 4087 retinentem.
1531 4027 1649 4085 Hoc
1683 4035 1855 4083 totum
1880 4041 2051 4099 quare

450 4131 611 4186 dico?
638 4127 710 4186 Ut
739 4126 957 4200 quando
985 4124 1192 4197 aliquid
1222 4126 1460 4196 patimur
1487 4121 1555 4177 ab
1576 4120 1917 4188 hominibus,
1942 4134 2050 4176 non

451 4226 759 4280 irascamur
788 4221 1102 4278 hominibus
1137 4238 1150 4274 :
1179 4220 1273 4276 sed
1304 4220 1622 4291 plangamus
1651 4232 1770 4274 eos.
1803 4217 1866 4272 Et
1899 4216 2049 4271 illum

452 4314 742 4369 videamus
788 4312 1171 4369 insidiatorem
1202 4312 1296 4383 qui
1328 4313 1380 4367 iu
1411 4312 1545 4383 ipsis
1578 4319 1858 4381 operatur.
1901 4308 2053 4381 Scepe

454 4416 879 4479 expugnaverunt
923 4423 1004 4462 nte
1040 4424 1073 4461 a
1105 4409 1378 4479 juventute
1406 4421 1518 4461 mea
1549 4421 1567 4459 :
1596 4405 1782 4461 etenim
1811 4420 1913 4459 non
1953 4420 2049 4474 po-

453 4508 661 4557 tuerunt
707 4500 855 4557 mihi.
903 4498 1346 4574 Expugnaverunt
1384 4516 1464 4553 me
1491 4541 1505 4566 ,
1539 4499 1592 4554 in
1623 4498 2052 4570 cogitationibus

2152 3293 2334 3341 catum
2377 3286 2581 3353 fecero,
2629 3300 2738 3343 non
2779 3294 2885 3341 tam
2923 3284 3201 3343 funiculus
3243 3294 3331 3343 est
3358 3327 3375 3354 ,
3407 3300 3564 3356 quam
3586 3280 3717 3354 quasi

2155 3394 2322 3435 unum
2370 3378 2519 3434 filum
2563 3386 2669 3435 est.
2718 3378 2776 3436 Si
2820 3388 3004 3435 autem
3063 3395 3231 3434 unum
3284 3378 3442 3434 tilum
3486 3386 3600 3443 est,
3635 3374 3723 3431 cito

2151 3473 2443 3541 rumpitur,
2475 3480 2530 3527 et
2557 3480 2745 3528 tenere
2770 3514 2786 3540 ,
2816 3480 2872 3528 et
2900 3472 3071 3544 ligare
3098 3487 3206 3528 non
3239 3481 3453 3544 potest.
3487 3470 3542 3529 Si
3566 3479 3719 3526 autem

2152 3566 2311 3637 plura
2338 3576 2561 3637 peccata
2590 3565 2794 3623 fuerint
2829 3576 2884 3622 et
2922 3567 3380 3639 prolongaverint
3408 3567 3723 3639 iniquitates,

2152 3658 2222 3715 de
2255 3658 2502 3729 pluribus
2534 3661 2773 3730 peccatis
2796 3662 2952 3731 quasi
2978 3660 3048 3717 de
3075 3661 3335 3731 pluribus
3362 3662 3472 3717 ﬁlis
3490 3659 3730 3717 funiculus

2159 3753 2252 3821 fit,
2281 3762 2341 3809 et
2360 3754 2489 3825 ligat
2511 3796 2527 3821 ,
2552 3761 2608 3810 et
2634 3770 2743 3810 non
2772 3755 2883 3811 cito
2912 3755 3205 3827 rumpitur.
3239 3757 3365 3815 Hoc
3394 3766 3564 3813 totum
3590 3767 3730 3828 quare

2152 3849 2301 3905 dixi?
2330 3847 2465 3918 Quia
2494 3849 2728 3920 legimus
2755 3850 2811 3905 in
2840 3850 2945 3908 isto
2973 3850 3253 3908 versiculo
3271 3894 3287 3920 ,
3320 3853 3733 3925 prolongavertutt

2152 3945 2479 4014 iniquitatem
2505 3961 2675 4000 suam.

2223 4035 2477 4093 Dominus
2496 4039 2676 4109 justus
2695 4039 2928 4095 concidet
2944 4040 3161 4098 cervices
3187 4050 3548 4114 peccatorum.
3573 4037 3737 4096 Videte

2152 4130 2282 4202 quid
2310 4131 2475 4203 dicat,
2509 4147 2617 4187 non
2647 4132 2806 4204 dixit,
2831 4135 3469 4207 concidatpeccatores.
3500 4135 3557 4192 Si
3583 4140 3736 4188 autem

2153 4221 2257 4278 hoc
2288 4223 2535 4288 dixisset.
2571 4240 2734 4281 nemo
2763 4226 2961 4282 salvari
2997 4235 3246 4298 poterat,
3281 4244 3488 4285 omnes
3520 4234 3741 4300 peccato-

2153 4329 2242 4371 res
2272 4330 2477 4371 sumus.
2526 4316 2631 4373 Sed
2662 4317 2790 4388 quid
2821 4318 2992 4375 dicit?
3018 4318 3285 4379 Dominus
3306 4323 3499 4393 justus
3536 4315 3738 4375 concidet

2154 4408 2372 4464 cervices
2402 4419 2750 4479 peccatorum.
2799 4410 2902 4479 Qui
2937 4422 2992 4469 et
3020 4424 3354 4485 peccatores
3382 4426 3516 4472 sunt
3536 4458 3552 4483 ,
3586 4421 3640 4469 et
3662 4424 3741 4466 su-

2154 4500 2311 4572 perbi
2337 4512 2467 4559 sunt
2498 4521 2512 4558 :
2540 4504 2793 4575 quoniam
2821 4508 3071 4577 superbis
3100 4507 3247 4564 Deus
3277 4509 3523 4576 resistit,
3553 4502 3743 4563 humili-

452 4596 706 4667 turpibus
736 4612 748 4649 :
778 4604 1207 4669 expugnaverunt
1240 4611 1319 4649 me
1338 4639 1354 4663 ,
1387 4595 1441 4648 in
1472 4594 1778 4649 iracundia.
1816 4593 1931 4665 Ego
1960 4608 2050 4649 ac-
2079 4579 2127 4642 Ῑ)
2154 4594 2254 4650 bus
2291 4604 2470 4652 autem
2498 4595 2595 4653 dat
2614 4598 2844 4669 gratiam
2872 4615 2887 4652 :
2915 4598 3041 4656 ideo
3069 4600 3337 4660 concidet
3366 4601 3618 4660 cervices
3642 4609 3745 4670 pec-

454 4690 642 4762 quicvi
687 4687 1154 4760 cogitationibus;
1202 4685 1297 4743 sed
1338 4684 1526 4761 [Forte
1569 4686 1867 4741 addendum
1915 4684 2048 4757 non]

452 4782 701 4855 acquievi
743 4780 1172 4847 tentationibus;
1200 4779 1297 4835 sed
1329 4778 1533 4850 aliquid
1560 4778 1659 4836 feci
1683 4779 1828 4850 quod
1852 4794 1939 4837 me
1958 4793 2048 4837 co-

452 4877 650 4950 gitatio
680 4874 1073 4947 compellebat.
1117 4873 1174 4930 Si
1215 4872 1492 4928 iracundia
1524 4888 1614 4929 me
1653 4875 1964 4943 superavit,
1996 4882 2052 4931 et

450 4973 608 5029 fratri
641 4972 741 5027 reci
770 4968 1051 5041 iniuriam,
1082 4981 1189 5022 non
1222 4980 1441 5037 possum
1468 4966 1651 5023 dicere
1677 4984 1691 5021 :
1716 4963 1922 5022 Etenim
1948 4982 2049 5021 non

451 5072 731 5138 potuerunt
762 5064 908 5117 mihi.
944 5061 1252 5116 Potuerunt
1279 5059 1425 5114 enim
1458 5058 1612 5115 mihi.

527 5157 696 5227 Super
723 5158 936 5211 dorsum
965 5169 1134 5209 meum
1165 5152 1548 5225 fabricaverunt
1578 5165 1891 5226 peccatores.
1924 5156 2050 5213 Dili-

448 5260 644 5324 genter
668 5248 1095 5305 animadvertite
1135 5245 1417 5316 Scriptura
1450 5246 1583 5315 quid
1613 5248 1777 5303 dicat.
1813 5248 2048 5306 Sanctus

452 5346 659 5402 athleta
689 5351 800 5411 est,
830 5352 886 5399 et
915 5356 1022 5397 non
1065 5348 1361 5397 coronatur
1389 5340 1493 5394 nisi
1532 5342 1623 5410 qui
1657 5341 1891 5413 legitimo
1920 5358 2046 5398 cer-

451 5436 652 5494 taverit
685 5454 696 5490 :
731 5435 885 5492 scitis
915 5434 1061 5491 enim
1086 5434 1569 5505 quiaatltletarum
1599 5436 1765 5490 multa
1797 5450 1923 5492 sunt
1951 5452 2048 5508 ge—

453 5549 607 5590 nera.
642 5532 782 5589 Sunt
803 5531 948 5585 enim
978 5529 1069 5583 alii
1099 5529 1321 5584 athleta:
1355 5547 1369 5584 :
1402 5530 1496 5585 alii
1522 5545 1653 5585 vero
1678 5539 1808 5586 sunt
1835 5532 1986 5601 quasi
2019 5541 2046 5570 ιι

449 5618 872 5690 Pammacharii,
903 5621 1001 5678 alii
1023 5619 1091 5677 ad
1115 5619 1233 5676 dies
1252 5620 1612 5691 contendunt,
1641 5622 1731 5678 alii
1761 5638 1893 5678 vero
1917 5632 2045 5679 sunt

525 5756 550 5783 ιι
591 5747 858 5815 Corrupte
910 5741 1328 5805 Pammacharii,
1391 5756 1667 5815 qumvox
1720 5743 2039 5815 felicissimos

451 5820 665 5892 potius,
697 5813 856 5889 quam
885 5821 1193 5885 pugnatores
1224 5820 1396 5880 notat,
1440 5813 1546 5885 legi
1585 5813 1828 5872 autumo.
1859 5813 2038 5871 Malim

2151 4696 2421 4745 calorum.

2322 4787 2327 4793 ’
2651 4762 2970 4824 PSALMUS
3006 4764 3249 4824 CXXXI.

2228 4877 2512 4947 Memento,
2541 4876 2796 4949 Domine,
2830 4879 3004 4937 Dauid
3048 4892 3099 4938 et
3125 4885 3305 4940 omnis
3348 4877 3746 4940 mansuetudinis

2156 4974 2290 5046 ejus.
2323 4972 2471 5027 Multi
2507 4984 2698 5043 putant
2725 4990 2794 5031 ex
2820 4991 2888 5032 eo
2913 4976 3059 5048 quod
3089 4978 3366 5049 scriptum
3397 4991 3489 5037 est
3514 4980 3571 5036 in
3600 4977 3752 5032 Evan-

2155 5066 2320 5139 gelia,
2350 5065 2601 5124 Miserere
2620 5070 2806 5137 nostri,
2830 5070 2905 5140 ﬁli
2934 5069 3105 5125 David
3130 5071 3268 5143 (hoc
3295 5074 3441 5129 caci
3467 5072 3652 5128 dicunt
3672 5063 3751 5137 qui

2155 5159 2412 5215 sedebant
2445 5161 2496 5216 in
2523 5161 2790 5234 Jericho),
2820 5164 2982 5218 istum
3013 5162 3205 5231 David,
3237 5165 3346 5236 qui
3380 5167 3756 5237 interpretatur

2155 5252 2302 5323 fortis
2328 5268 2508 5320 manu,
2538 5253 2731 5311 referri
2761 5255 2829 5311 ad
2858 5248 3147 5312 Dominum
3171 5258 3558 5314 Salvatorem.
3585 5253 3686 5312 Sed
3708 5250 3756 5306 in

2153 5344 2259 5399 isto
2301 5346 2508 5416 psalmo
2548 5347 2596 5403 si
2625 5349 2957 5405 Voluerimus
3004 5349 3229 5417 referri,
3290 5362 3357 5406 ut
3413 5353 3497 5408 illi
3545 5354 3759 5423 putant.

2154 5435 2381 5492 multum
2436 5446 2598 5494 nocet
2653 5439 3026 5512 intelligentiae
3071 5450 3303 5498 nostrae.
3362 5443 3431 5501 Si
3480 5444 3626 5501 enim
3671 5440 3761 5494 hoc

2153 5528 2297 5599 quod
2345 5529 2564 5600 dicitur,
2619 5531 2915 5601 Memento,
2964 5533 3220 5602 Domine,
3276 5533 3475 5593 David
3523 5547 3571 5593 et
3614 5531 3767 5591 mis

2150 5630 2563 5685 mansuetudinis
2594 5630 2737 5701 ejus,
2772 5631 3008 5688 refertur
3037 5631 3105 5687 ad
3134 5631 3434 5689 Christum
3457 5676 3476 5703 ,
3505 5627 3765 5705 quomodo

2149 5744 2379 5819 rescribi
2408 5743 2782 5819 Pancratiarii,
2808 5747 2953 5816 quod
2976 5761 3173 5805 nomen
3196 5745 3357 5806 idem
3393 5756 3488 5807 est
3515 5758 3680 5819 atque
3707 5742 3766 5799 il-

2151 5815 2246 5872 lud
2269 5818 2611 5888 potissimum
2632 5815 3031 5875 Panaatiastc.
