4008 6336
347 336 484 395 i297

1328 333 1533 391 LIBER
1573 332 1661 391 DE
1699 326 2158 391 EXPOSITIONE
2194 330 2642 391 PSALMORUM.

3503 335 3642 392 P298

329 451 473 509 dicit
500 451 653 523 quasi
685 453 754 509 de
789 452 896 508 alio
931 470 943 507 :
977 451 1157 508 Donec
1187 451 1442 507 inveniann
1473 449 1641 505 locum
1667 446 1894 503 Domino
1915 487 1929 513 ,
1959 449 2012 509 Α
2038 454 2094 503 et
2121 446 2435 502 invenietis.
2463 446 2716 516 Denique
2757 455 2813 503 et
2854 445 2971 503 haec
3002 447 3263 518 'Ephrata
3311 462 3510 506 nomen
3541 465 3637 506 ac-

339 545 729 600 tabernaculum
776 544 886 601 Deo
928 544 1138 601 Jacob?
1188 544 1322 600 Ecce
1378 542 1672 597 audivimus
1724 558 1839 597 eam
1883 542 1939 597 in

323 628 606 708 ‘Eplirata,
629 638 919 694 invenimus
944 655 1056 693 eam
1076 639 1129 692 in
1155 638 1348 712 campis
1374 635 1539 692 silvae.
1571 635 1640 691 Et
1663 634 1939 706 quomodo

338 730 541 787 dicitur
572 750 587 787 :
621 730 845 805 Prapter
881 729 1075 799 David,
1101 746 1297 786 servum
1354 738 1503 784 tuum
1528 770 1542 795 ,
1589 744 1692 784 non
1739 736 1939 784 avertas

337 824 529 894 {aciem
559 822 756 879 Christi
785 824 862 879 tui
879 826 904 880 ε)
930 825 986 880 Si
1018 824 1165 880 enim
1184 865 1200 889 ,
1244 831 1302 877 ut
1331 829 1547 893 putant,
1574 818 1826 876 Christus
1853 828 1941 877 est

326 916 532 981 David,
561 919 835 990 quomodo
852 918 1007 980 dicit.
1034 927 1257 990 propter
1285 916 1475 984 David,
1504 930 1725 973 servum
1758 922 1934 983 tuum,

337 1027 447 1069 non
478 1022 693 1069 avertas
720 1011 914 1075 faciem
960 1011 1165 1068 Christi
1202 1010 1323 1067 tui?
1367 1009 1482 1067 Non
1522 1018 1631 1065 stat
1675 1009 1832 1065 ordo.
1879 1008 1938 1063 Si

337 1107 482 1163 enim
513 1106 684 1161 David
716 1103 969 1163 Christus
996 1104 1225 1172 dicitur,
1280 1105 1359 1160 sic
1392 1103 1681 1174 incipimus
1730 1101 1937 1158 intelli-

336 1214 499 1273 gere,
528 1207 751 1271 propter
774 1197 1053 1255 Christum
1084 1213 1300 1255 servum
1333 1207 1483 1253 tuum
1516 1212 1584 1253 ne
1613 1205 1829 1252 avertas
1860 1194 1939 1250 fa-

337 1293 479 1349 ciem
518 1291 725 1349 Christi
759 1292 854 1347 tui.
891 1292 1002 1349 Hoc
1031 1301 1255 1363 propter
1280 1307 1375 1348 eos
1404 1291 1619 1363 loquor,
1649 1290 1742 1361 qui
1771 1288 1936 1345 David

338 1385 392 1440 in
422 1385 581 1440 istum
619 1384 795 1440 locum
827 1383 1105 1439 Christum
1138 1384 1571 1454 interpretantur
1600 1399 1614 1436 :
1648 1381 1765 1438 Non
1793 1380 1937 1452 quod

338 1492 602 1548 negemus
629 1474 906 1532 Christum
948 1476 1297 1547 interpretari
1341 1474 1510 1530 David
1553 1490 1652 1544 pro
1693 1473 1937 1529 locorum

337 1568 638 1639 qualitate;
685 1567 783 1624 sed
831 1568 885 1623 in
933 1568 1041 1624 isto
1072 1567 1193 1623 loco
1236 1582 1346 1623 non
1391 1565 1590 1633 recipit
1618 1579 1834 1621 sensus.
1865 1564 1934 1620 Et

335 1675 507 1731 quare
528 1669 715 1717 errent
734 1660 857 1716 dico
878 1660 1053 1724 vobis,
1078 1659 1200 1731 quia
1220 1661 1482 1729 scriptum
1504 1668 1589 1716 est
1612 1676 1627 1713 :
1654 1659 1935 1725 Memento,

324 1755 580 1820 'Domine,
612 1752 784 1810 Dauid
812 1764 859 1809 et
896 1755 1061 1810 omnis
1100 1753 1510 1808 mansuetudinis
1540 1754 1673 1825 ejus.
1719 1751 1787 1807 Et
1829 1751 1938 1808 Do—

2040 538 2204 607 cepit.
2227 537 2455 594 Videtur
2495 537 2721 594 forsitan
2769 538 2932 595 alicui
2961 555 3148 595 verum
3176 555 3285 596 non
3317 555 3465 610 esse,
3509 544 3640 611 quia

2041 646 2246 687 novum
2269 641 2354 687 est
2381 649 2395 686 :
2424 629 2519 685 sed
2548 646 2673 686 eum
2711 631 2930 688 remitto
2958 630 3025 686 ad
3071 632 3451 688 auctoritatem
3491 633 3640 690 libri.

2116 723 2250 779 Ecce
2278 722 2574 778 audivimus
2617 738 2733 777 eam
2781 726 2837 778 in
2877 721 3142 797 Ephrata.
3174 724 3232 780 In
3275 725 3505 781 Hebraeo
3534 741 3645 783 non

2043 817 2206 874 habet
2234 833 2368 885 eam,
2400 815 2500 873 sed
2525 815 2690 872 habet
2713 832 2851 878 eum,
2878 817 2985 872 hoc
3013 825 3125 880 est,
3159 816 3312 872 illum
3340 818 3431 888 qui
3463 819 3644 874 nasci-

2042 918 2198 967 turus
2219 909 2393 966 estde
2416 908 2652 965 semine.
2677 908 2985 966 Audiuimus
3005 924 3123 963 eam
3137 911 3191 965 in
3205 906 3442 981 Ephrata
3463 930 3476 967 :
3497 912 3648 982 quod

2040 1003 2110 1060 de
2139 1004 2308 1059 Maria
2351 1017 2565 1059 sensus.
2600 1001 2710 1058 Sed
2740 1011 2794 1058 et
2820 1003 3151 1073 simpliciter
3180 1003 3485 1076 intelligere
3515 1019 3639 1076 pos-

2039 1112 2253 1164 sumus,
2311 1096 2568 1168 quoniam
2619 1096 2881 1165 Ephrata,
2940 1096 3261 1154 Bethlehem
3301 1098 3519 1155 dicitur.
3571 1100 3645 1156 Et

2039 1193 2294 1249 Christus
2336 1192 2392 1249 in
2432 1191 2753 1249 Bethlehem
2790 1202 2950 1247 natus
2988 1193 3079 1247 sit.
3107 1191 3256 1248 Felix
3287 1194 3452 1265 igitur
3487 1195 3641 1251 locus

2041 1286 2135 1359 qui
2167 1294 2316 1341 tanto
2357 1296 2484 1342 ante
2528 1296 2775 1357 tempore
2805 1284 3200 1357 prophetarum
3232 1301 3368 1343 voce
3395 1298 3647 1345 cantatus

2041 1390 2145 1437 est.
2178 1378 2369 1435 Omnia
2417 1379 2637 1449 quidem
2682 1378 2798 1435 loca
2850 1386 3076 1441 sancta,
3127 1379 3465 1435 venerabilia
3495 1390 3645 1454 sunt,

2040 1480 2096 1528 et
2123 1471 2212 1526 ubi
2241 1480 2400 1526 natus
2434 1479 2538 1537 est,
2572 1479 2628 1525 et
2668 1469 2761 1525 ubi
2790 1468 3090 1525 cruciﬁxus
3117 1478 3224 1535 est,
3255 1479 3309 1526 et
3338 1471 3429 1527 ubi
3460 1486 3648 1528 resur-

2041 1567 2207 1628 rexit.
2233 1573 2293 1621 et
2318 1566 2412 1622 ubi
2442 1565 2508 1620 ad
2531 1566 2701 1622 caelos
2722 1565 2897 1621 victor
2922 1564 3205 1629 ascendit;
3234 1564 3332 1621 sed
3359 1565 3463 1621 iste
3488 1565 3642 1622 locus

2042 1660 2263 1733 proprie
2292 1660 2683 1717 venerabilior.
2709 1669 2811 1716 est.
2857 1659 2992 1718 Vide
3023 1668 3227 1733 quanta
3266 1661 3649 1718 misericordia

2044 1758 2139 1815 Dei
2179 1758 2266 1814 hic
2298 1763 2456 1812 natus
2486 1755 2751 1828 parvulus
2772 1756 2971 1811 infans.
3006 1756 3063 1811 lu
3106 1771 3358 1827 prmsepe
3387 1756 3640 1826 ponitur;

337 1850 520 1906 minus
547 1849 680 1906 dicit
723 1850 778 1906 in
824 1849 1120 1920 Evangelio
1154 1866 1168 1904 :
1202 1846 1399 1903 Discite
1442 1865 1475 1902 a
1523 1864 1602 1903 me
1631 1847 1754 1919 quia
1798 1848 1939 1902 mitis
1968 1852 2019 1914 B
2045 1866 2152 1907 non
2184 1851 2331 1906 enim
2363 1858 2483 1905 erat
2511 1849 2616 1905 illis
2647 1848 2800 1905 locus
2826 1847 2881 1903 in
2924 1848 3248 1905 diversorio.
3281 1848 3327 1904 Ο
3349 1847 3642 1915 monache,

338 1962 454 2000 sunt
475 1956 523 2000 et
546 1945 760 2001 humilis
781 1945 954 2001 corde.
980 1944 1083 2000 Pro
1106 1943 1323 2015 quidem
1349 1958 1543 2009 sensu;
1571 1942 1666 1998 sed
1688 1950 1936 1997 errantes

336 2037 509 2094 David
550 2037 639 2093 hic
666 2036 942 2093 Christum
992 2037 1442 2108 interpretantur,
1472 2044 1530 2092 et
1554 2033 1934 2091 mansuetudi-

343 2143 468 2185 nem
498 2129 616 2200 ejus
646 2128 894 2185 referunt
918 2128 986 2183 ad
1015 2128 1317 2185 Christum.
1354 2126 1466 2184 Nos
1493 2141 1625 2198 ergo
1663 2128 1935 2196 interpre-

341 2230 521 2277 temur
547 2221 709 2277 istum
752 2221 1020 2293 psalmum
1051 2224 1103 2276 iu
1139 2220 1304 2275 David
1324 2260 1339 2286 ,
1370 2226 1431 2275 ut
1458 2218 1550 2290 qui
1582 2225 1833 2273 nascetur
1861 2232 1933 2273 ex

336 2314 505 2372 David
533 2329 662 2371 vere
689 2314 944 2370 Christus
974 2313 1331 2383 intelligatur.
1364 2312 1608 2383 Denique
1631 2310 1811 2366 videte
1839 2324 1933 2366 or-

333 2410 521 2466 dinem
541 2450 554 2473 ,
588 2408 852 2481 quoniam
883 2409 1029 2465 enim
1058 2407 1280 2479 grandis
1306 2415 1390 2463 est
1430 2405 1667 2477 psalmus
1690 2449 1705 2473 ,
1741 2415 1793 2460 et
1821 2404 1933 2475 jam

333 2504 502 2562 multa
529 2501 770 2558 diximus
796 2546 810 2571 ,
845 2501 1112 2559 debemus
1157 2499 1399 2557 breviter
1428 2514 1622 2556 sensus
1666 2498 1931 2567 perstrin-

331 2610 496 2667 gere,
540 2610 648 2652 non
698 2594 861 2651 latius
891 2593 1171 2665 diaputare
1204 2610 1218 2647 :
1250 2600 1311 2649 ut
1338 2593 1581 2666 prudens
1611 2591 1828 2648 auditor
1866 2607 1931 2649 ex

335 2687 423 2745 his
448 2704 569 2761 qua:
597 2688 861 2756 diximus,
890 2686 1055 2744 etiam
1082 2701 1147 2744 ea
1171 2701 1294 2759 qum
1336 2700 1444 2743 non
1489 2685 1783 2759 loquimur,
1815 2686 1932 2757 ipse

332 2800 364 2841 a
396 2799 457 2842 se
489 2784 782 2855 intelligat.

406 2879 554 2935 Sicut
589 2879 791 2951 juravit
831 2877 1095 2945 Domino,
1141 2887 1316 2934 votum
1356 2878 1488 2933 vovit
1521 2876 1631 2933 Deo
1657 2875 1842 2933 Iacob.
1874 2877 1935 2934 In

334 2973 605 3030 Hebraico
635 2988 743 3029 non
776 2972 1027 3040 habetat»,
1050 2971 1155 3027 hoc
1180 2980 1293 3039 est,
1321 2972 1474 3034 sicut,
1506 2985 1606 3027 nec
1633 2970 1715 3026 sic
1739 2985 1936 3026 sensus

333 3074 455 3132 est;
485 3065 581 3123 sed
613 3065 777 3122 habet
800 3066 878 3131 ὸς,
914 3064 1020 3120 hoc
1047 3072 1132 3120 est
1154 3104 1169 3130 ,
1197 3063 1287 3135 qui
1306 3103 1323 3131 ,
1352 3073 1408 3119 et
1436 3071 1521 3119 est
1545 3077 1739 3118 sensus
1775 3080 1788 3116 :
1822 3062 1937 3117 Me-

334 3169 532 3229 mento,
562 3157 821 3227 Domine,
849 3156 1021 3213 David
1059 3166 1106 3211 et
1145 3156 1313 3211 omnis
1339 3154 1754 3211 mansuetudinis
1782 3157 1895 3229 ejus
1919 3194 1934 3220 ,

2046 1947 2308 2003 Dominus
2346 1946 2590 2002 nascitur
2613 1945 2668 2000 in
2702 1955 2880 2012 terra,
2913 1952 2968 2001 et
2996 1943 3192 2000 cellam
3223 1944 3505 2014 propriam
3533 1958 3648 2000 non

2042 2040 2209 2096 habet
2237 2060 2250 2095 :
2283 2056 2387 2096 non
2417 2049 2531 2095 erat
2556 2039 2663 2095 illis
2705 2039 2850 2094 locus
2877 2039 2933 2094 in
2977 2039 3284 2094 diversorio.
3316 2037 3645 2095 Universum

2038 2150 2211 2207 genus
2240 2134 2538 2189 humanum
2567 2132 2736 2189 habet
2762 2133 2945 2189 locum
2981 2151 2993 2186 τ
3025 2131 3277 2190 Christus
3303 2148 3413 2189 non
3436 2133 3646 2190 invenit

2041 2229 2220 2283 locum
2252 2227 2396 2282 inter
2422 2225 2693 2282 homines.
2716 2225 2835 2281 Non
2858 2226 3068 2282 invenit
3089 2225 3142 2281 in
3168 2226 3415 2292 Platone,
3449 2241 3557 2282 non
3588 2227 3647 2282 in

2038 2321 2361 2385 Aristotele.
2405 2319 2503 2377 sed
2544 2320 2597 2375 in
2638 2332 2904 2390 praesepe.
2946 2319 3093 2375 luter
3117 2318 3360 2390 iumenta
3392 2327 3448 2374 et
3486 2318 3645 2376 bruta

2038 2415 2292 2470 animalia
2323 2424 2377 2468 et
2406 2413 2687 2484 simplices
2726 2428 2975 2484 quosque
3003 2421 3060 2469 et
3111 2414 3457 2469 innocentes.
3492 2412 3651 2470 Unde

2037 2506 2172 2564 dicit
2198 2515 2256 2563 et
2278 2506 2541 2563 Dominus
2570 2506 2624 2562 in
2657 2506 2972 2576 Evangelio.
3007 2504 3197 2577 Vulpes
3230 2508 3405 2578 foveas
3428 2505 3640 2575 habent,

2035 2609 2086 2656 et
2114 2601 2348 2657 volucres
2378 2599 2493 2657 cali
2524 2601 2699 2657 nidos.
2726 2597 2902 2655 Filius
2922 2611 3092 2671 autem
3117 2600 3340 2656 hominis
3363 2617 3469 2656 non
3493 2601 3646 2659 habet

2036 2694 2125 2749 ubi
2146 2702 2301 2766 caput
2324 2695 2559 2751 reclinet.

2555 2828 2875 2887 PSALMUS
2933 2827 3117 2886 CXLI.

2110 2965 2412 3022 Intellectus
2451 2965 2626 3022 David
2654 3008 2670 3033 ,
2714 2981 2835 3021 cum
2873 2976 3006 3022 esset
3044 2966 3099 3021 in
3138 2966 3407 3038 spelunca.
3450 2965 3641 3023 Oratio

2037 3060 2438 3131 praescribitur.
2456 3060 2568 3119 Iste
2590 3060 2777 3117 titulus
2794 3060 3097 3118 secundum
3117 3061 3402 3119 historiam
3421 3062 3643 3134 quidem

2039 3167 2143 3222 est,
2173 3153 2397 3226 quando
2434 3152 2684 3225 fugiebat
2722 3154 2890 3210 David
2937 3170 2967 3210 a
3016 3154 3159 3215 Saul
3190 3157 3243 3212 in
3279 3157 3504 3214 deserto
3531 3158 3644 3215 En-

333 3253 426 3323 qui
448 3252 648 3325 juravit
676 3249 904 3306 Domino
926 3290 942 3317 ,
986 3257 1159 3304 votum
1204 3248 1338 3303 uouit
1383 3246 1494 3302 Deo
1523 3246 1708 3302 Jacob.
1743 3246 1809 3302 Et
1837 3246 1942 3303 hoc
1967 3247 2013 3311 C
2044 3246 2231 3319 gaddi,
2263 3248 2318 3303 in
2340 3248 2598 3318 spelunca
2628 3247 2955 3304 absconsus.
2981 3248 3050 3304 Et
3077 3248 3356 3320 ingressus
3383 3260 3467 3307 est
3488 3251 3644 3323 igno-

337 3353 466 3416 putn
496 3359 604 3400 non
633 3351 741 3400 tam
768 3342 903 3399 vitio
934 3339 1285 3414 Septuaginta
1316 3339 1679 3411 luterpretum
1704 3338 1928 3409 factum,

332 3452 494 3509 quam
527 3436 856 3508 scriptorum
887 3449 1100 3492 errore.

409 3531 472 3587 Si
495 3531 739 3587 introiere
764 3532 820 3585 in
845 3528 1232 3585 tabernaculum
1254 3530 1440 3585 domus
1460 3545 1604 3585 mete.
1636 3526 1810 3585 David
1831 3525 1936 3584 hoc

336 3625 490 3690 dicit,
524 3623 729 3680 nullam
770 3624 930 3680 aliam
957 3624 1203 3696 requiem
1232 3639 1418 3695 quaero
1446 3624 1548 3678 nisi
1586 3621 1811 3689 Christi,
1843 3620 1937 3692 qui

334 3716 405 3773 de
446 3730 570 3772 meo
610 3717 820 3772 semine
851 3718 1160 3771 nasciturus
1194 3724 1299 3781 est,
1334 3716 1435 3771 hoc
1460 3728 1567 3783 est,
1617 3731 1778 3787 quem
1811 3729 1938 3786 pro-

335 3809 558 3875 misisti,
586 3807 711 3879 quia
740 3806 809 3863 de
841 3806 975 3863 meis
1005 3806 1208 3862 lumbis
1237 3807 1545 3869 nasciturus
1568 3817 1676 3862 est.

409 3901 472 3957 Si
503 3900 695 3956 dedero
724 3900 889 3955 oculis
927 3899 1054 3954 meis
1082 3909 1131 3954 et
1158 3898 1420 3972 palpebris
1458 3899 1584 3954 meis
1614 3898 1939 3953 dormitatio-

334 4012 474 4052 nent.
512 3994 579 4050 Et
604 3996 829 4068 requiem
869 3993 1180 4065 temporibus
1208 3994 1353 4057 meis,
1386 3994 1548 4049 donec
1566 3993 1824 4049 inveniam
1855 3993 1938 4048 la-

336 4105 453 4144 cum
476 4087 720 4159 Domino,
752 4088 1140 4144 tabernaculum
1164 4084 1275 4141 Deo
1304 4085 1484 4140 Iacob.
1517 4084 1631 4141 Hoc
1655 4083 1811 4140 multi
1843 4099 1941 4155 pu-

340 4192 456 4238 tant
499 4182 606 4239 dici
635 4183 703 4239 de
751 4182 1029 4249 Ecclesia;
1060 4181 1157 4238 sed
1183 4180 1316 4236 mihi
1345 4181 1562 4237 videtur
1594 4195 1698 4236 non
1729 4188 1836 4235 tam
1869 4179 1939 4237 de

337 4276 583 4332 Ecclesia
640 4275 767 4345 dici,
816 4290 980 4347 quam
1015 4275 1083 4331 de
1115 4283 1301 4331 sancta
1334 4273 1524 4330 Maria.
1578 4273 1820 4344 Denique
1860 4272 1941 4329 di-

336 4370 502 4426 citur.

410 4459 547 4517 Ecce
580 4461 874 4517 audivimus
899 4478 1014 4517 eam
1047 4463 1101 4518 in
1144 4459 1401 4533 Ephrata,
1430 4460 1714 4517 iuveniores
1744 4478 1858 4517 eam
1882 4463 1938 4517 in

336 4555 536 4624 campis
562 4553 725 4609 silete.
755 4554 1025 4625 Legamus
1053 4554 1365 4625 Scripturas
1393 4565 1631 4623 sanctas,
1664 4562 1719 4609 et
1745 4553 1938 4610 diebus

2037 3357 2168 3399 rans
2193 3339 2353 3410 Saul,
2375 3340 2530 3412 quasi
2549 3355 2647 3396 sua
2667 3355 2853 3407 causa,
2880 3343 2975 3398 sed
2996 3342 3253 3413 quoniam
3282 3342 3445 3400 habet
3465 3344 3519 3399 in
3542 3360 3642 3399 sua

2039 3436 2473 3509 praescriptl0ne,
2518 3432 2824 3491 Intellectus
2858 3433 3052 3503 Dauid,
3085 3435 3350 3494 debentes
3378 3436 3641 3507 spiritua-

2042 3534 2170 3590 liter
2188 3532 2496 3603 intelligere
2519 3532 2814 3603 psalmum.
2838 3530 3121 3601 Accipitur
3137 3531 3362 3604 quidem
3383 3539 3442 3589 et
3463 3533 3516 3588 in
3540 3531 3642 3588 Do-

2041 3630 2249 3686 minum
2268 3644 2455 3685 verum
2478 3627 2648 3682 David
2673 3626 2779 3683 iste
2798 3626 3060 3697 psalmus,
3088 3635 3144 3683 et
3164 3627 3489 3699 intelligitur
3510 3627 3645 3685 Saul

2043 3722 2100 3779 in
2130 3722 2345 3778 diabolo
2374 3741 2385 3775 :
2418 3722 2677 3793 spelunca
2704 3731 2889 3775 autem
2914 3719 2969 3774 in
3001 3719 3107 3775 hoc
3136 3720 3360 3776 mundo.
3395 3720 3465 3776 Et
3492 3720 3645 3790 quod

2040 3813 2294 3871 diabolus
2318 3829 2424 3869 rion
2456 3812 2635 3867 mittat
2661 3812 2714 3866 in
2742 3810 2845 3866 hoc
2868 3810 3076 3866 mundo
3119 3811 3328 3883 aliquid
3358 3812 3510 3879 boni,
3540 3812 3642 3869 sed
3744 3838 3751 3843 -

2042 3917 2274 3977 stercus,
2304 3918 2361 3965 et
2381 3908 2428 3963 si
2449 3907 2577 3979 quid
2601 3906 2900 3978 putridum.
2925 3905 3195 3976 Spelunca
3225 3915 3406 3961 autem
3430 3906 3643 3962 intelli-

2041 4004 2184 4077 gitur
2210 4003 2318 4059 iste
2348 3999 2610 4068 mundus,
2640 4001 2767 4072 quia
2791 3998 3092 4068 perfectum
3124 3999 3304 4055 lumen
3337 4014 3445 4054 non
3474 3998 3649 4057 habet

2042 4105 2304 4166 quantum
2332 4094 2399 4149 ad
2424 4093 2896 4163 comparationem
2929 4091 3126 4158 futuri,
3158 4092 3253 4147 sed
3276 4092 3431 4161 quasi
3454 4092 3640 4149 lumen

2042 4190 2265 4261 aliquod
2293 4189 2477 4245 illuxit
2519 4188 2785 4244 Dominus
2817 4187 3044 4244 veniens
3079 4187 3134 4243 in
3173 4188 3318 4244 hunc
3349 4188 3635 4246 mundum.

2042 4285 2342 4356 Propterea
2364 4285 2496 4340 dicit
2517 4283 2849 4354 Apostolus:
2881 4283 2984 4352 Qui
3008 4292 3084 4337 est
3115 4282 3285 4338 lumen
3313 4283 3495 4355 gloria:
3522 4288 3638 4355 ejus

2043 4376 2205 4451 (Heb.
2254 4392 2296 4446 ι,
2335 4376 2415 4449 '5).
2449 4377 2592 4447 Ergo
2619 4375 2759 4430 sicut
2792 4375 2957 4430 David
2990 4375 3208 4430 intravit
3239 4375 3293 4430 in
3325 4377 3641 4447 speluncam

2041 4470 2388 4527 abscondens
2414 4485 2474 4525 se
2504 4486 2531 4524 a
2559 4468 2686 4526 Saul
2723 4487 2735 4521 :
2770 4467 2842 4523 ita
2871 4476 2928 4524 et
2959 4468 3219 4524 Dominus
3243 4468 3526 4540 ingressus
3553 4478 3639 4528 est

2040 4564 2093 4620 in
2124 4564 2226 4619 hoc
2246 4562 2469 4631 mundo,
2501 4573 2555 4618 et
2585 4562 3019 4631 persecutionem
3056 4576 3249 4633 passus
3279 4571 3384 4618 est.

335 4657 393 4702 et
420 4645 669 4703 noctibus
697 4647 940 4716 singulas
975 4647 1213 4719 syllabas
1243 4658 1298 4702 et
1331 4647 1544 4703 litteras
1585 4647 1928 4703 ventilemus.
1963 4665 2012 4729 υ
2112 4654 2340 4724 ΕῙῙιιηάο
2368 4656 2423 4708 in
2453 4661 2726 4723 conspectu
2749 4656 2863 4725 ejus
2892 4653 3175 4708 orationem
3195 4670 3381 4710 meam.
3414 4653 3639 4727 Signiﬁ-

337 4740 493 4797 Dicat
523 4741 719 4813 aliquis
748 4741 817 4796 de
849 4734 1083 4812 Eplirata
1106 4786 1123 4809 ,
1175 4743 1263 4797 hic
1292 4743 1616 4799 Bethlehem
1642 4743 1802 4799 dixit.
1836 4744 1936 4799 Le-

336 4834 517 4907 gimus
548 4833 691 4890 enim
721 4835 775 4888 in
806 4834 1005 4890 Genesi
1035 4852 1047 4890 :
1085 4834 1233 4888 Venit
1256 4835 1314 4889 in
1341 4833 1659 4903 Bethlehem,
1693 4835 1798 4891 hoc
1828 4847 1932 4905 est,

341 4924 596 4999 Ephrata.
633 4924 747 4980 Hoc
797 4925 997 4981 dicitur
1051 4926 1119 4981 de
1162 4925 1335 5008 Iacob
1382 4927 1601 4998 quando
1645 4944 1790 4984 uxor
1821 4929 1939 4999 ejus

341 5019 544 5076 Rachel
575 5028 789 5075 mortua
820 5028 925 5075 est.
982 5019 1097 5075 Hoc
1121 5028 1208 5076 est
1232 5061 1245 5088 ,
1295 5021 1558 5091 Ephrata.
1594 5023 1701 5080 Sed
1750 5023 1939 5080 videa-

340 5126 462 5168 mus
492 5111 730 5183 Ephrata
767 5127 937 5184 quare
974 5127 1172 5170 nomen
1217 5115 1513 5185 acceperit.
1548 5116 1824 5188 Scriptum
1851 5125 1936 5173 est

340 5205 485 5261 enim
547 5206 601 5262 in
665 5205 1146 5278 Paralipomenon,
1214 5208 1471 5279 quoniam
1534 5209 1724 5278 Maria,
1779 5227 1936 5267 soror

339 5298 510 5371 Moysi
549 5311 604 5356 et
650 5304 852 5368 Aaron,
915 5298 1166 5356 habuerit
1204 5300 1458 5358 maritum
1490 5303 1516 5333 "
1545 5302 1619 5358 0r
1652 5320 1666 5360 :
1698 5320 1807 5360 non
1837 5304 1931 5381 Ur,

337 5396 435 5451 sed
462 5399 538 5451 0r
564 5397 608 5469 (Ι
637 5395 767 5451 Par.
798 5397 900 5468 xi).
950 5395 1024 5451 Et
1067 5404 1252 5465 postea
1303 5396 1440 5452 ordo
1481 5397 1835 5467 describitur,
1880 5408 1938 5455 et

338 5486 569 5543 dicitur:
595 5487 779 5554 Maria,
811 5504 972 5543 soror
989 5488 1156 5561 Moysi
1178 5498 1232 5543 et
1255 5490 1456 5558 Aaron,
1482 5489 1599 5545 hmc
1625 5504 1707 5546 est
1731 5492 1938 5563 Ephra-

341 5590 413 5637 ta.
447 5581 564 5638 Hoc
617 5580 672 5637 in
713 5580 1171 5652 Paralipomenon
1206 5584 1359 5639 libris
1387 5584 1667 5641 scribitur.
1692 5586 1936 5654 Qumrite

415 5740 439 5767 α
481 5729 832 5787 Hebraeorum
855 5728 951 5783 ista
977 5728 1162 5797 opinio
1184 5739 1286 5786 est.
1313 5729 1578 5786 MART.-—
1597 5728 1788 5786 Falsus
1816 5730 1941 5787 Hie-

348 5817 470 5860 ron.
493 5805 544 5857 iu
566 5801 953 5873 quaestionibus
968 5800 1244 5856 Hebraicis
1265 5805 1315 5855 in
1336 5803 1429 5857 lib.
1455 5802 1941 5873 Paralipomenon:

352 5873 506 5932 Caleb
531 5874 679 5930 duxit
708 5874 864 5930 aliaat
892 5888 1104 5927 uxorem
1123 5874 1329 5929 nomine
1355 5874 1613 5946 Ephrata,
1642 5891 1705 5929 ex
1723 5891 1823 5946 qua
1853 5893 1945 5930 διι-

2042 4748 2256 4807 cautius
2283 4748 2440 4815 dixit,
2476 4745 2696 4802 eﬂ‘undu
2716 4753 2892 4801 totum
2914 4760 3011 4802 cor
3038 4761 3222 4803 meum
3252 4749 3307 4802 in
3337 4760 3639 4817 conspectu

2042 4840 2256 4899 Domini
2286 4858 2299 4895 :
2331 4838 2803 4909 Quemadmodum
2843 4837 3039 4909 aliquis
3064 4837 3395 4894 confiteatur
3421 4838 3638 4894 medico

2041 4936 2237 4991 vulnus
2266 4948 2448 4990 suum.
2481 4933 2545 4988 Et
2564 4946 2754 4988 omnes
2804 4946 2941 5005 quas
2984 4931 3149 4987 habet
3193 4930 3478 5000 passiones
3504 4930 3640 4988 dicit

2042 5031 2144 5097 illi,
2173 5038 2231 5085 ut
2260 5028 2336 5084 ita
2365 5027 2623 5084 adhibeat
2659 5028 2710 5084 ei
2758 5042 2967 5082 curam.
3021 5024 3429 5080 Tribulationem
3472 5042 3640 5082 meam

2041 5132 2161 5180 ante
2186 5126 2353 5195 ipsum
2378 5123 2660 5194 pronuntio
2676 5164 2691 5189 ,
2720 5121 2827 5177 hoc
2848 5131 2933 5177 est
2955 5160 2970 5185 ,
3001 5118 3285 5174 tribulatio
3303 5132 3466 5190 quam
3492 5112 3640 5190 Apo-'

2042 5217 2216 5272 stolus
2236 5227 2508 5282 numerat,
2526 5229 2649 5285 qute
2662 5220 2943 5270 numerata
2959 5225 3082 5267 cum
3096 5210 3308 5267 caeteris
3321 5225 3475 5282 spem
3488 5209 3641 5283 facit,

2029 5324 2165 5384 ,spcs
2196 5322 2379 5366 autem
2410 5325 2515 5364 non
2545 5306 2844 5364 confundit.

2112 5402 2183 5458 In
2200 5404 2489 5472 deﬁciendo
2514 5405 2569 5458 in
2584 5418 2666 5456 me
2690 5402 2930 5474 spiritum
2950 5415 3141 5456 meum.
3171 5400 3228 5457 Si
3259 5415 3366 5456 nou
3389 5416 3456 5457 ex
3477 5401 3639 5460 nobis

2041 5496 2261 5553 deficiat
2296 5497 2519 5569 spiritus
2549 5494 2727 5549 malus
2764 5493 2853 5564 qui
2893 5493 3190 5548 sull‘ucabat
3221 5492 3374 5563 Saul,
3404 5510 3509 5549 non
3544 5510 3641 5565 po-

2044 5598 2151 5647 test
2174 5606 2337 5647 nosse
2365 5591 2590 5644 setnitas
2618 5597 2830 5643 nostras
2855 5587 3136 5643 Dominus.
3159 5588 3290 5657 Quae
3310 5596 3488 5644 autem
3514 5598 3640 5644 sunt

2044 5734 2205 5805 srepit
2235 5731 2372 5801 Har,
2409 5731 2575 5785 virum
2609 5728 2812 5800 Marica,
2842 5731 3036 5785 sororis
3068 5729 3261 5804 Moysi,
3290 5740 3489 5803 patrem
3517 5729 3641 5786 Hu-

2046 5806 2114 5873 ri,
2146 5812 2254 5862 etc.
