4008 6336
394 307 536 365 1299

1191 307 1537 367 APPENBIX
1584 307 1671 363 AD
1709 306 1952 367 Τοιιυιι
1986 302 2343 368 κΕΡΊῚΜΗἈ
2384 304 2445 359 S.
2493 297 2903 358 lilEBthYul.

3558 288 3699 345 ιδιτθ

393 430 629 486 semitz-
642 430 955 498 iustorum?
988 429 1237 495 Iustitia,
1273 444 1436 500 opera
1482 429 1644 492 bona,
1700 430 1782 483 vis
1823 436 1993 497 recta,
2024 426 2246 491 Aenios
2269 424 2579 481 clamabant
2614 441 2627 474 :
2663 418 2967 488 Crucilige,
3020 414 3278 482 cruciﬁge
3325 410 3481 482 (Luc.
3516 408 3699 485 nui).

398 523 644 587 castitas,
672 524 1012 579 continentia
1038 532 1094 578 et
1119 531 1315 577 cetera
1348 522 1433 576 his
1460 523 1681 577 similia.

475 615 537 670 In
569 616 651 670 via
688 616 787 670 hac
812 632 915 688 qua
959 615 1289 670 ambulabam
1334 615 1715 669 absconderant
1759 615 1997 686 laqueum

400 709 548 763 mihi.
586 710 759 779 Prope
786 718 915 764 sunt
939 710 1064 763 vitia
1110 709 1417 765 virtutibus.
1447 710 1507 764 In
1543 724 1884 780 quacumque
1912 709 1994 763 via

401 802 634 857 voluerit
658 803 858 873 aliquis
883 803 1190 869 ambulare,
1220 804 1272 857 in
1290 819 1353 858 ea
1380 815 1590 875 ponunt
1614 804 1856 873 laqueos.
1891 804 1998 858 Aut

398 897 452 950 in
480 896 715 965 jejunio,
745 906 839 952 aut
869 896 926 951 in
954 898 1323 970 eleemosyna,
1359 909 1447 951 aut
1479 899 1532 952 in
1575 897 1791 954 ca-Ieris
1819 897 1992 953 virtu-

399 989 563 1045 tibus.

471 1083 875 1139 Considerabant
900 1087 971 1140 ad
1000 1088 1283 1148 dexteram,
1320 1097 1369 1142 et
1390 1088 1646 1155 videbam,
1680 1096 1728 1141 et
1755 1103 1858 1141 non
1884 1096 1997 1140 erat

398 1176 488 1240 qui
533 1188 861 1249 cognosceret
886 1196 987 1234 me.
1019 1181 1075 1235 Si
1110 1180 1163 1235 in
1195 1182 1361 1236 Deum
1384 1180 1673 1236 fecerimus
1699 1181 1993 1250 psalmum,

398 1270 514 1338 ipse
548 1271 808 1325 Dominus
835 1273 1094 1340 loquitur.
1130 1273 1333 1329 Omnes
1371 1273 1628 1339 discipuli
1664 1273 1765 1328 mei
1799 1273 2001 1328 dereli-

397 1372 636 1429 querunt
667 1378 774 1427 me,
826 1373 879 1417 et
926 1364 1199 1435 fugerunt.
1236 1365 1385 1422 Unus
1430 1374 1773 1421 remanserat
1803 1364 1997 1420 Petrus

397 1456 486 1523 qui
525 1468 587 1507 se
627 1455 874 1524 promisit
905 1455 1091 1511 dicens
1122 1475 1136 1511 :
1169 1457 1225 1512 Si
1252 1468 1468 1526 oportet
1499 1473 1585 1512 me
1612 1472 1713 1528 pro
1737 1465 1792 1511 te
1833 1455 1993 1521 mori,

398 1561 505 1599 non
541 1556 592 1600 te
620 1547 996 1618 derelinquam
1034 1566 1047 1602 :
1081 1557 1141 1604 et
1169 1550 1284 1616 ipse
1321 1550 1556 1619 negavit.
1593 1549 1885 1618 Propterea
1916 1548 1998 1602 di-

402 1638 497 1698 xit,
525 1639 949 1693 Considerabam
972 1656 1097 1695 eum
1121 1642 1187 1695 ad
1212 1642 1510 1707 dexteram,
1536 1651 1589 1697 et
1610 1657 1718 1696 non
1741 1641 1900 1708 dixit,
1927 1640 1994 1695 ad

399 1728 703 1791 siniswam,
737 1732 991 1800 quoniam
1015 1733 1129 1802 egit
1153 1734 1528 1803 pmnitentiam
1559 1733 1770 1790 Petrus.

2176 519 2394 575 Intende
2404 522 2473 575 ad
2492 516 2900 589 deprecationem
2915 525 3098 577 ineant,
3112 508 3236 578 quia
3257 504 3569 565 humiliatus
3587 518 3701 557 sunt

2100 615 2277 670 nimis.
2300 612 2358 668 Si
2388 625 2497 669 non
2519 607 2714 676 aliquis
2738 603 3054 661 humiliatus
3075 599 3259 667 fuerit,
3283 614 3391 657 non
3413 595 3703 651 exauditur

2099 728 2129 763 tt
2162 707 2409 764 Domino.
2445 703 2586 770 Quid
2610 700 2755 758 enim
2800 699 3026 767 prodest
3062 695 3297 762 aliquem
3330 689 3510 751 verbis
3539 702 3701 757 orare

2100 812 2155 857 et
2184 799 2453 856 cervicem
2485 806 2723 851 erectam
2751 789 2995 847 habere?
3022 787 3079 844 Si
3110 793 3288 849 autem
3320 783 3378 843 in
3408 781 3700 847 Dotitinum

2100 892 2456 962 intelligimus
2490 906 2504 943 :
2535 887 2741 943 Discite
2769 900 2800 939 a
2828 896 2941 946 me,
2964 879 3088 952 quia
3115 877 3262 933 mitis
3286 889 3406 937 sunt
3435 884 3491 931 et
3523 871 3701 928 humi-

2102 987 2169 1042 lis
2211 984 2397 1041 corde.

2172 1077 2360 1133 Libera
2378 1091 2457 1131 me
2483 1090 2515 1127 a
2537 1067 2957 1142 persequentibus
2982 1080 3084 1130 nte,
3114 1062 3242 1136 quia
3264 1058 3550 1134 confortati
3577 1064 3700 1121 sunt

2099 1187 2255 1244 super
2274 1166 2488 1234 me.Qui
2510 1173 2698 1219 contra
2714 1176 2812 1215 nos
2834 1167 3076 1229 pugnant
3091 1154 3344 1213 fortiores
3366 1152 3527 1213 nobis
3548 1156 3698 1221 sunt,

2103 1266 2205 1321 hoc
2231 1273 2338 1327 est,
2372 1258 2649 1330 principes
2681 1254 2844 1322 hujus
2872 1250 3082 1309 mundi.

2177 1356 2324 1413 Educ
2353 1351 2417 1405 de
2465 1348 2702 1407 custodia
2747 1347 2976 1399 animam
3027 1356 3211 1407 nteant,
3242 1339 3312 1393 ad
3354 1333 3705 1407 confitendum

2101 1448 2299 1505 nomini
2324 1455 2433 1499 tuo.
2462 1442 2519 1500 ld
2550 1448 2654 1507 est,
2687 1440 2756 1493 de
2786 1440 2890 1492 isto
2919 1450 3178 1505 corpore.
3213 1433 3294 1489 Ad
3325 1430 3702 1503 conﬁtendum,

2101 1542 2152 1601 id
2177 1549 2282 1605 est,
2311 1533 2741 1597 clarificandum.
2770 1530 2922 1587 Sicut
2948 1528 3085 1587 dicit
3119 1542 3135 1584 :
3161 1525 3422 1596 Conﬁteor
3449 1521 3560 1589 tibi,
3596 1519 3705 1574 Pu-

2100 1647 2195 1690 ter.

2177 1727 2261 1784 Me
2289 1733 2585 1795 exspectant
2602 1722 2756 1793 justi,
2786 1719 2949 1775 donec
2978 1718 3228 1771 retribuas
3257 1712 3404 1775 mihi.
3433 1710 3702 1769 Dominus

475 1818 640 1875 Periit
673 1821 798 1892 fuga
824 1842 854 1875 a
886 1841 984 1877 me.
1019 1824 1251 1892 Quando
1277 1827 1712 1894 comprehensus
1731 1836 1815 1882 est
1845 1844 1873 1879 ιι
1904 1828 1997 1883 luo
2030 1840 2074 1900 Β
2101 1824 2261 1879 dicit:
2289 1820 2372 1876 Me
2395 1825 2715 1888 exspectant
2735 1812 3185 1885 apostoli,doucc
3208 1823 3484 1879 resurgam
3502 1822 3533 1865 a
3555 1823 3707 1865 inor-

397 1910 552 1967 dteis.
612 1911 676 1967 Et
708 1929 809 1967 non
834 1922 911 1969 est
939 1915 1028 1985 qui
1073 1919 1305 1989 requirat
1329 1918 1553 1973 animum
1584 1934 1768 1975 meum.
1798 1916 2003 1975 Omnes

2111 1920 2238 1974 tuis.

1342 2189 1430 2259 J.
1492 2184 2142 2259 MABTIAN/EI
2199 2180 2826 2259 ADMONITIO

981 2342 1070 2395 AD
1101 2340 1662 2410 CONSEQUENTEM
1696 2340 2216 2398 PRIEFATIONEM
2248 2340 2313 2396 ΙΝ
2354 2336 2781 2395 PSALMORUM
2816 2334 3099 2392 LIBRUM.

542 2495 604 2550 In
638 2499 802 2553 tribus
852 2517 974 2556 mss.
1031 2503 1408 2569 exemplaribus
1458 2504 1681 2559 Cononis
1727 2504 1998 2561 Hebraitte
2024 2506 2290 2574 Veritatis,
2324 2522 2476 2577 quem
2519 2516 2645 2559 tom.
2679 2504 2696 2559 1
2733 2505 2887 2571 huius
2915 2503 3157 2557 editionis
3184 2519 3328 2557 noun-
3358 2502 3589 2573 Operum
3625 2498 3692 2556 S.

406 2586 716 2660 Hieronymi
744 2609 909 2661 nuper
947 2595 1136 2665 public:
1160 2598 1304 2667 juris
1340 2597 1464 2664 feci.
1499 2606 1796 2650 constanter
1825 2600 2140 2670 descriptam
2171 2599 2344 2652 inveni
2386 2604 2778 2666 consequentem
2822 2593 3203 2663 Prafationem
3236 2595 3289 2646 in
3321 2595 3514 2647 librum
3544 2589 3701 2645 Psal-

403 2700 604 2735 ntornm
626 2702 689 2738 ea:
713 2684 932 2740 Hebraeo
954 2688 1009 2740 itt
1039 2688 1285 2741 Latinum
1312 2705 1598 2743 sermonem
1623 2692 1938 2745 translatum
1972 2692 2036 2745 ab
2056 2691 2233 2746 eodem
2264 2690 2617 2761 Hieronymo,
2659 2689 2746 2757 qui
2781 2688 2889 2741 alia
2913 2688 3133 2740 multum
3158 2687 3361 2740 diversa
3392 2686 3701 2755 prmfatiotte

399 2777 683 2828 versionem
718 2792 865 2828 suam
896 2780 1319 2843 communiverat.
1380 2779 1474 2841 Vir
1498 2790 1664 2834 autem
1696 2782 1866 2836 clarus
1891 2781 2180 2835 Ludovicus
2222 2779 2529 2836 Ferrandus
2556 2786 2694 2835 hunc
2725 2784 2995 2849 prologum
3023 2779 3186 2835 edidit
3208 2781 3261 2833 in
3294 2779 3398 2849 [ine
3424 2779 3702 2832 voluminis

407 2868 811 2940 Parapltrasrms
834 2887 941 2924 sta:
966 2873 1019 2924 in
1052 2872 1369 2927 Psalterium
1396 2873 1611 2928 Davidis
1634 2892 1652 2938 ;
1688 2875 1775 2929 sed
1802 2877 1967 2945 falsus
1994 2886 2071 2931 est
2098 2877 2331 2929 eruditus
2363 2878 2607 2942 scriptor,
2639 2884 2754 2928 cum
2782 2876 3091 2930 existimavit
3117 2888 3231 2927 eum
3256 2873 3417 2941 fuisse
3442 2872 3699 2943 scriptum

398 2978 428 3012 ιι
453 2961 586 3031 {also
617 2962 709 3015 illo
755 2960 1083 3032 Hieronymo
1115 2966 1533 3018 ronsarcinatore
1558 2963 1996 3019 Commentarium
2023 2968 2076 3020 in
2108 2965 2349 3019 Psalmos
2376 2982 2391 3017 :
2423 2967 2558 3019 unde
2584 2964 2814 3020 Joannes
2855 2965 3095 3032 Baptista
3144 2963 3433 3015 liotelerius
3479 2964 3531 3014 in
3567 2962 3700 3016 uotis

391 3052 461 3105 ad
492 3062 688 3105 tomum
717 3050 785 3105 Ill
812 3050 1041 3105 Monum.
1095 3052 1293 3106 Eccles.
1337 3053 1556 3119 (intacto,
1588 3057 1762 3121 palam
1797 3059 2061 3126 professus
2094 3067 2167 3110 est
2197 3060 2306 3127 iam
2336 3056 2532 3109 dictum
2570 3057 2931 3127 praefationem
2961 3058 3196 3112 neutrius
3231 3069 3341 3108 esse
3363 3051 3695 3123 Hieronymi.

395 3147 546 3215 Qua',
571 3150 769 3220 inquit,
817 3166 915 3206 nec
958 3151 1270 3225 Hieronymi
1297 3197 1311 3217 ,
1360 3170 1459 3208 nec
1490 3153 1893 3225 llieronymimi
1919 3152 2063 3207 illius
2089 3152 2546 3208 consarcinatoris
2575 3166 2696 3205 esse
2719 3150 2955 3204 Videtur.
3017 3149 3180 3220 Cujus
3204 3164 3359 3217 porro
3387 3149 3571 3219 fuerit.
3603 3148 3699 3202 etsi

394 3254 500 3293 non
539 3242 749 3296 ontnino
795 3242 920 3296 mihi
966 3255 1193 3311 constet,
1237 3247 1323 3300 vix
1370 3255 1540 3300 tamen
1571 3246 1752 3299 dubito
1777 3247 1902 3313 quin
1929 3248 2014 3300 hic
2042 3246 2289 3319 prologus
2323 3244 2547 3299 Eusebio
2579 3243 2886 3297 Cmsariensi
2906 3244 2974 3297 sit
3002 3244 3336 3296 ascribendus
3362 3256 3379 3292 :
3407 3258 3531 3313 pars
3559 3244 3695 3296 cuius

398 3350 498 3386 non
546 3336 761 3388 minima
811 3338 876 3390 de
905 3338 1135 3408 ejusdem
1175 3339 1539 3410 Itypotltesibns
1570 3341 1621 3393 in
1655 3339 1911 3393 l’snlterio
1937 3340 2201 3406 derivata,
2252 3340 2308 3392 id
2334 3340 2479 3392 nobis
2509 3341 2807 3392 renuntiare
2828 3337 3052 3393 videtur.
3104 3334 3210 3390 Sed
3239 3335 3477 3405 quisquis
3503 3335 3694 3405 μητίε-

393 3428 583 3480 tiouetn
628 3428 907 3483 Latinitate
952 3432 1201 3496 donavit,
1251 3434 1336 3486 vix
1375 3434 1554 3504 primis
1601 3434 1697 3503 fuit
1748 3433 1970 3487 imbutus
2001 3433 2187 3490 litteris
2210 3475 2222 3496 ,
2264 3442 2321 3487 ut
2360 3432 2415 3486 in
2447 3432 2691 3484 Latinum
2720 3446 2824 3484 non
2853 3429 3036 3484 Latine
3064 3442 3177 3481 eam
3202 3438 3436 3481 uerteret.
3496 3428 3692 3493 (.‘teterg

387 3521 576 3575 uidesis
606 3522 659 3574 in
687 3525 1126 3578 tntnotatiunculis
1147 3526 1297 3579 meis.

380 3635 3675 3663 NW

963 3768 990 3803 "
1030 3763 1649 3849 PR/EFATIO
1706 3768 1865 3850 DE
1916 3768 2266 3852 LIBRO
2324 3771 3096 3855 PSALMORUM.

454 4056 513 4112 In
541 4056 930 4117 llebrmolibro
953 4055 1295 4117 Psalmornm
1320 4058 1456 4114 citra
1486 4058 1697 4123 numeri
1721 4058 1982 4128 adjectio—
2007 4073 2050 4135 ο
2084 4060 2228 4132 giunt
2278 4060 2447 4129 factus
2485 4073 2561 4117 est
2611 4062 2781 4128 nobis,
2825 4077 2997 4133 usque
3039 4061 3107 4123 ad
3142 4060 3432 4127 centesimi
3479 4063 3678 4133 quinti,

382 4167 509 4219 nem
539 4150 794 4221 descripti
825 4160 951 4209 sunt
979 4166 1195 4215 omnes.
1229 4162 1282 4213 et
1314 4151 1531 4209 diverse
1560 4151 1777 4221 quidem
1813 4170 1828 4206 :
1856 4150 1977 4223 qui-

377 4242 503 4299 dam
527 4243 829 4312 conjuncti,
852 4242 1072 4311 quidam
1095 4253 1275 4298 autem
1293 4243 1472 4299 divisi.
1498 4242 1838 4317 Quapropter
1865 4244 1975 4318 prie

379 4351 500 4391 mus
527 4346 582 4389 et
603 4336 874 4395 secundus
902 4336 1178 4407 conjuncti
1210 4345 1339 4401 sunt
1377 4336 1530 4405 juxta
1563 4336 1875 4404 Hebraeum,
1922 4347 1978 4399 et

378 4430 578 4485 iterum
611 4428 1047 4499 septuagesimus
1076 4430 1341 4496 septimus
1371 4429 1696 4500 conjunctus
1723 4439 1807 4485 est
1831 4429 1975 4500 apud

377 4536 478 4577 nos
505 4541 515 4574 :
554 4524 603 4575 in
632 4521 859 4579 Hebraeo
887 4530 1067 4581 autem
1094 4522 1281 4593 partiti
1306 4532 1435 4578 sunt
1467 4524 1518 4577 in
1546 4523 1702 4577 duos.
1728 4522 1782 4583 In
1811 4525 1972 4593 quin,

376 4636 482 4692 que
512 4635 644 4681 vero
677 4620 847 4677 libros
876 4620 1129 4681 dividunt
1163 4622 1374 4681 Hebraei
1408 4622 1747 4687 Psalmorltm
1775 4623 1971 4689 librum

372 4713 481 4787 [Αι.
517 4712 733 4787 libros],
777 4730 1004 4783 altorum
1036 4716 1256 4787 quidem
1290 4717 1522 4787 primum
1570 4733 1600 4772 a
1647 4717 1840 4777 Beatus
1866 4718 1965 4785 vir.

370 4822 548 4877 usque
577 4807 644 4865 ad
677 4806 841 4865 linem
890 4808 1312 4880 quadragesimi.
1363 4810 1673 4871 Secundum
1723 4819 1903 4874 autem
1951 4826 1988 4877 to

376 4898 821 4966 Quemadmodum
859 4901 1121 4957 desiderat
1164 4918 1346 4963 ceruus
1377 4902 1446 4959 ad
1475 4904 1672 4974 fontem
1700 4901 1808 4975 [Δί.
1844 4902 1968 4963 ΐοιιν

374 4990 480 5064 tes]
507 5009 780 5063 aquarum,
821 5009 993 5066 usque
1048 4993 1114 5057 ad
1145 4995 1534 5066 septuagesimi
1576 4996 1734 5064 primi
1780 4997 1964 5063 linem,

365 5084 582 5147 Tertius
612 5102 744 5143 vero
791 5098 873 5146 est
913 5107 925 5143 ι
963 5087 1135 5157 Quam
1174 5088 1336 5153 bonus
1382 5087 1549 5149 Israel
1583 5087 1748 5157 Deus,
1790 5104 1963 5160 usque

362 5175 432 5242 ad
454 5178 777 5249 octogesimi
805 5180 1001 5243 octavi.
1037 5178 1275 5248 Quartus
1316 5188 1522 5250 autem,
1553 5178 1795 5247 Domine,
1818 5181 1960 5252 refu-

431 5387 458 5427 4
499 5377 558 5435 ln
588 5378 779 5434 codice
808 5393 913 5435 ms.
960 5378 1286 5439 Memmiana
1315 5391 1365 5434 et
1396 5380 1450 5435 in
1497 5377 1952 5449 Sengesnianensi

355 5449 821 5525 noswoprajlatio
843 5451 1030 5525 istltaic
1053 5451 1384 5525 Hieronymo
1411 5447 1700 5525 inscribitur
1713 5464 1730 5525 _:
1760 5447 1952 5525 Incipit

396 5520 601 5594 rte/’atio
654 5522 955 5593 Hieronymi
984 5520 1275 5594 presbyteri
1310 5523 1364 5577 in
1412 5521 1543 5577 libro
1598 5520 1946 5577 Psalmorum.

409 5591 545 5647 elius
571 5591 1022 5650 Carcassmiensis
1041 5591 1234 5658 codex,
1266 5595 1357 5664 qui
1390 5611 1496 5649 non
1527 5596 1724 5649 retinet
1750 5607 1946 5650 nomen

353 5665 687 5739 Hieronymi.
718 5665 1309 5739 Mur.—Dix_imus_iu
1342 5667 1564 5739 prtellxa
1596 5665 1719 5721 huic
1743 5680 1948 5739 appen-

356 5737 461 5789 tlit-i
510 5736 902 5801 admonitione,
948 5736 1520 5792 conferendam‘hanc
1569 5738 1944 5804 prmlationem

355 5820 475 5864 esse
501 5822 624 5862 cum
650 5806 869 5864 Eusebii
904 5806 1341 5878 llypotltesibus,
1369 5823 1490 5879 quae
1520 5809 1621 5865 huc
1656 5823 1846 5877 magna
1878 5824 1941 5863 es

2085 4151 2317 4220 Quintus
2345 4169 2477 4210 vero
2506 4173 2518 4210 :
2552 4146 2883 4224 Conﬁtemini
2917 4155 3161 4219 Domino,
3196 4170 3369 4224 usque
3402 4154 3471 4210 ad
3498 4158 3682 4213 novis,

2081 4247 2303 4301 simum.

2155 4338 2562 4393 Observandqu
2584 4348 2789 4404 autem,
2815 4341 2937 4411 quia
2964 4357 3068 4395 non
3093 4341 3389 4396 secundum
3412 4340 3676 4409 historiae,

2081 4444 2180 4485 seu
2239 4439 2544 4499 temporum
2571 4473 2587 4499 ,
2630 4432 2962 4501 psalmorum
3012 4432 3352 4503 compositus
3399 4432 3472 4486 sit
3518 4431 3674 4495 ordo.

2079 4524 2458 4583 Comminatus
2501 4533 2587 4581 est
2639 4541 2771 4581 vero
2821 4528 3001 4585 minus
3052 4527 3282 4591 multum
3337 4527 3676 4596 temporibus

2083 4614 2268 4688 [Forte
2308 4618 2469 4681 minis
2494 4619 2676 4673 multis
2703 4617 3090 4692 temporibus].
3120 4622 3264 4675 sicut
3294 4619 3437 4675 liber
3460 4619 3670 4691 Regna:

2076 4727 2195 4767 rum
2225 4710 2484 4777 declarat.
2518 4712 2683 4769 Multa
2713 4714 2858 4775 enim
2886 4713 3156 4779 idolorum
3177 4715 3392 4769 cultura
3419 4714 3671 4775 obtinens

2075 4802 2383 4867 Judaeorum
2401 4814 2641 4874 gentem,
2670 4805 3001 4863 oblivionem
3025 4804 3286 4863 infecerat
3319 4815 3668 4876 patet-narunt

2075 4898 2512 4969 Scripturarum.
2542 4908 2603 4959 ut
2633 4914 2733 4957 nec
2778 4909 2995 4969 pareret
3032 4901 3170 4961 liber
3212 4900 3462 4963 Mosaicae
3511 4902 3664 4972 legis,

2074 5008 2253 5063 neque
2276 4993 2538 5055 memoria
2566 5002 2776 5063 patrum
2795 4994 3009 5064 pietatis
3030 4994 3183 5057 salva
3213 4993 3503 5059 haberetur
3525 4993 3661 5063 apud

2072 5102 2187 5145 eos.
2212 5087 2303 5143 Sic
2326 5102 2459 5157 ergo
2479 5097 2535 5153 et
2557 5088 2850 5157 prophetas
2873 5090 3255 5153 interiecerant
3277 5087 3661 5159 redarguentes

2069 5179 2283 5237 illorum
2300 5181 2685 5250 impietates,et
2697 5183 2887 5245 horum
2899 5196 3060 5243 causa
3072 5182 3302 5252 primum
3316 5180 3660 5253 Assyriorum

2063 5388 2234 5455 parte,
2269 5381 2482 5437 tametsi
2514 5395 2702 5453 parum
2750 5382 3000 5438 felicibus
3039 5384 3317 5455 auspiciis,
3343 5385 3413 5440 ab
3436 5395 3656 5440 auctore

2062 5452 2344 5517 translatus
2374 5467 2522 5521 sunt,
2563 5455 2707 5509 Duos
2737 5455 2917 5511 laudat
2944 5452 3289 5515 Martiainens
3327 5457 3488 5513 codd.
3518 5472 3648 5521 suis,

2060 5516 2441 5597 Mettitnianum
2476 5516 2662 5592 unum,
2697 5526 2925 5580 alterum
2977 5516 3647 5597 Saugermanensem,[qui

2056 5594 2390 5667 Hieronymo
2417 5597 2770 5661 scriptionem
2797 5597 2933 5651 hanc
2967 5594 3228 5653 tribuunt.
3257 5598 3365 5654 Nos
3391 5594 3648 5653 cum'uno

2051 5665 2810 5741 Ainbrosianae_Bibliutbeca:
2864 5669 2882 5723 ι
2925 5671 3103 5741 littera
3138 5686 3201 5724 ac
3233 5687 3380 5724 num.
3417 5672 3450 5735 6
3503 5686 3644 5741 prte-

2054 5749 2240 5813 notato
2263 5737 2608 5804 contulimus,
2641 5740 2965 5813 quinullum
2999 5739 3163 5813 habet
3188 5745 3427 5797 aucwris
3448 5737 3640 5798 nomen

2054 5809 2371 5880 ascriptum,
2403 5822 2457 5866 et
2484 5825 2629 5887 sepe
2657 5809 2896 5869 melioris
2924 5823 3006 5871 est
3032 5812 3218 5887 frugis.
