  <div class='ocr_page' id='page_1' title='image "/cluster/home/n/w/nwhite01/storage/ocr_20150623/26/hvd.32044015471402/656.png"; bbox 0 0 4008 6336; ppageno 0'>
   <div class='ocr_carea' id='block_1_1' title="bbox 235 291 356 352">
    <p class='ocr_par' dir='ltr' id='par_1_1' title="bbox 235 291 356 352">
     <span class='ocr_line' id='line_1_1' title="bbox 235 291 356 352; baseline -0.033 0"><span class='ocrx_word' id='word_1_1' title='bbox 235 291 356 352; x_wconf 73' lang='grc'><strong>1501</strong></span> 
     </span>
    </p>
   </div>
   <div class='ocr_carea' id='block_1_2' title="bbox 1240 287 2480 354">
    <p class='ocr_par' dir='ltr' id='par_1_2' title="bbox 1240 287 2480 354">
     <span class='ocr_line' id='line_1_2' title="bbox 1240 287 2480 354; baseline 0 -8"><span class='ocrx_word' id='word_1_2' title='bbox 1240 287 1610 352; x_wconf 59' lang='lat' dir='ltr'><strong>PREFATID</strong></span> <span class='ocrx_word' id='word_1_3' title='bbox 1649 287 1738 354; x_wconf 77' lang='lat' dir='ltr'><strong>DE</strong></span> <span class='ocrx_word' id='word_1_4' title='bbox 1780 288 1986 352; x_wconf 75' lang='lat' dir='ltr'><strong>LIBHO</strong></span> <span class='ocrx_word' id='word_1_5' title='bbox 2025 288 2480 352; x_wconf 69' lang='lat' dir='ltr'><strong>PSALMHRUM.</strong></span> 
     </span>
    </p>
   </div>
   <div class='ocr_carea' id='block_1_3' title="bbox 3382 288 3517 352">
    <p class='ocr_par' dir='ltr' id='par_1_3' title="bbox 3382 288 3517 352">
     <span class='ocr_line' id='line_1_3' title="bbox 3382 288 3517 352; baseline -0.037 0"><span class='ocrx_word' id='word_1_6' title='bbox 3382 288 3517 352; x_wconf 64' lang='grc' dir='ltr'><strong>ηοξ</strong></span> 
     </span>
    </p>
   </div>
   <div class='ocr_carea' id='block_1_4' title="bbox 227 403 3522 478">
    <p class='ocr_par' dir='ltr' id='par_1_4' title="bbox 227 403 3522 478">
     <span class='ocr_line' id='line_1_4' title="bbox 227 403 3522 478; baseline 0.001 -16"><span class='ocrx_word' id='word_1_7' title='bbox 227 405 392 466; x_wconf 89' lang='lat' dir='ltr'><strong>traditi</strong></span> <span class='ocrx_word' id='word_1_8' title='bbox 413 411 551 460; x_wconf 87' lang='lat' dir='ltr'><strong>sunt</strong></span> <span class='ocrx_word' id='word_1_9' title='bbox 572 403 1043 474; x_wconf 82' lang='lat' dir='ltr'><strong>captivitati.Nibil</strong></span> <span class='ocrx_word' id='word_1_10' title='bbox 1075 405 1234 475; x_wconf 79' lang='lat' dir='ltr'><strong>igitur</strong></span> <span class='ocrx_word' id='word_1_11' title='bbox 1261 405 1816 476; x_wconf 77' lang='lat' dir='ltr'><strong>ntirabilesttblutjus-</strong></span> <span class='ocrx_word' id='word_1_12' title='bbox 1845 411 1893 474; x_wconf 80' lang='grc' dir='ltr'><strong>Α</strong></span> <span class='ocrx_word' id='word_1_13' title='bbox 1922 407 2176 476; x_wconf 85' lang='lat' dir='ltr'><strong>quintus,</strong></span> <span class='ocrx_word' id='word_1_14' title='bbox 2234 409 2548 477; x_wconf 76' lang='lat' dir='ltr'><strong>trigesimus</strong></span> <span class='ocrx_word' id='word_1_15' title='bbox 2606 417 2822 472; x_wconf 78' lang='lat' dir='ltr'><strong>sextus,</strong></span> <span class='ocrx_word' id='word_1_16' title='bbox 2883 405 3184 478; x_wconf 73' lang='lat' dir='ltr'><strong>trigesimus</strong></span> <span class='ocrx_word' id='word_1_17' title='bbox 3237 405 3522 477; x_wconf 81' lang='lat' dir='ltr'><strong>septimus,</strong></span> 
     </span>
    </p>
   </div>
   <div class='ocr_carea' id='block_1_5' title="bbox 232 497 1820 567">
    <p class='ocr_par' dir='ltr' id='par_1_5' title="bbox 232 497 1820 567">
     <span class='ocr_line' id='line_1_5' title="bbox 232 497 1820 567; baseline 0 -13"><span class='ocrx_word' id='word_1_18' title='bbox 232 499 363 554; x_wconf 89' lang='lat' dir='ltr'><strong>modi</strong></span> <span class='ocrx_word' id='word_1_19' title='bbox 389 497 808 563; x_wconf 78' lang='lat' dir='ltr'><strong>consdtutione,</strong></span> <span class='ocrx_word' id='word_1_20' title='bbox 851 510 898 552; x_wconf 86' lang='lat' dir='ltr'><strong>et</strong></span> <span class='ocrx_word' id='word_1_21' title='bbox 931 515 1050 567; x_wconf 57' lang='lat' dir='ltr'><strong>quin</strong></span> <span class='ocrx_word' id='word_1_22' title='bbox 1082 499 1226 554; x_wconf 84' lang='lat' dir='ltr'><strong>illata</strong></span> <span class='ocrx_word' id='word_1_23' title='bbox 1250 507 1379 554; x_wconf 90' lang='lat' dir='ltr'><strong>sunt</strong></span> <span class='ocrx_word' id='word_1_24' title='bbox 1407 497 1551 554; x_wconf 85' lang='lat' dir='ltr'><strong>libro</strong></span> <span class='ocrx_word' id='word_1_25' title='bbox 1578 497 1820 554; x_wconf 88' lang='lat' dir='ltr'><strong>Psalmo-</strong></span> 
     </span>
    </p>
   </div>
   <div class='ocr_carea' id='block_1_6' title="bbox 232 589 1816 664">
    <p class='ocr_par' dir='ltr' id='par_1_6' title="bbox 232 589 1816 664">
     <span class='ocr_line' id='line_1_6' title="bbox 232 589 1816 664; baseline 0.002 -19"><span class='ocrx_word' id='word_1_26' title='bbox 232 606 366 658; x_wconf 86' lang='lat' dir='ltr'><strong>rum,</strong></span> <span class='ocrx_word' id='word_1_27' title='bbox 388 589 730 655; x_wconf 81' lang='lat' dir='ltr'><strong>deciderunt,-</strong></span> <span class='ocrx_word' id='word_1_28' title='bbox 750 589 1008 644; x_wconf 90' lang='lat' dir='ltr'><strong>oblivioni</strong></span> <span class='ocrx_word' id='word_1_29' title='bbox 1031 589 1205 660; x_wconf 70' lang='lat' dir='ltr'><strong>longis</strong></span> <span class='ocrx_word' id='word_1_30' title='bbox 1231 591 1426 646; x_wconf 86' lang='lat' dir='ltr'><strong>tradita</strong></span> <span class='ocrx_word' id='word_1_31' title='bbox 1454 589 1816 664; x_wconf 76' lang='lat' dir='ltr'><strong>temporibus.</strong></span> 
     </span>
    </p>
   </div>
   <div class='ocr_carea' id='block_1_7' title="bbox 304 682 1822 752">
    <p class='ocr_par' dir='ltr' id='par_1_7' title="bbox 304 682 1822 752">
     <span class='ocr_line' id='line_1_7' title="bbox 304 682 1822 752; baseline -0.001 -14"><span class='ocrx_word' id='word_1_32' title='bbox 304 684 421 738; x_wconf 86' lang='lat' dir='ltr'><strong>Post</strong></span> <span class='ocrx_word' id='word_1_33' title='bbox 445 682 564 738; x_wconf 65' lang='lat' dir='ltr'><strong>ham</strong></span> <span class='ocrx_word' id='word_1_34' title='bbox 587 695 790 750; x_wconf 89' lang='lat' dir='ltr'><strong>autem,</strong></span> <span class='ocrx_word' id='word_1_35' title='bbox 829 692 850 718; x_wconf 77' lang='grc' dir='ltr'><strong><em>δ</em></strong></span> <span class='ocrx_word' id='word_1_36' title='bbox 886 685 1002 736; x_wconf 90' lang='lat' dir='ltr'><strong>sive</strong></span> <span class='ocrx_word' id='word_1_37' title='bbox 1040 683 1259 748; x_wconf 84' lang='lat' dir='ltr'><strong>Ezram,</strong></span> <span class='ocrx_word' id='word_1_38' title='bbox 1288 683 1401 738; x_wconf 84' lang='lat' dir='ltr'><strong>sive</strong></span> <span class='ocrx_word' id='word_1_39' title='bbox 1431 683 1721 752; x_wconf 82' lang='lat' dir='ltr'><strong>quemdam</strong></span> <span class='ocrx_word' id='word_1_40' title='bbox 1742 685 1822 737; x_wconf 89' lang='lat' dir='ltr'><strong>vi-</strong></span> 
     </span>
    </p>
   </div>
   <div class='ocr_carea' id='block_1_8' title="bbox 238 775 1822 848">
    <p class='ocr_par' dir='ltr' id='par_1_8' title="bbox 238 775 1822 848">
     <span class='ocr_line' id='line_1_8' title="bbox 238 775 1822 848; baseline 0.003 -17"><span class='ocrx_word' id='word_1_41' title='bbox 238 793 348 832; x_wconf 90' lang='lat' dir='ltr'><strong>rum</strong></span> <span class='ocrx_word' id='word_1_42' title='bbox 369 779 774 848; x_wconf 83' lang='lat' dir='ltr'><strong>praphetarum,</strong></span> <span class='ocrx_word' id='word_1_43' title='bbox 805 777 949 831; x_wconf 88' lang='lat' dir='ltr'><strong>circa</strong></span> <span class='ocrx_word' id='word_1_44' title='bbox 973 776 1454 848; x_wconf 76' lang='lat' dir='ltr'><strong>congregationem</strong></span> <span class='ocrx_word' id='word_1_45' title='bbox 1478 792 1688 842; x_wconf 89' lang='lat' dir='ltr'><strong>eorum,</strong></span> <span class='ocrx_word' id='word_1_46' title='bbox 1719 775 1822 836; x_wconf 80' lang='lat' dir='ltr'><strong>fes-</strong></span> 
     </span>
    </p>
   </div>
   <div class='ocr_carea' id='block_1_9' title="bbox 239 868 1823 927">
    <p class='ocr_par' dir='ltr' id='par_1_9' title="bbox 239 868 1823 927">
     <span class='ocr_line' id='line_1_9' title="bbox 239 868 1823 927; baseline 0 -3"><span class='ocrx_word' id='word_1_47' title='bbox 239 870 431 926; x_wconf 87' lang='lat' dir='ltr'><strong>tinasse</strong></span> <span class='ocrx_word' id='word_1_48' title='bbox 477 885 597 925; x_wconf 91' lang='lat' dir='ltr'><strong>cum</strong></span> <span class='ocrx_word' id='word_1_49' title='bbox 644 870 858 924; x_wconf 69' lang='lat' dir='ltr'><strong>caeteris</strong></span> <span class='ocrx_word' id='word_1_50' title='bbox 900 879 955 924; x_wconf 88' lang='lat' dir='ltr'><strong>et</strong></span> <span class='ocrx_word' id='word_1_51' title='bbox 993 869 1191 924; x_wconf 88' lang='lat' dir='ltr'><strong>librum</strong></span> <span class='ocrx_word' id='word_1_52' title='bbox 1238 869 1579 927; x_wconf 74' lang='lat' dir='ltr'><strong>Psalmorum</strong></span> <span class='ocrx_word' id='word_1_53' title='bbox 1625 868 1823 924; x_wconf 80' lang='lat' dir='ltr'><strong>coodu-</strong></span> 
     </span>
    </p>
   </div>
   <div class='ocr_carea' id='block_1_10' title="bbox 235 961 1821 1032">
    <p class='ocr_par' dir='ltr' id='par_1_10' title="bbox 235 961 1821 1032">
     <span class='ocr_line' id='line_1_10' title="bbox 235 961 1821 1032; baseline -0.001 -15"><span class='ocrx_word' id='word_1_54' title='bbox 235 977 409 1028; x_wconf 87' lang='lat' dir='ltr'><strong>nasse,</strong></span> <span class='ocrx_word' id='word_1_55' title='bbox 441 977 547 1016; x_wconf 89' lang='lat' dir='ltr'><strong>non</strong></span> <span class='ocrx_word' id='word_1_56' title='bbox 574 961 778 1032; x_wconf 90' lang='lat' dir='ltr'><strong>liquido</strong></span> <span class='ocrx_word' id='word_1_57' title='bbox 811 963 1148 1020; x_wconf 74' lang='lat' dir='ltr'><strong>invenientes</strong></span> <span class='ocrx_word' id='word_1_58' title='bbox 1177 978 1391 1030; x_wconf 89' lang='lat' dir='ltr'><strong>omnes,</strong></span> <span class='ocrx_word' id='word_1_59' title='bbox 1420 962 1515 1018; x_wconf 76' lang='lat' dir='ltr'><strong>Sed</strong></span> <span class='ocrx_word' id='word_1_60' title='bbox 1551 978 1645 1031; x_wconf 90' lang='lat' dir='ltr'><strong>per</strong></span> <span class='ocrx_word' id='word_1_61' title='bbox 1672 963 1821 1017; x_wconf 89' lang='lat' dir='ltr'><strong>varia</strong></span> 
     </span>
    </p>
   </div>
   <div class='ocr_carea' id='block_1_11' title="bbox 235 1054 1819 1125">
    <p class='ocr_par' dir='ltr' id='par_1_11' title="bbox 235 1054 1819 1125">
     <span class='ocr_line' id='line_1_11' title="bbox 235 1054 1819 1125; baseline 0 -15"><span class='ocrx_word' id='word_1_62' title='bbox 235 1065 492 1125; x_wconf 88' lang='lat' dir='ltr'><strong>tempora.</strong></span> <span class='ocrx_word' id='word_1_63' title='bbox 527 1054 808 1114; x_wconf 84' lang='lat' dir='ltr'><strong>Taxavere</strong></span> <span class='ocrx_word' id='word_1_64' title='bbox 841 1064 1017 1110; x_wconf 88' lang='lat' dir='ltr'><strong>autem</strong></span> <span class='ocrx_word' id='word_1_65' title='bbox 1054 1055 1320 1125; x_wconf 81' lang='lat' dir='ltr'><strong>imprimis</strong></span> <span class='ocrx_word' id='word_1_66' title='bbox 1355 1056 1444 1125; x_wconf 88' lang='lat' dir='ltr'><strong>qui</strong></span> <span class='ocrx_word' id='word_1_67' title='bbox 1492 1055 1706 1124; x_wconf 80' lang='lat' dir='ltr'><strong>priores</strong></span> <span class='ocrx_word' id='word_1_68' title='bbox 1737 1055 1819 1110; x_wconf 89' lang='lat' dir='ltr'><strong>in-</strong></span> 
     </span>
    </p>
   </div>
   <div class='ocr_carea' id='block_1_12' title="bbox 231 1131 1822 1219">
    <p class='ocr_par' dir='ltr' id='par_1_12' title="bbox 231 1131 1822 1219">
     <span class='ocr_line' id='line_1_12' title="bbox 231 1131 1822 1219; baseline -0.003 -13"><span class='ocrx_word' id='word_1_69' title='bbox 231 1151 373 1206; x_wconf 80' lang='lat' dir='ltr'><strong>venti</strong></span> <span class='ocrx_word' id='word_1_70' title='bbox 404 1158 548 1214; x_wconf 92' lang='lat' dir='ltr'><strong>sunt,</strong></span> <span class='ocrx_word' id='word_1_71' title='bbox 585 1159 802 1219; x_wconf 83' lang='lat' dir='ltr'><strong>prepter</strong></span> <span class='ocrx_word' id='word_1_72' title='bbox 835 1148 977 1219; x_wconf 88' lang='lat' dir='ltr'><strong>quod</strong></span> <span class='ocrx_word' id='word_1_73' title='bbox 1011 1164 1110 1203; x_wconf 86' lang='lat' dir='ltr'><strong>nec</strong></span> <span class='ocrx_word' id='word_1_74' title='bbox 1140 1147 1241 1219; x_wconf 60' lang='lat' dir='ltr'><strong>ipsi</strong></span> <span class='ocrx_word' id='word_1_75' title='bbox 1274 1159 1330 1202; x_wconf 92' lang='lat' dir='ltr'><strong>ut</strong></span> <span class='ocrx_word' id='word_1_76' title='bbox 1356 1148 1516 1202; x_wconf 84' lang='lat' dir='ltr'><strong>David</strong></span> <span class='ocrx_word' id='word_1_77' title='bbox 1552 1131 1602 1202; x_wconf 87' lang='lat' dir='ltr'><strong>in</strong></span> <span class='ocrx_word' id='word_1_78' title='bbox 1632 1147 1822 1208; x_wconf 80' lang='lat' dir='ltr'><strong>ordine</strong></span> 
     </span>
    </p>
   </div>
   <div class='ocr_carea' id='block_1_13' title="bbox 237 1241 1826 1313">
    <p class='ocr_par' dir='ltr' id='par_1_13' title="bbox 237 1241 1826 1313">
     <span class='ocr_line' id='line_1_13' title="bbox 237 1241 1826 1313; baseline 0 -17"><span class='ocrx_word' id='word_1_79' title='bbox 237 1242 265 1282; x_wconf 80' lang='grc' dir='ltr'><strong>ι)</strong></span> <span class='ocrx_word' id='word_1_80' title='bbox 289 1244 471 1313; x_wconf 85' lang='lat' dir='ltr'><strong>jacere</strong></span> <span class='ocrx_word' id='word_1_81' title='bbox 501 1257 715 1298; x_wconf 86' lang='lat' dir='ltr'><strong>omnes.</strong></span> <span class='ocrx_word' id='word_1_82' title='bbox 765 1241 974 1298; x_wconf 80' lang='lat' dir='ltr'><strong>Dcinde</strong></span> <span class='ocrx_word' id='word_1_83' title='bbox 1002 1253 1180 1297; x_wconf 90' lang='lat' dir='ltr'><strong>autem</strong></span> <span class='ocrx_word' id='word_1_84' title='bbox 1216 1253 1266 1296; x_wconf 91' lang='lat' dir='ltr'><strong>et</strong></span> <span class='ocrx_word' id='word_1_85' title='bbox 1301 1243 1536 1298; x_wconf 82' lang='lat' dir='ltr'><strong>ﬁliorum</strong></span> <span class='ocrx_word' id='word_1_86' title='bbox 1568 1242 1726 1308; x_wconf 84' lang='lat' dir='ltr'><strong>Core,</strong></span> <span class='ocrx_word' id='word_1_87' title='bbox 1771 1251 1826 1302; x_wconf 87' lang='lat' dir='ltr'><strong>et</strong></span> 
     </span>
    </p>
   </div>
   <div class='ocr_carea' id='block_1_14' title="bbox 228 1327 1819 1406">
    <p class='ocr_par' dir='ltr' id='par_1_14' title="bbox 228 1327 1819 1406">
     <span class='ocr_line' id='line_1_14' title="bbox 228 1327 1819 1406; baseline -0.001 -16"><span class='ocrx_word' id='word_1_88' title='bbox 228 1335 425 1404; x_wconf 83' lang='lat' dir='ltr'><strong>Asaph,</strong></span> <span class='ocrx_word' id='word_1_89' title='bbox 454 1345 509 1390; x_wconf 90' lang='lat' dir='ltr'><strong>et</strong></span> <span class='ocrx_word' id='word_1_90' title='bbox 533 1335 865 1402; x_wconf 68' lang='lat' dir='ltr'><strong>Salomonis,</strong></span> <span class='ocrx_word' id='word_1_91' title='bbox 901 1347 950 1388; x_wconf 92' lang='lat' dir='ltr'><strong>et</strong></span> <span class='ocrx_word' id='word_1_92' title='bbox 984 1335 1178 1406; x_wconf 82' lang='lat' dir='ltr'><strong>Moysi,</strong></span> <span class='ocrx_word' id='word_1_93' title='bbox 1205 1345 1259 1390; x_wconf 91' lang='lat' dir='ltr'><strong>et</strong></span> <span class='ocrx_word' id='word_1_94' title='bbox 1293 1327 1488 1401; x_wconf 61' lang='lat' dir='ltr'><strong>Etltan;</strong></span> <span class='ocrx_word' id='word_1_95' title='bbox 1513 1346 1566 1390; x_wconf 90' lang='lat' dir='ltr'><strong>et</strong></span> <span class='ocrx_word' id='word_1_96' title='bbox 1589 1335 1819 1404; x_wconf 81' lang='lat' dir='ltr'><strong>Hemon,</strong></span> 
     </span>
    </p>
   </div>
   <div class='ocr_carea' id='block_1_15' title="bbox 226 1427 1820 1497">
    <p class='ocr_par' dir='ltr' id='par_1_15' title="bbox 226 1427 1820 1497">
     <span class='ocr_line' id='line_1_15' title="bbox 226 1427 1820 1497; baseline 0 -12"><span class='ocrx_word' id='word_1_97' title='bbox 226 1439 277 1486; x_wconf 88' lang='lat' dir='ltr'><strong>et</strong></span> <span class='ocrx_word' id='word_1_98' title='bbox 307 1429 562 1495; x_wconf 90' lang='lat' dir='ltr'><strong>ldithum,</strong></span> <span class='ocrx_word' id='word_1_99' title='bbox 597 1438 649 1482; x_wconf 89' lang='lat' dir='ltr'><strong>et</strong></span> <span class='ocrx_word' id='word_1_100' title='bbox 677 1428 871 1482; x_wconf 91' lang='lat' dir='ltr'><strong>iterum</strong></span> <span class='ocrx_word' id='word_1_101' title='bbox 903 1427 1072 1497; x_wconf 87' lang='lat' dir='ltr'><strong>ipsius</strong></span> <span class='ocrx_word' id='word_1_102' title='bbox 1103 1428 1266 1482; x_wconf 84' lang='lat' dir='ltr'><strong>David</strong></span> <span class='ocrx_word' id='word_1_103' title='bbox 1293 1428 1580 1484; x_wconf 82' lang='lat' dir='ltr'><strong>inveniens</strong></span> <span class='ocrx_word' id='word_1_104' title='bbox 1615 1430 1820 1486; x_wconf 78' lang='lat' dir='ltr'><strong>mixtim</strong></span> 
     </span>
    </p>
   </div>
   <div class='ocr_carea' id='block_1_16' title="bbox 226 1521 1824 1593">
    <p class='ocr_par' dir='ltr' id='par_1_16' title="bbox 226 1521 1824 1593">
     <span class='ocr_line' id='line_1_16' title="bbox 226 1521 1824 1593; baseline -0.001 -16"><span class='ocrx_word' id='word_1_105' title='bbox 226 1523 275 1578; x_wconf 87' lang='lat' dir='ltr'><strong>in</strong></span> <span class='ocrx_word' id='word_1_106' title='bbox 324 1522 460 1576; x_wconf 87' lang='lat' dir='ltr'><strong>libro</strong></span> <span class='ocrx_word' id='word_1_107' title='bbox 496 1531 734 1588; x_wconf 85' lang='lat' dir='ltr'><strong>laxatos,</strong></span> <span class='ocrx_word' id='word_1_108' title='bbox 791 1537 895 1576; x_wconf 92' lang='lat' dir='ltr'><strong>non</strong></span> <span class='ocrx_word' id='word_1_109' title='bbox 938 1521 1234 1577; x_wconf 86' lang='lat' dir='ltr'><strong>secundum</strong></span> <span class='ocrx_word' id='word_1_110' title='bbox 1281 1521 1478 1593; x_wconf 89' lang='lat' dir='ltr'><strong>quilms</strong></span> <span class='ocrx_word' id='word_1_111' title='bbox 1523 1521 1652 1575; x_wconf 83' lang='lat' dir='ltr'><strong>dicti</strong></span> <span class='ocrx_word' id='word_1_112' title='bbox 1699 1529 1824 1576; x_wconf 90' lang='lat' dir='ltr'><strong>sunt</strong></span> 
     </span>
    </p>
   </div>
   <div class='ocr_carea' id='block_1_17' title="bbox 225 1612 1822 1684">
    <p class='ocr_par' dir='ltr' id='par_1_17' title="bbox 225 1612 1822 1684">
     <span class='ocr_line' id='line_1_17' title="bbox 225 1612 1822 1684; baseline 0 -16"><span class='ocrx_word' id='word_1_113' title='bbox 225 1613 582 1682; x_wconf 77' lang='lat' dir='ltr'><strong>temporibus,</strong></span> <span class='ocrx_word' id='word_1_114' title='bbox 607 1613 702 1668; x_wconf 80' lang='lat' dir='ltr'><strong>sed</strong></span> <span class='ocrx_word' id='word_1_115' title='bbox 731 1613 929 1684; x_wconf 87' lang='lat' dir='ltr'><strong>quibus</strong></span> <span class='ocrx_word' id='word_1_116' title='bbox 954 1614 1177 1667; x_wconf 75' lang='lat' dir='ltr'><strong>inventi.</strong></span> <span class='ocrx_word' id='word_1_117' title='bbox 1206 1612 1336 1667; x_wconf 83' lang='lat' dir='ltr'><strong>Hine</strong></span> <span class='ocrx_word' id='word_1_118' title='bbox 1357 1614 1518 1667; x_wconf 92' lang='lat' dir='ltr'><strong>etiam</strong></span> <span class='ocrx_word' id='word_1_119' title='bbox 1550 1615 1822 1684; x_wconf 78' lang='lat' dir='ltr'><strong>provenit,</strong></span> 
     </span>
    </p>
   </div>
   <div class='ocr_carea' id='block_1_18' title="bbox 223 1705 1823 1777">
    <p class='ocr_par' dir='ltr' id='par_1_18' title="bbox 223 1705 1823 1777">
     <span class='ocr_line' id='line_1_18' title="bbox 223 1705 1823 1777; baseline 0.001 -17"><span class='ocrx_word' id='word_1_120' title='bbox 223 1716 277 1760; x_wconf 94' lang='lat' dir='ltr'><strong>ut</strong></span> <span class='ocrx_word' id='word_1_121' title='bbox 307 1708 394 1775; x_wconf 90' lang='lat' dir='ltr'><strong>qui</strong></span> <span class='ocrx_word' id='word_1_122' title='bbox 419 1708 760 1777; x_wconf 80' lang='lat' dir='ltr'><strong>temporibus</strong></span> <span class='ocrx_word' id='word_1_123' title='bbox 792 1715 952 1760; x_wconf 88' lang='lat' dir='ltr'><strong>erant</strong></span> <span class='ocrx_word' id='word_1_124' title='bbox 980 1707 1258 1762; x_wconf 76' lang='lat' dir='ltr'><strong>novissimi</strong></span> <span class='ocrx_word' id='word_1_125' title='bbox 1295 1707 1451 1776; x_wconf 88' lang='lat' dir='ltr'><strong>primi</strong></span> <span class='ocrx_word' id='word_1_126' title='bbox 1483 1705 1713 1774; x_wconf 86' lang='lat' dir='ltr'><strong>inventi,</strong></span> <span class='ocrx_word' id='word_1_127' title='bbox 1739 1721 1823 1761; x_wconf 89' lang='lat' dir='ltr'><strong>re-</strong></span> 
     </span>
    </p>
   </div>
   <div class='ocr_carea' id='block_1_19' title="bbox 1928 500 3523 573">
    <p class='ocr_par' dir='ltr' id='par_1_19' title="bbox 1928 500 3523 573">
     <span class='ocr_line' id='line_1_19' title="bbox 1928 500 3523 573; baseline 0.001 -18"><span class='ocrx_word' id='word_1_128' title='bbox 1928 503 2232 572; x_wconf 84' lang='lat' dir='ltr'><strong>trigesitnus</strong></span> <span class='ocrx_word' id='word_1_129' title='bbox 2245 509 2487 566; x_wconf 81' lang='lat' dir='ltr'><strong>octavus,</strong></span> <span class='ocrx_word' id='word_1_130' title='bbox 2514 503 2820 573; x_wconf 73' lang='lat' dir='ltr'><strong>trigesitnus</strong></span> <span class='ocrx_word' id='word_1_131' title='bbox 2845 516 3039 569; x_wconf 86' lang='lat' dir='ltr'><strong>nonus;</strong></span> <span class='ocrx_word' id='word_1_132' title='bbox 3055 500 3523 572; x_wconf 67' lang='lat' dir='ltr'><strong>quadragesimus;</strong></span> 
     </span>
    </p>
   </div>
   <div class='ocr_carea' id='block_1_20' title="bbox 1925 591 3519 666">
    <p class='ocr_par' dir='ltr' id='par_1_20' title="bbox 1925 591 3519 666">
     <span class='ocr_line' id='line_1_20' title="bbox 1925 591 3519 666; baseline 0.001 -19"><span class='ocrx_word' id='word_1_133' title='bbox 1925 595 2429 666; x_wconf 80' lang='lat' dir='ltr'><strong>quinquagesimus,</strong></span> <span class='ocrx_word' id='word_1_134' title='bbox 2493 594 2976 665; x_wconf 77' lang='lat' dir='ltr'><strong>quinquagesimus</strong></span> <span class='ocrx_word' id='word_1_135' title='bbox 3054 594 3283 663; x_wconf 77' lang='lat' dir='ltr'><strong>primus,</strong></span> <span class='ocrx_word' id='word_1_136' title='bbox 3358 591 3519 664; x_wconf 80' lang='lat' dir='ltr'><strong>quin-</strong></span> 
     </span>
    </p>
   </div>
   <div class='ocr_carea' id='block_1_21' title="bbox 1925 685 3518 758">
    <p class='ocr_par' dir='ltr' id='par_1_21' title="bbox 1925 685 3518 758">
     <span class='ocr_line' id='line_1_21' title="bbox 1925 685 3518 758; baseline -0.003 -16"><span class='ocrx_word' id='word_1_137' title='bbox 1925 687 2269 758; x_wconf 80' lang='lat' dir='ltr'><strong>quagesimus</strong></span> <span class='ocrx_word' id='word_1_138' title='bbox 2350 687 2662 754; x_wconf 84' lang='lat' dir='ltr'><strong>secundus,</strong></span> <span class='ocrx_word' id='word_1_139' title='bbox 2725 687 3210 757; x_wconf 75' lang='lat' dir='ltr'><strong>quinquagesitnus</strong></span> <span class='ocrx_word' id='word_1_140' title='bbox 3287 685 3518 751; x_wconf 78' lang='lat' dir='ltr'><strong>tertius,</strong></span> 
     </span>
    </p>
   </div>
   <div class='ocr_carea' id='block_1_22' title="bbox 1924 776 3522 852">
    <p class='ocr_par' dir='ltr' id='par_1_22' title="bbox 1924 776 3522 852">
     <span class='ocr_line' id='line_1_22' title="bbox 1924 776 3522 852; baseline -0.003 -16"><span class='ocrx_word' id='word_1_141' title='bbox 1924 779 2402 852; x_wconf 84' lang='lat' dir='ltr'><strong>quinquagesimus</strong></span> <span class='ocrx_word' id='word_1_142' title='bbox 2455 790 2704 850; x_wconf 88' lang='lat' dir='ltr'><strong>quartus,</strong></span> <span class='ocrx_word' id='word_1_143' title='bbox 2751 779 3238 850; x_wconf 74' lang='lat' dir='ltr'><strong>quinquagcsimus</strong></span> <span class='ocrx_word' id='word_1_144' title='bbox 3279 776 3522 849; x_wconf 76' lang='lat' dir='ltr'><strong>quintus,</strong></span> 
     </span>
    </p>
   </div>
   <div class='ocr_carea' id='block_1_23' title="bbox 1927 871 3520 948">
    <p class='ocr_par' dir='ltr' id='par_1_23' title="bbox 1927 871 3520 948">
     <span class='ocr_line' id='line_1_23' title="bbox 1927 871 3520 948; baseline -0.003 -17"><span class='ocrx_word' id='word_1_145' title='bbox 1927 876 2411 948; x_wconf 78' lang='lat' dir='ltr'><strong>quinquagesimus</strong></span> <span class='ocrx_word' id='word_1_146' title='bbox 2440 884 2647 941; x_wconf 64' lang='lat' dir='ltr'><strong>sextus,</strong></span> <span class='ocrx_word' id='word_1_147' title='bbox 2702 874 3185 946; x_wconf 77' lang='lat' dir='ltr'><strong>quinquagesimus</strong></span> <span class='ocrx_word' id='word_1_148' title='bbox 3230 871 3520 943; x_wconf 78' lang='lat' dir='ltr'><strong>septimus,</strong></span> 
     </span>
    </p>
   </div>
   <div class='ocr_carea' id='block_1_24' title="bbox 1927 967 3522 1041">
    <p class='ocr_par' dir='ltr' id='par_1_24' title="bbox 1927 967 3522 1041">
     <span class='ocr_line' id='line_1_24' title="bbox 1927 967 3522 1041; baseline -0.004 -15"><span class='ocrx_word' id='word_1_149' title='bbox 1927 967 2416 1041; x_wconf 77' lang='lat' dir='ltr'><strong>quinquagesimus</strong></span> <span class='ocrx_word' id='word_1_150' title='bbox 2461 979 2728 1033; x_wconf 85' lang='lat' dir='ltr'><strong>octavus,</strong></span> <span class='ocrx_word' id='word_1_151' title='bbox 2776 967 3263 1038; x_wconf 77' lang='lat' dir='ltr'><strong>quinquagesimus</strong></span> <span class='ocrx_word' id='word_1_152' title='bbox 3311 979 3522 1026; x_wconf 82' lang='lat' dir='ltr'><strong>nonus;</strong></span> 
     </span>
    </p>
   </div>
   <div class='ocr_carea' id='block_1_25' title="bbox 1926 1057 3526 1132">
    <p class='ocr_par' dir='ltr' id='par_1_25' title="bbox 1926 1057 3526 1132">
     <span class='ocr_line' id='line_1_25' title="bbox 1926 1057 3526 1132; baseline -0.003 -16"><span class='ocrx_word' id='word_1_153' title='bbox 1926 1063 2318 1132; x_wconf 79' lang='lat' dir='ltr'><strong>sexagesimus,</strong></span> <span class='ocrx_word' id='word_1_154' title='bbox 2357 1060 2731 1130; x_wconf 76' lang='lat' dir='ltr'><strong>sexagesimus</strong></span> <span class='ocrx_word' id='word_1_155' title='bbox 2770 1059 3001 1130; x_wconf 88' lang='lat' dir='ltr'><strong>primus,</strong></span> <span class='ocrx_word' id='word_1_156' title='bbox 3035 1057 3410 1129; x_wconf 76' lang='lat' dir='ltr'><strong>sexagesimus</strong></span> <span class='ocrx_word' id='word_1_157' title='bbox 3439 1072 3526 1112; x_wconf 81' lang='lat' dir='ltr'><strong>se-</strong></span> 
     </span>
    </p>
   </div>
   <div class='ocr_carea' id='block_1_26' title="bbox 1925 1152 3522 1223">
    <p class='ocr_par' dir='ltr' id='par_1_26' title="bbox 1925 1152 3522 1223">
     <span class='ocr_line' id='line_1_26' title="bbox 1925 1152 3522 1223; baseline -0.004 -13"><span class='ocrx_word' id='word_1_158' title='bbox 1925 1154 2155 1220; x_wconf 89' lang='lat' dir='ltr'><strong>cundus,</strong></span> <span class='ocrx_word' id='word_1_159' title='bbox 2187 1152 2555 1223; x_wconf 75' lang='lat' dir='ltr'><strong>sexagesimus</strong></span> <span class='ocrx_word' id='word_1_160' title='bbox 2602 1152 2818 1220; x_wconf 87' lang='lat' dir='ltr'><strong>tertius,</strong></span> <span class='ocrx_word' id='word_1_161' title='bbox 2862 1155 3234 1222; x_wconf 75' lang='lat' dir='ltr'><strong>sexagesimus</strong></span> <span class='ocrx_word' id='word_1_162' title='bbox 3275 1161 3522 1220; x_wconf 87' lang='lat' dir='ltr'><strong>quartus,</strong></span> 
     </span>
    </p>
   </div>
   <div class='ocr_carea' id='block_1_27' title="bbox 1927 1244 3523 1318">
    <p class='ocr_par' dir='ltr' id='par_1_27' title="bbox 1927 1244 3523 1318">
     <span class='ocr_line' id='line_1_27' title="bbox 1927 1244 3523 1318; baseline -0.001 -16"><span class='ocrx_word' id='word_1_163' title='bbox 1927 1244 1954 1284; x_wconf 73' lang='grc' dir='ltr'><strong>¹λ</strong></span> <span class='ocrx_word' id='word_1_164' title='bbox 1987 1247 2357 1318; x_wconf 66' lang='lat' dir='ltr'><strong>sexagesimus</strong></span> <span class='ocrx_word' id='word_1_165' title='bbox 2385 1247 2668 1316; x_wconf 85' lang='lat' dir='ltr'><strong>septimus,</strong></span> <span class='ocrx_word' id='word_1_166' title='bbox 2701 1247 3074 1315; x_wconf 80' lang='lat' dir='ltr'><strong>sexagesimus</strong></span> <span class='ocrx_word' id='word_1_167' title='bbox 3096 1255 3345 1309; x_wconf 84' lang='lat' dir='ltr'><strong>octavus,</strong></span> <span class='ocrx_word' id='word_1_168' title='bbox 3367 1259 3523 1300; x_wconf 82' lang='lat' dir='ltr'><strong>sexa-</strong></span> 
     </span>
    </p>
   </div>
   <div class='ocr_carea' id='block_1_28' title="bbox 1924 1334 3526 1410">
    <p class='ocr_par' dir='ltr' id='par_1_28' title="bbox 1924 1334 3526 1410">
     <span class='ocr_line' id='line_1_28' title="bbox 1924 1334 3526 1410; baseline -0.002 -16"><span class='ocrx_word' id='word_1_169' title='bbox 1924 1341 2168 1410; x_wconf 76' lang='lat' dir='ltr'><strong>gesimus</strong></span> <span class='ocrx_word' id='word_1_170' title='bbox 2215 1352 2422 1403; x_wconf 87' lang='lat' dir='ltr'><strong>nonus;</strong></span> <span class='ocrx_word' id='word_1_171' title='bbox 2471 1337 2831 1404; x_wconf 82' lang='lat' dir='ltr'><strong>centesimus,</strong></span> <span class='ocrx_word' id='word_1_172' title='bbox 2863 1337 3201 1394; x_wconf 85' lang='lat' dir='ltr'><strong>centesimus</strong></span> <span class='ocrx_word' id='word_1_173' title='bbox 3229 1334 3526 1401; x_wconf 90' lang='lat' dir='ltr'><strong>secundus,</strong></span> 
     </span>
    </p>
   </div>
   <div class='ocr_carea' id='block_1_29' title="bbox 1927 1428 3524 1500">
    <p class='ocr_par' dir='ltr' id='par_1_29' title="bbox 1927 1428 3524 1500">
     <span class='ocr_line' id='line_1_29' title="bbox 1927 1428 3524 1500; baseline -0.002 -13"><span class='ocrx_word' id='word_1_174' title='bbox 1927 1432 2260 1488; x_wconf 87' lang='lat' dir='ltr'><strong>centesimus</strong></span> <span class='ocrx_word' id='word_1_175' title='bbox 2309 1431 2599 1500; x_wconf 91' lang='lat' dir='ltr'><strong>septimus,</strong></span> <span class='ocrx_word' id='word_1_176' title='bbox 2634 1429 2964 1488; x_wconf 84' lang='lat' dir='ltr'><strong>centesimus</strong></span> <span class='ocrx_word' id='word_1_177' title='bbox 2993 1439 3238 1496; x_wconf 86' lang='lat' dir='ltr'><strong>octavus,</strong></span> <span class='ocrx_word' id='word_1_178' title='bbox 3285 1428 3524 1484; x_wconf 88' lang='lat' dir='ltr'><strong>centesi-</strong></span> 
     </span>
    </p>
   </div>
   <div class='ocr_carea' id='block_1_30' title="bbox 1929 1520 3521 1592">
    <p class='ocr_par' dir='ltr' id='par_1_30' title="bbox 1929 1520 3521 1592">
     <span class='ocr_line' id='line_1_30' title="bbox 1929 1520 3521 1592; baseline -0.004 -12"><span class='ocrx_word' id='word_1_179' title='bbox 1929 1541 2048 1580; x_wconf 87' lang='lat' dir='ltr'><strong>mus</strong></span> <span class='ocrx_word' id='word_1_180' title='bbox 2079 1537 2284 1589; x_wconf 89' lang='lat' dir='ltr'><strong>nonus;</strong></span> <span class='ocrx_word' id='word_1_181' title='bbox 2321 1521 2650 1578; x_wconf 87' lang='lat' dir='ltr'><strong>centesimus</strong></span> <span class='ocrx_word' id='word_1_182' title='bbox 2677 1522 2970 1592; x_wconf 77' lang='lat' dir='ltr'><strong>vigesimus</strong></span> <span class='ocrx_word' id='word_1_183' title='bbox 3014 1522 3238 1591; x_wconf 84' lang='lat' dir='ltr'><strong>primus,</strong></span> <span class='ocrx_word' id='word_1_184' title='bbox 3285 1520 3521 1575; x_wconf 81' lang='lat' dir='ltr'><strong>centesi-</strong></span> 
     </span>
    </p>
   </div>
   <div class='ocr_carea' id='block_1_31' title="bbox 1930 1613 3523 1688">
    <p class='ocr_par' dir='ltr' id='par_1_31' title="bbox 1930 1613 3523 1688">
     <span class='ocr_line' id='line_1_31' title="bbox 1930 1613 3523 1688; baseline -0.003 -16"><span class='ocrx_word' id='word_1_185' title='bbox 1930 1633 2046 1672; x_wconf 84' lang='lat' dir='ltr'><strong>mus</strong></span> <span class='ocrx_word' id='word_1_186' title='bbox 2081 1616 2368 1688; x_wconf 81' lang='lat' dir='ltr'><strong>vigesimus</strong></span> <span class='ocrx_word' id='word_1_187' title='bbox 2417 1617 2634 1681; x_wconf 89' lang='lat' dir='ltr'><strong>tertius;</strong></span> <span class='ocrx_word' id='word_1_188' title='bbox 2665 1616 2989 1672; x_wconf 80' lang='lat' dir='ltr'><strong>centesimus</strong></span> <span class='ocrx_word' id='word_1_189' title='bbox 3019 1613 3358 1683; x_wconf 83' lang='lat' dir='ltr'><strong>trigesimus,</strong></span> <span class='ocrx_word' id='word_1_190' title='bbox 3393 1627 3523 1668; x_wconf 90' lang='lat' dir='ltr'><strong>cen-</strong></span> 
     </span>
    </p>
   </div>
   <div class='ocr_carea' id='block_1_32' title="bbox 1928 1705 3526 1780">
    <p class='ocr_par' dir='ltr' id='par_1_32' title="bbox 1928 1705 3526 1780">
     <span class='ocr_line' id='line_1_32' title="bbox 1928 1705 3526 1780; baseline -0.003 -15"><span class='ocrx_word' id='word_1_191' title='bbox 1928 1710 2152 1766; x_wconf 74' lang='lat' dir='ltr'><strong>tesimus</strong></span> <span class='ocrx_word' id='word_1_192' title='bbox 2175 1708 2480 1780; x_wconf 76' lang='lat' dir='ltr'><strong>trigesimus</strong></span> <span class='ocrx_word' id='word_1_193' title='bbox 2502 1707 2794 1773; x_wconf 89' lang='lat' dir='ltr'><strong>secundus,</strong></span> <span class='ocrx_word' id='word_1_194' title='bbox 2815 1707 3146 1762; x_wconf 87' lang='lat' dir='ltr'><strong>centesimus</strong></span> <span class='ocrx_word' id='word_1_195' title='bbox 3176 1705 3188 1743; x_wconf 76' lang='grc' dir='ltr'><strong>ί</strong></span> <span class='ocrx_word' id='word_1_196' title='bbox 3215 1706 3526 1776; x_wconf 77' lang='lat' dir='ltr'><strong>trigesimus</strong></span> 
     </span>
    </p>
   </div>
   <div class='ocr_carea' id='block_1_33' title="bbox 218 1789 3526 1872">
    <p class='ocr_par' dir='ltr' id='par_1_33' title="bbox 218 1789 3526 1872">
     <span class='ocr_line' id='line_1_33' title="bbox 218 1789 3526 1872; baseline 0 -18"><span class='ocrx_word' id='word_1_197' title='bbox 218 1789 533 1870; x_wconf 83' lang='lat' dir='ltr'><strong>eiperentur</strong></span> <span class='ocrx_word' id='word_1_198' title='bbox 585 1801 742 1870; x_wconf 85' lang='lat' dir='ltr'><strong>primi</strong></span> <span class='ocrx_word' id='word_1_199' title='bbox 780 1810 876 1856; x_wconf 81' lang='lat' dir='ltr'><strong>:et</strong></span> <span class='ocrx_word' id='word_1_200' title='bbox 919 1802 1007 1870; x_wconf 91' lang='lat' dir='ltr'><strong>qui</strong></span> <span class='ocrx_word' id='word_1_201' title='bbox 1053 1801 1386 1869; x_wconf 89' lang='lat' dir='ltr'><strong>temporibus</strong></span> <span class='ocrx_word' id='word_1_202' title='bbox 1423 1808 1581 1856; x_wconf 87' lang='lat' dir='ltr'><strong>erant</strong></span> <span class='ocrx_word' id='word_1_203' title='bbox 1631 1801 1807 1868; x_wconf 86' lang='lat' dir='ltr'><strong>primi,</strong></span> <span class='ocrx_word' id='word_1_204' title='bbox 1848 1810 1888 1869; x_wconf 82' lang='grc' dir='ltr'><strong><em>Β</em></strong></span> <span class='ocrx_word' id='word_1_205' title='bbox 1919 1804 2129 1868; x_wconf 86' lang='lat' dir='ltr'><strong>tertius,</strong></span> <span class='ocrx_word' id='word_1_206' title='bbox 2169 1802 2498 1856; x_wconf 83' lang='lat' dir='ltr'><strong>centesimus</strong></span> <span class='ocrx_word' id='word_1_207' title='bbox 2539 1799 2848 1872; x_wconf 70' lang='lat' dir='ltr'><strong>trigesimns</strong></span> <span class='ocrx_word' id='word_1_208' title='bbox 2893 1808 3148 1870; x_wconf 88' lang='lat' dir='ltr'><strong>quartus,</strong></span> <span class='ocrx_word' id='word_1_209' title='bbox 3195 1799 3526 1856; x_wconf 83' lang='lat' dir='ltr'><strong>centesimus</strong></span> 
     </span>
    </p>
   </div>
   <div class='ocr_carea' id='block_1_34' title="bbox 218 1893 1814 1964">
    <p class='ocr_par' dir='ltr' id='par_1_34' title="bbox 218 1893 1814 1964">
     <span class='ocr_line' id='line_1_34' title="bbox 218 1893 1814 1964; baseline 0.001 -18"><span class='ocrx_word' id='word_1_210' title='bbox 218 1901 398 1964; x_wconf 70' lang='lat' dir='ltr'><strong>pestea</strong></span> <span class='ocrx_word' id='word_1_211' title='bbox 434 1893 664 1959; x_wconf 90' lang='lat' dir='ltr'><strong>inventi,</strong></span> <span class='ocrx_word' id='word_1_212' title='bbox 699 1893 936 1948; x_wconf 90' lang='lat' dir='ltr'><strong>secundo</strong></span> <span class='ocrx_word' id='word_1_213' title='bbox 968 1893 1354 1948; x_wconf 76' lang='lat' dir='ltr'><strong>ordinarentur</strong></span> <span class='ocrx_word' id='word_1_214' title='bbox 1403 1893 1545 1950; x_wconf 88' lang='lat' dir='ltr'><strong>loco.</strong></span> <span class='ocrx_word' id='word_1_215' title='bbox 1582 1893 1814 1961; x_wconf 88' lang='lat' dir='ltr'><strong>ldipsum</strong></span> 
     </span>
    </p>
   </div>
   <div class='ocr_carea' id='block_1_35' title="bbox 213 1987 1395 2057">
    <p class='ocr_par' dir='ltr' id='par_1_35' title="bbox 213 1987 1395 2057">
     <span class='ocr_line' id='line_1_35' title="bbox 213 1987 1395 2057; baseline -0.001 -16"><span class='ocrx_word' id='word_1_216' title='bbox 213 1995 392 2042; x_wconf 90' lang='lat' dir='ltr'><strong>autem</strong></span> <span class='ocrx_word' id='word_1_217' title='bbox 427 1987 680 2042; x_wconf 88' lang='lat' dir='ltr'><strong>invenies</strong></span> <span class='ocrx_word' id='word_1_218' title='bbox 705 1987 900 2042; x_wconf 79' lang='lat' dir='ltr'><strong>factum</strong></span> <span class='ocrx_word' id='word_1_219' title='bbox 926 1998 978 2042; x_wconf 88' lang='lat' dir='ltr'><strong>et</strong></span> <span class='ocrx_word' id='word_1_220' title='bbox 1011 1988 1060 2041; x_wconf 93' lang='lat' dir='ltr'><strong>in</strong></span> <span class='ocrx_word' id='word_1_221' title='bbox 1093 1987 1395 2057; x_wconf 87' lang='lat' dir='ltr'><strong>pr0phetis.</strong></span> 
     </span>
    </p>
   </div>
   <div class='ocr_carea' id='block_1_36' title="bbox 284 2081 1821 2151">
    <p class='ocr_par' dir='ltr' id='par_1_36' title="bbox 284 2081 1821 2151">
     <span class='ocr_line' id='line_1_36' title="bbox 284 2081 1821 2151; baseline 0.001 -15"><span class='ocrx_word' id='word_1_222' title='bbox 284 2092 305 2120; x_wconf 74' lang='grc' dir='ltr'><em>ε</em></span> <span class='ocrx_word' id='word_1_223' title='bbox 340 2082 492 2136; x_wconf 87' lang='lat' dir='ltr'><strong>Libri</strong></span> <span class='ocrx_word' id='word_1_224' title='bbox 529 2082 864 2136; x_wconf 85' lang='lat' dir='ltr'><strong>Psalmornm</strong></span> <span class='ocrx_word' id='word_1_225' title='bbox 893 2082 1006 2135; x_wconf 59' lang='lat' dir='ltr'><strong>ha&#39;e</strong></span> <span class='ocrx_word' id='word_1_226' title='bbox 1034 2090 1118 2135; x_wconf 65' lang='lat' dir='ltr'><strong>est</strong></span> <span class='ocrx_word' id='word_1_227' title='bbox 1145 2081 1344 2136; x_wconf 69' lang='lat' dir='ltr'><strong>divisio</strong></span> <span class='ocrx_word' id='word_1_228' title='bbox 1377 2083 1644 2151; x_wconf 90' lang='lat' dir='ltr'><strong>ipsorum,</strong></span> <span class='ocrx_word' id='word_1_229' title='bbox 1681 2081 1821 2137; x_wconf 80' lang='lat' dir='ltr'><strong>sicut</strong></span> 
     </span>
    </p>
   </div>
   <div class='ocr_carea' id='block_1_37' title="bbox 212 2173 1818 2244">
    <p class='ocr_par' dir='ltr' id='par_1_37' title="bbox 212 2173 1818 2244">
     <span class='ocr_line' id='line_1_37' title="bbox 212 2173 1818 2244; baseline -0.001 -16"><span class='ocrx_word' id='word_1_230' title='bbox 212 2183 359 2228; x_wconf 91' lang='lat' dir='ltr'><strong>certa</strong></span> <span class='ocrx_word' id='word_1_231' title='bbox 391 2174 734 2228; x_wconf 85' lang='lat' dir='ltr'><strong>scribentum</strong></span> <span class='ocrx_word' id='word_1_232' title='bbox 757 2173 1170 2244; x_wconf 57' lang='lat' dir='ltr'><strong>diligentissima</strong></span> <span class='ocrx_word' id='word_1_233' title='bbox 1201 2175 1449 2242; x_wconf 78' lang='lat' dir='ltr'><strong>exempla</strong></span> <span class='ocrx_word' id='word_1_234' title='bbox 1479 2175 1740 2244; x_wconf 90' lang='lat' dir='ltr'><strong>priorum,</strong></span> <span class='ocrx_word' id='word_1_235' title='bbox 1767 2183 1818 2227; x_wconf 84' lang='lat' dir='ltr'><strong>et</strong></span> 
     </span>
    </p>
   </div>
   <div class='ocr_carea' id='block_1_38' title="bbox 212 2265 1819 2336">
    <p class='ocr_par' dir='ltr' id='par_1_38' title="bbox 212 2265 1819 2336">
     <span class='ocr_line' id='line_1_38' title="bbox 212 2265 1819 2336; baseline 0 -18"><span class='ocrx_word' id='word_1_236' title='bbox 212 2266 386 2336; x_wconf 91' lang='lat' dir='ltr'><strong>ipsum</strong></span> <span class='ocrx_word' id='word_1_237' title='bbox 419 2265 748 2320; x_wconf 85' lang='lat' dir='ltr'><strong>llebraicum</strong></span> <span class='ocrx_word' id='word_1_238' title='bbox 795 2267 1096 2320; x_wconf 86' lang='lat' dir='ltr'><strong>continent.</strong></span> <span class='ocrx_word' id='word_1_239' title='bbox 1133 2265 1391 2320; x_wconf 71' lang='lat' dir='ltr'><strong>Persona:</strong></span> <span class='ocrx_word' id='word_1_240' title='bbox 1432 2281 1658 2333; x_wconf 86' lang='lat' dir='ltr'><strong>quorum</strong></span> <span class='ocrx_word' id='word_1_241' title='bbox 1692 2273 1819 2320; x_wconf 89' lang='lat' dir='ltr'><strong>sunt</strong></span> 
     </span>
    </p>
   </div>
   <div class='ocr_carea' id='block_1_39' title="bbox 209 2357 1816 2429">
    <p class='ocr_par' dir='ltr' id='par_1_39' title="bbox 209 2357 1816 2429">
     <span class='ocr_line' id='line_1_39' title="bbox 209 2357 1816 2429; baseline 0 -17"><span class='ocrx_word' id='word_1_242' title='bbox 209 2358 402 2428; x_wconf 84' lang='lat' dir='ltr'><strong>psalmi</strong></span> <span class='ocrx_word' id='word_1_243' title='bbox 432 2358 557 2413; x_wconf 89' lang='lat' dir='ltr'><strong>sine</strong></span> <span class='ocrx_word' id='word_1_244' title='bbox 598 2357 955 2429; x_wconf 71' lang='lat' dir='ltr'><strong>inscriptione</strong></span> <span class='ocrx_word' id='word_1_245' title='bbox 987 2375 1130 2423; x_wconf 86' lang='lat' dir='ltr'><strong>xvu;</strong></span> <span class='ocrx_word' id='word_1_246' title='bbox 1175 2373 1336 2428; x_wconf 87' lang='lat' dir='ltr'><strong>supra</strong></span> <span class='ocrx_word' id='word_1_247' title='bbox 1364 2359 1548 2429; x_wconf 85' lang='lat' dir='ltr'><strong>scripti</strong></span> <span class='ocrx_word' id='word_1_248' title='bbox 1581 2374 1816 2428; x_wconf 78' lang='lat' dir='ltr'><strong>Cxxxttt;</strong></span> 
     </span>
    </p>
   </div>
   <div class='ocr_carea' id='block_1_40' title="bbox 209 2448 1817 2520">
    <p class='ocr_par' dir='ltr' id='par_1_40' title="bbox 209 2448 1817 2520">
     <span class='ocr_line' id='line_1_40' title="bbox 209 2448 1817 2520; baseline -0.003 -14"><span class='ocrx_word' id='word_1_249' title='bbox 209 2466 376 2520; x_wconf 90' lang='lat' dir='ltr'><strong>supra</strong></span> <span class='ocrx_word' id='word_1_250' title='bbox 411 2451 750 2520; x_wconf 86' lang='lat' dir='ltr'><strong>scriptorum</strong></span> <span class='ocrx_word' id='word_1_251' title='bbox 797 2452 1010 2520; x_wconf 80' lang='lat' dir='ltr'><strong>divisio,</strong></span> <span class='ocrx_word' id='word_1_252' title='bbox 1046 2453 1145 2520; x_wconf 90' lang='lat' dir='ltr'><strong>ipsi</strong></span> <span class='ocrx_word' id='word_1_253' title='bbox 1197 2450 1361 2506; x_wconf 83' lang='lat' dir='ltr'><strong>David</strong></span> <span class='ocrx_word' id='word_1_254' title='bbox 1414 2467 1593 2516; x_wconf 77' lang='lat' dir='ltr'><strong>Lxxu;</strong></span> <span class='ocrx_word' id='word_1_255' title='bbox 1644 2450 1762 2504; x_wconf 81' lang='lat' dir='ltr'><strong>ﬁliis</strong></span> <span class='ocrx_word' id='word_1_256' title='bbox 1793 2448 1817 2486; x_wconf 71' lang='grc' dir='ltr'>ἀ</span> 
     </span>
    </p>
   </div>
   <div class='ocr_carea' id='block_1_41' title="bbox 205 2545 1817 2617">
    <p class='ocr_par' dir='ltr' id='par_1_41' title="bbox 205 2545 1817 2617">
     <span class='ocr_line' id='line_1_41' title="bbox 205 2545 1817 2617; baseline 0.002 -20"><span class='ocrx_word' id='word_1_257' title='bbox 205 2546 348 2602; x_wconf 83' lang='lat' dir='ltr'><strong>Core</strong></span> <span class='ocrx_word' id='word_1_258' title='bbox 379 2563 470 2610; x_wconf 79' lang='lat' dir='ltr'><strong>.u;</strong></span> <span class='ocrx_word' id='word_1_259' title='bbox 505 2546 683 2616; x_wconf 81' lang='lat' dir='ltr'><strong>Asaplt</strong></span> <span class='ocrx_word' id='word_1_260' title='bbox 716 2561 820 2611; x_wconf 86' lang='lat' dir='ltr'><strong>xu;</strong></span> <span class='ocrx_word' id='word_1_261' title='bbox 865 2545 1037 2600; x_wconf 88' lang='lat' dir='ltr'><strong>Ethan</strong></span> <span class='ocrx_word' id='word_1_262' title='bbox 1072 2563 1120 2613; x_wconf 86' lang='lat' dir='ltr'><strong>t;</strong></span> <span class='ocrx_word' id='word_1_263' title='bbox 1173 2547 1340 2601; x_wconf 84' lang='lat' dir='ltr'><strong>Eman</strong></span> <span class='ocrx_word' id='word_1_264' title='bbox 1372 2562 1424 2612; x_wconf 87' lang='lat'><strong>1;</strong></span> <span class='ocrx_word' id='word_1_265' title='bbox 1456 2561 1509 2600; x_wconf 86' lang='lat' dir='ltr'><strong>et</strong></span> <span class='ocrx_word' id='word_1_266' title='bbox 1551 2546 1718 2617; x_wconf 79' lang='lat' dir='ltr'><strong>Moysi</strong></span> <span class='ocrx_word' id='word_1_267' title='bbox 1767 2562 1817 2612; x_wconf 90' lang='lat' dir='ltr'><strong>t;</strong></span> 
     </span>
    </p>
   </div>
   <div class='ocr_carea' id='block_1_42' title="bbox 207 2640 1822 2712">
    <p class='ocr_par' dir='ltr' id='par_1_42' title="bbox 207 2640 1822 2712">
     <span class='ocr_line' id='line_1_42' title="bbox 207 2640 1822 2712; baseline -0.002 -15"><span class='ocrx_word' id='word_1_268' title='bbox 207 2640 530 2698; x_wconf 68' lang='lat' dir='ltr'><strong>Salomonis</strong></span> <span class='ocrx_word' id='word_1_269' title='bbox 554 2657 625 2707; x_wconf 83' lang='lat' dir='ltr'><strong>tt;</strong></span> <span class='ocrx_word' id='word_1_270' title='bbox 654 2642 774 2695; x_wconf 89' lang='lat' dir='ltr'><strong>sine</strong></span> <span class='ocrx_word' id='word_1_271' title='bbox 795 2642 1015 2697; x_wconf 86' lang='lat' dir='ltr'><strong>nOmine</strong></span> <span class='ocrx_word' id='word_1_272' title='bbox 1038 2657 1176 2707; x_wconf 84' lang='lat' dir='ltr'><strong>xvu;</strong></span> <span class='ocrx_word' id='word_1_273' title='bbox 1207 2640 1533 2695; x_wconf 84' lang='lat' dir='ltr'><strong>Alleluiatici</strong></span> <span class='ocrx_word' id='word_1_274' title='bbox 1561 2657 1698 2706; x_wconf 84' lang='lat' dir='ltr'><strong>xvtl;</strong></span> <span class='ocrx_word' id='word_1_275' title='bbox 1725 2656 1822 2712; x_wconf 86' lang='lat' dir='ltr'><strong>pro</strong></span> 
     </span>
    </p>
   </div>
   <div class='ocr_carea' id='block_1_43' title="bbox 209 2734 1823 2799">
    <p class='ocr_par' dir='ltr' id='par_1_43' title="bbox 209 2734 1823 2799">
     <span class='ocr_line' id='line_1_43' title="bbox 209 2734 1823 2799; baseline -0.003 -10"><span class='ocrx_word' id='word_1_276' title='bbox 209 2734 587 2789; x_wconf 80' lang='lat' dir='ltr'><strong>torcularibus</strong></span> <span class='ocrx_word' id='word_1_277' title='bbox 626 2750 720 2798; x_wconf 88' lang='lat' dir='ltr'><strong>tu;</strong></span> <span class='ocrx_word' id='word_1_278' title='bbox 755 2734 1030 2788; x_wconf 71' lang='lat' dir='ltr'><strong>liraduum</strong></span> <span class='ocrx_word' id='word_1_279' title='bbox 1068 2751 1165 2799; x_wconf 88' lang='lat' dir='ltr'><strong>xv;</strong></span> <span class='ocrx_word' id='word_1_280' title='bbox 1198 2744 1324 2787; x_wconf 87' lang='lat' dir='ltr'><strong>sunt</strong></span> <span class='ocrx_word' id='word_1_281' title='bbox 1366 2745 1544 2786; x_wconf 82' lang='lat' dir='ltr'><strong>autem</strong></span> <span class='ocrx_word' id='word_1_282' title='bbox 1581 2735 1697 2788; x_wconf 90' lang='lat' dir='ltr'><strong>sine</strong></span> <span class='ocrx_word' id='word_1_283' title='bbox 1728 2750 1823 2786; x_wconf 88' lang='lat' dir='ltr'><strong>tto-</strong></span> 
     </span>
    </p>
   </div>
   <div class='ocr_carea' id='block_1_44' title="bbox 207 2825 1821 2899">
    <p class='ocr_par' dir='ltr' id='par_1_44' title="bbox 207 2825 1821 2899">
     <span class='ocr_line' id='line_1_44' title="bbox 207 2825 1821 2899; baseline -0.001 -17"><span class='ocrx_word' id='word_1_284' title='bbox 207 2828 380 2893; x_wconf 89' lang='lat' dir='ltr'><strong>mine,</strong></span> <span class='ocrx_word' id='word_1_285' title='bbox 419 2827 612 2897; x_wconf 90' lang='lat' dir='ltr'><strong>quanti</strong></span> <span class='ocrx_word' id='word_1_286' title='bbox 664 2827 1164 2898; x_wconf 59' lang='lat' dir='ltr'><strong>Slll&#39;tel&#39;St‘l&#39;il‘tiOIIQS</strong></span> <span class='ocrx_word' id='word_1_287' title='bbox 1203 2825 1419 2899; x_wconf 85' lang='lat' dir='ltr'><strong>quidem</strong></span> <span class='ocrx_word' id='word_1_288' title='bbox 1451 2827 1670 2889; x_wconf 82' lang='lat' dir='ltr'><strong>habent,</strong></span> <span class='ocrx_word' id='word_1_289' title='bbox 1717 2840 1821 2880; x_wconf 89' lang='lat' dir='ltr'><strong>non</strong></span> 
     </span>
    </p>
   </div>
   <div class='ocr_carea' id='block_1_45' title="bbox 209 2917 1824 2989">
    <p class='ocr_par' dir='ltr' id='par_1_45' title="bbox 209 2917 1824 2989">
     <span class='ocr_line' id='line_1_45' title="bbox 209 2917 1824 2989; baseline -0.002 -15"><span class='ocrx_word' id='word_1_290' title='bbox 209 2930 394 2974; x_wconf 82' lang='lat' dir='ltr'><strong>tamen</strong></span> <span class='ocrx_word' id='word_1_291' title='bbox 428 2920 744 2989; x_wconf 81' lang='lat' dir='ltr'><strong>signiﬁcant</strong></span> <span class='ocrx_word' id='word_1_292' title='bbox 771 2918 928 2989; x_wconf 87' lang='lat' dir='ltr'><strong>cujus</strong></span> <span class='ocrx_word' id='word_1_293' title='bbox 961 2920 1090 2987; x_wconf 87' lang='lat' dir='ltr'><strong>sint,</strong></span> <span class='ocrx_word' id='word_1_294' title='bbox 1127 2935 1257 2984; x_wconf 83' lang='lat' dir='ltr'><strong>xvtt,</strong></span> <span class='ocrx_word' id='word_1_295' title='bbox 1292 2919 1447 2973; x_wconf 91' lang='lat' dir='ltr'><strong>simul</strong></span> <span class='ocrx_word' id='word_1_296' title='bbox 1481 2935 1563 2974; x_wconf 83' lang='lat' dir='ltr'><strong>CL.</strong></span> <span class='ocrx_word' id='word_1_297' title='bbox 1601 2917 1715 2972; x_wconf 77' lang='lat' dir='ltr'><strong>Non</strong></span> <span class='ocrx_word' id='word_1_298' title='bbox 1745 2917 1824 2970; x_wconf 86' lang='lat' dir='ltr'><strong>sic</strong></span> 
     </span>
    </p>
   </div>
   <div class='ocr_carea' id='block_1_46' title="bbox 208 3011 1827 3084">
    <p class='ocr_par' dir='ltr' id='par_1_46' title="bbox 208 3011 1827 3084">
     <span class='ocr_line' id='line_1_46' title="bbox 208 3011 1827 3084; baseline -0.004 -14"><span class='ocrx_word' id='word_1_299' title='bbox 208 3016 484 3084; x_wconf 85' lang='lat' dir='ltr'><strong>Suscipiat</strong></span> <span class='ocrx_word' id='word_1_300' title='bbox 518 3013 638 3083; x_wconf 90' lang='lat' dir='ltr'><strong>quis</strong></span> <span class='ocrx_word' id='word_1_301' title='bbox 669 3013 790 3084; x_wconf 86' lang='lat' dir='ltr'><strong>quia</strong></span> <span class='ocrx_word' id='word_1_302' title='bbox 835 3028 1027 3066; x_wconf 88' lang='lat' dir='ltr'><strong>omnes</strong></span> <span class='ocrx_word' id='word_1_303' title='bbox 1071 3013 1178 3066; x_wconf 78' lang='lat' dir='ltr'><strong>sint</strong></span> <span class='ocrx_word' id='word_1_304' title='bbox 1208 3012 1371 3065; x_wconf 86' lang='lat' dir='ltr'><strong>David</strong></span> <span class='ocrx_word' id='word_1_305' title='bbox 1399 3012 1610 3081; x_wconf 83' lang='lat' dir='ltr'><strong>psalmi,</strong></span> <span class='ocrx_word' id='word_1_306' title='bbox 1645 3011 1740 3066; x_wconf 89' lang='lat' dir='ltr'><strong>sed</strong></span> <span class='ocrx_word' id='word_1_307' title='bbox 1771 3019 1827 3066; x_wconf 91' lang='lat' dir='ltr'><strong>et</strong></span> 
     </span>
    </p>
   </div>
   <div class='ocr_carea' id='block_1_47' title="bbox 207 3105 1822 3176">
    <p class='ocr_par' dir='ltr' id='par_1_47' title="bbox 207 3105 1822 3176">
     <span class='ocr_line' id='line_1_47' title="bbox 207 3105 1822 3176; baseline -0.002 -14"><span class='ocrx_word' id='word_1_308' title='bbox 207 3108 454 3162; x_wconf 87' lang='lat' dir='ltr'><strong>aliorum</strong></span> <span class='ocrx_word' id='word_1_309' title='bbox 485 3106 870 3176; x_wconf 88' lang='lat' dir='ltr'><strong>prophetarum</strong></span> <span class='ocrx_word' id='word_1_310' title='bbox 907 3105 970 3159; x_wconf 91' lang='lat' dir='ltr'><strong>ad</strong></span> <span class='ocrx_word' id='word_1_311' title='bbox 997 3105 1335 3176; x_wconf 82' lang='lat' dir='ltr'><strong>pSaIIendum</strong></span> <span class='ocrx_word' id='word_1_312' title='bbox 1365 3106 1822 3175; x_wconf 85' lang='lat' dir='ltr'><strong>prophetantium,</strong></span> 
     </span>
    </p>
   </div>
   <div class='ocr_carea' id='block_1_48' title="bbox 1925 1893 3525 1967">
    <p class='ocr_par' dir='ltr' id='par_1_48' title="bbox 1925 1893 3525 1967">
     <span class='ocr_line' id='line_1_48' title="bbox 1925 1893 3525 1967; baseline -0.002 -16"><span class='ocrx_word' id='word_1_313' title='bbox 1925 1896 2230 1967; x_wconf 81' lang='lat' dir='ltr'><strong>trigesimus</strong></span> <span class='ocrx_word' id='word_1_314' title='bbox 2249 1893 2491 1964; x_wconf 87' lang='lat' dir='ltr'><strong>quintus,</strong></span> <span class='ocrx_word' id='word_1_315' title='bbox 2509 1893 2833 1954; x_wconf 85' lang='lat' dir='ltr'><strong>centesimus</strong></span> <span class='ocrx_word' id='word_1_316' title='bbox 2850 1893 3157 1962; x_wconf 79' lang='lat' dir='ltr'><strong>trigesimus</strong></span> <span class='ocrx_word' id='word_1_317' title='bbox 3169 1902 3378 1959; x_wconf 78' lang='lat' dir='ltr'><strong>sextus,</strong></span> <span class='ocrx_word' id='word_1_318' title='bbox 3395 1908 3525 1950; x_wconf 84' lang='lat' dir='ltr'><strong>ceu-</strong></span> 
     </span>
    </p>
   </div>
   <div class='ocr_carea' id='block_1_49' title="bbox 1923 1984 3527 2058">
    <p class='ocr_par' dir='ltr' id='par_1_49' title="bbox 1923 1984 3527 2058">
     <span class='ocr_line' id='line_1_49' title="bbox 1923 1984 3527 2058; baseline 0.001 -18"><span class='ocrx_word' id='word_1_319' title='bbox 1923 1988 2145 2041; x_wconf 82' lang='lat' dir='ltr'><strong>tesimus</strong></span> <span class='ocrx_word' id='word_1_320' title='bbox 2186 1986 2491 2054; x_wconf 72' lang='lat' dir='ltr'><strong>triges‘ttnus</strong></span> <span class='ocrx_word' id='word_1_321' title='bbox 2523 1984 2815 2056; x_wconf 66' lang='lat' dir='ltr'><strong>septimus,</strong></span> <span class='ocrx_word' id='word_1_322' title='bbox 2855 1985 3183 2043; x_wconf 89' lang='lat' dir='ltr'><strong>centesimus</strong></span> <span class='ocrx_word' id='word_1_323' title='bbox 3216 1985 3527 2058; x_wconf 65' lang='lat' dir='ltr'><strong>trigesitnus</strong></span> 
     </span>
    </p>
   </div>
   <div class='ocr_carea' id='block_1_50' title="bbox 1921 2078 3528 2150">
    <p class='ocr_par' dir='ltr' id='par_1_50' title="bbox 1921 2078 3528 2150">
     <span class='ocr_line' id='line_1_50' title="bbox 1921 2078 3528 2150; baseline 0.003 -17"><span class='ocrx_word' id='word_1_324' title='bbox 1921 2089 2174 2144; x_wconf 85' lang='lat' dir='ltr'><strong>octavus;</strong></span> <span class='ocrx_word' id='word_1_325' title='bbox 2217 2078 2546 2134; x_wconf 84' lang='lat' dir='ltr'><strong>centesimus</strong></span> <span class='ocrx_word' id='word_1_326' title='bbox 2602 2079 2909 2150; x_wconf 80' lang='lat' dir='ltr'><strong>trigesimus</strong></span> <span class='ocrx_word' id='word_1_327' title='bbox 2947 2095 3156 2136; x_wconf 89' lang='lat' dir='ltr'><strong>nonus:</strong></span> <span class='ocrx_word' id='word_1_328' title='bbox 3198 2081 3528 2138; x_wconf 79' lang='lat' dir='ltr'><strong>centesimus</strong></span> 
     </span>
    </p>
   </div>
   <div class='ocr_carea' id='block_1_51' title="bbox 1921 2177 3524 2249">
    <p class='ocr_par' dir='ltr' id='par_1_51' title="bbox 1921 2177 3524 2249">
     <span class='ocr_line' id='line_1_51' title="bbox 1921 2177 3524 2249; baseline 0.002 -20"><span class='ocrx_word' id='word_1_329' title='bbox 1921 2178 2394 2248; x_wconf 86' lang='lat' dir='ltr'><strong>quadragesimus,</strong></span> <span class='ocrx_word' id='word_1_330' title='bbox 2429 2179 2760 2234; x_wconf 79' lang='lat' dir='ltr'><strong>centesimus</strong></span> <span class='ocrx_word' id='word_1_331' title='bbox 2792 2177 3241 2249; x_wconf 82' lang='lat' dir='ltr'><strong>quadragesimus</strong></span> <span class='ocrx_word' id='word_1_332' title='bbox 3285 2179 3524 2248; x_wconf 84' lang='lat' dir='ltr'><strong>primus,</strong></span> 
     </span>
    </p>
   </div>
   <div class='ocr_carea' id='block_1_52' title="bbox 1922 2270 3524 2339">
    <p class='ocr_par' dir='ltr' id='par_1_52' title="bbox 1922 2270 3524 2339">
     <span class='ocr_line' id='line_1_52' title="bbox 1922 2270 3524 2339; baseline 0.002 -15"><span class='ocrx_word' id='word_1_333' title='bbox 1922 2271 2251 2324; x_wconf 66' lang='lat' dir='ltr'><strong>centesimus</strong></span> <span class='ocrx_word' id='word_1_334' title='bbox 2301 2270 2746 2339; x_wconf 80' lang='lat' dir='ltr'><strong>quadragesimus</strong></span> <span class='ocrx_word' id='word_1_335' title='bbox 2809 2270 3126 2338; x_wconf 88' lang='lat' dir='ltr'><strong>secundus,</strong></span> <span class='ocrx_word' id='word_1_336' title='bbox 3189 2270 3524 2328; x_wconf 82' lang='lat' dir='ltr'><strong>centesimus</strong></span> 
     </span>
    </p>
   </div>
   <div class='ocr_carea' id='block_1_53' title="bbox 1923 2360 3523 2432">
    <p class='ocr_par' dir='ltr' id='par_1_53' title="bbox 1923 2360 3523 2432">
     <span class='ocr_line' id='line_1_53' title="bbox 1923 2360 3523 2432; baseline 0.003 -20"><span class='ocrx_word' id='word_1_337' title='bbox 1923 2360 2374 2431; x_wconf 80' lang='lat' dir='ltr'><strong>quadragesimus</strong></span> <span class='ocrx_word' id='word_1_338' title='bbox 2430 2362 2641 2429; x_wconf 90' lang='lat' dir='ltr'><strong>tertius,</strong></span> <span class='ocrx_word' id='word_1_339' title='bbox 2694 2363 3028 2422; x_wconf 82' lang='lat' dir='ltr'><strong>centesimus</strong></span> <span class='ocrx_word' id='word_1_340' title='bbox 3076 2361 3523 2432; x_wconf 76' lang='lat' dir='ltr'><strong>quadragesimus</strong></span> 
     </span>
    </p>
   </div>
   <div class='ocr_carea' id='block_1_54' title="bbox 1925 2453 3525 2528">
    <p class='ocr_par' dir='ltr' id='par_1_54' title="bbox 1925 2453 3525 2528">
     <span class='ocr_line' id='line_1_54' title="bbox 1925 2453 3525 2528; baseline 0.001 -20"><span class='ocrx_word' id='word_1_341' title='bbox 1925 2463 2170 2526; x_wconf 88' lang='lat' dir='ltr'><strong>quartus,</strong></span> <span class='ocrx_word' id='word_1_342' title='bbox 2212 2454 2368 2507; x_wconf 77' lang='lat' dir='ltr'><strong>simul</strong></span> <span class='ocrx_word' id='word_1_343' title='bbox 2419 2469 2585 2510; x_wconf 75' lang='lat' dir='ltr'><strong>Lxxu.</strong></span> <span class='ocrx_word' id='word_1_344' title='bbox 2617 2453 2731 2507; x_wconf 85' lang='lat' dir='ltr'><strong>Non</strong></span> <span class='ocrx_word' id='word_1_345' title='bbox 2793 2468 2955 2523; x_wconf 88' lang='lat' dir='ltr'><strong>supra</strong></span> <span class='ocrx_word' id='word_1_346' title='bbox 3011 2453 3199 2524; x_wconf 85' lang='lat' dir='ltr'><strong>scripti</strong></span> <span class='ocrx_word' id='word_1_347' title='bbox 3232 2465 3376 2520; x_wconf 88' lang='lat' dir='ltr'><strong>sunt,</strong></span> <span class='ocrx_word' id='word_1_348' title='bbox 3414 2454 3525 2528; x_wconf 89' lang='lat' dir='ltr'><strong>pri-</strong></span> 
     </span>
    </p>
   </div>
   <div class='ocr_carea' id='block_1_55' title="bbox 1924 2546 3525 2619">
    <p class='ocr_par' dir='ltr' id='par_1_55' title="bbox 1924 2546 3525 2619">
     <span class='ocr_line' id='line_1_55' title="bbox 1924 2546 3525 2619; baseline 0.001 -17"><span class='ocrx_word' id='word_1_349' title='bbox 1924 2564 2064 2612; x_wconf 61' lang='lat' dir='ltr'><strong>mus,</strong></span> <span class='ocrx_word' id='word_1_350' title='bbox 2089 2547 2377 2614; x_wconf 86' lang='lat' dir='ltr'><strong>secundus,</strong></span> <span class='ocrx_word' id='word_1_351' title='bbox 2405 2546 2714 2617; x_wconf 85' lang='lat' dir='ltr'><strong>trigesimus</strong></span> <span class='ocrx_word' id='word_1_352' title='bbox 2742 2547 3036 2614; x_wconf 88' lang='lat' dir='ltr'><strong>secundus,</strong></span> <span class='ocrx_word' id='word_1_353' title='bbox 3070 2547 3525 2619; x_wconf 83' lang='lat' dir='ltr'><strong>quadragesimus</strong></span> 
     </span>
    </p>
   </div>
   <div class='ocr_carea' id='block_1_56' title="bbox 1927 2639 3525 2714">
    <p class='ocr_par' dir='ltr' id='par_1_56' title="bbox 1927 2639 3525 2714">
     <span class='ocr_line' id='line_1_56' title="bbox 1927 2639 3525 2714; baseline 0.001 -19"><span class='ocrx_word' id='word_1_354' title='bbox 1927 2639 2217 2706; x_wconf 82' lang='lat' dir='ltr'><strong>secundus,</strong></span> <span class='ocrx_word' id='word_1_355' title='bbox 2249 2641 2700 2711; x_wconf 82' lang='lat' dir='ltr'><strong>septuagesimus,</strong></span> <span class='ocrx_word' id='word_1_356' title='bbox 2728 2641 3114 2712; x_wconf 79' lang='lat' dir='ltr'><strong>nonagesimus</strong></span> <span class='ocrx_word' id='word_1_357' title='bbox 3165 2643 3392 2714; x_wconf 89' lang='lat' dir='ltr'><strong>pritnus,</strong></span> <span class='ocrx_word' id='word_1_358' title='bbox 3429 2659 3525 2697; x_wconf 81' lang='lat' dir='ltr'><strong>no-</strong></span> 
     </span>
    </p>
   </div>
   <div class='ocr_carea' id='block_1_57' title="bbox 1929 2733 3527 2805">
    <p class='ocr_par' dir='ltr' id='par_1_57' title="bbox 1929 2733 3527 2805">
     <span class='ocr_line' id='line_1_57' title="bbox 1929 2733 3527 2805; baseline 0.003 -17"><span class='ocrx_word' id='word_1_359' title='bbox 1929 2734 2234 2803; x_wconf 79' lang='lat' dir='ltr'><strong>nagesimus</strong></span> <span class='ocrx_word' id='word_1_360' title='bbox 2261 2733 2554 2799; x_wconf 78' lang='lat' dir='ltr'><strong>secundus,</strong></span> <span class='ocrx_word' id='word_1_361' title='bbox 2587 2735 2970 2804; x_wconf 82' lang='lat' dir='ltr'><strong>nonagesimus</strong></span> <span class='ocrx_word' id='word_1_362' title='bbox 3003 2734 3215 2801; x_wconf 88' lang='lat' dir='ltr'><strong>tertius,</strong></span> <span class='ocrx_word' id='word_1_363' title='bbox 3239 2736 3527 2805; x_wconf 83' lang='lat' dir='ltr'><strong>nonagesi-</strong></span> 
     </span>
    </p>
   </div>
   <div class='ocr_carea' id='block_1_58' title="bbox 1931 2827 3527 2900">
    <p class='ocr_par' dir='ltr' id='par_1_58' title="bbox 1931 2827 3527 2900">
     <span class='ocr_line' id='line_1_58' title="bbox 1931 2827 3527 2900; baseline 0.001 -19"><span class='ocrx_word' id='word_1_364' title='bbox 1931 2844 2048 2882; x_wconf 85' lang='lat' dir='ltr'><strong>tnns</strong></span> <span class='ocrx_word' id='word_1_365' title='bbox 2097 2839 2344 2899; x_wconf 85' lang='lat' dir='ltr'><strong>quartus,</strong></span> <span class='ocrx_word' id='word_1_366' title='bbox 2397 2827 2782 2898; x_wconf 79' lang='lat' dir='ltr'><strong>nonagesimus</strong></span> <span class='ocrx_word' id='word_1_367' title='bbox 2827 2828 3048 2900; x_wconf 85' lang='lat' dir='ltr'><strong>quintus</strong></span> <span class='ocrx_word' id='word_1_368' title='bbox 3079 2870 3094 2894; x_wconf 93' lang='lat'><strong>,</strong></span> <span class='ocrx_word' id='word_1_369' title='bbox 3143 2832 3527 2900; x_wconf 75' lang='lat' dir='ltr'><strong>nonagesimus</strong></span> 
     </span>
    </p>
   </div>
   <div class='ocr_carea' id='block_1_59' title="bbox 1930 2921 3527 2992">
    <p class='ocr_par' dir='ltr' id='par_1_59' title="bbox 1930 2921 3527 2992">
     <span class='ocr_line' id='line_1_59' title="bbox 1930 2921 3527 2992; baseline -0.001 -16"><span class='ocrx_word' id='word_1_370' title='bbox 1930 2933 2138 2985; x_wconf 84' lang='lat' dir='ltr'><strong>sextus,</strong></span> <span class='ocrx_word' id='word_1_371' title='bbox 2161 2921 2544 2991; x_wconf 83' lang='lat' dir='ltr'><strong>nonagesimus</strong></span> <span class='ocrx_word' id='word_1_372' title='bbox 2569 2921 2857 2990; x_wconf 87' lang='lat' dir='ltr'><strong>septimus,</strong></span> <span class='ocrx_word' id='word_1_373' title='bbox 2877 2921 3260 2992; x_wconf 79' lang='lat' dir='ltr'><strong>nonagesimus</strong></span> <span class='ocrx_word' id='word_1_374' title='bbox 3282 2930 3527 2990; x_wconf 73' lang='lat' dir='ltr'><strong>octavus;</strong></span> 
     </span>
    </p>
   </div>
   <div class='ocr_carea' id='block_1_60' title="bbox 1930 3013 3528 3088">
    <p class='ocr_par' dir='ltr' id='par_1_60' title="bbox 1930 3013 3528 3088">
     <span class='ocr_line' id='line_1_60' title="bbox 1930 3013 3528 3088; baseline 0.001 -21"><span class='ocrx_word' id='word_1_375' title='bbox 1930 3013 2265 3068; x_wconf 81' lang='lat' dir='ltr'><strong>centesimus</strong></span> <span class='ocrx_word' id='word_1_376' title='bbox 2319 3013 2553 3082; x_wconf 82' lang='lat' dir='ltr'><strong>tertius,</strong></span> <span class='ocrx_word' id='word_1_377' title='bbox 2602 3013 2932 3067; x_wconf 86' lang='lat' dir='ltr'><strong>centesimus</strong></span> <span class='ocrx_word' id='word_1_378' title='bbox 2987 3013 3232 3070; x_wconf 90' lang='lat' dir='ltr'><strong>decimus</strong></span> <span class='ocrx_word' id='word_1_379' title='bbox 3283 3015 3528 3088; x_wconf 87' lang='lat' dir='ltr'><strong>quintus,</strong></span> 
     </span>
    </p>
   </div>
   <div class='ocr_carea' id='block_1_61' title="bbox 1930 3107 3534 3180">
    <p class='ocr_par' dir='ltr' id='par_1_61' title="bbox 1930 3107 3534 3180">
     <span class='ocr_line' id='line_1_61' title="bbox 1930 3107 3534 3180; baseline 0.002 -20"><span class='ocrx_word' id='word_1_380' title='bbox 1930 3107 2262 3162; x_wconf 86' lang='lat' dir='ltr'><strong>centesimus</strong></span> <span class='ocrx_word' id='word_1_381' title='bbox 2291 3107 2602 3177; x_wconf 81' lang='lat' dir='ltr'><strong>trigesimus</strong></span> <span class='ocrx_word' id='word_1_382' title='bbox 2631 3117 2842 3174; x_wconf 79' lang='lat' dir='ltr'><strong>sextus,</strong></span> <span class='ocrx_word' id='word_1_383' title='bbox 2873 3108 3200 3163; x_wconf 86' lang='lat' dir='ltr'><strong>centesimus</strong></span> <span class='ocrx_word' id='word_1_384' title='bbox 3228 3108 3534 3180; x_wconf 77' lang='lat' dir='ltr'><strong>quadrage-</strong></span> 
     </span>
    </p>
   </div>
   <div class='ocr_carea' id='block_1_62' title="bbox 213 3196 3529 3277">
    <p class='ocr_par' dir='ltr' id='par_1_62' title="bbox 213 3196 3529 3277">
     <span class='ocr_line' id='line_1_62' title="bbox 213 3196 3529 3277; baseline 0.001 -27"><span class='ocrx_word' id='word_1_385' title='bbox 213 3211 447 3272; x_wconf 81' lang='lat' dir='ltr'><strong>proptcr</strong></span> <span class='ocrx_word' id='word_1_386' title='bbox 494 3201 634 3270; x_wconf 89' lang='lat' dir='ltr'><strong>quod</strong></span> <span class='ocrx_word' id='word_1_387' title='bbox 669 3200 784 3254; x_wconf 76' lang='lat' dir='ltr'><strong>lure</strong></span> <span class='ocrx_word' id='word_1_388' title='bbox 833 3200 1012 3252; x_wconf 88' lang='lat' dir='ltr'><strong>omnis</strong></span> <span class='ocrx_word' id='word_1_389' title='bbox 1061 3199 1340 3268; x_wconf 81' lang='lat' dir='ltr'><strong>Scriptura</strong></span> <span class='ocrx_word' id='word_1_390' title='bbox 1385 3213 1505 3269; x_wconf 72' lang='lat' dir='ltr'><strong>qua:</strong></span> <span class='ocrx_word' id='word_1_391' title='bbox 1539 3197 1680 3269; x_wconf 91' lang='lat' dir='ltr'><strong>apud</strong></span> <span class='ocrx_word' id='word_1_392' title='bbox 1725 3197 1827 3252; x_wconf 87' lang='lat' dir='ltr'><strong>lle-</strong></span> <span class='ocrx_word' id='word_1_393' title='bbox 1854 3217 1896 3277; x_wconf 69' lang='grc' dir='ltr'><strong>ρ</strong></span> <span class='ocrx_word' id='word_1_394' title='bbox 1933 3200 2100 3254; x_wconf 84' lang='lat' dir='ltr'><strong>simus</strong></span> <span class='ocrx_word' id='word_1_395' title='bbox 2135 3199 2431 3268; x_wconf 82' lang='lat' dir='ltr'><strong>septimus;</strong></span> <span class='ocrx_word' id='word_1_396' title='bbox 2461 3196 2622 3252; x_wconf 70' lang='lat' dir='ltr'><strong>simul</strong></span> <span class='ocrx_word' id='word_1_397' title='bbox 2667 3214 2797 3258; x_wconf 79' lang='lat' dir='ltr'><strong>xvu.</strong></span> <span class='ocrx_word' id='word_1_398' title='bbox 2834 3197 2984 3252; x_wconf 86' lang='lat' dir='ltr'><strong>Filiis</strong></span> <span class='ocrx_word' id='word_1_399' title='bbox 3012 3199 3170 3264; x_wconf 90' lang='lat' dir='ltr'><strong>Core,</strong></span> <span class='ocrx_word' id='word_1_400' title='bbox 3222 3197 3529 3270; x_wconf 77' lang='lat' dir='ltr'><strong>quadrage-</strong></span> 
     </span>
    </p>
   </div>
   <div class='ocr_carea' id='block_1_63' title="bbox 209 3291 1825 3360">
    <p class='ocr_par' dir='ltr' id='par_1_63' title="bbox 209 3291 1825 3360">
     <span class='ocr_line' id='line_1_63' title="bbox 209 3291 1825 3360; baseline -0.004 -9"><span class='ocrx_word' id='word_1_401' title='bbox 209 3297 398 3351; x_wconf 70' lang='lat' dir='ltr'><strong>brmos</strong></span> <span class='ocrx_word' id='word_1_402' title='bbox 455 3293 702 3348; x_wconf 87' lang='lat' dir='ltr'><strong>Psalterii</strong></span> <span class='ocrx_word' id='word_1_403' title='bbox 753 3293 992 3359; x_wconf 83' lang='lat' dir='ltr'><strong>nomine,</strong></span> <span class='ocrx_word' id='word_1_404' title='bbox 1026 3304 1048 3329; x_wconf 76' lang='grc' dir='ltr'>θ</span> <span class='ocrx_word' id='word_1_405' title='bbox 1081 3308 1186 3346; x_wconf 92' lang='lat' dir='ltr'><strong>non</strong></span> <span class='ocrx_word' id='word_1_406' title='bbox 1233 3292 1400 3360; x_wconf 86' lang='lat' dir='ltr'><strong>ipsius</strong></span> <span class='ocrx_word' id='word_1_407' title='bbox 1451 3291 1612 3344; x_wconf 82' lang='lat' dir='ltr'><strong>David</strong></span> <span class='ocrx_word' id='word_1_408' title='bbox 1663 3305 1825 3360; x_wconf 86' lang='lat' dir='ltr'><strong>supra</strong></span> 
     </span>
    </p>
   </div>
   <div class='ocr_carea' id='block_1_64' title="bbox 209 3387 1823 3455">
    <p class='ocr_par' dir='ltr' id='par_1_64' title="bbox 209 3387 1823 3455">
     <span class='ocr_line' id='line_1_64' title="bbox 209 3387 1823 3455; baseline -0.003 -11"><span class='ocrx_word' id='word_1_409' title='bbox 209 3389 509 3455; x_wconf 83' lang='lat' dir='ltr'><strong>scribitur,</strong></span> <span class='ocrx_word' id='word_1_410' title='bbox 535 3387 628 3443; x_wconf 85' lang='lat' dir='ltr'><strong>sed</strong></span> <span class='ocrx_word' id='word_1_411' title='bbox 657 3387 933 3442; x_wconf 87' lang='lat' dir='ltr'><strong>individue</strong></span> <span class='ocrx_word' id='word_1_412' title='bbox 956 3388 1093 3442; x_wconf 87' lang='lat' dir='ltr'><strong>liber</strong></span> <span class='ocrx_word' id='word_1_413' title='bbox 1124 3387 1460 3440; x_wconf 67' lang='lat' dir='ltr'><strong>Psalmorunt</strong></span> <span class='ocrx_word' id='word_1_414' title='bbox 1495 3387 1823 3440; x_wconf 89' lang='lat' dir='ltr'><strong>nominatur.</strong></span> 
     </span>
    </p>
   </div>
   <div class='ocr_carea' id='block_1_65' title="bbox 295 3479 1826 3551">
    <p class='ocr_par' dir='ltr' id='par_1_65' title="bbox 295 3479 1826 3551">
     <span class='ocr_line' id='line_1_65' title="bbox 295 3479 1826 3551; baseline -0.002 -16"><span class='ocrx_word' id='word_1_415' title='bbox 295 3479 501 3535; x_wconf 70' lang='lat' dir='ltr'><strong>‘Sicut</strong></span> <span class='ocrx_word' id='word_1_416' title='bbox 550 3479 763 3533; x_wconf 85' lang='lat' dir='ltr'><strong>dicebat</strong></span> <span class='ocrx_word' id='word_1_417' title='bbox 789 3479 1008 3551; x_wconf 87' lang='lat' dir='ltr'><strong>quidam</strong></span> <span class='ocrx_word' id='word_1_418' title='bbox 1058 3480 1181 3550; x_wconf 89' lang='lat' dir='ltr'><strong>quia</strong></span> <span class='ocrx_word' id='word_1_419' title='bbox 1221 3480 1538 3533; x_wconf 73' lang='lat' dir='ltr'><strong>hexametro</strong></span> <span class='ocrx_word' id='word_1_420' title='bbox 1567 3479 1826 3548; x_wconf 88' lang='lat' dir='ltr'><strong>scriptum</strong></span> 
     </span>
    </p>
   </div>
   <div class='ocr_carea' id='block_1_66' title="bbox 210 3571 1832 3638">
    <p class='ocr_par' dir='ltr' id='par_1_66' title="bbox 210 3571 1832 3638">
     <span class='ocr_line' id='line_1_66' title="bbox 210 3571 1832 3638; baseline -0.003 -9"><span class='ocrx_word' id='word_1_421' title='bbox 210 3580 302 3630; x_wconf 89' lang='lat' dir='ltr'><strong>est</strong></span> <span class='ocrx_word' id='word_1_422' title='bbox 326 3571 610 3624; x_wconf 88' lang='lat' dir='ltr'><strong>canticum</strong></span> <span class='ocrx_word' id='word_1_423' title='bbox 640 3571 1068 3632; x_wconf 82' lang='lat' dir='ltr'><strong>Denteronotnii,</strong></span> <span class='ocrx_word' id='word_1_424' title='bbox 1091 3571 1230 3638; x_wconf 71' lang='lat' dir='ltr'><strong>apud</strong></span> <span class='ocrx_word' id='word_1_425' title='bbox 1258 3571 1518 3625; x_wconf 62' lang='lat' dir='ltr'><strong>Hebraeos</strong></span> <span class='ocrx_word' id='word_1_426' title='bbox 1544 3590 1553 3623; x_wconf 94' lang='lat'><strong>:</strong></span> <span class='ocrx_word' id='word_1_427' title='bbox 1585 3572 1832 3625; x_wconf 89' lang='lat' dir='ltr'><strong>trimetro</strong></span> 
     </span>
    </p>
   </div>
   <div class='ocr_carea' id='block_1_67' title="bbox 210 3664 1829 3734">
    <p class='ocr_par' dir='ltr' id='par_1_67' title="bbox 210 3664 1829 3734">
     <span class='ocr_line' id='line_1_67' title="bbox 210 3664 1829 3734; baseline -0.002 -13"><span class='ocrx_word' id='word_1_428' title='bbox 210 3681 356 3721; x_wconf 87' lang='lat' dir='ltr'><strong>vero</strong></span> <span class='ocrx_word' id='word_1_429' title='bbox 390 3672 449 3717; x_wconf 89' lang='lat' dir='ltr'><strong>et</strong></span> <span class='ocrx_word' id='word_1_430' title='bbox 501 3671 817 3716; x_wconf 83' lang='lat' dir='ltr'><strong>tetrametro</strong></span> <span class='ocrx_word' id='word_1_431' title='bbox 848 3664 1032 3732; x_wconf 67' lang='lat' dir='ltr'><strong>seripli</strong></span> <span class='ocrx_word' id='word_1_432' title='bbox 1063 3674 1188 3717; x_wconf 90' lang='lat' dir='ltr'><strong>sunt</strong></span> <span class='ocrx_word' id='word_1_433' title='bbox 1219 3665 1411 3734; x_wconf 84' lang='lat' dir='ltr'><strong>psal-ni</strong></span> <span class='ocrx_word' id='word_1_434' title='bbox 1443 3681 1625 3718; x_wconf 84' lang='lat' dir='ltr'><strong>versu.</strong></span> <span class='ocrx_word' id='word_1_435' title='bbox 1689 3664 1829 3734; x_wconf 80' lang='lat' dir='ltr'><strong>Ergo</strong></span> 
     </span>
    </p>
   </div>
   <div class='ocr_carea' id='block_1_68' title="bbox 210 3755 1502 3830">
    <p class='ocr_par' dir='ltr' id='par_1_68' title="bbox 210 3755 1502 3830">
     <span class='ocr_line' id='line_1_68' title="bbox 210 3755 1502 3830; baseline -0.002 -21"><span class='ocrx_word' id='word_1_436' title='bbox 210 3759 309 3830; x_wconf 85' lang='lat' dir='ltr'><strong>qui</strong></span> <span class='ocrx_word' id='word_1_437' title='bbox 344 3755 491 3827; x_wconf 88' lang='lat' dir='ltr'><strong>apttd</strong></span> <span class='ocrx_word' id='word_1_438' title='bbox 523 3756 804 3820; x_wconf 59' lang='lat' dir='ltr'><strong>llebratos,</strong></span> <span class='ocrx_word' id='word_1_439' title='bbox 829 3757 914 3808; x_wconf 87' lang='lat' dir='ltr'><strong>alii</strong></span> <span class='ocrx_word' id='word_1_440' title='bbox 946 3766 1070 3808; x_wconf 64' lang='lat' dir='ltr'><strong>sunt</strong></span> <span class='ocrx_word' id='word_1_441' title='bbox 1098 3758 1187 3826; x_wconf 87' lang='lat' dir='ltr'><strong>qui</strong></span> <span class='ocrx_word' id='word_1_442' title='bbox 1218 3756 1356 3823; x_wconf 89' lang='lat' dir='ltr'><strong>apud</strong></span> <span class='ocrx_word' id='word_1_443' title='bbox 1383 3771 1502 3809; x_wconf 89' lang='lat' dir='ltr'><strong>nos.</strong></span> 
     </span>
    </p>
   </div>
   <div class='ocr_carea' id='block_1_69' title="bbox 292 3849 1837 3920">
    <p class='ocr_par' dir='ltr' id='par_1_69' title="bbox 292 3849 1837 3920">
     <span class='ocr_line' id='line_1_69' title="bbox 292 3849 1837 3920; baseline 0 -16"><span class='ocrx_word' id='word_1_444' title='bbox 292 3851 408 3920; x_wconf 84' lang='lat' dir='ltr'><strong>Ipsi</strong></span> <span class='ocrx_word' id='word_1_445' title='bbox 447 3849 634 3912; x_wconf 86' lang='lat' dir='ltr'><strong>David,</strong></span> <span class='ocrx_word' id='word_1_446' title='bbox 663 3849 871 3914; x_wconf 73' lang='lat' dir='ltr'><strong>tertius,</strong></span> <span class='ocrx_word' id='word_1_447' title='bbox 911 3859 1155 3919; x_wconf 84' lang='lat' dir='ltr'><strong>quartus,</strong></span> <span class='ocrx_word' id='word_1_448' title='bbox 1189 3850 1435 3918; x_wconf 90' lang='lat' dir='ltr'><strong>quintus,</strong></span> <span class='ocrx_word' id='word_1_449' title='bbox 1467 3859 1674 3914; x_wconf 83' lang='lat' dir='ltr'><strong>sextus,</strong></span> <span class='ocrx_word' id='word_1_450' title='bbox 1710 3865 1837 3920; x_wconf 88' lang='lat' dir='ltr'><strong>sep-</strong></span> 
     </span>
    </p>
   </div>
   <div class='ocr_carea' id='block_1_70' title="bbox 217 3942 1834 4010">
    <p class='ocr_par' dir='ltr' id='par_1_70' title="bbox 217 3942 1834 4010">
     <span class='ocr_line' id='line_1_70' title="bbox 217 3942 1834 4010; baseline -0.003 -8"><span class='ocrx_word' id='word_1_451' title='bbox 217 3949 426 4010; x_wconf 88' lang='lat' dir='ltr'><strong>timus,</strong></span> <span class='ocrx_word' id='word_1_452' title='bbox 461 3951 705 4005; x_wconf 90' lang='lat' dir='ltr'><strong>octavus,</strong></span> <span class='ocrx_word' id='word_1_453' title='bbox 740 3958 936 4006; x_wconf 86' lang='lat' dir='ltr'><strong>nonus,</strong></span> <span class='ocrx_word' id='word_1_454' title='bbox 970 3942 1234 4007; x_wconf 87' lang='lat' dir='ltr'><strong>decimus,</strong></span> <span class='ocrx_word' id='word_1_455' title='bbox 1264 3943 1602 4005; x_wconf 86' lang='lat' dir='ltr'><strong>undecimus,</strong></span> <span class='ocrx_word' id='word_1_456' title='bbox 1628 3943 1834 3997; x_wconf 90' lang='lat' dir='ltr'><strong>duode-</strong></span> 
     </span>
    </p>
   </div>
   <div class='ocr_carea' id='block_1_71' title="bbox 214 4037 1834 4107">
    <p class='ocr_par' dir='ltr' id='par_1_71' title="bbox 214 4037 1834 4107">
     <span class='ocr_line' id='line_1_71' title="bbox 214 4037 1834 4107; baseline -0.003 -10"><span class='ocrx_word' id='word_1_457' title='bbox 214 4043 435 4106; x_wconf 88' lang='lat' dir='ltr'><strong>cimtts,</strong></span> <span class='ocrx_word' id='word_1_458' title='bbox 469 4039 709 4093; x_wconf 87' lang='lat' dir='ltr'><strong>decimus</strong></span> <span class='ocrx_word' id='word_1_459' title='bbox 744 4039 960 4100; x_wconf 84' lang='lat' dir='ltr'><strong>tertius,</strong></span> <span class='ocrx_word' id='word_1_460' title='bbox 1011 4037 1256 4092; x_wconf 84' lang='lat' dir='ltr'><strong>decimus</strong></span> <span class='ocrx_word' id='word_1_461' title='bbox 1303 4047 1547 4107; x_wconf 82' lang='lat' dir='ltr'><strong>quartus,</strong></span> <span class='ocrx_word' id='word_1_462' title='bbox 1593 4037 1834 4092; x_wconf 74' lang='lat' dir='ltr'><strong>decimus</strong></span> 
     </span>
    </p>
   </div>
   <div class='ocr_carea' id='block_1_72' title="bbox 212 4129 1831 4205">
    <p class='ocr_par' dir='ltr' id='par_1_72' title="bbox 212 4129 1831 4205">
     <span class='ocr_line' id='line_1_72' title="bbox 212 4129 1831 4205; baseline -0.001 -20"><span class='ocrx_word' id='word_1_463' title='bbox 212 4135 479 4205; x_wconf 82' lang='lat' dir='ltr'><strong>quintus,</strong></span> <span class='ocrx_word' id='word_1_464' title='bbox 521 4131 762 4186; x_wconf 86' lang='lat' dir='ltr'><strong>decimus</strong></span> <span class='ocrx_word' id='word_1_465' title='bbox 794 4140 1006 4191; x_wconf 88' lang='lat' dir='ltr'><strong>sextus,</strong></span> <span class='ocrx_word' id='word_1_466' title='bbox 1042 4141 1067 4178; x_wconf 78' lang='grc' dir='ltr'><strong>ις</strong></span> <span class='ocrx_word' id='word_1_467' title='bbox 1115 4131 1359 4185; x_wconf 88' lang='lat' dir='ltr'><strong>decimus</strong></span> <span class='ocrx_word' id='word_1_468' title='bbox 1400 4138 1649 4196; x_wconf 87' lang='lat' dir='ltr'><strong>octavus,</strong></span> <span class='ocrx_word' id='word_1_469' title='bbox 1681 4129 1831 4184; x_wconf 86' lang='lat' dir='ltr'><strong>deei-</strong></span> 
     </span>
    </p>
   </div>
   <div class='ocr_carea' id='block_1_73' title="bbox 215 4225 1836 4296">
    <p class='ocr_par' dir='ltr' id='par_1_73' title="bbox 215 4225 1836 4296">
     <span class='ocr_line' id='line_1_73' title="bbox 215 4225 1836 4296; baseline -0.002 -12"><span class='ocrx_word' id='word_1_470' title='bbox 215 4245 352 4284; x_wconf 90' lang='lat' dir='ltr'><strong>mus</strong></span> <span class='ocrx_word' id='word_1_471' title='bbox 382 4241 581 4289; x_wconf 87' lang='lat' dir='ltr'><strong>nonus,</strong></span> <span class='ocrx_word' id='word_1_472' title='bbox 614 4227 928 4296; x_wconf 80' lang='lat' dir='ltr'><strong>vigesimus,</strong></span> <span class='ocrx_word' id='word_1_473' title='bbox 953 4225 1247 4296; x_wconf 73' lang='lat' dir='ltr'><strong>vigesimus</strong></span> <span class='ocrx_word' id='word_1_474' title='bbox 1279 4225 1506 4294; x_wconf 90' lang='lat' dir='ltr'><strong>primus,</strong></span> <span class='ocrx_word' id='word_1_475' title='bbox 1539 4225 1836 4295; x_wconf 80' lang='lat' dir='ltr'><strong>vigesimtts</strong></span> 
     </span>
    </p>
   </div>
   <div class='ocr_carea' id='block_1_74' title="bbox 213 4317 1836 4388">
    <p class='ocr_par' dir='ltr' id='par_1_74' title="bbox 213 4317 1836 4388">
     <span class='ocr_line' id='line_1_74' title="bbox 213 4317 1836 4388; baseline -0.004 -10"><span class='ocrx_word' id='word_1_476' title='bbox 213 4319 532 4385; x_wconf 85' lang='lat' dir='ltr'><strong>secundus,</strong></span> <span class='ocrx_word' id='word_1_477' title='bbox 566 4319 862 4388; x_wconf 77' lang='lat' dir='ltr'><strong>vigesimtts</strong></span> <span class='ocrx_word' id='word_1_478' title='bbox 909 4321 1119 4382; x_wconf 72' lang='lat' dir='ltr'><strong>tertius,</strong></span> <span class='ocrx_word' id='word_1_479' title='bbox 1156 4319 1449 4388; x_wconf 77' lang='lat' dir='ltr'><strong>vigesimus</strong></span> <span class='ocrx_word' id='word_1_480' title='bbox 1477 4327 1727 4388; x_wconf 86' lang='lat' dir='ltr'><strong>quartus,</strong></span> <span class='ocrx_word' id='word_1_481' title='bbox 1756 4317 1836 4371; x_wconf 86' lang='lat' dir='ltr'><strong>vi-</strong></span> 
     </span>
    </p>
   </div>
   <div class='ocr_carea' id='block_1_75' title="bbox 214 4410 1831 4486">
    <p class='ocr_par' dir='ltr' id='par_1_75' title="bbox 214 4410 1831 4486">
     <span class='ocr_line' id='line_1_75' title="bbox 214 4410 1831 4486; baseline -0.002 -19"><span class='ocrx_word' id='word_1_482' title='bbox 214 4413 480 4486; x_wconf 80' lang='lat' dir='ltr'><strong>gesimus</strong></span> <span class='ocrx_word' id='word_1_483' title='bbox 508 4412 748 4479; x_wconf 87' lang='lat' dir='ltr'><strong>quintus,</strong></span> <span class='ocrx_word' id='word_1_484' title='bbox 785 4410 1080 4478; x_wconf 78' lang='lat' dir='ltr'><strong>vigesimus</strong></span> <span class='ocrx_word' id='word_1_485' title='bbox 1124 4418 1336 4473; x_wconf 81' lang='lat' dir='ltr'><strong>sextus,</strong></span> <span class='ocrx_word' id='word_1_486' title='bbox 1367 4410 1660 4479; x_wconf 83' lang='lat' dir='ltr'><strong>vigesitnus</strong></span> <span class='ocrx_word' id='word_1_487' title='bbox 1708 4423 1831 4479; x_wconf 85' lang='lat' dir='ltr'><strong>sep-</strong></span> 
     </span>
    </p>
   </div>
   <div class='ocr_carea' id='block_1_76' title="bbox 217 4501 1836 4573">
    <p class='ocr_par' dir='ltr' id='par_1_76' title="bbox 217 4501 1836 4573">
     <span class='ocr_line' id='line_1_76' title="bbox 217 4501 1836 4573; baseline -0.004 -10"><span class='ocrx_word' id='word_1_488' title='bbox 217 4509 429 4563; x_wconf 87' lang='lat' dir='ltr'><strong>timus.</strong></span> <span class='ocrx_word' id='word_1_489' title='bbox 470 4505 763 4573; x_wconf 79' lang='lat' dir='ltr'><strong>vigesimus</strong></span> <span class='ocrx_word' id='word_1_490' title='bbox 811 4514 1058 4572; x_wconf 86' lang='lat' dir='ltr'><strong>octavus,</strong></span> <span class='ocrx_word' id='word_1_491' title='bbox 1101 4504 1397 4573; x_wconf 78' lang='lat' dir='ltr'><strong>vigesimus</strong></span> <span class='ocrx_word' id='word_1_492' title='bbox 1425 4516 1638 4568; x_wconf 88' lang='lat' dir='ltr'><strong>nonus;</strong></span> <span class='ocrx_word' id='word_1_493' title='bbox 1671 4501 1836 4573; x_wconf 85' lang='lat' dir='ltr'><strong>trige—</strong></span> 
     </span>
    </p>
   </div>
   <div class='ocr_carea' id='block_1_77' title="bbox 1933 3288 3540 3361">
    <p class='ocr_par' dir='ltr' id='par_1_77' title="bbox 1933 3288 3540 3361">
     <span class='ocr_line' id='line_1_77' title="bbox 1933 3288 3540 3361; baseline -0.002 -14"><span class='ocrx_word' id='word_1_494' title='bbox 1933 3293 2107 3347; x_wconf 87' lang='lat' dir='ltr'><strong>sirnus</strong></span> <span class='ocrx_word' id='word_1_495' title='bbox 2161 3291 2391 3361; x_wconf 90' lang='lat' dir='ltr'><strong>primus,</strong></span> <span class='ocrx_word' id='word_1_496' title='bbox 2443 3288 2897 3361; x_wconf 64' lang='lat' dir='ltr'><strong>quadragesimus</strong></span> <span class='ocrx_word' id='word_1_497' title='bbox 2959 3291 3178 3359; x_wconf 85' lang='lat' dir='ltr'><strong>tertius,</strong></span> <span class='ocrx_word' id='word_1_498' title='bbox 3236 3290 3540 3361; x_wconf 69' lang='lat' dir='ltr'><strong>quadrage-</strong></span> 
     </span>
    </p>
   </div>
   <div class='ocr_carea' id='block_1_78' title="bbox 1934 3381 3532 3456">
    <p class='ocr_par' dir='ltr' id='par_1_78' title="bbox 1934 3381 3532 3456">
     <span class='ocr_line' id='line_1_78' title="bbox 1934 3381 3532 3456; baseline -0.003 -15"><span class='ocrx_word' id='word_1_499' title='bbox 1934 3387 2104 3440; x_wconf 91' lang='lat' dir='ltr'><strong>simus</strong></span> <span class='ocrx_word' id='word_1_500' title='bbox 2153 3396 2399 3456; x_wconf 87' lang='lat' dir='ltr'><strong>quarttts,</strong></span> <span class='ocrx_word' id='word_1_501' title='bbox 2434 3381 2889 3454; x_wconf 77' lang='lat' dir='ltr'><strong>quadragesimus</strong></span> <span class='ocrx_word' id='word_1_502' title='bbox 2937 3381 3178 3452; x_wconf 86' lang='lat' dir='ltr'><strong>quintus,</strong></span> <span class='ocrx_word' id='word_1_503' title='bbox 3226 3383 3532 3454; x_wconf 79' lang='lat' dir='ltr'><strong>quadrage-</strong></span> 
     </span>
    </p>
   </div>
   <div class='ocr_carea' id='block_1_79' title="bbox 1933 3474 3532 3550">
    <p class='ocr_par' dir='ltr' id='par_1_79' title="bbox 1933 3474 3532 3550">
     <span class='ocr_line' id='line_1_79' title="bbox 1933 3474 3532 3550; baseline -0.003 -18"><span class='ocrx_word' id='word_1_504' title='bbox 1933 3480 2102 3532; x_wconf 86' lang='lat' dir='ltr'><strong>simus</strong></span> <span class='ocrx_word' id='word_1_505' title='bbox 2151 3486 2357 3539; x_wconf 74' lang='lat' dir='ltr'><strong>sextus,</strong></span> <span class='ocrx_word' id='word_1_506' title='bbox 2400 3476 2848 3546; x_wconf 75' lang='lat' dir='ltr'><strong>quadragesimus</strong></span> <span class='ocrx_word' id='word_1_507' title='bbox 2889 3475 3174 3548; x_wconf 75' lang='lat' dir='ltr'><strong>septimus,</strong></span> <span class='ocrx_word' id='word_1_508' title='bbox 3229 3474 3532 3550; x_wconf 80' lang='lat' dir='ltr'><strong>quadrage-</strong></span> 
     </span>
    </p>
   </div>
   <div class='ocr_carea' id='block_1_80' title="bbox 1933 3568 3532 3640">
    <p class='ocr_par' dir='ltr' id='par_1_80' title="bbox 1933 3568 3532 3640">
     <span class='ocr_line' id='line_1_80' title="bbox 1933 3568 3532 3640; baseline -0.002 -13"><span class='ocrx_word' id='word_1_509' title='bbox 1933 3574 2100 3627; x_wconf 76' lang='lat' dir='ltr'><strong>simus</strong></span> <span class='ocrx_word' id='word_1_510' title='bbox 2162 3581 2418 3636; x_wconf 79' lang='lat' dir='ltr'><strong>octavus;</strong></span> <span class='ocrx_word' id='word_1_511' title='bbox 2471 3570 2838 3640; x_wconf 72' lang='lat' dir='ltr'><strong>octogesimus</strong></span> <span class='ocrx_word' id='word_1_512' title='bbox 2899 3568 3110 3634; x_wconf 84' lang='lat' dir='ltr'><strong>tertius,</strong></span> <span class='ocrx_word' id='word_1_513' title='bbox 3165 3568 3532 3639; x_wconf 80' lang='lat' dir='ltr'><strong>octogesimus</strong></span> 
     </span>
    </p>
   </div>
   <div class='ocr_carea' id='block_1_81' title="bbox 1935 3663 3535 3737">
    <p class='ocr_par' dir='ltr' id='par_1_81' title="bbox 1935 3663 3535 3737">
     <span class='ocr_line' id='line_1_81' title="bbox 1935 3663 3535 3737; baseline -0.004 -16"><span class='ocrx_word' id='word_1_514' title='bbox 1935 3675 2180 3737; x_wconf 82' lang='lat' dir='ltr'><strong>quartus,</strong></span> <span class='ocrx_word' id='word_1_515' title='bbox 2213 3665 2575 3735; x_wconf 86' lang='lat' dir='ltr'><strong>octogesimus</strong></span> <span class='ocrx_word' id='word_1_516' title='bbox 2622 3674 2833 3728; x_wconf 82' lang='lat' dir='ltr'><strong>sextus,</strong></span> <span class='ocrx_word' id='word_1_517' title='bbox 2865 3663 3230 3732; x_wconf 79' lang='lat' dir='ltr'><strong>octegesimtts</strong></span> <span class='ocrx_word' id='word_1_518' title='bbox 3283 3673 3535 3736; x_wconf 76' lang='lat' dir='ltr'><strong>octavus,</strong></span> 
     </span>
    </p>
   </div>
   <div class='ocr_carea' id='block_1_82' title="bbox 1936 3753 3534 3824">
    <p class='ocr_par' dir='ltr' id='par_1_82' title="bbox 1936 3753 3534 3824">
     <span class='ocr_line' id='line_1_82' title="bbox 1936 3753 3534 3824; baseline -0.003 -13"><span class='ocrx_word' id='word_1_519' title='bbox 1936 3760 2096 3811; x_wconf 88' lang='lat' dir='ltr'><strong>simul</strong></span> <span class='ocrx_word' id='word_1_520' title='bbox 2130 3775 2200 3810; x_wconf 74' lang='grc' dir='ltr'><strong>χι.</strong></span> <span class='ocrx_word' id='word_1_521' title='bbox 2231 3759 2358 3811; x_wconf 80' lang='lat' dir='ltr'><strong>Sine</strong></span> <span class='ocrx_word' id='word_1_522' title='bbox 2396 3756 2616 3809; x_wconf 89' lang='lat' dir='ltr'><strong>nomine</strong></span> <span class='ocrx_word' id='word_1_523' title='bbox 2647 3758 2734 3824; x_wconf 89' lang='lat' dir='ltr'><strong>qui</strong></span> <span class='ocrx_word' id='word_1_524' title='bbox 2783 3763 2990 3808; x_wconf 89' lang='lat' dir='ltr'><strong>tantum</strong></span> <span class='ocrx_word' id='word_1_525' title='bbox 3046 3753 3534 3823; x_wconf 81' lang='lat' dir='ltr'><strong>superscriptiones</strong></span> 
     </span>
    </p>
   </div>
   <div class='ocr_carea' id='block_1_83' title="bbox 1938 3847 3530 3919">
    <p class='ocr_par' dir='ltr' id='par_1_83' title="bbox 1938 3847 3530 3919">
     <span class='ocr_line' id='line_1_83' title="bbox 1938 3847 3530 3919; baseline -0.003 -14"><span class='ocrx_word' id='word_1_526' title='bbox 1938 3853 2162 3919; x_wconf 85' lang='lat' dir='ltr'><strong>habent,</strong></span> <span class='ocrx_word' id='word_1_527' title='bbox 2198 3858 2508 3904; x_wconf 76' lang='lat' dir='ltr'><strong>nontamen</strong></span> <span class='ocrx_word' id='word_1_528' title='bbox 2543 3848 2851 3917; x_wconf 82' lang='lat' dir='ltr'><strong>signiﬁcant</strong></span> <span class='ocrx_word' id='word_1_529' title='bbox 2892 3849 3048 3916; x_wconf 87' lang='lat' dir='ltr'><strong>cujus</strong></span> <span class='ocrx_word' id='word_1_530' title='bbox 3093 3848 3219 3914; x_wconf 91' lang='lat' dir='ltr'><strong>sint,</strong></span> <span class='ocrx_word' id='word_1_531' title='bbox 3255 3847 3530 3917; x_wconf 81' lang='lat' dir='ltr'><strong>sexagesi-</strong></span> 
     </span>
    </p>
   </div>
   <div class='ocr_carea' id='block_1_84' title="bbox 1939 3941 3534 4012">
    <p class='ocr_par' dir='ltr' id='par_1_84' title="bbox 1939 3941 3534 4012">
     <span class='ocr_line' id='line_1_84' title="bbox 1939 3941 3534 4012; baseline -0.002 -15"><span class='ocrx_word' id='word_1_532' title='bbox 1939 3961 2057 3997; x_wconf 83' lang='lat' dir='ltr'><strong>mus</strong></span> <span class='ocrx_word' id='word_1_533' title='bbox 2085 3945 2325 4012; x_wconf 87' lang='lat' dir='ltr'><strong>quintus,</strong></span> <span class='ocrx_word' id='word_1_534' title='bbox 2365 3942 2735 4012; x_wconf 70' lang='lat' dir='ltr'><strong>sexagesimus</strong></span> <span class='ocrx_word' id='word_1_535' title='bbox 2767 3949 2974 4005; x_wconf 58' lang='lat' dir='ltr'><strong>sextus,</strong></span> <span class='ocrx_word' id='word_1_536' title='bbox 3009 3941 3392 4009; x_wconf 73' lang='lat' dir='ltr'><strong>nonagesimus</strong></span> <span class='ocrx_word' id='word_1_537' title='bbox 3426 3941 3534 4009; x_wconf 87' lang='lat' dir='ltr'><strong>pri-</strong></span> 
     </span>
    </p>
   </div>
   <div class='ocr_carea' id='block_1_85' title="bbox 1939 4037 3529 4109">
    <p class='ocr_par' dir='ltr' id='par_1_85' title="bbox 1939 4037 3529 4109">
     <span class='ocr_line' id='line_1_85' title="bbox 1939 4037 3529 4109; baseline -0.005 -12"><span class='ocrx_word' id='word_1_538' title='bbox 1939 4058 2077 4109; x_wconf 77' lang='lat' dir='ltr'><strong>mus,</strong></span> <span class='ocrx_word' id='word_1_539' title='bbox 2109 4039 2740 4108; x_wconf 70' lang='lat' dir='ltr'><strong>nonagesimusoetavus,</strong></span> <span class='ocrx_word' id='word_1_540' title='bbox 2765 4037 3142 4104; x_wconf 77' lang='lat' dir='ltr'><strong>nonagesimus</strong></span> <span class='ocrx_word' id='word_1_541' title='bbox 3166 4050 3370 4100; x_wconf 79' lang='lat' dir='ltr'><strong>nonus;</strong></span> <span class='ocrx_word' id='word_1_542' title='bbox 3405 4051 3529 4089; x_wconf 88' lang='lat' dir='ltr'><strong>cen-</strong></span> 
     </span>
    </p>
   </div>
   <div class='ocr_carea' id='block_1_86' title="bbox 1943 4129 3534 4204">
    <p class='ocr_par' dir='ltr' id='par_1_86' title="bbox 1943 4129 3534 4204">
     <span class='ocr_line' id='line_1_86' title="bbox 1943 4129 3534 4204; baseline -0.006 -15"><span class='ocrx_word' id='word_1_543' title='bbox 1943 4136 2162 4191; x_wconf 87' lang='lat' dir='ltr'><strong>tesimus</strong></span> <span class='ocrx_word' id='word_1_544' title='bbox 2193 4135 2417 4204; x_wconf 86' lang='lat' dir='ltr'><strong>primus,</strong></span> <span class='ocrx_word' id='word_1_545' title='bbox 2447 4131 2774 4189; x_wconf 80' lang='lat' dir='ltr'><strong>centesimus</strong></span> <span class='ocrx_word' id='word_1_546' title='bbox 2808 4129 3046 4183; x_wconf 88' lang='lat' dir='ltr'><strong>decimus</strong></span> <span class='ocrx_word' id='word_1_547' title='bbox 3071 4143 3264 4192; x_wconf 89' lang='lat' dir='ltr'><strong>nonus,</strong></span> <span class='ocrx_word' id='word_1_548' title='bbox 3297 4129 3534 4182; x_wconf 85' lang='lat' dir='ltr'><strong>centesi-</strong></span> 
     </span>
    </p>
   </div>
   <div class='ocr_carea' id='block_1_87' title="bbox 1939 4219 3534 4297">
    <p class='ocr_par' dir='ltr' id='par_1_87' title="bbox 1939 4219 3534 4297">
     <span class='ocr_line' id='line_1_87' title="bbox 1939 4219 3534 4297; baseline -0.008 -13"><span class='ocrx_word' id='word_1_549' title='bbox 1939 4244 2056 4284; x_wconf 87' lang='lat' dir='ltr'><strong>mtts</strong></span> <span class='ocrx_word' id='word_1_550' title='bbox 2070 4227 2382 4297; x_wconf 84' lang='lat' dir='ltr'><strong>vigesimus,</strong></span> <span class='ocrx_word' id='word_1_551' title='bbox 2397 4223 2725 4278; x_wconf 88' lang='lat' dir='ltr'><strong>centesimus</strong></span> <span class='ocrx_word' id='word_1_552' title='bbox 2741 4220 3028 4290; x_wconf 76' lang='lat' dir='ltr'><strong>vigesitnus</strong></span> <span class='ocrx_word' id='word_1_553' title='bbox 3046 4219 3339 4285; x_wconf 81' lang='lat' dir='ltr'><strong>secundus,</strong></span> <span class='ocrx_word' id='word_1_554' title='bbox 3354 4229 3534 4272; x_wconf 82' lang='lat' dir='ltr'><strong>cente-</strong></span> 
     </span>
    </p>
   </div>
   <div class='ocr_carea' id='block_1_88' title="bbox 1938 4311 3538 4388">
    <p class='ocr_par' dir='ltr' id='par_1_88' title="bbox 1938 4311 3538 4388">
     <span class='ocr_line' id='line_1_88' title="bbox 1938 4311 3538 4388; baseline -0.006 -13"><span class='ocrx_word' id='word_1_555' title='bbox 1938 4321 2109 4375; x_wconf 89' lang='lat' dir='ltr'><strong>simus</strong></span> <span class='ocrx_word' id='word_1_556' title='bbox 2139 4317 2428 4388; x_wconf 83' lang='lat' dir='ltr'><strong>vigesimus</strong></span> <span class='ocrx_word' id='word_1_557' title='bbox 2461 4315 2675 4378; x_wconf 83' lang='lat' dir='ltr'><strong>tertius,</strong></span> <span class='ocrx_word' id='word_1_558' title='bbox 2700 4312 3037 4368; x_wconf 83' lang='lat' dir='ltr'><strong>centesimus</strong></span> <span class='ocrx_word' id='word_1_559' title='bbox 3059 4311 3352 4384; x_wconf 81' lang='lat' dir='ltr'><strong>vigesimus</strong></span> <span class='ocrx_word' id='word_1_560' title='bbox 3376 4327 3538 4380; x_wconf 82' lang='lat' dir='ltr'><strong>quar-</strong></span> 
     </span>
    </p>
   </div>
   <div class='ocr_carea' id='block_1_89' title="bbox 1941 4403 3535 4479">
    <p class='ocr_par' dir='ltr' id='par_1_89' title="bbox 1941 4403 3535 4479">
     <span class='ocr_line' id='line_1_89' title="bbox 1941 4403 3535 4479; baseline -0.004 -13"><span class='ocrx_word' id='word_1_561' title='bbox 1941 4422 2046 4479; x_wconf 88' lang='lat' dir='ltr'><strong>tus,</strong></span> <span class='ocrx_word' id='word_1_562' title='bbox 2068 4410 2398 4466; x_wconf 88' lang='lat' dir='ltr'><strong>centesimus</strong></span> <span class='ocrx_word' id='word_1_563' title='bbox 2419 4407 2711 4477; x_wconf 76' lang='lat' dir='ltr'><strong>vigesituus</strong></span> <span class='ocrx_word' id='word_1_564' title='bbox 2733 4404 2975 4474; x_wconf 88' lang='lat' dir='ltr'><strong>quintus,</strong></span> <span class='ocrx_word' id='word_1_565' title='bbox 2992 4403 3323 4459; x_wconf 84' lang='lat' dir='ltr'><strong>centesimus</strong></span> <span class='ocrx_word' id='word_1_566' title='bbox 3344 4405 3535 4474; x_wconf 85' lang='lat' dir='ltr'><strong>vigesi-</strong></span> 
     </span>
    </p>
   </div>
   <div class='ocr_carea' id='block_1_90' title="bbox 1942 4497 3536 4570">
    <p class='ocr_par' dir='ltr' id='par_1_90' title="bbox 1942 4497 3536 4570">
     <span class='ocr_line' id='line_1_90' title="bbox 1942 4497 3536 4570; baseline -0.003 -12"><span class='ocrx_word' id='word_1_567' title='bbox 1942 4521 2061 4560; x_wconf 88' lang='lat' dir='ltr'><strong>mus</strong></span> <span class='ocrx_word' id='word_1_568' title='bbox 2081 4505 2369 4570; x_wconf 83' lang='lat' dir='ltr'><strong>septimus,</strong></span> <span class='ocrx_word' id='word_1_569' title='bbox 2401 4500 2733 4560; x_wconf 77' lang='lat' dir='ltr'><strong>centesimus</strong></span> <span class='ocrx_word' id='word_1_570' title='bbox 2761 4497 3058 4568; x_wconf 77' lang='lat' dir='ltr'><strong>vigesimus</strong></span> <span class='ocrx_word' id='word_1_571' title='bbox 3080 4505 3330 4567; x_wconf 80' lang='lat' dir='ltr'><strong>octavus,</strong></span> <span class='ocrx_word' id='word_1_572' title='bbox 3351 4507 3536 4558; x_wconf 85' lang='lat' dir='ltr'><strong>cente-</strong></span> 
     </span>
    </p>
   </div>
   <div class='ocr_carea' id='block_1_91' title="bbox 216 4587 3534 4671">
    <p class='ocr_par' dir='ltr' id='par_1_91' title="bbox 216 4587 3534 4671">
     <span class='ocr_line' id='line_1_91' title="bbox 216 4587 3534 4671; baseline -0.004 -17"><span class='ocrx_word' id='word_1_573' title='bbox 216 4602 432 4661; x_wconf 88' lang='lat' dir='ltr'><strong>simus,</strong></span> <span class='ocrx_word' id='word_1_574' title='bbox 463 4599 776 4667; x_wconf 84' lang='lat' dir='ltr'><strong>trigesimus</strong></span> <span class='ocrx_word' id='word_1_575' title='bbox 809 4598 1033 4666; x_wconf 84' lang='lat' dir='ltr'><strong>primus,</strong></span> <span class='ocrx_word' id='word_1_576' title='bbox 1070 4597 1376 4667; x_wconf 85' lang='lat' dir='ltr'><strong>trigesintus</strong></span> <span class='ocrx_word' id='word_1_577' title='bbox 1403 4596 1698 4665; x_wconf 87' lang='lat' dir='ltr'><strong>secundus,</strong></span> <span class='ocrx_word' id='word_1_578' title='bbox 1733 4598 1829 4651; x_wconf 85' lang='lat' dir='ltr'><strong>tri-</strong></span> <span class='ocrx_word' id='word_1_579' title='bbox 1865 4612 1912 4671; x_wconf 77' lang='grc' dir='ltr'><strong>ι)</strong></span> <span class='ocrx_word' id='word_1_580' title='bbox 1942 4598 2111 4652; x_wconf 90' lang='lat' dir='ltr'><strong>simus</strong></span> <span class='ocrx_word' id='word_1_581' title='bbox 2130 4594 2417 4666; x_wconf 80' lang='lat' dir='ltr'><strong>vigesimus</strong></span> <span class='ocrx_word' id='word_1_582' title='bbox 2436 4606 2627 4656; x_wconf 85' lang='lat' dir='ltr'><strong>nonus;</strong></span> <span class='ocrx_word' id='word_1_583' title='bbox 2654 4592 2983 4644; x_wconf 85' lang='lat' dir='ltr'><strong>centesimus</strong></span> <span class='ocrx_word' id='word_1_584' title='bbox 3010 4587 3374 4658; x_wconf 77' lang='lat' dir='ltr'><strong>trigesimus,i</strong></span> <span class='ocrx_word' id='word_1_585' title='bbox 3405 4604 3534 4642; x_wconf 78' lang='lat' dir='ltr'><strong>cett-</strong></span> 
     </span>
    </p>
   </div>
   <div class='ocr_carea' id='block_1_92' title="bbox 213 4687 1834 4764">
    <p class='ocr_par' dir='ltr' id='par_1_92' title="bbox 213 4687 1834 4764">
     <span class='ocr_line' id='line_1_92' title="bbox 213 4687 1834 4764; baseline -0.002 -19"><span class='ocrx_word' id='word_1_586' title='bbox 213 4692 490 4764; x_wconf 82' lang='lat' dir='ltr'><strong>gesimus</strong></span> <span class='ocrx_word' id='word_1_587' title='bbox 548 4688 772 4752; x_wconf 86' lang='lat' dir='ltr'><strong>tertius,</strong></span> <span class='ocrx_word' id='word_1_588' title='bbox 849 4687 1156 4758; x_wconf 79' lang='lat' dir='ltr'><strong>trigesimus</strong></span> <span class='ocrx_word' id='word_1_589' title='bbox 1219 4698 1465 4759; x_wconf 81' lang='lat' dir='ltr'><strong>quartus,</strong></span> <span class='ocrx_word' id='word_1_590' title='bbox 1525 4689 1834 4759; x_wconf 85' lang='lat' dir='ltr'><strong>trigesimus</strong></span> 
     </span>
    </p>
   </div>
   <div class='ocr_carea' id='block_1_93' title="bbox 303 4821 1840 4894">
    <p class='ocr_par' dir='ltr' id='par_1_93' title="bbox 303 4821 1840 4894">
     <span class='ocr_line' id='line_1_93' title="bbox 303 4821 1840 4894; baseline -0.001 -16"><span class='ocrx_word' id='word_1_591' title='bbox 303 4835 334 4864; x_wconf 69' lang='grc' dir='ltr'><strong>ε</strong></span> <span class='ocrx_word' id='word_1_592' title='bbox 351 4825 434 4878; x_wconf 86' lang='lat' dir='ltr'><strong>De</strong></span> <span class='ocrx_word' id='word_1_593' title='bbox 445 4823 728 4894; x_wconf 73' lang='lat' dir='ltr'><strong>Synagoga</strong></span> <span class='ocrx_word' id='word_1_594' title='bbox 747 4837 937 4894; x_wconf 75' lang='lat' dir='ltr'><strong>magna</strong></span> <span class='ocrx_word' id='word_1_595' title='bbox 949 4821 1280 4888; x_wconf 65' lang='lat' dir='ltr'><strong>Iudaeorum,</strong></span> <span class='ocrx_word' id='word_1_596' title='bbox 1303 4838 1420 4888; x_wconf 66' lang='lat' dir='ltr'><strong>«tum</strong></span> <span class='ocrx_word' id='word_1_597' title='bbox 1436 4822 1690 4877; x_wconf 81' lang='lat' dir='ltr'><strong>ﬂoruisse</strong></span> <span class='ocrx_word' id='word_1_598' title='bbox 1707 4823 1840 4877; x_wconf 84' lang='lat' dir='ltr'><strong>diei-</strong></span> 
     </span>
    </p>
   </div>
   <div class='ocr_carea' id='block_1_94' title="bbox 219 4893 1841 4964">
    <p class='ocr_par' dir='ltr' id='par_1_94' title="bbox 219 4893 1841 4964">
     <span class='ocr_line' id='line_1_94' title="bbox 219 4893 1841 4964; baseline -0.002 -10"><span class='ocrx_word' id='word_1_599' title='bbox 219 4910 321 4955; x_wconf 89' lang='lat' dir='ltr'><strong>tur</strong></span> <span class='ocrx_word' id='word_1_600' title='bbox 354 4893 504 4950; x_wconf 84' lang='lat' dir='ltr'><strong>circa</strong></span> <span class='ocrx_word' id='word_1_601' title='bbox 536 4893 752 4948; x_wconf 65' lang='lat' dir='ltr'><strong>aatatem</strong></span> <span class='ocrx_word' id='word_1_602' title='bbox 785 4893 988 4956; x_wconf 85' lang='lat' dir='ltr'><strong>Esdra-,</strong></span> <span class='ocrx_word' id='word_1_603' title='bbox 1021 4904 1207 4959; x_wconf 88' lang='lat' dir='ltr'><strong>aperte</strong></span> <span class='ocrx_word' id='word_1_604' title='bbox 1229 4894 1362 4948; x_wconf 86' lang='lat' dir='ltr'><strong>satis</strong></span> <span class='ocrx_word' id='word_1_605' title='bbox 1387 4894 1624 4964; x_wconf 85' lang='lat' dir='ltr'><strong>loquitur</strong></span> <span class='ocrx_word' id='word_1_606' title='bbox 1649 4905 1841 4950; x_wconf 86' lang='lat' dir='ltr'><strong>auctor</strong></span> 
     </span>
    </p>
   </div>
   <div class='ocr_carea' id='block_1_95' title="bbox 219 4965 1837 5036">
    <p class='ocr_par' dir='ltr' id='par_1_95' title="bbox 219 4965 1837 5036">
     <span class='ocr_line' id='line_1_95' title="bbox 219 4965 1837 5036; baseline 0 -16"><span class='ocrx_word' id='word_1_607' title='bbox 219 4972 410 5034; x_wconf 84' lang='lat' dir='ltr'><strong>hujus</strong></span> <span class='ocrx_word' id='word_1_608' title='bbox 432 4965 790 5035; x_wconf 72' lang='lat' dir='ltr'><strong>przrfationis.</strong></span> <span class='ocrx_word' id='word_1_609' title='bbox 813 4965 966 5030; x_wconf 87' lang='lat' dir='ltr'><strong>Quod</strong></span> <span class='ocrx_word' id='word_1_610' title='bbox 996 4965 1282 5033; x_wconf 77' lang='lat' dir='ltr'><strong>diligenter</strong></span> <span class='ocrx_word' id='word_1_611' title='bbox 1303 4967 1480 5018; x_wconf 88' lang='lat' dir='ltr'><strong>notari</strong></span> <span class='ocrx_word' id='word_1_612' title='bbox 1500 4967 1687 5030; x_wconf 89' lang='lat' dir='ltr'><strong>velim,</strong></span> <span class='ocrx_word' id='word_1_613' title='bbox 1713 4967 1837 5036; x_wconf 90' lang='lat' dir='ltr'><strong>quia</strong></span> 
     </span>
    </p>
   </div>
   <div class='ocr_carea' id='block_1_96' title="bbox 218 5036 1842 5106">
    <p class='ocr_par' dir='ltr' id='par_1_96' title="bbox 218 5036 1842 5106">
     <span class='ocr_line' id='line_1_96' title="bbox 218 5036 1842 5106; baseline -0.004 -8"><span class='ocrx_word' id='word_1_614' title='bbox 218 5043 400 5098; x_wconf 84' lang='lat' dir='ltr'><strong>solus</strong></span> <span class='ocrx_word' id='word_1_615' title='bbox 427 5049 534 5098; x_wconf 84' lang='lat' dir='ltr'><strong>est,</strong></span> <span class='ocrx_word' id='word_1_616' title='bbox 557 5037 608 5090; x_wconf 95' lang='lat' dir='ltr'><strong>ni</strong></span> <span class='ocrx_word' id='word_1_617' title='bbox 632 5036 807 5103; x_wconf 77' lang='lat' dir='ltr'><strong>fallor,</strong></span> <span class='ocrx_word' id='word_1_618' title='bbox 836 5038 976 5090; x_wconf 84' lang='lat' dir='ltr'><strong>inter</strong></span> <span class='ocrx_word' id='word_1_619' title='bbox 1002 5036 1295 5106; x_wconf 78' lang='lat' dir='ltr'><strong>scriptores</strong></span> <span class='ocrx_word' id='word_1_620' title='bbox 1320 5046 1534 5092; x_wconf 86' lang='lat' dir='ltr'><strong>veteres</strong></span> <span class='ocrx_word' id='word_1_621' title='bbox 1559 5039 1842 5092; x_wconf 85' lang='lat' dir='ltr'><strong>ecclesias-</strong></span> 
     </span>
    </p>
   </div>
   <div class='ocr_carea' id='block_1_97' title="bbox 223 5107 1836 5181">
    <p class='ocr_par' dir='ltr' id='par_1_97' title="bbox 223 5107 1836 5181">
     <span class='ocr_line' id='line_1_97' title="bbox 223 5107 1836 5181; baseline -0.002 -14"><span class='ocrx_word' id='word_1_622' title='bbox 223 5119 410 5175; x_wconf 81' lang='lat' dir='ltr'><strong>ticos,</strong></span> <span class='ocrx_word' id='word_1_623' title='bbox 459 5111 548 5177; x_wconf 91' lang='lat' dir='ltr'><strong>qui</strong></span> <span class='ocrx_word' id='word_1_624' title='bbox 597 5108 902 5181; x_wconf 77' lang='lat' dir='ltr'><strong>Synagogae</strong></span> <span class='ocrx_word' id='word_1_625' title='bbox 932 5107 1240 5162; x_wconf 70' lang='lat' dir='ltr'><strong>Judarorum</strong></span> <span class='ocrx_word' id='word_1_626' title='bbox 1273 5109 1513 5162; x_wconf 83' lang='lat' dir='ltr'><strong>meminit</strong></span> <span class='ocrx_word' id='word_1_627' title='bbox 1547 5127 1560 5162; x_wconf 91' lang='lat'><strong>:</strong></span> <span class='ocrx_word' id='word_1_628' title='bbox 1589 5111 1691 5163; x_wconf 85' lang='lat' dir='ltr'><strong>etsi</strong></span> <span class='ocrx_word' id='word_1_629' title='bbox 1718 5110 1836 5177; x_wconf 81' lang='lat' dir='ltr'><strong>ejus</strong></span> 
     </span>
    </p>
   </div>
   <div class='ocr_carea' id='block_1_98' title="bbox 221 5180 1836 5240">
    <p class='ocr_par' dir='ltr' id='par_1_98' title="bbox 221 5180 1836 5240">
     <span class='ocr_line' id='line_1_98' title="bbox 221 5180 1836 5240; baseline -0.003 0"><span class='ocrx_word' id='word_1_630' title='bbox 221 5181 572 5240; x_wconf 85' lang='lat' dir='ltr'><strong>auctoritate</strong></span> <span class='ocrx_word' id='word_1_631' title='bbox 595 5180 980 5236; x_wconf 79' lang='lat' dir='ltr'><strong>causecratunt</strong></span> <span class='ocrx_word' id='word_1_632' title='bbox 1006 5180 1171 5234; x_wconf 78' lang='lat' dir='ltr'><strong>velint</strong></span> <span class='ocrx_word' id='word_1_633' title='bbox 1199 5181 1534 5235; x_wconf 80' lang='lat' dir='ltr'><strong>recentiores</strong></span> <span class='ocrx_word' id='word_1_634' title='bbox 1564 5185 1836 5236; x_wconf 69' lang='lat' dir='ltr'><strong>Cant—mem</strong></span> 
     </span>
    </p>
   </div>
   <div class='ocr_carea' id='block_1_99' title="bbox 224 5249 1402 5312">
    <p class='ocr_par' dir='ltr' id='par_1_99' title="bbox 224 5249 1402 5312">
     <span class='ocr_line' id='line_1_99' title="bbox 224 5249 1402 5312; baseline -0.002 -7"><span class='ocrx_word' id='word_1_635' title='bbox 224 5252 545 5312; x_wconf 73' lang='lat' dir='ltr'><strong>Esdrittum</strong></span> <span class='ocrx_word' id='word_1_636' title='bbox 570 5268 844 5307; x_wconf 88' lang='lat' dir='ltr'><strong>sacrorum</strong></span> <span class='ocrx_word' id='word_1_637' title='bbox 873 5249 1191 5305; x_wconf 84' lang='lat' dir='ltr'><strong>Bibliorum.</strong></span> <span class='ocrx_word' id='word_1_638' title='bbox 1224 5251 1402 5306; x_wconf 76' lang='lat' dir='ltr'><strong>MART.</strong></span> 
     </span>
    </p>
   </div>
   <div class='ocr_carea' id='block_1_100' title="bbox 310 5322 1690 5395">
    <p class='ocr_par' dir='ltr' id='par_1_100' title="bbox 310 5322 1690 5395">
     <span class='ocr_line' id='line_1_100' title="bbox 310 5322 1690 5395; baseline -0.001 -18"><span class='ocrx_word' id='word_1_639' title='bbox 310 5327 342 5364; x_wconf 69' lang='grc' dir='ltr'><strong><em>ιι</em></strong></span> <span class='ocrx_word' id='word_1_640' title='bbox 391 5323 570 5395; x_wconf 82' lang='lat' dir='ltr'><strong>Codex</strong></span> <span class='ocrx_word' id='word_1_641' title='bbox 598 5323 967 5384; x_wconf 66' lang='lat' dir='ltr'><strong>Ambrosiam,</strong></span> <span class='ocrx_word' id='word_1_642' title='bbox 996 5324 1049 5375; x_wconf 86' lang='lat' dir='ltr'><strong>in</strong></span> <span class='ocrx_word' id='word_1_643' title='bbox 1077 5322 1257 5375; x_wconf 81' lang='lat' dir='ltr'><strong>ordine</strong></span> <span class='ocrx_word' id='word_1_644' title='bbox 1284 5333 1335 5375; x_wconf 83' lang='lat' dir='ltr'><strong>ut</strong></span> <span class='ocrx_word' id='word_1_645' title='bbox 1356 5326 1551 5395; x_wconf 81' lang='lat' dir='ltr'><strong>jacere,</strong></span> <span class='ocrx_word' id='word_1_646' title='bbox 1587 5335 1690 5378; x_wconf 92' lang='lat' dir='ltr'><strong>etc.</strong></span> 
     </span>
    </p>
   </div>
   <div class='ocr_carea' id='block_1_101' title="bbox 316 5394 1840 5462">
    <p class='ocr_par' dir='ltr' id='par_1_101' title="bbox 316 5394 1840 5462">
     <span class='ocr_line' id='line_1_101' title="bbox 316 5394 1840 5462; baseline 0.001 -13"><span class='ocrx_word' id='word_1_647' title='bbox 316 5409 341 5434; x_wconf 67' lang='grc' dir='ltr'><strong>ιε</strong></span> <span class='ocrx_word' id='word_1_648' title='bbox 397 5395 472 5449; x_wconf 88' lang='lat' dir='ltr'><strong>Ex</strong></span> <span class='ocrx_word' id='word_1_649' title='bbox 519 5394 620 5450; x_wconf 92' lang='lat' dir='ltr'><strong>hoc</strong></span> <span class='ocrx_word' id='word_1_650' title='bbox 664 5396 786 5450; x_wconf 89' lang='lat' dir='ltr'><strong>loco</strong></span> <span class='ocrx_word' id='word_1_651' title='bbox 821 5406 877 5450; x_wconf 88' lang='lat' dir='ltr'><strong>et</strong></span> <span class='ocrx_word' id='word_1_652' title='bbox 905 5395 1026 5449; x_wconf 89' lang='lat' dir='ltr'><strong>aliis</strong></span> <span class='ocrx_word' id='word_1_653' title='bbox 1069 5394 1528 5462; x_wconf 84' lang='lat' dir='ltr'><strong>consequentibus</strong></span> <span class='ocrx_word' id='word_1_654' title='bbox 1559 5397 1840 5451; x_wconf 81' lang='lat' dir='ltr'><strong>manifeste</strong></span> 
     </span>
    </p>
   </div>
   <div class='ocr_carea' id='block_1_102' title="bbox 223 5466 1840 5535">
    <p class='ocr_par' dir='ltr' id='par_1_102' title="bbox 223 5466 1840 5535">
     <span class='ocr_line' id='line_1_102' title="bbox 223 5466 1840 5535; baseline -0.002 -13"><span class='ocrx_word' id='word_1_655' title='bbox 223 5466 595 5535; x_wconf 82' lang='lat' dir='ltr'><strong>comprobari</strong></span> <span class='ocrx_word' id='word_1_656' title='bbox 627 5477 833 5534; x_wconf 80' lang='lat' dir='ltr'><strong>potest.</strong></span> <span class='ocrx_word' id='word_1_657' title='bbox 869 5466 1158 5520; x_wconf 83' lang='lat' dir='ltr'><strong>Eusebium</strong></span> <span class='ocrx_word' id='word_1_658' title='bbox 1189 5467 1576 5520; x_wconf 68' lang='lat' dir='ltr'><strong>CaeSariensem</strong></span> <span class='ocrx_word' id='word_1_659' title='bbox 1610 5467 1840 5534; x_wconf 84' lang='lat' dir='ltr'><strong>seripto-</strong></span> 
     </span>
    </p>
   </div>
   <div class='ocr_carea' id='block_1_103' title="bbox 229 5537 1842 5609">
    <p class='ocr_par' dir='ltr' id='par_1_103' title="bbox 229 5537 1842 5609">
     <span class='ocr_line' id='line_1_103' title="bbox 229 5537 1842 5609; baseline 0 -19"><span class='ocrx_word' id='word_1_660' title='bbox 229 5555 367 5609; x_wconf 78' lang='lat' dir='ltr'><strong>rem</strong></span> <span class='ocrx_word' id='word_1_661' title='bbox 412 5538 576 5591; x_wconf 74' lang='lat' dir='ltr'><strong>fuisse</strong></span> <span class='ocrx_word' id='word_1_662' title='bbox 603 5538 900 5609; x_wconf 77' lang='lat' dir='ltr'><strong>verborum</strong></span> <span class='ocrx_word' id='word_1_663' title='bbox 927 5538 1086 5605; x_wconf 88' lang='lat' dir='ltr'><strong>ltujus</strong></span> <span class='ocrx_word' id='word_1_664' title='bbox 1110 5537 1318 5607; x_wconf 82' lang='lat' dir='ltr'><strong>prologi</strong></span> <span class='ocrx_word' id='word_1_665' title='bbox 1356 5556 1366 5588; x_wconf 91' lang='lat'>:</span> <span class='ocrx_word' id='word_1_666' title='bbox 1395 5545 1524 5609; x_wconf 81' lang='lat' dir='ltr'><strong>sunt</strong></span> <span class='ocrx_word' id='word_1_667' title='bbox 1559 5537 1700 5591; x_wconf 85' lang='lat' dir='ltr'><strong>enim</strong></span> <span class='ocrx_word' id='word_1_668' title='bbox 1734 5539 1842 5609; x_wconf 85' lang='lat' dir='ltr'><strong>lly-</strong></span> 
     </span>
    </p>
   </div>
   <div class='ocr_carea' id='block_1_104' title="bbox 229 5607 1842 5683">
    <p class='ocr_par' dir='ltr' id='par_1_104' title="bbox 229 5607 1842 5683">
     <span class='ocr_line' id='line_1_104' title="bbox 229 5607 1842 5683; baseline -0.002 -18"><span class='ocrx_word' id='word_1_669' title='bbox 229 5608 511 5683; x_wconf 72' lang='lat' dir='ltr'><strong>potlteses</strong></span> <span class='ocrx_word' id='word_1_670' title='bbox 557 5607 726 5683; x_wconf 82' lang='lat' dir='ltr'><strong>ipsius</strong></span> <span class='ocrx_word' id='word_1_671' title='bbox 773 5610 823 5660; x_wconf 90' lang='lat' dir='ltr'><strong>itt</strong></span> <span class='ocrx_word' id='word_1_672' title='bbox 881 5608 1163 5683; x_wconf 80' lang='lat' dir='ltr'><strong>Psalterio,</strong></span> <span class='ocrx_word' id='word_1_673' title='bbox 1213 5607 1569 5683; x_wconf 9' lang='lat' dir='ltr'><strong>quaegGrmcc</strong></span> <span class='ocrx_word' id='word_1_674' title='bbox 1597 5607 1842 5683; x_wconf 69' lang='lat' dir='ltr'><strong>exstant</strong></span> 
     </span>
    </p>
   </div>
   <div class='ocr_carea' id='block_1_105' title="bbox 229 5679 1840 5752">
    <p class='ocr_par' dir='ltr' id='par_1_105' title="bbox 229 5679 1840 5752">
     <span class='ocr_line' id='line_1_105' title="bbox 229 5679 1840 5752; baseline 0 -17"><span class='ocrx_word' id='word_1_675' title='bbox 229 5679 391 5740; x_wconf 77' lang='lat' dir='ltr'><strong>inm.</strong></span> <span class='ocrx_word' id='word_1_676' title='bbox 411 5696 461 5734; x_wconf 83' lang='lat' dir='ltr'><strong>vt</strong></span> <span class='ocrx_word' id='word_1_677' title='bbox 485 5679 939 5752; x_wconf 79' lang='lat' dir='ltr'><strong>Polyglottorutn,</strong></span> <span class='ocrx_word' id='word_1_678' title='bbox 958 5680 1184 5752; x_wconf 12' lang='lat' dir='ltr'><strong>Lonidin.</strong></span> <span class='ocrx_word' id='word_1_679' title='bbox 1206 5695 1256 5749; x_wconf 91' lang='lat' dir='ltr'><strong>p.</strong></span> <span class='ocrx_word' id='word_1_680' title='bbox 1280 5681 1400 5752; x_wconf 65' lang='lat'><strong>[57,</strong></span> <span class='ocrx_word' id='word_1_681' title='bbox 1417 5691 1470 5734; x_wconf 88' lang='lat' dir='ltr'><strong>et</strong></span> <span class='ocrx_word' id='word_1_682' title='bbox 1492 5680 1682 5752; x_wconf 84' lang='lat' dir='ltr'><strong>Latine</strong></span> <span class='ocrx_word' id='word_1_683' title='bbox 1698 5681 1840 5750; x_wconf 88' lang='lat' dir='ltr'><strong>apud</strong></span> 
     </span>
    </p>
   </div>
   <div class='ocr_carea' id='block_1_106' title="bbox 230 5749 1838 5822">
    <p class='ocr_par' dir='ltr' id='par_1_106' title="bbox 230 5749 1838 5822">
     <span class='ocr_line' id='line_1_106' title="bbox 230 5749 1838 5822; baseline -0.003 -11"><span class='ocrx_word' id='word_1_684' title='bbox 230 5754 515 5811; x_wconf 81' lang='lat' dir='ltr'><strong>Thomas.</strong></span> <span class='ocrx_word' id='word_1_685' title='bbox 552 5749 746 5808; x_wconf 80' lang='lat' dir='ltr'><strong>Carum</strong></span> <span class='ocrx_word' id='word_1_686' title='bbox 774 5749 1182 5822; x_wconf 67' lang='lat' dir='ltr'><strong>praefationibus</strong></span> <span class='ocrx_word' id='word_1_687' title='bbox 1208 5754 1261 5805; x_wconf 93' lang='lat' dir='ltr'><strong>in</strong></span> <span class='ocrx_word' id='word_1_688' title='bbox 1281 5751 1629 5806; x_wconf 74' lang='lat' dir='ltr'><strong>Psalterium.</strong></span> <span class='ocrx_word' id='word_1_689' title='bbox 1657 5749 1838 5822; x_wconf 84' lang='lat' dir='ltr'><strong>Atqui</strong></span> 
     </span>
    </p>
   </div>
   <div class='ocr_carea' id='block_1_107' title="bbox 239 5823 1838 5895">
    <p class='ocr_par' dir='ltr' id='par_1_107' title="bbox 239 5823 1838 5895">
     <span class='ocr_line' id='line_1_107' title="bbox 239 5823 1838 5895; baseline -0.004 -12"><span class='ocrx_word' id='word_1_690' title='bbox 239 5825 555 5883; x_wconf 72' lang='lat' dir='ltr'><strong>Eusebium</strong></span> <span class='ocrx_word' id='word_1_691' title='bbox 589 5825 640 5878; x_wconf 93' lang='lat' dir='ltr'><strong>in</strong></span> <span class='ocrx_word' id='word_1_692' title='bbox 687 5825 787 5877; x_wconf 88' lang='lat' dir='ltr'><strong>hoc</strong></span> <span class='ocrx_word' id='word_1_693' title='bbox 829 5823 1054 5895; x_wconf 82' lang='lat' dir='ltr'><strong>prologo</strong></span> <span class='ocrx_word' id='word_1_694' title='bbox 1094 5838 1187 5890; x_wconf 89' lang='lat' dir='ltr'><strong>per</strong></span> <span class='ocrx_word' id='word_1_695' title='bbox 1226 5837 1433 5888; x_wconf 90' lang='lat' dir='ltr'><strong>pannos</strong></span> <span class='ocrx_word' id='word_1_696' title='bbox 1464 5833 1516 5877; x_wconf 92' lang='lat' dir='ltr'><strong>et</strong></span> <span class='ocrx_word' id='word_1_697' title='bbox 1561 5832 1838 5893; x_wconf 78' lang='lat' dir='ltr'><strong>segmenta</strong></span> 
     </span>
    </p>
   </div>
   <div class='ocr_carea' id='block_1_108' title="bbox 1945 4680 3587 4757">
    <p class='ocr_par' dir='ltr' id='par_1_108' title="bbox 1945 4680 3587 4757">
     <span class='ocr_line' id='line_1_108' title="bbox 1945 4680 3587 4757; baseline -0.006 -13"><span class='ocrx_word' id='word_1_698' title='bbox 1945 4692 2167 4745; x_wconf 89' lang='lat' dir='ltr'><strong>tesimus</strong></span> <span class='ocrx_word' id='word_1_699' title='bbox 2214 4685 2528 4757; x_wconf 79' lang='lat' dir='ltr'><strong>trigesimus</strong></span> <span class='ocrx_word' id='word_1_700' title='bbox 2561 4686 2784 4747; x_wconf 85' lang='lat' dir='ltr'><strong>tertius,</strong></span> <span class='ocrx_word' id='word_1_701' title='bbox 2822 4680 2982 4735; x_wconf 87' lang='lat' dir='ltr'><strong>simul</strong></span> <span class='ocrx_word' id='word_1_702' title='bbox 3007 4696 3134 4736; x_wconf 79' lang='lat' dir='ltr'><strong>xv&quot;.</strong></span> <span class='ocrx_word' id='word_1_703' title='bbox 3172 4681 3536 4745; x_wconf 82' lang='lat' dir='ltr'><strong>Alleluiatici,</strong></span> <span class='ocrx_word' id='word_1_704' title='bbox 3585 4694 3587 4696; x_wconf 84' lang='lat'>&#39;</span> 
     </span>
    </p>
   </div>
   <div class='ocr_carea' id='block_1_109' title="bbox 1942 4813 3540 4887">
    <p class='ocr_par' dir='ltr' id='par_1_109' title="bbox 1942 4813 3540 4887">
     <span class='ocr_line' id='line_1_109' title="bbox 1942 4813 3540 4887; baseline -0.007 -9"><span class='ocrx_word' id='word_1_705' title='bbox 1942 4823 2151 4878; x_wconf 59' lang='lat' dir='ltr'><strong>Litinis</strong></span> <span class='ocrx_word' id='word_1_706' title='bbox 2178 4819 2360 4887; x_wconf 86' lang='lat' dir='ltr'><strong>tradit,</strong></span> <span class='ocrx_word' id='word_1_707' title='bbox 2387 4817 2636 4872; x_wconf 81' lang='lat' dir='ltr'><strong>ordinem</strong></span> <span class='ocrx_word' id='word_1_708' title='bbox 2659 4815 3042 4887; x_wconf 71' lang='lat' dir='ltr'><strong>lltypottteseaw</strong></span> <span class='ocrx_word' id='word_1_709' title='bbox 3076 4813 3394 4869; x_wconf 79' lang='lat' dir='ltr'><strong>subvertere</strong></span> <span class='ocrx_word' id='word_1_710' title='bbox 3424 4821 3540 4867; x_wconf 88' lang='lat' dir='ltr'><strong>stu-</strong></span> 
     </span>
    </p>
   </div>
   <div class='ocr_carea' id='block_1_110' title="bbox 1943 4886 3106 4960">
    <p class='ocr_par' dir='ltr' id='par_1_110' title="bbox 1943 4886 3106 4960">
     <span class='ocr_line' id='line_1_110' title="bbox 1943 4886 3106 4960; baseline -0.01 -11"><span class='ocrx_word' id='word_1_711' title='bbox 1943 4896 2082 4958; x_wconf 88' lang='lat' dir='ltr'><strong>duit,</strong></span> <span class='ocrx_word' id='word_1_712' title='bbox 2119 4907 2186 4948; x_wconf 89' lang='lat' dir='ltr'><strong>ne</strong></span> <span class='ocrx_word' id='word_1_713' title='bbox 2221 4891 2420 4946; x_wconf 76' lang='lat' dir='ltr'><strong>furtum</strong></span> <span class='ocrx_word' id='word_1_714' title='bbox 2450 4902 2891 4960; x_wconf 73' lang='lat' dir='ltr'><strong>agnosceremus.</strong></span> <span class='ocrx_word' id='word_1_715' title='bbox 2929 4886 3106 4940; x_wconf 68' lang='lat' dir='ltr'><strong>Mam.</strong></span> 
     </span>
    </p>
   </div>
   <div class='ocr_carea' id='block_1_111' title="bbox 2015 4955 3540 5017">
    <p class='ocr_par' dir='ltr' id='par_1_111' title="bbox 2015 4955 3540 5017">
     <span class='ocr_line' id='line_1_111' title="bbox 2015 4955 3540 5017; baseline -0.005 0"><span class='ocrx_word' id='word_1_716' title='bbox 2015 4964 2037 5001; x_wconf 74' lang='grc' dir='ltr'><strong>ιι</strong></span> <span class='ocrx_word' id='word_1_717' title='bbox 2072 4955 2448 5017; x_wconf 66' lang='grc' dir='ltr'><strong>Ἰςιιιειιάδηιιιε</strong></span> <span class='ocrx_word' id='word_1_718' title='bbox 2487 4955 2553 5013; x_wconf 75' lang='lat' dir='ltr'><strong>ex</strong></span> <span class='ocrx_word' id='word_1_719' title='bbox 2588 4959 2932 5016; x_wconf 81' lang='lat' dir='ltr'><strong>Atnbrosian.</strong></span> <span class='ocrx_word' id='word_1_720' title='bbox 2974 4973 3077 5012; x_wconf 84' lang='lat' dir='ltr'><strong>nts.</strong></span> <span class='ocrx_word' id='word_1_721' title='bbox 3112 4959 3283 5010; x_wconf 74' lang='lat' dir='ltr'><strong>Antea</strong></span> <span class='ocrx_word' id='word_1_722' title='bbox 3311 4955 3362 5009; x_wconf 91' lang='lat' dir='ltr'><strong>in</strong></span> <span class='ocrx_word' id='word_1_723' title='bbox 3388 4970 3540 5010; x_wconf 89' lang='lat' dir='ltr'><strong>recto</strong></span> 
     </span>
    </p>
   </div>
   <div class='ocr_carea' id='block_1_112' title="bbox 1943 5035 2241 5091">
    <p class='ocr_par' dir='ltr' id='par_1_112' title="bbox 1943 5035 2241 5091">
     <span class='ocr_line' id='line_1_112' title="bbox 1943 5035 2241 5091; baseline -0.017 0"><span class='ocrx_word' id='word_1_724' title='bbox 1943 5047 2060 5091; x_wconf 90' lang='lat' dir='ltr'><strong>erat</strong></span> <span class='ocrx_word' id='word_1_725' title='bbox 2092 5035 2241 5088; x_wconf 79' lang='lat' dir='ltr'><strong>Filii.</strong></span> 
     </span>
    </p>
   </div>
   <div class='ocr_carea' id='block_1_113' title="bbox 2020 5098 3532 5175">
    <p class='ocr_par' dir='ltr' id='par_1_113' title="bbox 2020 5098 3532 5175">
     <span class='ocr_line' id='line_1_113' title="bbox 2020 5098 3532 5175; baseline -0.006 -13"><span class='ocrx_word' id='word_1_726' title='bbox 2020 5120 2041 5144; x_wconf 66' lang='grc' dir='ltr'>ρ</span> <span class='ocrx_word' id='word_1_727' title='bbox 2084 5104 2322 5175; x_wconf 78' lang='lat' dir='ltr'><strong>Negandi</strong></span> <span class='ocrx_word' id='word_1_728' title='bbox 2366 5104 2683 5175; x_wconf 76' lang='lat' dir='ltr'><strong>particulam</strong></span> <span class='ocrx_word' id='word_1_729' title='bbox 2715 5101 2838 5157; x_wconf 89' lang='lat' dir='ltr'><strong>cod.</strong></span> <span class='ocrx_word' id='word_1_730' title='bbox 2867 5098 3263 5175; x_wconf 55' lang='lat' dir='ltr'><strong>Ambrosianus</strong></span> <span class='ocrx_word' id='word_1_731' title='bbox 3284 5100 3532 5175; x_wconf 68' lang='lat' dir='ltr'><strong>ignorat.</strong></span> 
     </span>
    </p>
   </div>
   <div class='ocr_carea' id='block_1_114' title="bbox 2026 5170 3541 5245">
    <p class='ocr_par' dir='ltr' id='par_1_114' title="bbox 2026 5170 3541 5245">
     <span class='ocr_line' id='line_1_114' title="bbox 2026 5170 3541 5245; baseline -0.006 -12"><span class='ocrx_word' id='word_1_732' title='bbox 2026 5178 2041 5215; x_wconf 73' lang='grc' dir='ltr'><strong>ί</strong></span> <span class='ocrx_word' id='word_1_733' title='bbox 2085 5170 2418 5233; x_wconf 75' lang='lat' dir='ltr'><strong>Scholiastes</strong></span> <span class='ocrx_word' id='word_1_734' title='bbox 2439 5174 2492 5229; x_wconf 91' lang='lat' dir='ltr'><strong>in</strong></span> <span class='ocrx_word' id='word_1_735' title='bbox 2519 5176 2652 5245; x_wconf 85' lang='lat' dir='ltr'><strong>psal.</strong></span> <span class='ocrx_word' id='word_1_736' title='bbox 2683 5188 2869 5234; x_wconf 82' lang='lat' dir='ltr'><strong>cxvut,</strong></span> <span class='ocrx_word' id='word_1_737' title='bbox 2900 5181 3010 5245; x_wconf 80' lang='lat' dir='ltr'><strong>tom</strong></span> <span class='ocrx_word' id='word_1_738' title='bbox 3035 5187 3084 5224; x_wconf 82' lang='lat' dir='ltr'><strong>vt</strong></span> <span class='ocrx_word' id='word_1_739' title='bbox 3113 5170 3541 5245; x_wconf 53' lang='lat' dir='ltr'><strong>Polyglottﬁoc</strong></span> 
     </span>
    </p>
   </div>
   <div class='ocr_carea' id='block_1_115' title="bbox 1947 5241 3538 5317">
    <p class='ocr_par' dir='ltr' id='par_1_115' title="bbox 1947 5241 3538 5317">
     <span class='ocr_line' id='line_1_115' title="bbox 1947 5241 3538 5317; baseline -0.006 -11"><span class='ocrx_word' id='word_1_740' title='bbox 1947 5252 2108 5306; x_wconf 85' lang='lat' dir='ltr'><strong>etiam</strong></span> <span class='ocrx_word' id='word_1_741' title='bbox 2154 5247 2424 5304; x_wconf 83' lang='lat' dir='ltr'><strong>Eusebius</strong></span> <span class='ocrx_word' id='word_1_742' title='bbox 2460 5241 2718 5317; x_wconf 70' lang='lat' dir='ltr'><strong>expresse</strong></span> <span class='ocrx_word' id='word_1_743' title='bbox 2757 5245 2915 5306; x_wconf 63' lang='lat' dir='ltr'><strong>dixit,</strong></span> <span class='ocrx_word' id='word_1_744' title='bbox 2962 5243 3136 5311; x_wconf 81' lang='lat' dir='ltr'><strong>Praep.</strong></span> <span class='ocrx_word' id='word_1_745' title='bbox 3189 5243 3282 5295; x_wconf 85' lang='lat' dir='ltr'><strong>Ev.</strong></span> <span class='ocrx_word' id='word_1_746' title='bbox 3317 5241 3409 5296; x_wconf 89' lang='lat' dir='ltr'><strong>lib.</strong></span> <span class='ocrx_word' id='word_1_747' title='bbox 3463 5259 3538 5309; x_wconf 62' lang='grc' dir='ltr'><strong>χι,</strong></span> 
     </span>
    </p>
   </div>
   <div class='ocr_carea' id='block_1_116' title="bbox 1946 5320 2358 5392">
    <p class='ocr_par' dir='ltr' id='par_1_116' title="bbox 1946 5320 2358 5392">
     <span class='ocr_line' id='line_1_116' title="bbox 1946 5320 2358 5392; baseline -0.005 -16"><span class='ocrx_word' id='word_1_748' title='bbox 1946 5337 2065 5392; x_wconf 91' lang='lat' dir='ltr'><strong>cap.</strong></span> <span class='ocrx_word' id='word_1_749' title='bbox 2094 5323 2145 5375; x_wconf 71' lang='grc' dir='ltr'><strong>ὅ.</strong></span> <span class='ocrx_word' id='word_1_750' title='bbox 2177 5320 2358 5374; x_wconf 69' lang='grc' dir='ltr'><strong>ΜΑπιτ.</strong></span> 
     </span>
    </p>
   </div>
   <div class='ocr_carea' id='block_1_117' title="bbox 2023 5385 3277 5456">
    <p class='ocr_par' dir='ltr' id='par_1_117' title="bbox 2023 5385 3277 5456">
     <span class='ocr_line' id='line_1_117' title="bbox 2023 5385 3277 5456; baseline -0.009 -8"><span class='ocrx_word' id='word_1_751' title='bbox 2023 5385 2046 5439; x_wconf 58' lang='grc' dir='ltr'><strong>ἓξ</strong></span> <span class='ocrx_word' id='word_1_752' title='bbox 2081 5392 2242 5447; x_wconf 84' lang='lat' dir='ltr'><strong>Addit</strong></span> <span class='ocrx_word' id='word_1_753' title='bbox 2272 5391 2394 5446; x_wconf 91' lang='lat' dir='ltr'><strong>cod.</strong></span> <span class='ocrx_word' id='word_1_754' title='bbox 2429 5390 2592 5456; x_wconf 86' lang='lat' dir='ltr'><strong>idem,</strong></span> <span class='ocrx_word' id='word_1_755' title='bbox 2625 5397 2671 5441; x_wconf 79' lang='lat' dir='ltr'><strong>et</strong></span> <span class='ocrx_word' id='word_1_756' title='bbox 2702 5387 2953 5440; x_wconf 82' lang='lat' dir='ltr'><strong>decimum</strong></span> <span class='ocrx_word' id='word_1_757' title='bbox 2983 5385 3277 5455; x_wconf 80' lang='lat' dir='ltr'><strong>septimum.</strong></span> 
     </span>
    </p>
   </div>
   <div class='ocr_carea' id='block_1_118' title="bbox 2021 5457 3538 5529">
    <p class='ocr_par' dir='ltr' id='par_1_118' title="bbox 2021 5457 3538 5529">
     <span class='ocr_line' id='line_1_118' title="bbox 2021 5457 3538 5529; baseline -0.006 -10"><span class='ocrx_word' id='word_1_758' title='bbox 2021 5463 2046 5500; x_wconf 70' lang='lat' dir='ltr'><strong>h</strong></span> <span class='ocrx_word' id='word_1_759' title='bbox 2075 5466 2270 5518; x_wconf 87' lang='lat' dir='ltr'><strong>lterum</strong></span> <span class='ocrx_word' id='word_1_760' title='bbox 2296 5462 2446 5516; x_wconf 88' lang='lat' dir='ltr'><strong>addit</strong></span> <span class='ocrx_word' id='word_1_761' title='bbox 2468 5460 2616 5526; x_wconf 78' lang='lat' dir='ltr'><strong>cod,</strong></span> <span class='ocrx_word' id='word_1_762' title='bbox 2643 5459 2807 5521; x_wconf 90' lang='lat' dir='ltr'><strong>idetn,</strong></span> <span class='ocrx_word' id='word_1_763' title='bbox 2831 5466 2875 5511; x_wconf 86' lang='lat' dir='ltr'><strong>et</strong></span> <span class='ocrx_word' id='word_1_764' title='bbox 2895 5458 3266 5529; x_wconf 77' lang='lat' dir='ltr'><strong>sexagesimum</strong></span> <span class='ocrx_word' id='word_1_765' title='bbox 3283 5457 3538 5529; x_wconf 80' lang='lat' dir='ltr'><strong>quintum,</strong></span> 
     </span>
    </p>
   </div>
   <div class='ocr_carea' id='block_1_119' title="bbox 1945 5537 2644 5606">
    <p class='ocr_par' dir='ltr' id='par_1_119' title="bbox 1945 5537 2644 5606">
     <span class='ocr_line' id='line_1_119' title="bbox 1945 5537 2644 5606; baseline -0.014 -14"><span class='ocrx_word' id='word_1_766' title='bbox 1945 5547 1995 5592; x_wconf 80' lang='lat' dir='ltr'><strong>et</strong></span> <span class='ocrx_word' id='word_1_767' title='bbox 2027 5537 2396 5606; x_wconf 69' lang='lat' dir='ltr'><strong>sexagesimum</strong></span> <span class='ocrx_word' id='word_1_768' title='bbox 2422 5541 2644 5606; x_wconf 60' lang='lat' dir='ltr'><strong>sextarii.</strong></span> 
     </span>
    </p>
   </div>
   <div class='ocr_carea' id='block_1_120' title="bbox 2025 5600 3546 5671">
    <p class='ocr_par' dir='ltr' id='par_1_120' title="bbox 2025 5600 3546 5671">
     <span class='ocr_line' id='line_1_120' title="bbox 2025 5600 3546 5671; baseline -0.008 -8"><span class='ocrx_word' id='word_1_769' title='bbox 2025 5609 2044 5646; x_wconf 71' lang='grc' dir='ltr'><strong>ί</strong></span> <span class='ocrx_word' id='word_1_770' title='bbox 2071 5600 2395 5663; x_wconf 58' lang='grc' dir='ltr'><strong>Εθῖκηιδθνὶο</strong></span> <span class='ocrx_word' id='word_1_771' title='bbox 2437 5603 2523 5657; x_wconf 88' lang='lat' dir='ltr'><strong>bie</strong></span> <span class='ocrx_word' id='word_1_772' title='bbox 2565 5603 2690 5656; x_wconf 89' lang='lat' dir='ltr'><strong>cod.</strong></span> <span class='ocrx_word' id='word_1_773' title='bbox 2741 5600 3064 5655; x_wconf 82' lang='lat' dir='ltr'><strong>centesimum</strong></span> <span class='ocrx_word' id='word_1_774' title='bbox 3097 5601 3410 5671; x_wconf 80' lang='lat' dir='ltr'><strong>trigesimum</strong></span> <span class='ocrx_word' id='word_1_775' title='bbox 3445 5609 3546 5652; x_wconf 81' lang='lat' dir='ltr'><strong>ter-</strong></span> 
     </span>
    </p>
   </div>
   <div class='ocr_carea' id='block_1_121' title="bbox 1950 5672 3194 5751">
    <p class='ocr_par' dir='ltr' id='par_1_121' title="bbox 1950 5672 3194 5751">
     <span class='ocr_line' id='line_1_121' title="bbox 1950 5672 3194 5751; baseline -0.007 -19"><span class='ocrx_word' id='word_1_776' title='bbox 1950 5683 2098 5740; x_wconf 78' lang='lat' dir='ltr'><strong>tium,</strong></span> <span class='ocrx_word' id='word_1_777' title='bbox 2127 5676 2658 5751; x_wconf 28' lang='lat' dir='ltr'><strong>quarlum,‘quinlttm</strong></span> <span class='ocrx_word' id='word_1_778' title='bbox 2683 5681 2729 5727; x_wconf 78' lang='lat' dir='ltr'><strong>et</strong></span> <span class='ocrx_word' id='word_1_779' title='bbox 2757 5681 2954 5751; x_wconf 63' lang='lat' dir='ltr'><strong>sertum</strong></span> <span class='ocrx_word' id='word_1_780' title='bbox 2983 5672 3194 5751; x_wconf 74' lang='lat' dir='ltr'><strong>reticet.</strong></span> 
     </span>
    </p>
   </div>
   <div class='ocr_carea' id='block_1_122' title="bbox 2025 5742 3540 5813">
    <p class='ocr_par' dir='ltr' id='par_1_122' title="bbox 2025 5742 3540 5813">
     <span class='ocr_line' id='line_1_122' title="bbox 2025 5742 3540 5813; baseline -0.004 -11"><span class='ocrx_word' id='word_1_781' title='bbox 2025 5752 2037 5802; x_wconf 87' lang='lat' dir='ltr'><strong>i</strong></span> <span class='ocrx_word' id='word_1_782' title='bbox 2082 5742 2286 5805; x_wconf 76' lang='lat' dir='ltr'><strong>Dicitur</strong></span> <span class='ocrx_word' id='word_1_783' title='bbox 2308 5749 2357 5800; x_wconf 90' lang='lat' dir='ltr'><strong>in</strong></span> <span class='ocrx_word' id='word_1_784' title='bbox 2392 5742 2719 5801; x_wconf 81' lang='lat' dir='ltr'><strong>Ambrosian</strong></span> <span class='ocrx_word' id='word_1_785' title='bbox 2750 5743 3221 5808; x_wconf 79' lang='lat' dir='ltr'><strong>cod.,centesimus</strong></span> <span class='ocrx_word' id='word_1_786' title='bbox 3251 5742 3540 5813; x_wconf 75' lang='lat' dir='ltr'><strong>trigesimus</strong></span> 
     </span>
    </p>
   </div>
   <div class='ocr_carea' id='block_1_123' title="bbox 1951 5825 2166 5893">
    <p class='ocr_par' dir='ltr' id='par_1_123' title="bbox 1951 5825 2166 5893">
     <span class='ocr_line' id='line_1_123' title="bbox 1951 5825 2166 5893; baseline -0.009 -17"><span class='ocrx_word' id='word_1_787' title='bbox 1951 5825 2166 5893; x_wconf 75' lang='lat' dir='ltr'><strong>primus.</strong></span> 
     </span>
    </p>
   </div>
  </div>
