4008 6336
464 275 602 337 15οὖ

1256 272 1606 332 APPENDIX
1645 274 1739 332 AD
1776 273 2021 333 TOMUM
2059 274 2424 334 SEPTIMUM
2465 276 2524 333 S.
2566 275 2971 336 HIERONYMI.

3628 277 3763 337 13M

460 380 795 454 centesimus
812 399 1059 467 quartus,
1089 388 1422 447 centesimus
1445 388 1691 461 quintus,
1732 388 2066 446 centesimus
2092 390 2144 454 Λ
2169 404 2305 445 sum.
2350 388 2605 447 Diabolus
2645 399 2764 446 erat
2801 388 3075 459 inimicus,
3116 393 3206 463 qui
3250 390 3549 448 humanum
3597 407 3765 465 genus

462 496 672 558 sextus,
698 487 1031 545 centesimus
1057 483 1333 550 decimus,
1354 482 1691 540 centesimus
1719 481 2060 550 undecimus,

460 582 798 641 centesimus
841 578 1233 646 duodecimus,
1284 577 1620 635 centesimus
1664 575 1909 634 decimus
1954 584 2064 634 ter-

464 680 596 748 tius,
628 677 961 735 centesimus
1006 674 1252 733 decimus
1292 683 1545 746 quartus,
1573 672 1911 729 centesimus
1959 671 2062 727 de-

455 772 633 829 cimus
670 769 889 841 quintus
912 809 929 837 ,
971 767 1308 829 centesimus
1338 766 1589 823 decimus
1622 774 1832 832 sextus,
1877 774 2064 821 cente-

462 865 635 920 simus
683 862 931 919 decimus
976 862 1272 933 septimus,
1307 861 1644 917 centesimus
1688 860 1933 916 decimus
1980 874 2065 916 oc-

456 962 647 1022 tavus;
694 955 1030 1011 centesimus
1080 953 1395 1025 trigesimus
1426 962 1675 1023 quartus,
1728 951 2065 1008 centesimus

462 1048 781 1120 trigesimus
803 1049 1057 1119 quintus;
1083 1046 1418 1102 centesimus
1439 1043 1887 1116 quadragesimus
1907 1043 2068 1113 quin-

462 1150 571 1211 tus,
619 1142 957 1197 centesimus
998 1137 1448 1211 quadragesimus
1489 1144 1694 1205 sextus,
1735 1137 2067 1192 centesimus

460 1233 906 1305 quadragesimus
936 1242 1182 1299 octavus,
1214 1230 1543 1289 centesimus
1566 1230 1593 1260 ⁸
1614 1230 2067 1301 quadragesimus

461 1343 661 1396 nonus,
680 1329 1012 1385 centesimus
1031 1325 1535 1399 quinquagesimus,
1558 1324 1717 1379 simul
1742 1339 1870 1379 xvtt.
1893 1324 2067 1379 Ethau

460 1437 717 1489 Lxxxvui;
735 1420 1003 1478 Salmonis
1020 1434 1164 1485 Lxxt,
1183 1433 1366 1475 cxxvr.
1382 1416 1602 1493 ‘Asaph,
1622 1415 2068 1487 quadragesimus

459 1528 659 1583 nonus,
688 1512 715 1552 δ
744 1512 1177 1585 septuagesimus
1199 1526 1395 1577 nonus,
1421 1510 1853 1581 septuagesimus
1876 1524 2070 1566 secun-

458 1609 582 1679 dus,
624 1607 1055 1680 septuagesimus
1097 1606 1312 1674 tertius,
1351 1605 1783 1678 septuagesimus
1820 1612 2065 1676 quartus,

460 1706 892 1777 scptuagesimus
908 1704 1149 1775 quintus,
1169 1692 1604 1773 septuagesimus
1616 1710 1822 1767 sextus,
1851 1708 2070 1772 septua-

2165 480 2469 537 obtinebat.
2504 478 2799 552 Increpasti
2827 490 3021 555 gentes,
3056 484 3210 555 periit
3240 485 3451 557 impius.
3486 485 3762 542 Diabolus.

2168 574 2441 642 Quomodo
2470 576 2773 631 annuntiem
2804 577 2984 632 laudes
3014 586 3153 644 tuas,
3190 579 3245 634 in
3270 580 3432 650 portis
3458 579 3586 651 filia:
3615 580 3765 637 Sion.

2165 667 2401 728 Civitate
2429 669 2527 726 Dei
2556 669 2812 737 viventis,
2845 670 3057 728 cmlesli
3086 670 3417 738 Jerusalem,
3462 672 3573 727 tilia
3615 672 3767 729 Sion.

2165 764 2541 837 Octogesimus
2581 778 2780 821 nonus.
2815 764 3057 835 Domine,
3085 767 3345 840 refugium
3373 771 3544 839 [actus
3585 784 3640 822 es
3677 783 3771 823 no-

2168 860 2244 915 bis
2272 860 2323 914 in
2373 859 2756 933 generationem
2800 870 2849 915 et
2892 861 3290 932 generationem.
3351 859 3641 933 Reiugium
3687 876 3772 917 se-

2168 954 2407 1010 cundum
2447 954 2859 1026 generationem
2909 953 3012 1011 fuit
3057 954 3268 1023 Enoch,
3300 953 3428 1011 inde
3472 955 3769 1022 Abraham,

2168 1057 2225 1105 et
2256 1047 2485 1119 reliqua.
2510 1045 2699 1114 Terra,
2730 1046 2942 1103 habens
2970 1046 3112 1118 apud
3141 1062 3203 1103 se
3230 1046 3582 1102 absconditos
3622 1062 3775 1101 mon-

2171 1150 2275 1209 tes,
2323 1140 2618 1201 novissime
2663 1149 2690 1190 s
2733 1141 2876 1196 sicut
2916 1155 2981 1196 ea
3032 1140 3429 1197 demonstravit
3472 1156 3613 1213 aqua
3663 1148 3774 1197 tum

2172 1235 2469 1293 secundum
2504 1244 2750 1305 tempora
2785 1243 2987 1291 terram
3011 1234 3324 1304 denudavit,
3344 1243 3400 1292 et
3418 1235 3774 1292 demonstrati

2172 1340 2300 1387 sunt
2336 1339 2570 1387 montes.
2600 1329 2669 1383 Et
2702 1330 2902 1398 dixisti,
2931 1330 3326 1397 Convertimini,
3350 1331 3451 1402 filii
3478 1328 3773 1385 hominum.

2173 1427 2251 1483 De
2271 1427 2514 1499 gentium
2564 1425 2867 1483 vocatione.
2904 1425 3041 1492 Quia
3086 1424 3232 1479 mille
3277 1426 3423 1479 anni.
3469 1426 3605 1492 Qua:
3651 1425 3780 1481 fecit

2173 1522 2346 1593 Moysi
2377 1540 2389 1575 :
2419 1519 2576 1575 Mane
2604 1521 2739 1575 sicut
2767 1519 2928 1575 herba
2966 1528 3213 1574 tremeat.
3248 1519 3380 1587 Quae
3414 1516 3721 1574 secundum
3750 1518 3776 1553 ιι

2175 1614 2367 1682 David,
2396 1625 2451 1671 et
2478 1614 2852 1677 Salomonem,
2882 1612 3109 1683 Vespere
3138 1611 3364 1665 decidat.
3404 1611 3481 1665 De
3516 1625 3777 1665 consum-

2175 1710 2503 1767 mationibus
2562 1708 2957 1764 desolationum
3010 1705 3351 1771 Jerusalem,
3398 1704 3515 1760 haec
3564 1703 3779 1776 Moyses

459 1799 699 1869 gesimus
742 1798 1027 1869 septimus,
1079 1796 1507 1869 septuagesimns
1551 1804 1801 1863 octavus,
1844 1805 2065 1866 septua-
2094 1796 2140 1856 Β
2170 1801 2516 1877 ριιοριιθιεινὶι
2548 1801 2757 1873 spiritu
2804 1799 2820 1837 ἱ
2857 1799 2950 1855 Dei
2978 1798 3168 1854 Israel.

457 1894 694 1965 gcsimus
746 1906 952 1958 nonus;
999 1892 1400 1962 octogesimus,
1440 1890 1806 1962 octogesimus
1834 1891 2063 1960 primus,

459 1985 828 2057 octogesimus
856 1983 1152 2052 secundus,
1177 1983 1339 2039 simul
1365 2000 1458 2039 xu.
1489 1983 1678 2057 Moysi,
1698 1985 2065 2057 octogesimus

458 2093 659 2135 nonus.
692 2077 859 2134 Fiunt
887 2093 1082 2135 omnes
1112 2077 1306 2148 psalmi
1336 2093 1421 2133 CL.
1451 2076 1561 2134 Pro
1590 2078 1949 2135 torcularibus
1981 2095 2061 2148 ιιι,

458 2181 511 2227 et
538 2171 816 2229 Graduum
841 2187 936 2241 xv,
969 2187 1069 2244 pro
1088 2170 1401 2228 nominibus
1429 2172 1589 2242 positi
1615 2184 1767 2232 sunt.
1801 2174 1968 2232 Extra
1998 2191 2064 2232 cr.

461 2279 571 2322 non
600 2272 748 2321 sunt.
1474 2258 1482 2267 ’

532 2372 555 2400 ε
581 2360 639 2416 ln
670 2360 867 2433 quibus
900 2360 1123 2432 psalmis
1151 2360 1205 2416 in
1232 2363 1784 2434 superscriptiouibus
1825 2378 2012 2419 eorum
2035 2361 2062 2403 ά

459 2454 658 2511 obuius
679 2455 827 2526 jacet
860 2473 873 2510 :
903 2455 1019 2513 haec
1046 2471 1214 2527 penes
1255 2457 1403 2513 solos
1443 2457 1793 2530 Septuaginta
1822 2459 2067 2516 inierun-

458 2556 566 2602 tur.
597 2546 790 2619 Neque
810 2561 946 2604 vero
974 2548 1120 2620 apud
1148 2559 1383 2606 cmteros
1414 2550 1745 2623 lnterprctes
1776 2552 2065 2610 inveniun-

455 2650 566 2697 tur.
604 2652 627 2681 ο
662 2642 875 2711 Quanta
906 2642 1211 2715 adiacentia
1247 2645 1299 2700 in
1342 2645 1611 2701 llebraico
1640 2656 1695 2702 et
1726 2649 1867 2717 apud
1897 2658 2062 2704 caete-

458 2750 569 2801 ros,
621 2750 727 2791 non
752 2747 878 2793 sunt
937 2737 1157 2795 inventa
1204 2754 1368 2811 penes
1406 2739 1757 2813 Septuaginta
1787 2752 1841 2799 et
1886 2742 2064 2799 Theo-

458 2833 768 2901 dmionem,
817 2834 1120 2904 adiecimus
1156 2851 1277 2892 cum
1322 2837 1598 2893 asteriseis
1644 2854 1655 2890 :
1690 2846 1891 2909 quanta
1934 2854 2065 2895 vero

458 2928 600 3000 apud
624 2937 955 2987 memoratos
977 2929 1123 2986 LXX
1144 2940 1239 2987 aut
1273 2929 1709 2988 Theodotionem
1734 2933 2060 2990 invenimus.

458 3022 649 3094 Neque
670 3031 850 3080 autem
880 3025 932 3079 in
965 3024 1219 3095 Hebrreo,
1255 3041 1431 3097 neque
1455 3027 1598 3099 apud
1625 3036 1876 3095 caeteros,
1902 3028 2065 3085 obolo

456 3118 861 3187 supposuimus.
900 3118 973 3176 De
1000 3133 1161 3190 supra
1189 3121 1406 3191 scriptis
1427 3136 1578 3191 vero,
1613 3121 1738 3192 quia
1767 3122 2061 3178 secundum

2246 1896 2576 1967 Principium
2600 1895 2930 1966 psalmorum
2959 1891 3132 1948 David
3160 1889 3462 1947 secundum
3491 1889 3778 1947 historiam

2173 2010 2294 2067 qua:
2317 1992 2369 2047 in
2398 1991 2540 2046 libro
2562 1990 2876 2060 Regnorum
2906 1985 3222 2042 continetur
3249 2004 3263 2042 :
3294 2000 3482 2052 chtu,
3516 1984 3780 2040 adversus

2170 2086 2388 2145 Goliath
2412 2099 2535 2141 cum
2567 2083 2748 2148 stetit;
2782 2096 2933 2147 LVIII,
2979 2094 3104 2136 cum
3144 2078 3295 2134 misit
3331 2077 3464 2134 Saul
3505 2088 3562 2133 et
3592 2087 3779 2133 custo-

2170 2181 2304 2238 divit
2327 2182 2549 2236 domum
2574 2177 2715 2248 ejus,
2747 2183 2809 2231 ut
2837 2173 3168 2232 interﬁceret
3203 2188 3360 2239 eum;
3388 2188 3501 2241 LVI,
3532 2186 3656 2228 cum
3699 2169 3782 2226 fu-

2170 2278 2247 2350 git
2274 2292 2304 2331 a
2332 2275 2470 2332 facie
2509 2272 2638 2330 Saul
2689 2271 3076 2342 in-spelunca;
3108 2284 3297 2339 χχχιιι,
3350 2259 3474 2325 cum
3521 2269 3673 2324 venit
3710 2267 3779 2323 ad

2173 2367 2490 2426 Abimelech
2515 2365 2879 2432 sacerdotem,
2912 2373 2966 2421 et
2993 2361 3345 2418 commutavit
3374 2359 3588 2418 vultum
3620 2376 3777 2416 suum

2168 2479 2353 2523 coram
2398 2460 2715 2519 Abimelcclt
2763 2474 2891 2531 rege
2953 2466 3010 2514 et
3066 2458 3274 2514 dimisit
3317 2472 3464 2520 eutn,
3504 2466 3562 2512 et
3605 2455 3777 2519 abiit;

2170 2576 2335 2629 esu,
2369 2574 2493 2616 eum
2518 2557 2653 2629 fugit
2675 2556 2746 2612 de
2773 2555 2937 2620 Geth,
2971 2564 3028 2610 et
3065 2554 3216 2610 venit
3266 2552 3322 2608 in
3363 2551 3630 2622 Spelunca
3664 2550 3781 2606 Mo-

2170 2654 2403 2720 dollam;
2436 2669 2511 2722 u,
2542 2666 2664 2709 cum
2693 2650 2843 2706 venit
2883 2649 3064 2705 Doech
3096 2647 3368 2704 ldumteus
3396 2655 3454 2701 et
3492 2646 3782 2701 annuntia-

2168 2747 2246 2817 _vit
2286 2745 2437 2813 Saul,
2472 2743 2674 2801 etdixit
2696 2742 2743 2797 ei
2770 2761 2783 2796 :
2814 2740 2967 2797 Venit
3000 2741 3169 2796 David
3196 2740 3253 2795 in
3286 2740 3503 2794 domum
3537 2738 3780 2793 Achime-

2171 2841 2317 2907 lech;
2349 2854 2515 2905 Lxxtt,
2544 2852 2666 2894 cum
2700 2847 2847 2893 esset
2888 2837 2940 2891 in
2993 2835 3211 2892 deserto
3239 2832 3473 2899 Iudam;
3505 2848 3621 2900 Llll,
3653 2847 3776 2887 cum

2169 2942 2438 2993 venerunt
2459 2932 2701 3004 Zephzei,
2730 2943 2785 2988 et
2806 2931 3060 2987 dixerunt
3085 2929 3236 2987 Sauli
3266 2929 3491 2985 :Nonne
3522 2946 3640 2984 ecce
3667 2927 3777 2983 Da-

2168 3030 2253 3085 vid
2280 3027 2608 3084 absconditus
2638 3036 2711 3082 est
2749 3042 2903 3100 penes
2947 3042 3073 3091 nos;
3107 3042 3197 3094 LV,
3229 3024 3446 3096 quando
3483 3034 3778 3082 tenuerunt

2170 3141 2293 3181 eum
2324 3122 2584 3197 allophyli
2618 3121 2853 3188 inGeth;
2884 3131 3174 3192 xxvr,p03t
3196 3130 3424 3176 mortem
3443 3120 3573 3178 Saul
3603 3121 3779 3192 prius-

453 3212 745 3283 quamdam
773 3213 1237 3283 diapettsationem
1261 3213 1407 3270 LXX
1440 3214 1785 3287 interpretati
1810 3225 1954 3283 sunt,
1983 3215 2065 3270 De
2092 3204 2137 3269 C
2169 3235 2329 3291 quam
2351 3228 2646 3290 ungeretur
2666 3217 2720 3271 in
2743 3231 2956 3287 regem;
2982 3230 3110 3282 xcv,
3136 3230 3258 3271 cum
3285 3214 3481 3271 domus
3512 3216 3776 3274 mdiﬁcata

457 3314 625 3361 morte
652 3305 773 3377 ﬁlii,
801 3322 900 3377 pro
929 3307 1139 3361 occultis
1175 3308 1297 3377 ﬁlii.
1331 3307 1484 3364 Sicut
1534 3324 1665 3379 ergo
1695 3307 1882 3365 eduxit
1910 3309 2061 3379 prius

456 3408 602 3454 terra
635 3399 1005 3469 quadrupedia
1028 3408 1084 3454 et
1105 3414 1223 3469 quae
1252 3414 1318 3455 ex
1349 3414 1411 3455 ea
1444 3410 1698 3470 generata
1721 3411 1864 3469 sunt,
1898 3412 1955 3457 et
1982 3402 2060 3456 si-

452 3501 547 3547 cut
569 3492 802 3563 quodam
834 3493 1110 3563 pascimus
1144 3493 1284 3549 lacte
1315 3493 1575 3563 primum,
1604 3497 1686 3549 sic
1723 3504 1849 3551 ante
1878 3496 2061 3552 Salva-

457 3586 592 3642 toris
616 3586 914 3643 adventum
957 3586 1273 3658 dispensata
1300 3595 1387 3643 est
1414 3588 1789 3659 interpretatio
1816 3588 2063 3660 Scriptu-

456 3697 638 3737 rarum
662 3693 886 3754 propter
906 3681 1261 3738 Ptolomaeum
1286 3700 1300 3737 :
1321 3683 1523 3737 etenim
1549 3684 1913 3749 interpretatze
1935 3692 2064 3739 sunt

454 3775 559 3832 sub
595 3774 615 3814 τ
666 3778 948 3848 apostolis,
988 3776 1244 3849 quoniam
1294 3787 1412 3833 erat
1457 3776 1793 3848 impossibile
1842 3788 2061 3849 prapter

462 3870 836 3927 inﬁdelitatem
869 3871 936 3927 de
956 3869 1177 3926 Christo
1203 3884 1297 3926 eas
1325 3870 1659 3942 prophetari.

529 3965 763 4022 Nonum.
808 3963 1100 4036 Conﬁtebor
1129 3965 1221 4020 tibi
1264 3965 1321 4019 in
1351 3974 1460 4020 toto
1489 3968 1647 4021 corde
1675 3983 1806 4033 meo,
1854 3982 1952 4038 pro
1992 3982 2059 4024 co

455 4058 625 4130 quod,
665 4059 862 4131 gratias
879 4076 999 4131 ago.
1026 4058 1272 4113 Narrabo
1297 4059 1470 4113 omnia
1495 4059 1752 4114 mirabilia
1773 4070 1881 4115 tua.
1908 4062 2060 4135 Moy-

458 4167 548 4209 ses
576 4168 684 4208 nou
719 4153 897 4207 omnia
927 4162 1042 4207 erat
1068 4150 1338 4223 possibilis
1382 4166 1629 4220 narrare,
1663 4153 1761 4209 sed
1793 4169 1861 4209 ex
1903 4164 2057 4224 parte

454 4259 518 4302 ea
551 4246 823 4302 mirabilia
847 4260 971 4319 qua:
992 4246 1047 4302 in
1088 4244 1348 4319 Egypto.
1378 4245 1631 4302 Christus
1654 4254 1833 4303 autem
1862 4256 1918 4303 et
1942 4263 2065 4320 quae

452 4354 617 4411 super
642 4339 916 4398 caelestia.
966 4338 1033 4396 In
1063 4340 1340 4397 avertendo
1368 4341 1638 4397 inimicum
1665 4357 1837 4397 meum
1864 4351 2058 4398 retror-

532 4496 697 4557 “Jsle
726 4498 1027 4551 centesimus
1051 4495 1482 4569 quadragesimus
1516 4510 1685 4550 nonus
1728 4495 1786 4551 in
1817 4496 2056 4554 Ambro-

487 4568 597 4622 ian.
629 4582 731 4622 ms.
763 4567 1125 4622 desideratur.

454 4577 597 4625 stati.
629 4582 731 4622 ms.
763 4577 1125 4622 destderatur.

454 4637 552 4765 msh
586 4639 928 4765 illig‘qttoque
959 4640 1362 4711 septuagesimus
1392 4655 1561 4695 nonus
1604 4639 1674 4695 ab
1704 4638 2051 4696 Ambrosiau.

453 4726 557 4867 ius;
584 4718 885 4867 ἷιιιζῗεῖέᾖίθιιι
911 4782 980 4867 ab
1004 4781 1240 4867 Eusebio
1261 4791 1534 4839 mutuatus
1562 4791 1644 4840 est
1666 4783 1951 4854 imperitus
1971 4785 2053 4841 iu-

457 4863 667 4963 terdpres
697 4855 799 4910 iste
831 4855 1075 4910 Latinus.
1106 4855 1286 4910 Mser.

583 4927 827 4963 lntallinn
853 4926 1055 4963 nholum
1109 4930 1199 4963 nni
1233 4926 1498 4963 annm-num
1542 4928 1553 4963 ἰ

579 4927 827 4998 Intelligo
853 4926 1077 4993 obelum,
1109 4930 1200 4996 qui
1232 4926 1499 4995 superﬂua
1535 4926 1765 4997 jugulat.

523 5007 547 5034 ε
582 4998 623 5051 Ε
647 5000 891 5061 margine
922 5001 973 5052 in
1009 5004 1323 5055 contextum
1357 5001 1689 5068 irrepserunt
1711 4999 1818 5054 duo
1855 4998 2045 5055 isthaec

450 5068 640 5142 verba,
682 5071 1189 5142 asteriseiaobolus;
1236 5070 1382 5142 quod
1431 5080 1559 5126 ante
1602 5085 1703 5125 nos
1731 5072 2044 5142 observavit

448 5140 537 5197 vir
564 5140 808 5199 eruditus
856 5140 1004 5198 J.-B.
1060 5139 1369 5200 Cotelerius
1402 5142 1514 5214 jam
1561 5154 1725 5213 supra
1771 5141 2036 5199 laudatus.

2164 3321 2244 3367 est
2278 3320 2401 3380 post
2429 3309 2817 3381 captivitatem,
2867 3318 2921 3363 et
2947 3323 3070 3363 arca
3113 3307 3328 3362 Domini
3380 3308 3606 3364 reducta
3659 3319 3772 3369 est:

2167 3420 2336 3462 xxvtu
2356 3446 2368 3469 ,
2398 3405 2451 3460 in
2495 3402 2966 3459 consummatione
3019 3401 3404 3469 Tabernaculi,
3426 3402 3479 3457 in
3508 3418 3621 3474 quo
3650 3418 3773 3457 area

2166 3499 2341 3571 posita
2365 3508 2480 3564 est;
2514 3512 2668 3559 xxix,
2696 3498 2749 3551 in
2780 3495 3124 3552 dedicatione
3169 3494 3365 3551 domus
3420 3495 3624 3560 David;
3665 3512 3773 3563 ιιι,

2165 3609 2290 3650 cum
2318 3592 2456 3650 .loab
2482 3594 2840 3663 percussisset
2885 3590 3324 3658 Mesopotamiam
3356 3588 3553 3661 Syriae,
3584 3600 3641 3646 et
3672 3590 3772 3663 Sy-

2169 3687 2305 3742 riam
2330 3685 2496 3751 Soba,
2526 3694 2581 3740 et
2623 3684 2821 3739 vallem
2870 3682 3205 3748 Salinarum,
3244 3681 3534 3737 duodecim
3568 3683 3768 3747 millia;

2169 3796 2230 3844 1.,
2259 3795 2386 3835 cum
2428 3778 2577 3834 venit
2603 3777 2670 3833 ad
2713 3792 2836 3832 eum
2877 3776 3087 3833 Nathan
3120 3775 3410 3849 propheta,
3438 3786 3491 3833 et
3547 3778 3770 3832 intravit

2168 3874 2236 3931 ad
2269 3873 2571 3936 Bethsabe;
2603 3888 2684 3941 ιιι,
2715 3887 2838 3928 cum
2869 3872 2998 3941 fugit
3027 3887 3057 3926 a
3091 3873 3223 3927 facie
3249 3869 3494 3927 Absalon
3529 3872 3621 3927 lilii
3654 3872 3765 3939 sui;

2165 3984 2270 4034 vn,
2303 3983 2402 4039 pro
2425 3968 2609 4024 verbis
2629 3966 2754 4023 Cusi
2783 3965 2873 4021 lilii
2899 3964 3115 4022 Gemini
3139 3982 3151 4029 ;
3171 3980 3335 4032 exui,
3355 3980 3477 4020 cum
3500 3980 3625 4021 eum
3650 3981 3768 4036 per-

2167 4070 2487 4133 sequeretur
2530 4058 2832 4115 Abessalon
2874 4058 3017 4112 lilius
3063 4072 3230 4122 suus;
3276 4071 3408 4123 xvtt,
3455 4057 3507 4111 iu
3551 4055 3639 4111 dic
3664 4072 3764 4127 qua

2166 4153 2420 4209 liberavit
2444 4167 2568 4209 eum
2597 4151 2859 4207 Dominus
2873 4150 2941 4206 de
2963 4164 3125 4207 mauu
3154 4151 3395 4206 omnium
3418 4150 3763 4208 inimicorum

2162 4261 2411 4314 suorum,
2441 4255 2495 4303 et
2524 4245 2592 4302 de
2625 4259 2789 4301 manu
2818 4242 2971 4301 Saul.

2165 4500 2347 4556 Mser.
2380 4527 2453 4542 ——
2478 4496 2642 4554 Addit
2682 4496 2771 4553 hic
2816 4496 3162 4553 Ambrosian.
3213 4497 3357 4554 liber
3393 4500 3677 4557 asteriscus
3718 4512 3761 4557 et

2163 4571 2694 4711 Obell‘mperitissime
2721 4641 2854 4697 dicit
2876 4638 3019 4696 LXX
3049 4642 3378 4711 interpretes
3410 4644 3515 4698 sub
3542 4656 3763 4711 aposto-

2165 4713 2231 4769 lis
2251 4716 2560 4785 Scripturas
2580 4714 2770 4786 Grtuce
2801 4712 3163 4777 transtulisse,
3189 4728 3312 4768 cum
3332 4718 3614 4771 trecentis
3640 4719 3755 4786 plus

2162 4787 2340 4860 minus
2360 4858 2367 4860 _
2386 4786 2543 4860 an_n_is
2566 4795 2691 4840 ante
2719 4785 2994 4842 Christum
3027 4787 3412 4856 interpretatio
3451 4786 3599 4843 LXX
3630 4803 3755 4860 per-

2159 4857 2298 4914 fecta
2326 4858 2418 4913 sit.
2449 4858 2629 4913 Mser.

2230 4940 2254 4976 ις
2284 4929 2566 4984 luterserit
2592 4928 2730 4982 idem
2764 4941 2865 4981 ms.
2892 4926 3207 4984 adverbium
3230 4930 3459 4994 quando.

2226 4999 2253 5038 ιι
2296 5001 2528 5055 Rursum
2557 5014 2623 5055 ex
2646 4998 2840 5055 eodem
2871 5013 2973 5054 ms.
3020 5000 3106 5053 hic
3136 4999 3307 5055 David
3354 5018 3556 5061 nomen
3589 5006 3758 5063 inter-

2153 5074 2423 5130 seruimus
2439 5111 2452 5126 .

2227 5108 2584 5217 livide‘Emm,
2615 5144 2939 5218 prophetarit
2961 5144 3151 5215 spiritu
3171 5145 3236 5201 de
3264 5144 3456 5206 Israel.
