4024 6196
248 430 1744 461 ﬂ

1748 427 3664 469 mm

1508 557 2404 665 PRZEFATIO.

328 815 419 876 Ad
465 832 606 874 eam
664 813 794 890 jam
868 810 1238 870 devenimus
1309 808 1600 869 editionis
1671 813 1900 867 nostrae
1975 813 2262 884 partem,
2335 826 2460 885 qua
2529 807 3165 885 Hieronymianarum
3241 807 3665 887 Scriptionum

252 913 602 974 absolvitur
642 927 836 987 genus
879 908 1060 980 illud,
1109 907 1277 986 quod
1325 912 1418 967 est
1461 905 1714 984 quidem
1773 924 1888 983 pro
1961 904 2338 976 divinarum,
2415 924 2573 983 quas
2644 909 2898 977 tractat,
2971 904 3347 966 Litterarum
3420 924 3669 968 summa

252 992 560 1089 dignitate
602 1006 844 1068 caeteris
888 1006 1288 1084 prmstantius
1332 1004 1672 1065 omnibus:
1721 1022 1836 1082 pro
1881 1002 2154 1062 auctoris
2198 1009 2408 1062 autem
2454 1002 2807 1062 incredibili
2881 1003 3233 1064 eruditione
3302 1003 3390 1064 ita
3461 1003 3666 1064 excel-

255 1110 348 1181 lit,
396 1114 465 1167 ut
508 1106 559 1166 si
602 1110 747 1184 post
789 1103 911 1164 hoc
954 1103 1149 1163 ferme
1193 1102 1540 1175 biennium,
1589 1121 1665 1161 ex
1709 1119 1836 1179 quo
1881 1099 2016 1177 ejus
2069 1117 2166 1160 me
2240 1105 2440 1160 totum
2513 1099 2738 1160 devovi
2799 1099 3028 1172 studio,
3101 1101 3312 1178 palam
3386 1101 3670 1180 proﬁteri

257 1205 426 1284 quod
471 1203 671 1263 sentio
712 1201 881 1274 licet,
929 1207 1039 1261 aut
1087 1217 1183 1260 me
1228 1199 1500 1277 suscepti
1543 1198 1606 1257 in
1653 1199 1750 1257 his
1794 1197 2172 1258 exornandis
2215 1197 2695 1258 Commentariis
2754 1198 2992 1275 negotii
3061 1216 3241 1259 amor
3308 1199 3490 1273 fallit,
3560 1204 3670 1262 aut

256 1320 442 1363 nemo
486 1317 769 1378 unquam
815 1305 958 1377 post
1027 1297 1314 1358 homines
1383 1303 1586 1368 natos,
1661 1314 1773 1356 nec
1845 1313 2164 1356 sacrarum
2237 1314 2468 1356 arcana
2535 1313 2743 1356 rerum
2805 1296 2992 1356 altius
3060 1296 3480 1376 investigavit,
3554 1315 3669 1358 nec

257 1399 659 1470 luculentius,
705 1415 782 1457 ex
825 1401 960 1456 tota
1003 1395 1395 1473 antiquitatis
1442 1395 1767 1466 memoria,
1818 1399 2006 1472 atque
2051 1393 2226 1454 omni
2269 1393 2743 1472 disciplinarum
2805 1411 3033 1470 genere
3103 1393 3414 1472 exposuit.
3488 1394 3669 1466 Qu‘od

261 1499 315 1558 si
407 1495 642 1556 Veteris
709 1493 1139 1564 Instrumenti,
1214 1511 1357 1570 quae
1431 1491 1736 1551 hactenus
1807 1490 2237 1569 superioribus
2333 1490 2519 1550 tomis
2584 1490 3014 1550 recensuimus
3080 1490 3668 1571 interpretamenta,

261 1599 498 1654 tantam
544 1593 678 1670 ejus
720 1591 1060 1670 provinciae
1107 1590 1369 1667 gloriam
1417 1589 1893 1649 sustinuerunt:
1971 1607 2111 1666 quas
2157 1589 2315 1648 Novi
2385 1607 2549 1648 nunc
2621 1587 3010 1660 exhibemus,
3090 1588 3278 1648 nullis
3353 1608 3479 1650 non
3548 1610 3668 1651 nu-

258 1691 443 1751 meris
487 1690 798 1763 absoluta,
847 1695 1080 1767 praeter
1124 1706 1263 1747 eam
1309 1687 1584 1752 laudem.
1630 1687 1693 1744 id
1738 1687 1933 1746 ferme
1977 1687 2165 1745 etiam
2213 1685 2528 1763 peculiare
2577 1685 2832 1758 habent,
2911 1686 3080 1763 quod
3151 1689 3370 1764 paucis
3439 1707 3669 1748 unum-

258 1789 555 1867 quodque
599 1805 780 1865 opus.
829 1804 955 1845 non
996 1785 1129 1863 jam
1175 1783 1314 1844 dico
1360 1784 1700 1853 mensibus,
1747 1783 1854 1842 sed
1899 1783 2118 1842 diebus
2162 1783 2346 1842 fuerit
2391 1783 2773 1856 absolutum,
2823 1783 3054 1862 hicque
3115 1783 3360 1862 integer
3431 1791 3666 1860 tomus,

259 1887 310 1946 si
352 1885 664 1945 rationem
711 1901 837 1943 una
877 1883 1074 1952 ineas,
1124 1882 1224 1941 vix
1268 1887 1563 1960 quatuor,
1611 1887 1721 1940 aut
1763 1881 2043 1959 quinque
2098 1881 2410 1940 mensium
2483 1881 2700 1941 labore
2775 1881 3148 1943 constiterit.
3222 1885 3494 1943 Tantum
3564 1883 3672 1944 ille

262 1983 690 2043 doctrinarum
739 1980 1021 2040 scatebat
1062 1979 1330 2050 animus,
1379 1985 1440 2038 et
1481 1983 1634 2058 ψυχῇ
1677 1983 1850 2062 saepe

2087 2005 2118 2037 α
2149 1981 2355 2058 λόγων.
2406 1977 2540 2048 Qua
2584 1977 2836 2056 quidem
2883 1978 2946 2036 in
3017 1997 3084 2038 re
3158 1979 3446 2040 miraculi
3518 1980 3673 2040 mihi

261 2081 461 2140 instar
506 2085 621 2149 est,
669 2076 922 2156 quando
967 2077 1100 2154 ipse
1145 2076 1222 2136 de
1266 2094 1331 2136 se
1374 2075 1608 2136 fatetur
1649 2075 1712 2135 in
1755 2075 2026 2152 Prologo
2097 2075 2356 2134 alterius
2426 2072 2570 2132 libri
2639 2074 2700 2132 in
2773 2074 3118 2152 Epistolam
3190 2076 3270 2136 ad
3340 2076 3671 2155 Ephesios,

269 2175 565 2237 interdum
598 2195 711 2256 per
778 2174 1043 2253 singulos
1114 2171 1235 2233 dies
1303 2193 1486 2244 usque
1557 2173 1639 2232 ad
1703 2192 2011 2232 numerum
2081 2171 2241 2231 mille
2290 2191 2557 2231 versuum
2583 2173 2932 2252 pervenire:
2982 2191 3124 2232 cum
3169 2177 3348 2234 tanta
3393 2174 3676 2236 dictandi

268 2274 616 2345 alacritate,
664 2273 765 2332 cui
807 2272 907 2331 vix
980 2289 1164 2350 pares
1239 2270 1566 2331 scribendo
1637 2271 1870 2330 fuerint
1939 2288 2376 2341 amanuenses,
2409 2275 2651 2328 tantam
2720 2275 2781 2329 et
2863 2269 3235 2331 elocutionis
3319 2272 3674 2334 castitatem

273 2379 337 2432 et
377 2371 824 2432 sententiarum
869 2369 1114 2448 copiam
1161 2387 1340 2447 aeque
1385 2374 1572 2446 atque
1617 2369 1927 2429 delectum
1966 2369 2236 2446 jungere
2280 2368 2577 2446 potuisse.

357 2471 506 2541 Quae
550 2469 649 2528 hic
689 2468 903 2545 itaque
954 2473 1162 2527 tomus
1232 2466 1671 2545 complectitur
1743 2466 1944 2526 sancti
2011 2467 2213 2525 Patris
2279 2483 2494 2544 opera,
2560 2465 2672 2525 etsi
2735 2483 2862 2526 non
2935 2484 3177 2539 omnes,
3253 2467 3676 2530 nobilissimas

271 2573 482 2627 tamen
524 2566 682 2626 Novi
723 2563 1108 2625 Testamenti
1150 2571 1362 2642 partes
1404 2565 1798 2624 edisserunt:
1849 2563 2131 2624 Matthaei
2176 2548 2420 2623 scilicet
2463 2563 2875 2642 Evangelium
2910 2581 2925 2637 ;
2991 2569 3125 2624 tum
3197 2565 3429 2626 selecta
3499 2584 3676 2645 quae-

265 2665 410 2724 dam
452 2665 635 2724 Lucae
681 2663 912 2741 capita,
960 2661 1218 2739 triginta
1287 2679 1512 2721 novem
1585 2662 1872 2723 Homiliis
1939 2680 2016 2721 ex
2085 2661 2370 2739 Origenis
2443 2663 2658 2722 Grmco
2730 2660 2945 2722 Latine
3016 2662 3324 2737 redditis;
3399 2670 3677 2743 quatuor

263 2762 534 2840 denique
575 2761 755 2821 Pauli
799 2759 1132 2839 Epistolas,
1183 2759 1263 2819 ad
1311 2761 1562 2820 Galatas
1605 2765 1668 2820 et
1709 2759 2036 2838 Ephesios,
2083 2760 2295 2820 Titum
2341 2764 2403 2818 et
2443 2758 2899 2820 Philemonem.
2932 2761 3136 2839 Atque
3181 2768 3251 2820 ut
3280 2761 3356 2821 de
3385 2762 3671 2840 singulis,

265 2878 406 2938 quas
450 2860 813 2938 praedocere
857 2857 1152 2918 lectorem
1198 2857 1395 2931 decet,
1446 2876 1784 2936 exponam,
1831 2863 1892 2918 et
1935 2857 2256 2936 praecipue
2301 2857 2663 2935 scriptionis
2727 2863 3015 2936 tempus:
3063 2860 3676 2920 Commentariorum

263 2958 328 3016 in
373 2957 766 3027 Matthmum,
815 2955 923 3034 qui
966 2973 1042 3014 ex
1087 2954 1555 3033 Scripturarum
1601 2955 1819 3015 ordine
1863 2955 2052 3033 primi
2093 2961 2454 3026 occurrunt,
2511 2961 2784 3032 quatuor
2852 2955 3045 3014 libros
3108 2958 3170 3016 S.
3250 2959 3451 3027 Pater,
3531 2975 3673 3016 cum

266 3054 474 3114 subito
518 3072 591 3113 ex
638 3054 889 3115 Oriente
938 3057 1197 3112 Romam
1244 3053 1651 3130 navigaturus
1694 3053 2127 3112 Cremonensis
2174 3053 2473 3111 Eusebius
2519 3052 2680 3111 hanc
2725 3051 2842 3111 sibi
2900 3053 3078 3129 quasi
3148 3052 3465 3112 sitarciam
3538 3054 3676 3114 dari

269 3152 572 3230 petiisset,
641 3151 745 3210 vix
817 3150 1172 3228 quindecim
1242 3151 1483 3210 dierum
1557 3151 1784 3228 spatio,
1857 3150 2224 3209 imminente
2280 3149 2414 3226 jam
2487 3149 2754 3219 Pascha,
2819 3149 3121 3226 profudit,
3189 3169 3329 3210 cum
3404 3152 3674 3212 atrium

273 3249 585 3308 mensium
657 3249 1062 3325 aagrotatione
1127 3249 1385 3307 vixdum
1460 3248 1894 3307 convalescere
1961 3247 2286 3325 inciperet.
2359 3249 2450 3306 Ex
2536 3247 2633 3305 his
2716 3248 2864 3306 facti
2935 3248 3442 3320 circumstantiis,
3519 3269 3678 3328 quas

270 3346 540 3423 ipsemet
581 3346 644 3404 in
687 3345 908 3423 prioris
953 3344 1217 3423 prologo
1260 3345 1404 3404 libri
1449 3353 1679 3404 Auctor
1724 3350 1921 3420 notat,
1987 3344 2317 3404 manifesto
2390 3344 2534 3404 licet
2605 3344 2920 3423 colligere,
2996 3346 3076 3406 ad
3147 3365 3336 3424 quem
3409 3365 3674 3423 annum,

266 3443 398 3503 sive
441 3444 590 3503 anni
633 3445 1038 3522 perexiguam
1083 3448 1325 3520 partem
1372 3442 1764 3503 elucubratio
1807 3443 1932 3502 ista
1975 3443 2306 3521 pertineat.
2373 3442 2461 3502 Ea
2529 3442 2763 3520 quippe
2834 3444 3022 3503 trium
3097 3444 3402 3505 mensium
3471 3463 3676 3522 aegro-

266 3543 445 3614 tatio,
493 3561 633 3620 quae
680 3541 795 3601 sub
838 3541 1344 3619 Quadragesimse
1387 3541 1609 3601 diebus
1661 3540 1838 3600 illum
1887 3546 2206 3618 utcunque
2274 3540 2581 3618 respirare
2652 3541 2957 3618 permisit,
3031 3542 3220 3620 plane
3291 3544 3511 3603 eadem
3584 3548 3678 3605 est

265 3647 457 3718 atque
499 3639 634 3715 illa,
683 3658 874 3716 quam
918 3638 981 3698 in
1027 3638 1292 3717 epistola
1333 3638 1395 3697 in
1441 3645 1658 3698 nostra
1699 3637 2062 3697 recensione
2106 3639 2206 3709 71,
2273 3636 2354 3696 ad
2417 3636 2738 3697 Lucinium
2805 3643 3028 3698 notat:
3075 3639 3214 3718 Ego
3265 3639 3436 3719 longo
3488 3648 3676 3701 tentus

264 3736 648 3808 incommodo,
697 3737 800 3796 vix
842 3737 905 3796 in
948 3735 1146 3795 diebus
1181 3733 1660 3814 Quadragesimz
1717 3736 2010 3814 respirare
2038 3736 2220 3814 coepi:
2277 3739 2339 3793 et
2383 3734 2580 3794 multo
2625 3734 3002 3796 luculentius
3063 3737 3126 3796 in
3175 3739 3268 3810 73,
3337 3737 3419 3798 ad
3463 3739 3672 3798 Evan-

261 3835 528 3914 gelum:
575 3834 722 3895 Post
754 3834 991 3913 longam
1021 3833 1482 3912 aegrotationem,
1519 3832 1623 3892 via:
1695 3833 1755 3891 in
1827 3831 2301 3910 Quadragesimaa
2370 3831 2570 3893 diebus
2638 3832 2806 3910 febri
2869 3853 3070 3894 carere
3133 3836 3350 3915 potuit,
3421 3845 3478 3895 et
3545 3855 3676 3896 cum

264 3933 449 3993 alteri
470 3952 558 3993 me
579 3933 748 4013 aperi
769 3950 1203 4012 praepararem,
1259 3949 1482 4012 paucos
1550 3930 1690 4001 dies,
1763 3931 1870 4010 qui
1940 3939 2306 4010 supererant,
2385 3931 2447 3990 in
2516 3929 2794 3991 Matthwi
2857 3933 3250 4013 Expositione
3318 3933 3666 4014 consumpsi.

267 4031 470 4090 Certis
539 4037 748 4090 autem
796 4029 1184 4108 argumentis
1255 4049 1332 4088 ex
1378 4028 2006 4107 Hieronymianarum
2055 4028 2327 4088 maxime
2389 4047 2596 4089 rerum
2670 4029 2827 4089 serie
2897 4031 3283 4091 ostendimus
3343 4031 3407 4091 in
3481 4030 3677 4091 Chro-

269 4128 579 4206 nologicis
652 4128 829 4188 Notis
901 4128 980 4187 ad
1053 4145 1159 4187 eas
1231 4127 1552 4205 epistolas,
1625 4134 1749 4185 tres
1793 4126 1933 4187 illos
1980 4145 2220 4186 menses
2265 4127 2344 4186 ab
2389 4127 2536 4186 anni
2581 4129 3002 4188 trecentesimi
3044 4129 3435 4206 nonagesimi
3479 4128 3684 4188 octavi

270 4225 515 4304 primis,
562 4231 631 4285 ut
672 4226 762 4284 ita
805 4225 1037 4297 dicam,
1083 4224 1398 4298 Kalendis,
1448 4224 1565 4284 nisi
1609 4224 1659 4282 si
1706 4224 1902 4283 mavis
1946 4242 1983 4283 a
2025 4224 2364 4302 superioris
2405 4224 2759 4296 Decembri,
2807 4243 2939 4285 esse
2983 4227 3419 4304 supputandos
3457 4245 3470 4299 ;
3506 4232 3574 4285 ut
3605 4225 3685 4285 sit

270 4322 433 4382 adeo
473 4321 607 4400 ejus
651 4322 801 4381 anni
844 4323 1069 4382 Martio
1115 4322 1313 4382 mensi
1355 4321 1726 4381 ascribenda
1768 4321 2070 4399 temporis
2142 4320 2407 4399 epocha,
2479 4339 2619 4381 cum
2692 4327 2753 4382 et
2823 4330 3138 4382 recreatus
3206 4324 3527 4401 paulisper
3595 4327 3688 4382 est

268 4420 337 4481 S.
416 4421 597 4479 Pater
659 4419 738 4480 ab
813 4437 982 4496 aegra
1044 4420 1426 4492 valetudine,
1486 4427 1547 4479 et
1590 4419 1821 4479 omissa
1864 4419 2070 4478 studia
2114 4418 2284 4479 hisce
2328 4419 2639 4479 dictandis
2681 4419 2744 4479 in
2793 4420 3156 4481 Matthaaum
3203 4420 3682 4482 Commentariis

271 4518 473 4577 nimia
516 4517 817 4578 aviditate
859 4518 1169 4596 repetivit.
1219 4517 1484 4590 Pascha,
1530 4517 1701 4595 quod
1737 4516 1873 4594 jam
1938 4516 2265 4575 imminere
2327 4517 2445 4576 sibi
2505 4517 2684 4589 dixit,
2758 4535 2831 4577 eo
2904 4537 3069 4578 anno
3142 4518 3371 4596 Aprilis
3441 4519 3686 4579 decima

271 4621 499 4676 octava
544 4614 644 4674 die
687 4615 968 4693 contigit.
1018 4616 1088 4675 Id
1131 4635 1322 4694 porro
1367 4615 1572 4692 ipsum
1621 4633 1699 4674 ex
1742 4613 1994 4674 Eusebii
2037 4614 2099 4673 in
2146 4614 2389 4674 Italiam
2435 4615 2706 4674 adventu
2755 4616 3144 4689 constituas;
3219 4635 3405 4694 quem
3470 4619 3684 4678 Romae

272 4713 468 4772 fuisse
509 4712 629 4773 hoc
673 4712 811 4791 ipso
855 4731 1020 4774 anno
1067 4719 1210 4791 post
1251 4713 1553 4785 medium,
1601 4716 1868 4772 testatur
1936 4712 2353 4790 Hieronymus
2423 4712 2688 4792 epistola
2758 4713 2822 4772 in
2895 4721 3108 4774 nostra
3163 4714 3522 4774 recensione
3585 4717 3683 4790 74,

275 4810 359 4870 ad
409 4808 725 4882 Ruﬁnum,
772 4828 899 4870 non
940 4810 1121 4870 illum
1167 4809 1652 4888 Aquileiensem,
1701 4809 1809 4868 sed
1855 4809 1963 4887 qui
2007 4812 2326 4870 Romanus
2371 4809 2697 4889 presbyter
2740 4811 2928 4888 vulgo
2973 4810 3196 4871 audit:
3245 4811 3372 4884 ubi,
3424 4809 3683 4886 Gaudeo,

272 4906 501 4982 inquit,
576 4926 759 4986 super
827 4907 1150 4968 testimonio
1221 4927 1365 4986 erga
1436 4927 1525 4966 me
1594 4908 1927 4968 sanctitatis
1998 4917 2131 4980 tum,
2208 4917 2262 4966 et
2331 4927 2529 4968 amore
2597 4909 2792 4968 sancti
2849 4907 3194 4989 presbyteri
3254 4907 3548 4972 Eusebii:
3591 4929 3691 4970 nec

277 5003 479 5064 dubito
508 5006 653 5084 quin
701 5023 790 5065 me
839 5004 1074 5085 publice
1123 5005 1477 5085 prwdicetzs.
1554 5006 1673 5066 Sed
1758 5011 1820 5064 et
1887 5005 2128 5084 liquido
2204 5005 2595 5066 constabitex
2664 5007 2992 5084 ipsiusmet
3059 5007 3479 5086 Aquileiencis
3540 5026 3688 5087 pro-

275 5102 446 5162 fectu
494 5105 792 5162 Romam:
842 5103 1003 5163 libro
1049 5103 1213 5162 enim
1260 5103 1445 5163 tertio
1491 5103 1814 5181 Apologias
1861 5109 2079 5163 contra
2121 5103 2411 5163 eumdem
2485 5122 2660 5162 num.
2724 5107 2824 5173 24,
2898 5109 3041 5182 post
3111 5123 3344 5164 annum
3418 5123 3493 5166 ex
3563 5124 3690 5183 quo

277 5198 544 5258 Ruﬁnus
625 5199 832 5259 isthuc
917 5206 1307 5278 pervenerat,
1396 5201 1722 5260 advenisse
1807 5201 2110 5259 Eusebius
2195 5200 2529 5260 asseritur:
2619 5198 3018 5260 Paulinianus
3105 5211 3163 5259 et
3229 5201 3521 5261 Eusebius
3560 5211 3693 5281 post

276 5314 502 5354 annum
545 5306 747 5356 vestra?
788 5298 1184 5376 navigationis
1222 5299 1486 5378 profecti
1525 5307 1682 5356 sunt.
1730 5299 1848 5357 Sed
1895 5304 1956 5357 et
2001 5298 2237 5375 liquido
2283 5297 2593 5357 constabit
2636 5315 2708 5356 ex
2756 5297 3081 5375 ipsiusmet
3123 5299 3500 5376 Aquileinsis
3543 5319 3692 5380 pro-

283 5391 445 5451 fectu
491 5395 794 5453 Romam:
847 5395 1006 5455 libro
1051 5396 1217 5454 enim
1249 5395 1432 5455 tertio
1477 5394 1801 5473 Apologiaa
1865 5401 2085 5455 contra
2142 5395 2431 5455 eumdem
2503 5413 2677 5453 num.
2745 5397 2845 5468 24,
2923 5402 3066 5474 post
3127 5415 3362 5456 annum
3425 5415 3502 5457 ex
3568 5416 3694 5475 quo

280 5488 542 5549 Ruﬁnus
614 5490 819 5551 isthuc
891 5498 1284 5570 pervenerat,
1359 5492 1684 5553 advenisse
1753 5493 2059 5553 Eusebius
2125 5493 2468 5553 asseritur:
2541 5491 2942 5553 Paulinianus
3031 5503 3088 5553 et
3183 5492 3476 5555 Eusebius
3568 5503 3699 5575 post

275 5603 500 5646 annum
574 5597 777 5648 vestrae
836 5590 1236 5669 navigationis
1299 5591 1564 5670 profecti
1626 5600 1778 5650 sunt.
1856 5590 2152 5650 Ruﬁnum
2221 5609 2370 5650 vero
2408 5589 2544 5668 jam
2590 5609 2626 5650 a
2668 5591 2990 5669 superiore
3038 5609 3204 5652 anno
3249 5594 3372 5672 397'
3410 5598 3553 5672 post
3596 5610 3695 5653 re-

274 5682 478 5744 ditum
525 5703 558 5744 e
603 5686 959 5761 Palaestina,
1007 5689 1123 5748 sub
1170 5687 1390 5750 Siricio
1437 5693 1750 5748 moratum
1811 5690 2026 5748 Romae
2096 5706 2252 5761 esse,
2316 5687 2471 5748 nihil
2543 5694 2635 5748 est
2696 5688 2984 5760 dubium,
3052 5695 3311 5768 totaque
3373 5697 3690 5768 gestorum

278 5783 420 5861 ejus
467 5781 731 5843 historia
777 5786 1131 5862 persuadet,
1179 5789 1315 5848 Non
1359 5794 1454 5848 est
1494 5786 1652 5848 adeo
1696 5803 1809 5848 cur
1849 5785 2127 5867 aliquem
2170 5791 2422 5849 moveat
2462 5785 2638 5848 locus
2680 5785 2786 5847 ille
2821 5785 2886 5847 in
2931 5793 3124 5868 caput
3166 5805 3211 5850 ιι
3254 5786 3559 5862 Matthaei,
3588 5782 3696 5844 ubi

275 5909 460 6044 κν
569 5919 834 5981 ΡΑτιιυι..
881 5917 1096 5988 XXVI.

3376 5920 3405 5988 1

139 6009 274 6101 Α)
