4024 6196
302 354 370 411 Η
1786 350 2220 409 ΡΙΗΕΡἋΊῚΟ.
3634 362 3708 421 12

297 506 362 547 se
405 487 493 548 ait
536 489 600 548 S.
647 488 835 547 Pater
876 490 1098 547 Oseam
1144 483 1519 563 prophetam
1566 504 1641 549 ex
1692 484 1949 542 llebm-o
1997 504 2184 561 nrt/NW
2228 482 2513 551 edidisse,
2564 500 2705 541 cum
2752 487 2895 542 ante
2941 484 3137 545 ferme
3180 505 3287 546 sex
3311 507 3511 551 annos
3542 511 3702 572 opus

294 584 453 645 illud
495 583 853 645 absolutum
890 583 1023 662 jam
1070 588 1312 643 constet
1352 581 1593 642 ratione
1642 582 1755 641 hac
1800 587 2033 649 nostra,
2084 599 2271 657 quam
2320 600 2396 638 ex
2458 579 2785 657 ipsiusmet
2847 582 3202 643 testimonio
3268 586 3329 645 in
3395 589 3695 670 Catalogo

294 682 545 742 inimus.
595 684 732 744 Vox
774 681 938 741 enim
984 686 1077 741 est
1118 681 1247 751 illa,
1295 700 1505 761 nuper,
1554 686 1681 739 tam
1734 672 2419 757 apud'Hieronymum,
2496 678 2776 755 aliosque
2846 680 2981 754 ejus
3053 682 3255 741 aetatis
3320 686 3694 765 Scriptores,

292 779 624 852 indeﬁniti,
675 779 939 859 vagique
980 779 1307 859 temporis,
1354 785 1424 838 ut
1465 785 1701 838 certum
1750 778 2007 855 aliquod
2052 795 2127 835 ex
2180 795 2253 835 ea
2315 776 2609 854 spatium,
2678 783 3159 857 respectumque
3229 781 3434 856 illum,
3509 806 3697 865 quem

295 878 555 941 Auctori
605 878 669 937 in
740 878 1070 938 scribendo
1132 877 1374 947 habuit,
1451 877 1785 937 decernere
1848 876 2104 936 omnino
2168 895 2292 934 non
2356 875 2559 933 liccat.
2630 876 2957 952 Ambigua:
3025 879 3160 954 ejus
3227 879 3701 958 signiﬁcationis

295 974 657 1059 exemplum
702 994 779 1037 ex
821 975 1123 1037 hiscemet
1143 975 1203 1034 in
1238 975 1606 1035 Matthaaum
1654 973 2153 1044 Commentariis,
2204 973 2454 1032 lectoris
2528 992 2673 1031 sane
2732 973 2990 1049 dignum
3065 976 3503 1041 observatione
3546 1003 3695 1061 pro-

294 1091 551 1153 ponam.
596 1074 692 1134 Ad
736 1072 959 1152 capitis
1001 1089 1091 1133 x11
1136 1072 1509 1132 versisulum
1553 1071 1881 1143 decimum,
1914 1072 2189 1142 tertium,
2237 1089 2299 1129 se
2344 1071 2431 1142 ait
2493 1071 2554 1129 S.
2623 1074 2876 1144 Doctor,
2951 1074 3366 1151 Evangelium
3431 1082 3699 1142 Nazare-

293 1189 546 1233 norum.
592 1160 797 1251 Nuper
838 1172 905 1231 in
949 1169 1217 1233 Graecum
1260 1169 1330 1229 de
1371 1169 1624 1230 Hebraeo
1668 1188 1931 1229 sermone
1990 1167 2372 1229 transtulisse.
2448 1172 2523 1227 l't
2596 1169 2923 1228 minimum
2998 1171 3095 1231 hic
3169 1180 3374 1252 putes,
3449 1183 3694 1239 sextum

292 1268 372 1328 ab
415 1267 538 1330 hoc
580 1287 815 1330 annum
869 1269 1186 1347 designari
1246 1286 1522 1341 necesse,
1589 1268 1703 1327 sit:
1778 1266 2084 1344 siquidem
2160 1285 2296 1325 eam
2370 1266 2573 1343 ipsam
2645 1266 3225 1343 interpretationem
3287 1291 3363 1332 ex
3437 1276 3703 1337 Hebraeo

292 1373 606 1431 memorat
648 1368 712 1427 in
767 1366 1040 1428 Virorum
1085 1366 1412 1445 Illustrium
1462 1366 1752 1444 Catalogo
1796 1384 1850 1439 c,
1900 1368 1958 1436 :2,
2007 1383 2192 1443 quem
2240 1383 2404 1423 anno
2452 1364 2860 1440 nonagesimo
2906 1367 3180 1425 secundo
3227 1388 3417 1447 supra
3454 1378 3696 1434 trecen-

289 1468 606 1538 tesimum,
655 1464 904 1525 nemine
958 1464 1264 1524 diﬂitente
1337 1463 1687 1522 adornavit.
1763 1464 1993 1523 Verum
2066 1461 2239 1539 quid,
2311 1480 2452 1520 cum
2516 1461 2703 1519 etiam
2785 1459 2894 1520 illo
2957 1463 3241 1541 Catalogi
3302 1467 3506 1546 capite
3579 1470 3698 1531 hoc

291 1563 505 1646 Nuper
546 1560 844 1623 adverbio
899 1567 1114 1621 utatur
1184 1560 1265 1621 ad
1336 1578 1463 1620 suae
1538 1567 1784 1637 tempus
1856 1559 2284 1618 translationis
2355 1558 2890 1635 signiﬁcandum?
2966 1560 3385 1640 Evangelium,
3465 1565 3690 1645 inquit,

290 1660 451 1744 quod
490 1658 829 1742 appellatur
867 1656 1178 1720 secundum
1207 1657 1508 1731 Hebrwos,
1556 1677 1594 1718 a
1643 1677 1731 1717 me
1773 1676 1960 1738 nuper
2030 1658 2091 1716 in
2140 1656 2405 1719 Graecum
2473 1656 2872 1736 Latinumque
2938 1677 3255 1720 sermonem
3334 1665 3691 1727 translatum

291 1769 395 1820 est.
441 1757 983 1830 Quemadmodum
1028 1775 1237 1836 supra,
1287 1756 1389 1816 hic
1432 1774 1681 1834 quoque
1726 1756 1774 1814 si
1847 1774 2043 1814 annos
2114 1754 2397 1815 denotari
2470 1755 2641 1825 velis,
2712 1756 2846 1830 jam
2918 1776 3041 1815 non
3114 1776 3223 1817 sex
3292 1778 3508 1835 annos,
3583 1765 3693 1824 sed

295 1856 626 1919 duodecim
668 1854 866 1935 priori
906 1853 1045 1915 loco
1089 1853 1502 1932 supputabis;
1552 1860 1740 1931 atque
1786 1853 1941 1912 adeo
1999 1871 2375 1931 quocunque
2438 1858 2498 1911 te
2570 1852 2757 1911 modo
2822 1857 3141 1931 torqueas,
3210 1875 3532 1937 nunquam
3623 1879 3697 1921 eo

295 1954 607 2028 devenies,
653 1958 725 2014 ut
765 1957 999 2014 certam
1045 1952 1125 2012 ab
1169 1970 1242 2012 eo
1296 1958 1445 2012 nota
1516 1952 1816 2030 temporis
1885 1951 2040 2009 inire
2112 1951 2418 2009 rationem
2490 1950 2710 2027 possis.
2788 1951 2894 2009 His
2964 1951 3156 2029 igitur
3233 1958 3695 2033 prastermissis,

294 2072 435 2133 quae
478 2052 667 2132 plane
706 2050 1021 2111 immerito
1066 2050 1145 2109 cl.
1191 2049 1663 2110 Tillemontium
1709 2067 1998 2109 movere:
2046 2067 2211 2107 nunc
2256 2047 2459 2106 obiter
2505 2053 2780 2124 praestat,
2840 2055 3159 2109 auctorem
3247 2052 3697 2116 Dissertatiom's

292 2149 364 2212 de
401 2148 806 2227 fundamentis
850 2146 1201 2209 Christiana:
1242 2145 1542 2227 religionis
1584 2146 1887 2217 refellere,
1938 2145 2046 2224 qui
2091 2146 2539 2221 Hieronymum
2599 2145 2939 2205 arbitratus
3023 2153 3112 2207 est
3197 2149 3261 2207 in
3348 2168 3421 2210 ea
3509 2153 3699 2214 fuisse

292 2246 626 2321 sententia,
674 2250 742 2306 ut
782 2245 1059 2319 doceret,
1104 2263 1181 2304 ex
1224 2244 1589 2323 apocrypho
1632 2244 1918 2304 Jeremiae
1982 2243 2165 2314 libro,
2255 2262 2441 2321 quem
2528 2242 2620 2301 illi
2705 2246 3041 2303 Nazarene:
3125 2252 3309 2306 sectae
3395 2249 3699 2311 Hebraeus

292 2344 542 2417 obtulit,
589 2342 869 2404 Matthrei
913 2360 1050 2421 cap.
1099 2358 1272 2403 xxvu
1316 2359 1561 2401 versum
1610 2360 1841 2400 nonum
1890 2343 1970 2401 de
2012 2341 2270 2419 triginta
2337 2341 2671 2416 argenteis,
2738 2341 2905 2418 quod
2969 2343 3236 2419 pretium
3288 2346 3406 2405 fuit
3478 2366 3699 2427 appre-

290 2441 455 2516 tiati,
500 2440 767 2501 laudari.
813 2442 1029 2518 Neque
1072 2439 1238 2500 enim
1282 2458 1357 2498 ea
1400 2458 1573 2498 mens
1617 2439 1979 2518 Hieronymi
2024 2439 2158 2511 fuit,
2210 2438 2318 2516 qui
2362 2457 2425 2497 se
2470 2438 2662 2497 tradit
2706 2438 2929 2497 vidisse
2975 2440 3231 2517 quidem
3276 2462 3417 2503 eum
3466 2445 3698 2507 librum

291 2539 580 2603 Ieremia:
624 2538 781 2599 falso
826 2537 1191 2617 ascriptum,
1237 2537 1300 2597 in
1347 2555 1470 2615 quo
1516 2536 1706 2596 verba
1748 2556 1889 2614 qua:
1962 2536 2297 2596 Mattheeus
2370 2536 2607 2607 laudat,
2685 2536 2762 2595 ad
2832 2535 3106 2597 litteram
3178 2540 3695 2619 inveniebantur;

294 2638 399 2700 sed
447 2637 528 2699 ad
573 2635 708 2715 ejus
749 2636 1121 2696 sententiam
1168 2634 1335 2712 quod
1383 2636 1629 2705 attinet,
1677 2640 1921 2693 tantum
1968 2634 2167 2705 abest,
2215 2639 2285 2693 ut
2326 2634 2405 2693 ab
2466 2633 2573 2692 illo
2657 2633 2896 2711 putarit
2976 2636 3357 2716 Apocrypho
3414 2648 3697 2719 accepta,

299 2742 368 2798 ut
410 2733 612 2813 magis
654 2753 693 2794 a
733 2732 1047 2813 propheta
1086 2731 1392 2793 Zacharia
1436 2731 1680 2792 desumi
1723 2732 2083 2792 contendat.
2132 2731 2298 2810 Legi,
2346 2732 2572 2809 inquit,
2649 2751 2835 2811 nuper
2919 2732 2979 2791 in
3062 2734 3320 2813 quodam
3403 2737 3701 2800 Hebraico

297 2833 608 2905 volumine,
657 2830 819 2913 quod
856 2828 1187 2891 Nazarene:
1227 2839 1393 2890 sectae
1434 2828 1588 2889 mihi
1623 2828 1903 2889 Hebraeus
1947 2828 2183 2902 obtulit,
2242 2829 2512 2889 Jeremia’
2594 2846 3014 2903 APOCRYPHUM,
3103 2832 3165 2891 in
3245 2853 3360 2913 quo
3443 2835 3563 2896 haec
3602 2837 3703 2917 (Et

296 2936 679 3011 acceperunt
721 2928 980 3007 triginta
1023 2932 1376 3006 argenteos,
1424 2927 1695 3006 pretium
1726 2927 2101 3032 appretiati,
2149 2945 2335 3005 quem
2381 2926 2897 3032 appretiaverpnt
2941 2946 2977 2986 a
3032 2928 3175 2988 ﬁliis
3256 2932 3469 3004 Israel,
3556 2941 3705 3032 etc.)

296 3030 379 3092 ad
418 3024 661 3090 verbum
701 3025 926 3105 scripta
968 3024 1183 3104 reperi.
1233 3022 1357 3085 Sed
1397 3032 1588 3085 tamen
1631 3022 1782 3082 mihi
1819 3022 2050 3083 videtur
2093 3024 2281 3100 magis
2343 3024 2413 3083 de
2496 3023 2808 3085 Zacharia
2889 3035 3185 3106 sumptum
3270 3022 3696 3095 testimoniumi

296 3123 819 3206 Evangelistarum
863 3131 918 3182 et
956 3121 1376 3203 Apostolorum
1418 3141 1579 3181 more
1622 3120 1883 3200 vulgato,
1941 3123 2053 3202 qui
2128 3122 2441 3181 verborum
2510 3121 2718 3182 ordine
2796 3126 3209 3202 praetermisso,
3298 3146 3491 3188 sensus
3576 3140 3703 3191 tan-

303 3235 425 3288 tum
508 3221 580 3284 de
675 3220 871 3281 Veteri
952 3218 1316 3280 Testamento
1377 3220 1703 3299 proferunt
1746 3220 1803 3278 in
1846 3218 2195 3299 exemplum.
2248 3223 2338 3280 Ita
2383 3220 2567 3299 plane
2611 3226 2671 3280 et
2714 3221 3014 3299 Origenes
3057 3223 3289 3285 sensit:
3340 3244 3454 3287 nec
3497 3228 3696 3290 ferme

300 3322 544 3396 dubito,
590 3318 741 3398 quin
787 3318 868 3378 ab
910 3316 1043 3389 illo,
1090 3323 1167 3378 ut
1202 3316 1503 3396 pleraque
1547 3316 1673 3376 alia
1716 3315 1903 3393 hujus
1947 3318 2417 3389 Commentarii,
2467 3322 2531 3377 S.
2578 3320 2765 3377 Pater
2825 3318 3141 3380 delibarit.
3208 3322 3514 3399 Equidem
3561 3344 3703 3388 cum

299 3420 482 3483 illum
524 3432 1136 3496 recognosceremus,
1210 3433 1335 3475 non
1406 3413 1614 3473 minus
1677 3413 1940 3473 multam
2011 3414 2073 3473 in
2149 3414 2542 3473 emendando
2614 3414 3026 3492 ornandoque
3090 3416 3456 3496 Hieronymi
3501 3427 3699 3501 textu,

301 3536 495 3600 quam
535 3516 600 3577 in
644 3511 1036 3593 Origenianis
1078 3511 1343 3585 laciniis,
1391 3530 1548 3591 quas
1589 3511 1695 3571 ille
1736 3510 1801 3570 in
1846 3530 1960 3572 sua
2002 3502 2345 3583 transtulit,
2392 3510 2887 3571 internoscendis
2932 3511 3432 3594 exhibendisque
3515 3520 3701 3584 indu-

301 3617 519 3679 striam
561 3612 909 3695 posuimus.
2486 3614 2491 3615 ί
3482 3685 3487 3690 1

382 3710 838 3792 Subjungimus
880 3707 961 3769 ad
1006 3706 1470 3786 Scripturarum
1518 3708 1739 3768 seriem
1785 3708 2086 3768 Homilias
2131 3706 2390 3784 triginta
2432 3725 2657 3767 novem
2701 3705 2764 3765 in
2809 3708 3066 3780 Lucam,
3113 3727 3270 3787 quas
3327 3712 3404 3773 de
3489 3718 3703 3782 Graeco

300 3812 540 3874 dudum
589 3806 826 3869 laudati
867 3805 1151 3883 Origenis
1193 3804 1257 3864 in
1302 3805 1593 3865 Latinum
1639 3805 2057 3883 Hieronymus
2110 3804 2465 3883 explicavit,
2554 3822 2792 3882 nosque
2879 3804 3013 3882 ejus
3097 3825 3359 3886 operum
3443 3813 3701 3877 absolu—

299 3910 554 3973 tissimus
584 3903 952 3985 Collectiopi
996 3921 1161 3963 nunc
1205 3902 1478 3982 primum
1516 3902 1867 3980 junximus,
1915 3922 1988 3963 ex
2038 3902 2423 3964 Genebrardi
2465 3902 2737 3962 editione
2782 3902 2904 3963 huc
2969 3904 3216 3977 ascitas,
3284 3914 3344 3967 et
3425 3910 3703 3990 plurium

299 4028 449 4071 sane
492 4008 776 4068 locorum
819 4001 1274 4063 instauratione
1316 4000 1711 4061 illustriores.
1757 4002 1852 4061 Ad
1898 4004 2182 4063 Graecum
2227 4020 2439 4061 earum
2488 4000 2811 4079 exemplar
2873 4003 3041 4080 quod
3126 4005 3370 4079 attinet,
3450 4009 3704 4087 jamdiu

300 4106 452 4170 olim
494 4103 728 4184 injuria
770 4107 1124 4180 temporum
1171 4099 1580 4171 intercidisse,
1631 4100 1935 4159 creditum
1980 4106 2093 4170 est,
2143 4118 2284 4158 cum
2332 4118 2544 4159 recens
2586 4099 2743 4159 illud
2790 4108 3107 4177 repertum
3169 4121 3395 4181 magna
3478 4108 3701 4170 saltem

305 4223 382 4266 ex
426 4208 604 4283 parte
646 4219 684 4260 a
726 4215 967 4277 nupero
1011 4196 1530 4274 Origenianorum
1575 4199 1848 4275 Operum
1897 4196 2134 4256 editore
2194 4196 2573 4273 inaudimus.
2664 4196 2949 4256 Ilomilize
3034 4203 3244 4258 autem
3328 4200 3476 4277 illan,
3563 4226 3706 4285 quae

305 4310 362 4365 et
391 4297 592 4361 diebus
633 4295 958 4358 Dominicis
987 4293 1152 4355 dicta
1194 4299 1651 4372 praenotantur,
1698 4299 1761 4354 et
1804 4294 1977 4353 lusus
2029 4294 2329 4372 juvenilis
2414 4295 2615 4354 astatis
2697 4312 2736 4353 a
2818 4300 3030 4356 nostro
3115 4296 3428 4358 habentur
3510 4303 3710 4364 Inter-

304 4404 504 4480 prete,
550 4393 802 4457 tametsi
844 4392 1028 4453 unius
1084 4392 1465 4465 Adamantii,
1525 4410 1648 4453 non
1734 4392 1918 4451 unius
2002 4394 2210 4452 tamen
2281 4396 2426 4451 sunt
2508 4392 2918 4471 ejusdemque
2999 4394 3240 4454 feturae.
3327 4396 3711 4464 Posteriores

308 4513 536 4574 nempe
578 4511 711 4565 sex,
758 4508 895 4570 qua:
939 4494 1211 4569 coeptam
1256 4492 1439 4549 Lucae
1484 4489 1935 4569 expositionem
1982 4510 2104 4550 non
2154 4491 2546 4563 continuant,
2593 4510 2706 4551 nec
2751 4491 3064 4569 prioribus
3142 4494 3401 4572 triginta
3486 4499 3708 4573 tribus,

309 4612 451 4676 quae
493 4596 733 4653 rectum
777 4587 1061 4649 ordinem
1094 4592 1325 4661 tenent,
1377 4594 1547 4648 recta
1590 4588 1955 4662 succedunt,
2003 4608 2080 4649 ex
2124 4588 2249 4649 alia
2294 4589 2708 4649 lIomiliarum
2763 4595 2932 4649 strue
2996 4590 3288 4651 videntur
3370 4604 3704 4676 excerptas.

308 4694 398 4755 Cl.
444 4705 698 4771 quoque
743 4686 1004 4747 [laetius
1047 4685 1245 4745 multo
1290 4686 1660 4765 ampliorem
1708 4685 1933 4744 harum
1978 4686 2285 4747 exstitisse
2330 4687 2682 4765 congeriem
2729 4706 2803 4748 ex
2848 4705 2924 4748 eo
2971 4688 3218 4766 probat,
3286 4691 3455 4768 quod
3538 4700 3709 4757 tomo

306 4790 466 4862 XIII,
513 4788 579 4849 in
619 4786 926 4848 Joannem
972 4786 1192 4843 auctor
1232 4782 1533 4857 declarat,
1576 4790 1644 4843 τὰ
1700 4789 1822 4863 περί
1880 4811 1895 4842 -.

2122 4791 2232 4845 κτόν
2292 4789 2573 4865 xpedi-nov
2636 4790 2780 4867 ἔχειν
2842 4794 2915 4854 εἷς
2972 4794 3065 4853 τὶς
3132 4794 3268 4847 κατὰ
3324 4801 3526 4851 Λευκᾶν
3588 4798 3711 4872 ὁμι-

307 4891 432 4956 λίας
479 4903 611 4967 quae
653 4882 736 4944 ad
800 4890 1029 4943 centum
1073 4899 1267 4941 ovium
1331 4880 1688 4961 parabolam
1759 4891 2046 4958 Spectant,
2116 4902 2173 4942 se
2258 4883 2317 4941 in
2358 4882 2645 4943 Homilies
2717 4885 2774 4943 in
2818 4883 3039 4943 Lucam
3108 4883 3500 4947 edisseruzsse.
3552 4891 3711 4951 ltum

307 4985 474 5047 enim
518 4982 581 5043 in
627 4981 886 5059 triginta
930 4997 1152 5040 novem
1203 4979 1319 5052 bis,
1368 4998 1508 5057 quae
1554 4986 1889 5059 supersunt
1933 4981 2131 5053 unice,
2182 4981 2339 5040 nihil
2387 4982 2508 5041 tale
2553 4982 2854 5055 invenias,
2906 5000 3020 5060 par
3049 4982 3308 5044 omnino
3336 4990 3429 5045 est
3460 4988 3711 5051 credere

308 5083 488 5156 alias,
533 5098 675 5161 qua:
719 5082 969 5139 aetatem
1016 5096 1139 5137 non
1188 5077 1468 5149 tulerint,
1515 5083 1577 5137 et
1619 5077 1679 5136 in
1726 5079 1954 5156 quibus
1996 5079 2168 5139 locus
2194 5079 2298 5138 ille
2329 5079 2726 5158 evangelicus
2760 5081 3204 5158 explicaretur,
3240 5082 3428 5143 fuisse
3458 5084 3606 5145 olim
3631 5087 3711 5147 ab

304 5185 576 5243 Auctore
660 5175 1069 5254 conscriptas.
1135 5174 1314 5246 Quod
1400 5194 1586 5263 porro
1666 5176 1745 5235 ad
1826 5195 2040 5236 carum
2113 5176 2517 5255 interpretem
2576 5177 2863 5237 Latinum
2910 5182 3173 5255 spectat,
3222 5178 3358 5254 ejus
3400 5180 3715 5260 interpre-

309 5276 565 5345 tationis
609 5274 941 5347 rationem,
988 5271 1159 5332 haud
1204 5273 1331 5333 seio
1378 5266 1525 5332 num
1575 5274 1960 5335 calumniose
2008 5276 2266 5333 Ruﬁnus
2309 5293 2389 5333 an
2435 5293 2577 5333 vere
2623 5275 2685 5335 S.
2736 5274 3020 5334 Doctoris
3065 5274 3252 5334 ﬁdem
3298 5275 3360 5334 in
3404 5276 3480 5336 iis
3561 5297 3715 5339 con-

306 5373 622 5436 vertendis
667 5371 966 5451 requirat,
1001 5370 1383 5449 objieiatque
1431 5370 1629 5430 multa
1674 5371 1752 5430 ab
1798 5390 1869 5430 eo
1913 5372 2007 5431 vel
2058 5373 2272 5431 addita
2318 5373 2503 5431 fuisse
2550 5390 2661 5450 pro
2708 5372 2935 5443 lubim,
2982 5372 3080 5431 vel
3132 5372 3476 5433 subtracta.
3568 5377 3717 5455 Ejus

308 5473 444 5534 haec
486 5470 678 5533 verba
721 5478 866 5529 sunt
909 5467 1346 5529 Invectivarum
1392 5468 1552 5529 libro
1594 5469 1867 5529 secundo
1912 5489 1974 5528 n.
2023 5472 2099 5529 26
2137 5488 2148 5529 :
2199 5473 2443 5529 Secutus
2484 5490 2610 5528 sum
2654 5469 2815 5548 quo/1'
2851 5478 2905 5528 te
2951 5468 3211 5528 videram
3290 5471 3355 5528 in
3438 5470 3718 5536 Homdiis

305 5568 617 5630 secundum
660 5566 836 5627 Luca:
885 5565 1284 5644 Evangelium
1326 5566 1550 5644 fecisse,
1600 5576 1662 5624 ut
1704 5566 1811 5625 ubi
1848 5565 1917 5625 de
1964 5566 2115 5626 Filio
2164 5568 2279 5627 [)ei
2310 5569 2369 5625 in
2420 5567 2616 5627 Gra’co
2660 5586 2774 5623 non
2821 5574 2970 5623 recte
3055 5565 3382 5639 inveneras,
3462 5581 3716 5650 praeter-

308 5668 467 5740 ieris,
501 5668 559 5726 in
605 5664 708 5725 illo
754 5664 876 5723 loco
920 5662 1024 5721 ubi
1065 5662 1249 5723 dicit:
1300 5662 1658 5740 Magniﬁcat
1703 5663 1913 5722 anima
1960 5682 2098 5722 mea
2146 5666 2519 5723 Dominum:
2571 5669 2631 5721 et
2674 5663 3012 5721 exsultavit
3055 5663 3310 5741 spiritus
3398 5684 3571 5726 meus
3647 5667 3713 5729 in

306 5765 435 5827 Deo
477 5762 739 5825 salutari
785 5779 945 5822 meo.
1035 5759 1218 5821 Nosti
1291 5762 1435 5843 quia
1518 5759 1589 5821 de
1671 5762 1890 5835 animo,
1979 5762 2169 5822 sicubi
2229 5761 2357 5836 illa,
2402 5780 2533 5844 quae
2573 5760 2759 5821 solent
2804 5761 2944 5836 dici,
2989 5779 3108 5823 non
3143 5763 3506 5844 praeterieris
3552 5780 3568 5825 :
3613 5762 3718 5828 sed

306 5880 377 5929 ea
417 5861 633 5947 adhuc,
676 5862 854 5927 etiam
894 5877 971 5923 ex
1014 5868 1066 5922 te
1106 5857 1349 5932 additis,
1396 5856 1749 5943 quibusdam
1793 5857 2232 5939 assertionibus,
2299 5856 2554 5921 lucidius
2634 5858 2964 5943 scripseris,
3055 5868 3116 5924 ut
3207 5860 3269 5922 in
3354 5859 3454 5925 illo
3519 5861 3708 6029 έμέέ

3618 6004 3821 6098 ..ᾧ
