4024 6196
289 333 365 396 43
1769 327 2212 388 PRIEFATIO.
3626 334 3703 394 η

290 470 452 528 Ecce
499 471 566 526 ut
607 465 777 524 facta
821 467 912 524 est
952 481 1075 523 vox
1118 461 1515 523 salutationis
1558 467 1682 522 tuae
1724 461 1789 520 in
1835 461 2092 521 auribus
2137 461 2312 532 meis,
2360 459 2700 520 exsultabit
2740 460 2947 520 infans
3006 461 3071 521 in
3113 466 3291 524 utero
3372 483 3550 527 meo:
3599 455 3707 528 ubi

285 565 460 637 dicis,
505 563 665 644 quod
691 581 810 622 non
864 571 993 622 erat
1019 560 1128 621 hoc
1177 562 1543 641 principium
1600 560 1937 620 substantia:
1993 560 2149 638 ejus,
2199 558 2268 617 tle
2327 569 2422 617 tuo
2481 557 2789 631 addidisti,
2841 565 3033 637 atque
3077 565 3340 620 naturae.
3386 565 3464 623 Et
3508 566 3697 644 paulo

287 669 474 742 post:
527 661 611 721 De
647 660 768 741 ﬁde
825 667 1042 732 autem,
1104 658 1167 718 id
1221 669 1324 732 est,
1385 658 1455 718 de
1518 659 1566 718 Τ
1567 659 1809 718 rinitate
1866 679 1996 718 cum
2057 658 2116 715 in
2175 658 2502 737 aliquantis
2561 656 2698 714 locis
2753 657 2932 716 aliter
2989 657 3323 734 invenisses,
3385 679 3514 738 qua:
3587 664 3704 724 tibi

288 761 419 821 visa
447 767 600 830 sunt,
675 757 1125 838 pratermisisti.
1201 756 1507 834 Equidem
1555 757 1756 827 nobis,
1803 755 1972 834 quod
2020 757 2270 814 Grzecus
2313 755 2474 813 des:t
2533 754 2933 834 archetypus,
2985 755 3154 816 haud
3197 763 3292 817 est
3333 759 3694 836 expeditum

289 876 424 919 rem
473 855 750 936 penitius
793 873 1133 932 agnoscere
1179 861 1490 932 recteque,
1541 861 1602 914 et
1645 853 2207 931 ordinejudicare:
2248 852 2514 912 maxime
2541 871 2685 912 vero
2717 871 2858 912 cum
2891 853 3071 926 nihil,
3105 853 3697 934 quod‘peculiarem

291 957 456 1016 hanc
502 954 924 1031 objectionem
968 957 1232 1032 spectat,
1279 958 1530 1012 sanctus
1573 953 1705 1030 ipse
1773 953 1960 1011 Pater
2029 951 2258 1010 aemulo
2329 949 2708 1010 obtrectanti
2775 952 3146 1029 reposuerit.
3222 953 3432 1014 Nihilo
3502 956 3703 1018 secius

293 1055 465 1134 quod
511 1053 620 1126 ait,
669 1051 1068 1131 supposuisse
1112 1051 1562 1129 Hieronymum
1634 1049 1960 1118 nonnulla,
2036 1047 2141 1108 ubi
2213 1047 2290 1107 de
2357 1048 2622 1108 Joannis
2692 1047 2752 1107 in
2827 1049 3044 1108 matris
3115 1054 3293 1110 utero
3365 1052 3707 1115 exsilientis

295 1153 510 1212 anima
550 1168 758 1211 sermo
805 1149 945 1222 fuit,
990 1147 1151 1229 quod
1190 1168 1304 1207 non
1349 1157 1480 1208 erat
1524 1147 1630 1207 hoc
1667 1147 2032 1226 principium
2073 1144 2418 1205 substantias
2488 1146 2636 1224 ejus,
2685 1151 2748 1206 et
2817 1146 2894 1206 de
2964 1165 3077 1207 suo
3146 1147 3461 1210 addidisse
3527 1160 3710 1232 atque

299 1260 559 1321 naturae,
609 1254 718 1308 aut
789 1246 927 1306 haec
987 1245 1262 1306 hominis
1333 1245 1668 1324 plusquam
1733 1245 2066 1305 Vatiniana
2136 1244 2482 1303 exercentis
2553 1244 2719 1316 odia,
2789 1243 3108 1306 calumnia
3175 1252 3290 1324 est,
3359 1253 3470 1309 aut
3537 1250 3710 1328 quod

297 1347 612 1426 suspicari
657 1345 896 1416 malim,
947 1345 1025 1404 ab
1071 1343 1561 1422 Hieronymiano
1607 1342 1952 1421 exemplari
2005 1341 2257 1402 sublata
2301 1347 2446 1400 sunt
2488 1341 2865 1420 posmodum
2909 1343 3103 1403 verba
3142 1343 3274 1418 illa,
3349 1363 3457 1407 seu
3502 1347 3712 1426 potius

297 1452 441 1514 tota
483 1445 810 1524 pericopa:
860 1441 1035 1502 nulla
1078 1442 1244 1502 enim
1290 1449 1382 1502 est
1425 1441 1558 1519 ejus
1603 1441 1693 1500 rei
1736 1441 1880 1500 vola
1924 1446 2032 1500 aut
2073 1439 2404 1515 vestigium
2449 1439 2514 1498 in
2559 1440 2708 1500 totis
2752 1441 3030 1518 quinque
3060 1440 3335 1503 homiliis
3378 1462 3416 1504 a
3445 1445 3713 1525 septima

304 1544 385 1604 ad
434 1541 897 1612 duodecimam,
943 1540 1008 1599 in
1054 1540 1281 1617 quibus
1311 1544 1422 1599 aut
1463 1558 1538 1599 ex
1580 1539 1904 1617 proposito
1952 1537 2274 1615 Evangelii
2320 1544 2490 1596 textu
2549 1542 2822 1614 poterat,
2897 1545 3008 1599 aut
3080 1557 3194 1619 pro
3243 1558 3310 1600 re
3353 1546 3503 1604 nata
3546 1542 3715 1622 ejus—

301 1640 475 1701 modi
517 1657 724 1700 sermo
767 1637 1082 1698 incidisse.
1133 1641 1209 1697 Et
1251 1644 1460 1696 tamen
1505 1636 1594 1696 ita
1637 1636 1754 1695 sibi
1798 1637 2090 1695 universa
2133 1634 2434 1694 orationis
2478 1635 2666 1695 series
2711 1635 3013 1709 cohaeret,
3077 1640 3148 1696 ut
3188 1637 3326 1717 ipse
3393 1639 3716 1719 Origenes,

300 1738 540 1798 nedum
582 1736 718 1813 ejus
759 1737 1068 1814 interpres
1112 1735 1192 1794 ab
1237 1753 1311 1794 ea
1354 1753 1418 1794 se
1462 1734 1889 1813 disputatione
1934 1733 2290 1793 cohibuisse
2335 1733 2642 1792 videatur.
2692 1732 2813 1793 Sed
2889 1751 3092 1812 neque
3135 1734 3199 1794 in
3272 1737 3534 1811 caeteris,
3608 1739 3718 1800 ubi

299 1834 647 1916 peregrinis
689 1834 754 1894 in
799 1833 958 1894 locis
992 1832 1404 1907 Praecursoris
1447 1832 1551 1892 ille
1596 1832 1792 1892 saltus
1838 1831 2153 1902 laudatur,
2203 1831 2482 1890 invenire
2526 1836 2620 1890 est
2663 1849 2800 1890 eam
2848 1831 3222 1892 sententiam
3273 1849 3288 1893 :
3337 1841 3408 1896 ut
3456 1836 3713 1898 tandem

303 1932 732 1994 subdubitarit
772 1931 1234 2002 Tillemontius,
1298 1949 1447 1990 num
1495 1930 1591 1990 ha:
1662 1931 1795 2008 ipse
1869 1929 2014 2002 sint,
2089 1947 2246 2006 quas
2318 1927 2731 2006 Hieronymus
2803 1929 3008 2000 vertit,
3087 1930 3347 1991 Ruﬁnus
3418 1935 3716 2012 suggilat.

304 2031 596 2092 Homilies
639 2030 925 2108 Origenis
969 2029 1029 2088 in
1080 2033 1331 2089 Lucam.
1394 2031 1623 2088 Verum
1695 2028 1872 2088 nulla
1943 2027 2077 2106 ejus
2150 2025 2555 2086 dubitationis
2625 2032 2717 2085 est
2787 2027 2972 2099 ratio,
3046 2029 3581 2092 consentientibus
3651 2032 3716 2094 in

305 2129 444 2207 ejus
514 2127 1050 2206 interpretationis
1119 2127 1604 2204 germanitatem
1677 2126 1935 2204 reliquis
2007 2125 2300 2185 omnibus
2369 2142 2508 2183 cum
2583 2124 2730 2183 facti
2818 2125 3152 2203 adjunctis,
3226 2131 3363 2188 tum
3435 2135 3718 2191 veterum

304 2225 731 2286 monumentis
775 2243 848 2284 ac
895 2223 1287 2284 testimoniis.
1335 2225 1476 2283 Jam
1523 2242 1668 2283 vero
1719 2229 1989 2301 tempus,
2021 2240 2146 2300 quo
2194 2221 2542 2281 versionem
2589 2221 2754 2281 hanc
2798 2239 2974 2282 suam
3020 2223 3354 2286 adornavit
3397 2228 3463 2288 S.
3509 2229 3721 2302 Pater,

300 2325 371 2384 in
416 2341 652 2384 annum
697 2321 1152 2398 octogesimum
1197 2339 1436 2380 nonum
1509 2339 1701 2398 supra
1775 2320 2304 2392 trecentesimum,
2377 2319 2583 2378 verius
2655 2337 2846 2397 quam
2921 2325 2987 2380 ut
3059 2323 3248 2401 vulgo
3320 2323 3587 2400 obtinet,
3659 2326 3726 2386 in

306 2421 722 2500 superiorem,
770 2419 1168 2497 conjecerim.
1217 2420 1394 2478 Hunc
1441 2437 1665 2498 nempe
1708 2418 1956 2478 videtur
1998 2419 2132 2496 ipse
2175 2417 2454 2478 indicare
2497 2417 2560 2476 in
2606 2417 2933 2495 Catalogo,
2980 2419 3091 2480 ubi
3133 2421 3344 2482 statim
3390 2441 3428 2483 a
3479 2423 3732 2503 Didymi

315 2519 485 2580 libro
528 2518 605 2578 de
648 2517 882 2596 Spiritu
929 2523 1172 2589 sancto,
1218 2535 1404 2596 quem
1451 2517 1685 2594 pariter
1730 2517 1945 2576 Latine
1993 2515 2336 2575 reddidisse
2379 2515 2498 2574 hoc
2570 2533 2762 2585 anno,
2839 2515 3308 2594 constituimus,
3380 2520 3732 2582 versionem

323 2619 491 2678 hanc
533 2616 946 2677 Homiliarum
993 2621 1323 2675 memorat.
1371 2615 1438 2674 Id
1482 2615 1689 2693 ipsum
1761 2614 1966 2674 innuit
2036 2620 2096 2674 et
2168 2613 2659 2692 praedecentium
2731 2614 3018 2692 proxime
3088 2633 3352 2694 operum
3413 2619 3628 2693 series,
3673 2624 3737 2680 et

311 2715 638 2795 praecipue
688 2714 760 2774 de
801 2713 974 2775 Locis
1016 2719 1078 2774 et
1120 2712 1190 2774 de
1235 2711 1547 2772 Hebraicis
1597 2711 1955 2772 Nominibus
2001 2711 2165 2784 libri,
2213 2711 2384 2790 quod
2428 2711 2506 2770 ad
2554 2711 2939 2790 superiorem
3013 2713 3130 2775 388
3198 2713 3470 2776 diximus
3539 2717 3729 2798 perti-

311 2831 484 2874 nere.
531 2813 797 2872 Demum
845 2812 1012 2890 quod
1054 2811 1321 2890 ipsemet
1364 2811 1426 2870 in
1475 2811 1741 2890 prologo
1786 2811 2051 2888 hujusce
2113 2809 2646 2888 interpretationis
2720 2815 3000 2884 testatur,
3076 2811 3528 2874 Przetermzsisse
3575 2833 3732 2896 pau-

323 2910 507 2971 lulum
549 2908 990 2972 Hebraicarum
1051 2909 1486 2984 Quaestionmnv
1520 2908 1726 2982 libros,
1787 2918 1852 2968 ut
1919 2907 2000 2968 ad
2069 2906 2390 2968 arbitrium
2460 2906 2669 2968 Paulae
2723 2917 2778 2965 et
2845 2906 3164 2967 Eustachii
3227 2909 3494 2970 lucativis
3533 2912 3730 2990 operis

313 3008 459 3081 haec,
502 3009 940 3090 qualiacunque
993 3017 1148 3080 sunt,
1223 3027 1340 3066 non
1381 3026 1511 3080 sua,
1583 3006 1684 3066 sed
1753 3006 1948 3066 aliena
2014 3005 2281 3064 dictaret.
2359 3005 2490 3074 Quo
2564 3004 2815 3082 quidem
2888 3005 2951 3063 in
3021 3005 3160 3065 loco
3230 3005 3470 3067 fallitur
3534 3008 3726 3070 Tille-

319 3107 598 3167 montius
639 3105 985 3185 splendide,
1035 3123 1176 3166 cum
1222 3105 1341 3166 hac
1385 3105 1523 3184 ipsa
1565 3105 1642 3163 de
1689 3123 1876 3164 causa
1919 3103 2352 3179 intelligentiae
2399 3101 2462 3158 in
2508 3101 2633 3160 suis
2680 3101 3077 3161 recensendis
3121 3103 3202 3164 ad
3246 3104 3448 3164 atatis
3491 3124 3726 3184 praero-

324 3203 606 3281 gativam
649 3203 914 3282 scriptis,
961 3203 1412 3282 Hieronymum
1457 3207 1732 3273 accusat,
1779 3200 1950 3279 quod
1997 3199 2280 3278 pluribus
2351 3197 2698 3276 interjectis
2767 3203 2911 3277 post
2983 3199 3336 3274 Quazstiones
3401 3201 3735 3267 Hebraicas

331 3301 394 3360 in
429 3299 690 3360 Genesin
735 3300 926 3371 libris,
975 3301 1160 3361 hasce
1205 3301 1461 3360 demum
1505 3299 1808 3359 Homilias
1853 3317 1977 3357 non
2023 3317 2135 3356 suo
2208 3297 2347 3356 loco
2425 3301 2750 3376 supputet.
2799 3299 2878 3357 At
2947 3317 3089 3358 cum
3134 3300 3222 3360 ait
3290 3301 3730 3382 Hieronymus,

326 3399 685 3474 Quaestiones
753 3398 1082 3460 Hebraicas
1165 3418 1228 3459 se
1300 3398 1627 3478 paululum
1700 3396 2126 3466 intermisisse,
2205 3402 2274 3455 ut
2369 3395 2542 3454 hisce
2625 3396 3114 3474 interpretandis
3210 3417 3288 3459 ex
3356 3399 3734 3462 Adamantio

323 3501 613 3556 vacaret:
655 3495 790 3574 jam
835 3515 983 3571 non,
1033 3503 1100 3556 ut
1145 3495 1301 3556 falso
1345 3494 1782 3555 'l‘illemontius
1827 3499 2030 3571 putat,
2102 3493 2454 3566 Qumstiones
2522 3491 2852 3553 Hebraicas
2920 3493 2985 3553 in
3057 3496 3279 3556 Genesi
3347 3497 3532 3572 dixit,
3578 3517 3737 3578 quas

323 3593 567 3673 pridem
611 3594 1004 3672 vulgaverat,
1050 3593 1156 3655 sed
1204 3598 1418 3666 ἁπλῶς,
1468 3579 1861 3667 Quaestionum
1918 3589 2352 3650 Hebraicarum
2397 3588 2600 3665 libros,
2647 3596 2801 3669 puta
2870 3591 2932 3650 in
2978 3592 3289 3672 reliquam
3323 3595 3735 3683 Scripturam,

326 3691 495 3769 quod
540 3710 698 3770 opus
743 3691 850 3751 diu
897 3710 1025 3772 prae
1070 3691 1362 3752 manibus
1405 3690 1648 3762 habuit,
1699 3696 1760 3749 et
1803 3689 2008 3766 longa:
2055 3707 2245 3748 morae
2291 3688 2475 3748 taedio
2518 3688 2780 3749 fortasse
2839 3689 3028 3750 etiam
3074 3693 3334 3771 respuit.
3411 3695 3542 3754 Hoc
3585 3714 3736 3758 vero

326 3789 889 3848 anidmadvertisse
931 3787 1405 3850 Tillemontium
1451 3804 1701 3847 necesse
1745 3792 1899 3857 erat,
1951 3803 2028 3844 ne
2073 3785 2241 3863 quod
2285 3785 2490 3844 facere
2533 3791 2724 3857 amat,
2774 3785 3322 3864 diligentissimum
3369 3790 3738 3872 scriptorem

342 3887 634 3946 mmerito
679 3888 1086 3964 redargueret
1129 3886 1410 3948 incurias.

417 3983 692 4044 Gradum
735 3983 883 4044 hinc
927 3984 1192 4044 facimus
1237 3985 1316 4043 ad
1360 3982 1858 4044 Commentarios
1901 3981 1962 4040 in
2011 3986 2284 4060 quatuor
2324 3981 2504 4040 Pauli
2546 3981 2882 4060 Epistolas,
2929 3983 2994 4042 in
3037 4002 3195 4062 quas
3248 3987 3496 4066 scripsit
3554 3989 3738 4050 unice

336 4084 405 4143 S.
449 4083 656 4154 Pater,
703 4083 1262 4159 recognoscendas.
1305 4081 1702 4141 Aberrabant
1743 4080 1980 4140 scilicet
2022 4097 2058 4138 a
2101 4097 2247 4138 vero
2292 4078 2676 4156 longissime,
2723 4081 2832 4158 qui
2899 4086 3103 4142 totum
3175 4083 3364 4145 fuisse
3406 4085 3519 4146 abs
3588 4088 3735 4149 Hie-

336 4197 602 4258 ronymo
647 4180 1016 4259 Apostolum
1063 4179 1542 4241 Commentariis
1582 4178 1990 4250 illustratum,
2033 4175 2164 4254 jam
2227 4177 2371 4236 inde
2415 4195 2452 4237 a
2521 4178 2874 4239 Cassiodori
2942 4185 3126 4240 atate
3194 4181 3480 4244 arbitrati
3550 4192 3736 4248 sunt:

336 4275 505 4336 unde
549 4276 650 4336 hic
695 4277 803 4337 diu
851 4279 1245 4356 multumque
1289 4278 1350 4336 in
1397 4277 1654 4355 reliquis
1697 4274 2134 4356 perquirendis
2177 4275 2409 4334 frustra
2453 4275 2798 4336 desudavit.
2874 4277 3208 4356 Imposuit,
3283 4280 3532 4359 opinor,
3605 4290 3742 4346 stu-

340 4374 535 4434 diosis
575 4375 725 4435 viris
767 4376 942 4436 locus
985 4375 1088 4435 ille
1134 4375 1380 4454 prologi
1423 4375 1679 4434 alterius
1724 4374 1866 4433 libri
1909 4373 1970 4432 in
2017 4372 2212 4450 Epist.
2263 4373 2342 4433 ad
2384 4372 2711 4452 Ephesios,
2761 4373 2866 4434 ubi
2910 4375 3197 4437 absolute
3241 4377 3330 4438 ait
3371 4380 3438 4440 S.
3484 4383 3744 4456 Doctor,

343 4471 538 4531 Pauli
573 4473 880 4553 Epistolas
923 4492 1206 4533 conamur
1247 4492 1577 4552 exponere:
1622 4489 1694 4530 ac
1739 4470 1813 4530 de
1859 4470 2162 4530 universis
2205 4470 2442 4530 dictum
2489 4478 2889 4550 acceperunt,
2937 4473 3110 4550 quod
3151 4474 3256 4536 ille
3301 4475 3378 4536 de
3421 4475 3521 4538 his
3565 4479 3752 4541 modo

343 4588 505 4648 quas
549 4570 825 4630 habebat
866 4589 996 4650 prae
1045 4571 1354 4641 manibus,
1403 4570 1580 4628 dixit.
1627 4569 1970 4628 Accesserit
2013 4568 2090 4627 ad
2138 4568 2420 4627 fraudem
2469 4570 2818 4629 faciendam
2864 4570 3021 4632 falso
3104 4572 3169 4632 in
3234 4574 3510 4652 antiquis
3581 4576 3758 4638 libris

344 4667 726 4748 Hieronymo
769 4669 1078 4748 ascriptus
1124 4667 1595 4728 Commentarius
1641 4686 1698 4724 ιη
1744 4685 1937 4726 omnes
1984 4665 2172 4725 Pauli
2207 4664 2536 4746 Epistolas,
2571 4665 2678 4726 illa
2723 4686 2863 4746 quae
2889 4674 2982 4728 est
3023 4669 3104 4729 ad
3126 4669 3422 4731 Hebraeos
3453 4679 3756 4752 excepta:

355 4765 782 4865 quodutamen
823 4769 997 4865 Opus
1042 4771 1283 4865 tantum
1331 4766 1507 4865 abest
1553 4771 1622 4865 ut
1661 4763 2382 4865 Hieronymi,_quinimo
2429 4764 2506 4865 sit
2557 4764 2980 4865 infensissimi
3050 4765 3187 4843 ejus
3252 4767 3452 4829 hostis
3523 4772 3767 4865 Pelagii

345 4863 571 4922 nefarii
614 4863 1075 4936 haeresiarchas,
1123 4864 1301 4941 cujus
1345 4864 1425 4922 ad
1469 4861 1910 4922 declinandam
1955 4861 2255 4920 invidiam
2331 4862 2626 4934 nominis,
2691 4863 3248 4942 Hieronymianum
3311 4861 3768 4947 substitueruni

349 4959 614 5042 librarii,
663 4979 932 5038 quorum
966 4966 1040 5020 'et
1082 4960 1556 5020 vendibiliorcm
1602 4978 1733 5019 esse
1780 4977 2049 5018 mercem
2127 4959 2446 5020 intererat.
2494 4960 2613 5020 Sed
2675 4961 3051 5036 jamdudum
3095 4962 3315 5022 fraude
3385 4963 3650 5040 detecta,
3697 4967 3763 5027 in

349 5063 742 5134 postremum
791 5064 992 5118 totum
1035 5058 1200 5118 inter
1243 5057 1641 5136 supposititia
1688 5057 2103 5116 amendatum
2149 5063 2260 5128 est,
2312 5075 2553 5134 nosque
2608 5057 2696 5116 ibi
2739 5076 2851 5116 suo
2897 5058 3357 5121 recensebimus
3423 5061 3586 5123 loco.
3655 5063 3764 5124 His

342 5154 547 5232 igitur
589 5162 866 5234 quatuor
907 5157 1221 5216 duntaxat
1264 5155 1653 5234 explicandis
1696 5154 2069 5213 industriam
2116 5172 2292 5213 suam
2366 5155 2656 5232 probavit
2727 5155 3165 5235 Hieronymus.
3238 5158 3334 5219 Ab
3403 5177 3478 5220 ea
3547 5166 3760 5222 autem

347 5269 492 5328 quae
543 5251 768 5313 ultimo
809 5253 951 5312 loco
996 5259 1130 5313 erat
1172 5253 1253 5312 ad
1293 5253 1750 5324 Philemonem,
1800 5251 2047 5311 initium
2095 5251 2407 5312 scribendi
2451 5253 2618 5322 fecit,
2666 5258 2737 5312 ut
2781 5270 3019 5314 morem
3066 5255 3276 5316 Paulae.
3319 5263 3382 5317 et
3422 5258 3762 5320 Eustochio

356 5356 636 5426 gereret:
686 5369 829 5429 quae
873 5355 942 5410 ut
984 5351 1117 5429 ipse
1161 5351 1353 5410 tradit
1396 5349 1612 5429 primis
1656 5349 2107 5411 Commentarii
2151 5348 2376 5420 verbis,
2429 5354 2818 5409 recusantem
2865 5368 2929 5410 se
2973 5350 3202 5412 obnixe
3244 5352 3311 5413 in
3375 5355 3554 5417 Pauli
3613 5357 3764 5437 Epi-

353 5447 546 5506 stolas
591 5448 889 5522 scribere,
937 5447 1140 5508 saltem
1181 5467 1457 5529 parvam,
1505 5456 1562 5508 et
1601 5467 1731 5528 qua:
1772 5456 1840 5506 ut
1880 5466 2120 5506 numero
2164 5466 2458 5519 versuum,
2507 5447 2593 5508 ita
2633 5466 2799 5507 sensu
2861 5467 3092 5528 quoque
3135 5460 3188 5510 et
3257 5450 3466 5514 ordine
3532 5453 3770 5518 videba-

350 5552 453 5604 tur
493 5555 782 5619 extrema,
819 5555 884 5606 ut
924 5545 1238 5607 dissereret
1278 5555 1610 5626 coegerunt.
1696 5547 1957 5605 Brevem
2003 5543 2286 5605 libellum
2331 5563 2482 5616 una,
2530 5551 2598 5604 ut
2670 5565 2784 5625 par
2852 5553 2945 5606 est
2996 5549 3272 5623 credere,
3327 5550 3777 5634 lucubratiun-

351 5643 497 5704 cula
539 5643 852 5704 absolvit:
900 5645 1241 5724 statimque
1287 5645 1366 5704 ad
1410 5663 1549 5705 eam
1596 5644 1844 5704 transiit
1887 5642 2348 5720 exponendam,
2395 5662 2537 5722 quas
2583 5642 2818 5704 Galatis
2860 5644 3162 5724 inscripta
3210 5652 3340 5707 est:
3416 5648 3612 5710 Pauci
3677 5649 3782 5713 ad.

353 5740 618 5814 modum,
665 5742 756 5802 ait
787 5741 929 5821 ipse
973 5741 1034 5802 in
1079 5743 1371 5821 prologo,
1419 5741 1540 5802 dies
1581 5752 1738 5808 sunt.
1785 5760 1858 5802 ea:
1899 5759 2016 5822 quo
2059 5741 2399 5820 Epistolam
2469 5741 2659 5802 Pauli
2721 5741 2802 5802 ait
2857 5741 3259 5802 Philemonem
3331 5745 3772 5823 interpretatus,

354 5837 438 5902 ad
480 5839 732 5905 Galatas
777 5841 1278 5906 transcenderam.
1323 5841 1548 5904 Tribus
1591 5858 1750 5923 opus
1792 5839 1963 5903 istud
2005 5837 2182 5902 libris
2224 5838 2722 5923 comprehendit,
2769 5839 2836 5899 in
2876 5839 3105 5918 quibus
3149 5846 3218 5901 ut
3259 5839 3384 5900 sint
3439 5857 3590 5902 sane
3632 5859 3772 5906 om-
