  <div class='ocr_page' id='page_1' title='image "/cluster/home/n/w/nwhite01/storage/ocr_20150623/26/hvd.32044052772472/013.png"; bbox 0 0 4024 6196; ppageno 0'>
   <div class='ocr_carea' id='block_1_1' title="bbox 325 349 1914 424">
    <p class='ocr_par' dir='ltr' id='par_1_1' title="bbox 325 350 1914 424">
     <span class='ocr_line' id='line_1_1' title="bbox 325 350 1914 424; baseline -0.002 -13"><span class='ocrx_word' id='word_1_1' title='bbox 325 356 401 411; x_wconf 63' lang='grc' dir='ltr'>ιδ</span> <span class='ocrx_word' id='word_1_2' title='bbox 1565 350 1629 408; x_wconf 84' lang='lat' dir='ltr'>s.</span> <span class='ocrx_word' id='word_1_3' title='bbox 1679 351 1914 424; x_wconf 73' lang='lat' dir='ltr'>EUSEE</span> 
     </span>
    </p>
   </div>
   <div class='ocr_carea' id='block_1_2' title="bbox 2142 349 3731 424">
    <p class='ocr_par' dir='ltr' id='par_1_2' title="bbox 2142 349 3731 410">
     <span class='ocr_line' id='line_1_2' title="bbox 2142 349 3731 410; baseline -0.003 -1"><span class='ocrx_word' id='word_1_4' title='bbox 2142 349 2480 410; x_wconf 67' lang='lat' dir='ltr'>SRUNYMI</span> <span class='ocrx_word' id='word_1_5' title='bbox 3654 349 3731 406; x_wconf 82' lang='grc'>16</span> 
     </span>
    </p>
   </div>
   <div class='ocr_carea' id='block_1_3' title="bbox 319 480 3726 563">
    <p class='ocr_par' dir='ltr' id='par_1_3' title="bbox 319 480 3726 563">
     <span class='ocr_line' id='line_1_3' title="bbox 319 480 3726 563; baseline 0.001 -19"><span class='ocrx_word' id='word_1_6' title='bbox 319 484 426 544; x_wconf 89' lang='lat' dir='ltr'>uia</span> <span class='ocrx_word' id='word_1_7' title='bbox 469 501 609 560; x_wconf 63' lang='lat' dir='ltr'>qua:</span> <span class='ocrx_word' id='word_1_8' title='bbox 653 486 875 542; x_wconf 83' lang='lat' dir='ltr'>auctor</span> <span class='ocrx_word' id='word_1_9' title='bbox 917 480 1222 552; x_wconf 83' lang='lat' dir='ltr'>edisserit,</span> <span class='ocrx_word' id='word_1_10' title='bbox 1273 480 1450 540; x_wconf 79' lang='lat' dir='ltr'>utilia</span> <span class='ocrx_word' id='word_1_11' title='bbox 1493 500 1635 540; x_wconf 90' lang='lat' dir='ltr'>cum</span> <span class='ocrx_word' id='word_1_12' title='bbox 1684 482 1901 561; x_wconf 87' lang='lat' dir='ltr'>primis</span> <span class='ocrx_word' id='word_1_13' title='bbox 1945 488 2132 561; x_wconf 87' lang='lat' dir='ltr'>atque</span> <span class='ocrx_word' id='word_1_14' title='bbox 2176 483 2470 557; x_wconf 85' lang='lat' dir='ltr'>illustria,</span> <span class='ocrx_word' id='word_1_15' title='bbox 2515 484 2776 563; x_wconf 85' lang='lat' dir='ltr'>insignis</span> <span class='ocrx_word' id='word_1_16' title='bbox 2838 485 2941 544; x_wconf 88' lang='lat' dir='ltr'>ille</span> <span class='ocrx_word' id='word_1_17' title='bbox 3006 485 3584 563; x_wconf 71' lang='lat' dir='ltr'>praamoustrandus</span> <span class='ocrx_word' id='word_1_18' title='bbox 3629 493 3726 546; x_wconf 89' lang='lat' dir='ltr'>est</span> 
     </span>
    </p>
   </div>
   <div class='ocr_carea' id='block_1_4' title="bbox 315 572 3728 660">
    <p class='ocr_par' dir='ltr' id='par_1_4' title="bbox 315 572 3728 660">
     <span class='ocr_line' id='line_1_4' title="bbox 315 572 3728 660; baseline 0.001 -20"><span class='ocrx_word' id='word_1_19' title='bbox 315 582 513 654; x_wconf 91' lang='lat' dir='ltr'>locus,</span> <span class='ocrx_word' id='word_1_20' title='bbox 561 580 667 638; x_wconf 90' lang='lat' dir='ltr'>ubi</span> <span class='ocrx_word' id='word_1_21' title='bbox 713 579 793 638; x_wconf 88' lang='lat' dir='ltr'>ad</span> <span class='ocrx_word' id='word_1_22' title='bbox 837 596 976 656; x_wconf 88' lang='lat' dir='ltr'>cap.</span> <span class='ocrx_word' id='word_1_23' title='bbox 1023 595 1066 648; x_wconf 80' lang='grc' dir='ltr'>Ι,</span> <span class='ocrx_word' id='word_1_24' title='bbox 1114 597 1272 637; x_wconf 86' lang='lat' dir='ltr'>vers.</span> <span class='ocrx_word' id='word_1_25' title='bbox 1318 581 1376 651; x_wconf 77' lang='grc'>4,</span> <span class='ocrx_word' id='word_1_26' title='bbox 1427 578 1503 638; x_wconf 88' lang='lat' dir='ltr'>de</span> <span class='ocrx_word' id='word_1_27' title='bbox 1548 572 1696 650; x_wconf 57' lang='lat' dir='ltr'>DL)?</span> <span class='ocrx_word' id='word_1_28' title='bbox 1741 581 1914 640; x_wconf 88' lang='lat' dir='ltr'>varia</span> <span class='ocrx_word' id='word_1_29' title='bbox 1957 580 2427 657; x_wconf 84' lang='lat' dir='ltr'>signiﬁcatione</span> <span class='ocrx_word' id='word_1_30' title='bbox 2471 587 2532 641; x_wconf 92' lang='lat' dir='ltr'>et</span> <span class='ocrx_word' id='word_1_31' title='bbox 2574 583 2884 660; x_wconf 85' lang='lat' dir='ltr'>scriptura</span> <span class='ocrx_word' id='word_1_32' title='bbox 2928 582 3255 660; x_wconf 85' lang='lat' dir='ltr'>disputat:</span> <span class='ocrx_word' id='word_1_33' title='bbox 3305 599 3431 660; x_wconf 92' lang='lat' dir='ltr'>quo</span> <span class='ocrx_word' id='word_1_34' title='bbox 3477 600 3604 641; x_wconf 91' lang='lat' dir='ltr'>uno</span> <span class='ocrx_word' id='word_1_35' title='bbox 3648 581 3728 642; x_wconf 88' lang='lat' dir='ltr'>ab</span> 
     </span>
    </p>
   </div>
   <div class='ocr_carea' id='block_1_5' title="bbox 311 676 3729 759">
    <p class='ocr_par' dir='ltr' id='par_1_5' title="bbox 311 676 3729 759">
     <span class='ocr_line' id='line_1_5' title="bbox 311 676 3729 759; baseline 0 -20"><span class='ocrx_word' id='word_1_36' title='bbox 311 678 554 740; x_wconf 85' lang='lat' dir='ltr'>enormi</span> <span class='ocrx_word' id='word_1_37' title='bbox 596 676 917 736; x_wconf 87' lang='lat' dir='ltr'>luxatione</span> <span class='ocrx_word' id='word_1_38' title='bbox 961 695 1127 735; x_wconf 90' lang='lat' dir='ltr'>nunc</span> <span class='ocrx_word' id='word_1_39' title='bbox 1174 676 1444 754; x_wconf 91' lang='lat' dir='ltr'>primum</span> <span class='ocrx_word' id='word_1_40' title='bbox 1489 695 1526 735; x_wconf 89' lang='lat' dir='ltr'>a</span> <span class='ocrx_word' id='word_1_41' title='bbox 1570 677 1751 736; x_wconf 90' lang='lat' dir='ltr'>nobis</span> <span class='ocrx_word' id='word_1_42' title='bbox 1794 679 2102 749; x_wconf 92' lang='lat' dir='ltr'>restituto,</span> <span class='ocrx_word' id='word_1_43' title='bbox 2151 698 2337 738; x_wconf 87' lang='lat' dir='ltr'>verus</span> <span class='ocrx_word' id='word_1_44' title='bbox 2386 681 2662 751; x_wconf 87' lang='lat' dir='ltr'>tandem,</span> <span class='ocrx_word' id='word_1_45' title='bbox 2713 681 2888 759; x_wconf 87' lang='lat' dir='ltr'>isque</span> <span class='ocrx_word' id='word_1_46' title='bbox 2960 679 3460 757; x_wconf 89' lang='lat' dir='ltr'>elegantissimus</span> <span class='ocrx_word' id='word_1_47' title='bbox 3521 678 3729 740; x_wconf 84' lang='lat' dir='ltr'>elucet</span> 
     </span>
    </p>
   </div>
   <div class='ocr_carea' id='block_1_6' title="bbox 312 775 3716 854">
    <p class='ocr_par' dir='ltr' id='par_1_6' title="bbox 312 775 3716 854">
     <span class='ocr_line' id='line_1_6' title="bbox 312 775 3716 854; baseline -0 -16"><span class='ocrx_word' id='word_1_48' title='bbox 312 778 375 838; x_wconf 91' lang='lat' dir='ltr'>S.</span> <span class='ocrx_word' id='word_1_49' title='bbox 423 775 706 838; x_wconf 89' lang='lat' dir='ltr'>Doctoris</span> <span class='ocrx_word' id='word_1_50' title='bbox 749 793 989 847; x_wconf 85' lang='lat' dir='ltr'>sensus,</span> <span class='ocrx_word' id='word_1_51' title='bbox 1035 775 1296 852; x_wconf 85' lang='lat' dir='ltr'>ejusque</span> <span class='ocrx_word' id='word_1_52' title='bbox 1340 793 1586 833; x_wconf 88' lang='lat' dir='ltr'>summa</span> <span class='ocrx_word' id='word_1_53' title='bbox 1630 775 2034 835; x_wconf 66' lang='lat' dir='ltr'>Hebreearum</span> <span class='ocrx_word' id='word_1_54' title='bbox 2081 777 2430 836; x_wconf 90' lang='lat' dir='ltr'>litterarum</span> <span class='ocrx_word' id='word_1_55' title='bbox 2475 777 2699 854; x_wconf 91' lang='lat' dir='ltr'>peritia</span> <span class='ocrx_word' id='word_1_56' title='bbox 2753 783 2973 836; x_wconf 88' lang='lat' dir='ltr'>contra</span> <span class='ocrx_word' id='word_1_57' title='bbox 3036 777 3408 836; x_wconf 62' lang='lat' dir='ltr'>aemulorum</span> <span class='ocrx_word' id='word_1_58' title='bbox 3471 777 3716 837; x_wconf 90' lang='lat' dir='ltr'>calum-</span> 
     </span>
    </p>
   </div>
   <div class='ocr_carea' id='block_1_7' title="bbox 309 871 3727 954">
    <p class='ocr_par' dir='ltr' id='par_1_7' title="bbox 309 871 3727 954">
     <span class='ocr_line' id='line_1_7' title="bbox 309 871 3727 954; baseline -0 -18"><span class='ocrx_word' id='word_1_59' title='bbox 309 876 445 936; x_wconf 88' lang='lat' dir='ltr'>nias</span> <span class='ocrx_word' id='word_1_60' title='bbox 488 891 629 952; x_wconf 62' lang='lat' dir='ltr'>quw</span> <span class='ocrx_word' id='word_1_61' title='bbox 671 872 930 951; x_wconf 83' lang='lat' dir='ltr'>integris</span> <span class='ocrx_word' id='word_1_62' title='bbox 972 876 1263 932; x_wconf 85' lang='lat' dir='ltr'>constant</span> <span class='ocrx_word' id='word_1_63' title='bbox 1305 871 1498 944; x_wconf 88' lang='lat' dir='ltr'>libris,</span> <span class='ocrx_word' id='word_1_64' title='bbox 1548 873 1867 932; x_wconf 87' lang='lat' dir='ltr'>asseritur.</span> <span class='ocrx_word' id='word_1_65' title='bbox 1921 876 2155 933; x_wconf 70' lang='lat' dir='ltr'>Rursus</span> <span class='ocrx_word' id='word_1_66' title='bbox 2211 884 2344 953; x_wconf 83' lang='lat' dir='ltr'>post</span> <span class='ocrx_word' id='word_1_67' title='bbox 2381 893 2601 954; x_wconf 87' lang='lat' dir='ltr'>paucos</span> <span class='ocrx_word' id='word_1_68' title='bbox 2668 873 2789 933; x_wconf 86' lang='lat' dir='ltr'>dies</span> <span class='ocrx_word' id='word_1_69' title='bbox 2859 875 2938 934; x_wconf 89' lang='lat' dir='ltr'>ab</span> <span class='ocrx_word' id='word_1_70' title='bbox 2984 893 3056 934; x_wconf 91' lang='lat' dir='ltr'>eo</span> <span class='ocrx_word' id='word_1_71' title='bbox 3129 874 3600 934; x_wconf 85' lang='lat' dir='ltr'>Commentario</span> <span class='ocrx_word' id='word_1_72' title='bbox 3645 874 3727 935; x_wconf 90' lang='lat' dir='ltr'>ad</span> 
     </span>
    </p>
   </div>
   <div class='ocr_carea' id='block_1_8' title="bbox 301 969 3724 1052">
    <p class='ocr_par' dir='ltr' id='par_1_8' title="bbox 301 969 3724 1052">
     <span class='ocr_line' id='line_1_8' title="bbox 301 969 3724 1052; baseline 0 -19"><span class='ocrx_word' id='word_1_73' title='bbox 301 972 668 1051; x_wconf 85' lang='lat' dir='ltr'>inscriptam</span> <span class='ocrx_word' id='word_1_74' title='bbox 713 970 998 1050; x_wconf 90' lang='lat' dir='ltr'>Ephesiis</span> <span class='ocrx_word' id='word_1_75' title='bbox 1043 969 1388 1048; x_wconf 90' lang='lat' dir='ltr'>Epistolam</span> <span class='ocrx_word' id='word_1_76' title='bbox 1437 969 1878 1042; x_wconf 88' lang='lat' dir='ltr'>enarrandam,</span> <span class='ocrx_word' id='word_1_77' title='bbox 1928 972 2468 1047; x_wconf 87' lang='lat' dir='ltr'>quemadmodum</span> <span class='ocrx_word' id='word_1_78' title='bbox 2532 973 2596 1031; x_wconf 89' lang='lat' dir='ltr'>in</span> <span class='ocrx_word' id='word_1_79' title='bbox 2660 972 3030 1052; x_wconf 58' lang='lat' dir='ltr'>praefatione</span> <span class='ocrx_word' id='word_1_80' title='bbox 3095 978 3379 1045; x_wconf 86' lang='lat' dir='ltr'>testatur,</span> <span class='ocrx_word' id='word_1_81' title='bbox 3445 991 3511 1033; x_wconf 91' lang='lat' dir='ltr'>se</span> <span class='ocrx_word' id='word_1_82' title='bbox 3571 991 3724 1033; x_wconf 88' lang='lat' dir='ltr'>con-</span> 
     </span>
    </p>
   </div>
   <div class='ocr_carea' id='block_1_9' title="bbox 303 1067 3723 1148">
    <p class='ocr_par' dir='ltr' id='par_1_9' title="bbox 303 1067 3723 1148">
     <span class='ocr_line' id='line_1_9' title="bbox 303 1067 3723 1148; baseline -0 -16"><span class='ocrx_word' id='word_1_83' title='bbox 303 1070 470 1132; x_wconf 88' lang='lat' dir='ltr'>tulit.</span> <span class='ocrx_word' id='word_1_84' title='bbox 517 1071 648 1130; x_wconf 84' lang='lat' dir='ltr'>Hoc</span> <span class='ocrx_word' id='word_1_85' title='bbox 691 1075 902 1129; x_wconf 88' lang='lat' dir='ltr'>autem</span> <span class='ocrx_word' id='word_1_86' title='bbox 946 1067 1010 1126; x_wconf 89' lang='lat' dir='ltr'>in</span> <span class='ocrx_word' id='word_1_87' title='bbox 1053 1085 1243 1145; x_wconf 90' lang='lat' dir='ltr'>opere</span> <span class='ocrx_word' id='word_1_88' title='bbox 1283 1067 1372 1126; x_wconf 90' lang='lat' dir='ltr'>ita</span> <span class='ocrx_word' id='word_1_89' title='bbox 1415 1067 1532 1126; x_wconf 89' lang='lat' dir='ltr'>sibi</span> <span class='ocrx_word' id='word_1_90' title='bbox 1577 1068 1824 1127; x_wconf 83' lang='lat' dir='ltr'>videtur</span> <span class='ocrx_word' id='word_1_91' title='bbox 1876 1068 2327 1146; x_wconf 89' lang='lat' dir='ltr'>perplacuisse,</span> <span class='ocrx_word' id='word_1_92' title='bbox 2383 1076 2452 1130; x_wconf 92' lang='lat' dir='ltr'>ut</span> <span class='ocrx_word' id='word_1_93' title='bbox 2496 1091 2571 1130; x_wconf 88' lang='lat' dir='ltr'>ex</span> <span class='ocrx_word' id='word_1_94' title='bbox 2616 1089 2689 1131; x_wconf 91' lang='lat' dir='ltr'>eo</span> <span class='ocrx_word' id='word_1_95' title='bbox 2735 1069 3004 1130; x_wconf 88' lang='lat' dir='ltr'>voluerit</span> <span class='ocrx_word' id='word_1_96' title='bbox 3048 1069 3388 1148; x_wconf 87' lang='lat' dir='ltr'>aliquando</span> <span class='ocrx_word' id='word_1_97' title='bbox 3422 1089 3599 1130; x_wconf 87' lang='lat' dir='ltr'>suam</span> <span class='ocrx_word' id='word_1_98' title='bbox 3646 1071 3723 1131; x_wconf 84' lang='lat' dir='ltr'><strong>ﬁ-</strong></span> 
     </span>
    </p>
   </div>
   <div class='ocr_carea' id='block_1_10' title="bbox 303 1165 3719 1249">
    <p class='ocr_par' dir='ltr' id='par_1_10' title="bbox 303 1165 3719 1249">
     <span class='ocr_line' id='line_1_10' title="bbox 303 1165 3719 1249; baseline 0 -20"><span class='ocrx_word' id='word_1_99' title='bbox 303 1169 469 1242; x_wconf 89' lang='lat' dir='ltr'>dem,</span> <span class='ocrx_word' id='word_1_100' title='bbox 518 1186 659 1246; x_wconf 83' lang='lat' dir='ltr'>quae</span> <span class='ocrx_word' id='word_1_101' title='bbox 704 1167 935 1227; x_wconf 87' lang='lat' dir='ltr'>favoris</span> <span class='ocrx_word' id='word_1_102' title='bbox 976 1165 1041 1225; x_wconf 89' lang='lat' dir='ltr'>in</span> <span class='ocrx_word' id='word_1_103' title='bbox 1087 1165 1417 1242; x_wconf 84' lang='lat' dir='ltr'>Origenem</span> <span class='ocrx_word' id='word_1_104' title='bbox 1461 1165 1801 1225; x_wconf 87' lang='lat' dir='ltr'>notabatur</span> <span class='ocrx_word' id='word_1_105' title='bbox 1843 1166 1921 1224; x_wconf 87' lang='lat' dir='ltr'>ab</span> <span class='ocrx_word' id='word_1_106' title='bbox 1967 1167 2234 1240; x_wconf 73' lang='lat' dir='ltr'>aemulis,</span> <span class='ocrx_word' id='word_1_107' title='bbox 2290 1168 2607 1228; x_wconf 64' lang='lat' dir='ltr'>aestimari.</span> <span class='ocrx_word' id='word_1_108' title='bbox 2658 1168 2939 1246; x_wconf 84' lang='lat' dir='ltr'>Denique</span> <span class='ocrx_word' id='word_1_109' title='bbox 3005 1168 3084 1228; x_wconf 89' lang='lat' dir='ltr'>ad</span> <span class='ocrx_word' id='word_1_110' title='bbox 3146 1169 3358 1229; x_wconf 87' lang='lat' dir='ltr'>Titum</span> <span class='ocrx_word' id='word_1_111' title='bbox 3421 1187 3563 1249; x_wconf 61' lang='lat' dir='ltr'>quae</span> <span class='ocrx_word' id='word_1_112' title='bbox 3621 1169 3719 1229; x_wconf 88' lang='lat' dir='ltr'>in-</span> 
     </span>
    </p>
   </div>
   <div class='ocr_carea' id='block_1_11' title="bbox 305 1263 3724 1345">
    <p class='ocr_par' dir='ltr' id='par_1_11' title="bbox 305 1263 3724 1345">
     <span class='ocr_line' id='line_1_11' title="bbox 305 1263 3724 1345; baseline -0 -18"><span class='ocrx_word' id='word_1_113' title='bbox 305 1267 618 1342; x_wconf 89' lang='lat' dir='ltr'>scribitur,</span> <span class='ocrx_word' id='word_1_114' title='bbox 667 1264 857 1344; x_wconf 91' lang='lat' dir='ltr'>paulo</span> <span class='ocrx_word' id='word_1_115' title='bbox 903 1269 1044 1342; x_wconf 90' lang='lat' dir='ltr'>post</span> <span class='ocrx_word' id='word_1_116' title='bbox 1085 1263 1257 1323; x_wconf 89' lang='lat' dir='ltr'>brevi</span> <span class='ocrx_word' id='word_1_117' title='bbox 1299 1263 1765 1323; x_wconf 83' lang='lat' dir='ltr'>Commentario</span> <span class='ocrx_word' id='word_1_118' title='bbox 1828 1265 2140 1339; x_wconf 86' lang='lat' dir='ltr'>exposuit.</span> <span class='ocrx_word' id='word_1_119' title='bbox 2205 1267 2478 1344; x_wconf 86' lang='lat' dir='ltr'>Tempus</span> <span class='ocrx_word' id='word_1_120' title='bbox 2549 1265 2681 1344; x_wconf 90' lang='lat' dir='ltr'>ipse</span> <span class='ocrx_word' id='word_1_121' title='bbox 2751 1266 3037 1343; x_wconf 82' lang='lat' dir='ltr'>designat</span> <span class='ocrx_word' id='word_1_122' title='bbox 3080 1265 3160 1326; x_wconf 88' lang='lat' dir='ltr'>ad</span> <span class='ocrx_word' id='word_1_123' title='bbox 3235 1265 3456 1345; x_wconf 90' lang='lat' dir='ltr'>capitis</span> <span class='ocrx_word' id='word_1_124' title='bbox 3530 1266 3724 1344; x_wconf 88' lang='lat' dir='ltr'>primi</span> 
     </span>
    </p>
   </div>
   <div class='ocr_carea' id='block_1_12' title="bbox 304 1361 3720 1444">
    <p class='ocr_par' dir='ltr' id='par_1_12' title="bbox 304 1361 3720 1444">
     <span class='ocr_line' id='line_1_12' title="bbox 304 1361 3720 1444; baseline 0 -20"><span class='ocrx_word' id='word_1_125' title='bbox 304 1384 556 1426; x_wconf 89' lang='lat' dir='ltr'>versum</span> <span class='ocrx_word' id='word_1_126' title='bbox 600 1364 1026 1435; x_wconf 90' lang='lat' dir='ltr'>undecimum,</span> <span class='ocrx_word' id='word_1_127' title='bbox 1074 1362 1180 1421; x_wconf 93' lang='lat' dir='ltr'>ubi</span> <span class='ocrx_word' id='word_1_128' title='bbox 1225 1381 1289 1420; x_wconf 92' lang='lat' dir='ltr'>se</span> <span class='ocrx_word' id='word_1_129' title='bbox 1333 1362 1458 1421; x_wconf 89' lang='lat' dir='ltr'>ait:</span> <span class='ocrx_word' id='word_1_130' title='bbox 1507 1365 1657 1420; x_wconf 85' lang='lat' dir='ltr'>Ante</span> <span class='ocrx_word' id='word_1_131' title='bbox 1695 1380 1919 1440; x_wconf 75' lang='lat' dir='ltr'>paucos</span> <span class='ocrx_word' id='word_1_132' title='bbox 1983 1379 2200 1421; x_wconf 80' lang='lat' dir='ltr'>menses</span> <span class='ocrx_word' id='word_1_133' title='bbox 2241 1365 2362 1422; x_wconf 85' lang='lat' dir='ltr'>tria</span> <span class='ocrx_word' id='word_1_134' title='bbox 2435 1362 2736 1423; x_wconf 72' lang='lat' dir='ltr'>volumina</span> <span class='ocrx_word' id='word_1_135' title='bbox 2809 1364 2871 1422; x_wconf 86' lang='lat' dir='ltr'>in</span> <span class='ocrx_word' id='word_1_136' title='bbox 2934 1362 3223 1444; x_wconf 69' lang='lat' dir='ltr'>Epistola’</span> <span class='ocrx_word' id='word_1_137' title='bbox 3312 1362 3394 1424; x_wconf 88' lang='lat' dir='ltr'>ad</span> <span class='ocrx_word' id='word_1_138' title='bbox 3478 1361 3720 1425; x_wconf 79' lang='lat' dir='ltr'>Galatas</span> 
     </span>
    </p>
   </div>
   <div class='ocr_carea' id='block_1_13' title="bbox 303 1459 3715 1544">
    <p class='ocr_par' dir='ltr' id='par_1_13' title="bbox 303 1459 3715 1544">
     <span class='ocr_line' id='line_1_13' title="bbox 303 1459 3715 1544; baseline -0.001 -19"><span class='ocrx_word' id='word_1_139' title='bbox 303 1463 722 1544; x_wconf 71' lang='lat' dir='ltr'>explanatione</span> <span class='ocrx_word' id='word_1_140' title='bbox 763 1461 1030 1520; x_wconf 82' lang='lat' dir='ltr'>dictasse.</span> <span class='ocrx_word' id='word_1_141' title='bbox 1073 1460 1212 1519; x_wconf 86' lang='lat' dir='ltr'>Jam</span> <span class='ocrx_word' id='word_1_142' title='bbox 1259 1476 1405 1518; x_wconf 87' lang='lat' dir='ltr'>vero</span> <span class='ocrx_word' id='word_1_143' title='bbox 1451 1477 1527 1516; x_wconf 87' lang='lat' dir='ltr'>ex</span> <span class='ocrx_word' id='word_1_144' title='bbox 1570 1462 1704 1518; x_wconf 88' lang='lat' dir='ltr'>tota</span> <span class='ocrx_word' id='word_1_145' title='bbox 1749 1459 2220 1536; x_wconf 85' lang='lat' dir='ltr'>Expositionum</span> <span class='ocrx_word' id='word_1_146' title='bbox 2265 1459 2525 1520; x_wconf 87' lang='lat' dir='ltr'>istarum</span> <span class='ocrx_word' id='word_1_147' title='bbox 2590 1460 2747 1520; x_wconf 90' lang='lat' dir='ltr'>serie</span> <span class='ocrx_word' id='word_1_148' title='bbox 2816 1460 3196 1538; x_wconf 89' lang='lat' dir='ltr'>colligimus,</span> <span class='ocrx_word' id='word_1_149' title='bbox 3269 1461 3348 1521; x_wconf 87' lang='lat' dir='ltr'>ad</span> <span class='ocrx_word' id='word_1_150' title='bbox 3420 1462 3715 1522; x_wconf 91' lang='lat' dir='ltr'>eumdem</span> 
     </span>
    </p>
   </div>
   <div class='ocr_carea' id='block_1_14' title="bbox 301 1555 3706 1637">
    <p class='ocr_par' dir='ltr' id='par_1_14' title="bbox 301 1555 3706 1637">
     <span class='ocr_line' id='line_1_14' title="bbox 301 1555 3706 1637; baseline -0.001 -15"><span class='ocrx_word' id='word_1_151' title='bbox 301 1579 518 1622; x_wconf 89' lang='lat' dir='ltr'>omnes</span> <span class='ocrx_word' id='word_1_152' title='bbox 561 1577 796 1620; x_wconf 87' lang='lat' dir='ltr'>annum</span> <span class='ocrx_word' id='word_1_153' title='bbox 842 1557 1174 1636; x_wconf 86' lang='lat' dir='ltr'>pertinere,</span> <span class='ocrx_word' id='word_1_154' title='bbox 1220 1555 1400 1633; x_wconf 87' lang='lat' dir='ltr'>cujus</span> <span class='ocrx_word' id='word_1_155' title='bbox 1475 1562 1536 1615; x_wconf 91' lang='lat' dir='ltr'>et</span> <span class='ocrx_word' id='word_1_156' title='bbox 1606 1574 1839 1633; x_wconf 91' lang='lat' dir='ltr'>paucos</span> <span class='ocrx_word' id='word_1_157' title='bbox 1910 1573 2155 1615; x_wconf 90' lang='lat' dir='ltr'>menses</span> <span class='ocrx_word' id='word_1_158' title='bbox 2227 1558 2596 1636; x_wconf 79' lang='lat' dir='ltr'>explevisse,</span> <span class='ocrx_word' id='word_1_159' title='bbox 2672 1558 2982 1618; x_wconf 88' lang='lat' dir='ltr'>subducta</span> <span class='ocrx_word' id='word_1_160' title='bbox 3046 1559 3539 1637; x_wconf 85' lang='lat' dir='ltr'>uniuscujusque</span> <span class='ocrx_word' id='word_1_161' title='bbox 3609 1578 3706 1620; x_wconf 89' lang='lat' dir='ltr'>ra-</span> 
     </span>
    </p>
   </div>
   <div class='ocr_carea' id='block_1_15' title="bbox 298 1652 3714 1734">
    <p class='ocr_par' dir='ltr' id='par_1_15' title="bbox 298 1652 3714 1734">
     <span class='ocr_line' id='line_1_15' title="bbox 298 1652 3714 1734; baseline -0.001 -16"><span class='ocrx_word' id='word_1_162' title='bbox 298 1658 492 1730; x_wconf 89' lang='lat' dir='ltr'>tione,</span> <span class='ocrx_word' id='word_1_163' title='bbox 540 1661 934 1734; x_wconf 87' lang='lat' dir='ltr'>compertum</span> <span class='ocrx_word' id='word_1_164' title='bbox 977 1661 1092 1714; x_wconf 89' lang='lat' dir='ltr'>est.</span> <span class='ocrx_word' id='word_1_165' title='bbox 1140 1653 1257 1723; x_wconf 88' lang='lat' dir='ltr'>Qui</span> <span class='ocrx_word' id='word_1_166' title='bbox 1300 1660 1511 1712; x_wconf 87' lang='lat' dir='ltr'>autem</span> <span class='ocrx_word' id='word_1_167' title='bbox 1557 1652 1655 1712; x_wconf 89' lang='lat' dir='ltr'>his</span> <span class='ocrx_word' id='word_1_168' title='bbox 1701 1653 1952 1731; x_wconf 88' lang='lat' dir='ltr'>proprie</span> <span class='ocrx_word' id='word_1_169' title='bbox 1999 1653 2206 1726; x_wconf 84' lang='lat' dir='ltr'>fuerit,</span> <span class='ocrx_word' id='word_1_170' title='bbox 2257 1671 2332 1714; x_wconf 88' lang='lat' dir='ltr'>ex</span> <span class='ocrx_word' id='word_1_171' title='bbox 2376 1674 2449 1714; x_wconf 92' lang='lat' dir='ltr'>eo</span> <span class='ocrx_word' id='word_1_172' title='bbox 2495 1673 2681 1732; x_wconf 86' lang='lat' dir='ltr'>quem</span> <span class='ocrx_word' id='word_1_173' title='bbox 2731 1655 2794 1714; x_wconf 91' lang='lat' dir='ltr'>in</span> <span class='ocrx_word' id='word_1_174' title='bbox 2841 1655 3145 1732; x_wconf 87' lang='lat' dir='ltr'>Catalogo</span> <span class='ocrx_word' id='word_1_175' title='bbox 3190 1655 3479 1716; x_wconf 81' lang='lat' dir='ltr'>obtinent</span> <span class='ocrx_word' id='word_1_176' title='bbox 3542 1655 3714 1729; x_wconf 91' lang='lat' dir='ltr'>loco,</span> 
     </span>
    </p>
   </div>
   <div class='ocr_carea' id='block_1_16' title="bbox 298 1749 3720 1831">
    <p class='ocr_par' dir='ltr' id='par_1_16' title="bbox 298 1749 3720 1831">
     <span class='ocr_line' id='line_1_16' title="bbox 298 1749 3720 1831; baseline -0.001 -15"><span class='ocrx_word' id='word_1_177' title='bbox 298 1754 404 1816; x_wconf 89' lang='lat' dir='ltr'>ubi</span> <span class='ocrx_word' id='word_1_178' title='bbox 447 1752 908 1826; x_wconf 66' lang='lat' dir='ltr'>Quwstionibus</span> <span class='ocrx_word' id='word_1_179' title='bbox 949 1752 1014 1811; x_wconf 92' lang='lat' dir='ltr'>in</span> <span class='ocrx_word' id='word_1_180' title='bbox 1059 1750 1344 1811; x_wconf 89' lang='lat' dir='ltr'>Genesim</span> <span class='ocrx_word' id='word_1_181' title='bbox 1390 1749 1674 1828; x_wconf 85' lang='lat' dir='ltr'>proxime</span> <span class='ocrx_word' id='word_1_182' title='bbox 1720 1756 2199 1828; x_wconf 82' lang='lat' dir='ltr'>praeponuntur,</span> <span class='ocrx_word' id='word_1_183' title='bbox 2273 1752 2455 1812; x_wconf 90' lang='lat' dir='ltr'>facile</span> <span class='ocrx_word' id='word_1_184' title='bbox 2526 1752 2865 1830; x_wconf 89' lang='lat' dir='ltr'>intelligas,</span> <span class='ocrx_word' id='word_1_185' title='bbox 2943 1770 3144 1831; x_wconf 90' lang='lat' dir='ltr'>eoque</span> <span class='ocrx_word' id='word_1_186' title='bbox 3217 1753 3417 1830; x_wconf 86' lang='lat' dir='ltr'>magis</span> <span class='ocrx_word' id='word_1_187' title='bbox 3489 1755 3720 1814; x_wconf 82' lang='lat' dir='ltr'>conﬁr-</span> 
     </span>
    </p>
   </div>
   <div class='ocr_carea' id='block_1_17' title="bbox 297 1846 3704 1928">
    <p class='ocr_par' dir='ltr' id='par_1_17' title="bbox 297 1846 3704 1928">
     <span class='ocr_line' id='line_1_17' title="bbox 297 1846 3704 1928; baseline -0.001 -16"><span class='ocrx_word' id='word_1_188' title='bbox 297 1870 427 1911; x_wconf 89' lang='lat' dir='ltr'>mes</span> <span class='ocrx_word' id='word_1_189' title='bbox 470 1850 830 1912; x_wconf 90' lang='lat' dir='ltr'>testimonio</span> <span class='ocrx_word' id='word_1_190' title='bbox 874 1848 1045 1927; x_wconf 91' lang='lat' dir='ltr'>quod</span> <span class='ocrx_word' id='word_1_191' title='bbox 1102 1847 1298 1907; x_wconf 87' lang='lat' dir='ltr'>habes</span> <span class='ocrx_word' id='word_1_192' title='bbox 1339 1847 1403 1906; x_wconf 90' lang='lat' dir='ltr'>in</span> <span class='ocrx_word' id='word_1_193' title='bbox 1445 1865 1586 1924; x_wconf 92' lang='lat' dir='ltr'>cap.</span> <span class='ocrx_word' id='word_1_194' title='bbox 1631 1863 1666 1908; x_wconf 82' lang='grc' dir='ltr'><strong>ν</strong></span> <span class='ocrx_word' id='word_1_195' title='bbox 1738 1847 1934 1924; x_wconf 87' lang='lat' dir='ltr'>Epist.</span> <span class='ocrx_word' id='word_1_196' title='bbox 1981 1846 2061 1907; x_wconf 87' lang='lat' dir='ltr'>ad</span> <span class='ocrx_word' id='word_1_197' title='bbox 2106 1848 2428 1925; x_wconf 85' lang='lat' dir='ltr'>Ephesios,</span> <span class='ocrx_word' id='word_1_198' title='bbox 2471 1849 2575 1908; x_wconf 90' lang='lat' dir='ltr'>ubi</span> <span class='ocrx_word' id='word_1_199' title='bbox 2617 1867 2692 1909; x_wconf 90' lang='lat' dir='ltr'>eo</span> <span class='ocrx_word' id='word_1_200' title='bbox 2735 1849 2874 1928; x_wconf 91' lang='lat' dir='ltr'>ipso</span> <span class='ocrx_word' id='word_1_201' title='bbox 2951 1856 3253 1928; x_wconf 89' lang='lat' dir='ltr'>tempore.</span> <span class='ocrx_word' id='word_1_202' title='bbox 3309 1849 3704 1924; x_wconf 68' lang='lat' dir='ltr'>Quaestionum</span> 
     </span>
    </p>
   </div>
   <div class='ocr_carea' id='block_1_18' title="bbox 297 1945 3714 2025">
    <p class='ocr_par' dir='ltr' id='par_1_18' title="bbox 297 1945 3714 2025">
     <span class='ocr_line' id='line_1_18' title="bbox 297 1945 3714 2025; baseline -0.001 -15"><span class='ocrx_word' id='word_1_203' title='bbox 297 1948 737 2011; x_wconf 81' lang='lat' dir='ltr'>Hebraicarum</span> <span class='ocrx_word' id='word_1_204' title='bbox 781 1966 939 2025; x_wconf 91' lang='lat' dir='ltr'>opus</span> <span class='ocrx_word' id='word_1_205' title='bbox 983 1945 1191 2006; x_wconf 89' lang='lat' dir='ltr'>moliri</span> <span class='ocrx_word' id='word_1_206' title='bbox 1233 1963 1296 2005; x_wconf 91' lang='lat' dir='ltr'>se</span> <span class='ocrx_word' id='word_1_207' title='bbox 1341 1945 1551 2004; x_wconf 90' lang='lat' dir='ltr'>animo</span> <span class='ocrx_word' id='word_1_208' title='bbox 1597 1945 1946 2023; x_wconf 78' lang='lat' dir='ltr'>proﬁtetur.</span> <span class='ocrx_word' id='word_1_209' title='bbox 1998 1946 2062 2003; x_wconf 71' lang='lat' dir='ltr'>si</span> <span class='ocrx_word' id='word_1_210' title='bbox 2129 1952 2295 2005; x_wconf 91' lang='lat' dir='ltr'>recte</span> <span class='ocrx_word' id='word_1_211' title='bbox 2337 1947 2530 2024; x_wconf 87' lang='lat' dir='ltr'>igitur</span> <span class='ocrx_word' id='word_1_212' title='bbox 2595 1947 3036 2007; x_wconf 90' lang='lat' dir='ltr'>constituimus</span> <span class='ocrx_word' id='word_1_213' title='bbox 3103 1966 3217 2008; x_wconf 91' lang='lat' dir='ltr'>suo</span> <span class='ocrx_word' id='word_1_214' title='bbox 3260 1947 3422 2020; x_wconf 90' lang='lat' dir='ltr'>loco,</span> <span class='ocrx_word' id='word_1_215' title='bbox 3473 1947 3552 2008; x_wconf 89' lang='lat' dir='ltr'>ad</span> <span class='ocrx_word' id='word_1_216' title='bbox 3597 1967 3714 2009; x_wconf 88' lang='lat' dir='ltr'>au-</span> 
     </span>
    </p>
   </div>
   <div class='ocr_carea' id='block_1_19' title="bbox 292 2041 3710 2126">
    <p class='ocr_par' dir='ltr' id='par_1_19' title="bbox 292 2041 3710 2126">
     <span class='ocr_line' id='line_1_19' title="bbox 292 2041 3710 2126; baseline -0 -19"><span class='ocrx_word' id='word_1_217' title='bbox 292 2065 444 2107; x_wconf 90' lang='lat' dir='ltr'>num</span> <span class='ocrx_word' id='word_1_218' title='bbox 484 2048 604 2109; x_wconf 88' lang='lat'>388</span> <span class='ocrx_word' id='word_1_219' title='bbox 651 2045 1003 2121; x_wconf 62' lang='lat' dir='ltr'>Qumstiones</span> <span class='ocrx_word' id='word_1_220' title='bbox 1044 2042 1370 2103; x_wconf 74' lang='lat' dir='ltr'>Hebraicas</span> <span class='ocrx_word' id='word_1_221' title='bbox 1412 2042 1477 2101; x_wconf 91' lang='lat' dir='ltr'>in</span> <span class='ocrx_word' id='word_1_222' title='bbox 1523 2041 1809 2102; x_wconf 88' lang='lat' dir='ltr'>Genesim</span> <span class='ocrx_word' id='word_1_223' title='bbox 1857 2041 2168 2120; x_wconf 89' lang='lat' dir='ltr'>pertinere</span> <span class='ocrx_word' id='word_1_224' title='bbox 2210 2044 2358 2102; x_wconf 74' lang='lat' dir='ltr'>istas</span> <span class='ocrx_word' id='word_1_225' title='bbox 2403 2044 2709 2122; x_wconf 88' lang='lat' dir='ltr'>superiori</span> <span class='ocrx_word' id='word_1_226' title='bbox 2748 2045 3034 2123; x_wconf 87' lang='lat' dir='ltr'>proxime</span> <span class='ocrx_word' id='word_1_227' title='bbox 3078 2045 3460 2124; x_wconf 87' lang='lat' dir='ltr'>octogesimo</span> <span class='ocrx_word' id='word_1_228' title='bbox 3506 2045 3710 2126; x_wconf 87' lang='lat' dir='ltr'>septi-</span> 
     </span>
    </p>
   </div>
   <div class='ocr_carea' id='block_1_20' title="bbox 299 2139 3494 2224">
    <p class='ocr_par' dir='ltr' id='par_1_20' title="bbox 299 2139 3494 2224">
     <span class='ocr_line' id='line_1_20' title="bbox 299 2139 3494 2224; baseline -0.003 -20"><span class='ocrx_word' id='word_1_229' title='bbox 299 2162 402 2204; x_wconf 92' lang='lat' dir='ltr'>mo</span> <span class='ocrx_word' id='word_1_230' title='bbox 440 2162 632 2222; x_wconf 88' lang='lat' dir='ltr'>supra</span> <span class='ocrx_word' id='word_1_231' title='bbox 661 2141 1164 2202; x_wconf 86' lang='lat' dir='ltr'>trecentesimum</span> <span class='ocrx_word' id='word_1_232' title='bbox 1200 2140 1586 2211; x_wconf 90' lang='lat' dir='ltr'>tribuendas,</span> <span class='ocrx_word' id='word_1_233' title='bbox 1635 2139 1793 2198; x_wconf 91' lang='lat' dir='ltr'>nihil</span> <span class='ocrx_word' id='word_1_234' title='bbox 1838 2139 1957 2198; x_wconf 85' lang='lat' dir='ltr'>erit</span> <span class='ocrx_word' id='word_1_235' title='bbox 2001 2140 2291 2200; x_wconf 90' lang='lat' dir='ltr'>dubium.</span> <span class='ocrx_word' id='word_1_236' title='bbox 3487 2214 3494 2224; x_wconf 35' lang='lat'>.</span> 
     </span>
    </p>
   </div>
   <div class='ocr_carea' id='block_1_21' title="bbox 377 2236 3713 2319">
    <p class='ocr_par' dir='ltr' id='par_1_21' title="bbox 377 2236 3713 2319">
     <span class='ocr_line' id='line_1_21' title="bbox 377 2236 3713 2319; baseline 0 -18"><span class='ocrx_word' id='word_1_237' title='bbox 377 2243 647 2301; x_wconf 91' lang='lat' dir='ltr'>Tomum</span> <span class='ocrx_word' id='word_1_238' title='bbox 692 2241 903 2319; x_wconf 85' lang='lat' dir='ltr'>explet</span> <span class='ocrx_word' id='word_1_239' title='bbox 945 2238 1301 2317; x_wconf 84' lang='lat' dir='ltr'>Appendix,</span> <span class='ocrx_word' id='word_1_240' title='bbox 1347 2257 1488 2315; x_wconf 74' lang='lat' dir='ltr'>quae</span> <span class='ocrx_word' id='word_1_241' title='bbox 1533 2237 1897 2297; x_wconf 87' lang='lat' dir='ltr'>Brevarium</span> <span class='ocrx_word' id='word_1_242' title='bbox 1942 2236 2008 2295; x_wconf 93' lang='lat' dir='ltr'>in</span> <span class='ocrx_word' id='word_1_243' title='bbox 2056 2238 2427 2298; x_wconf 85' lang='lat' dir='ltr'>Psalterium</span> <span class='ocrx_word' id='word_1_244' title='bbox 2474 2239 2577 2318; x_wconf 81' lang='grc' dir='ltr'>(α),</span> <span class='ocrx_word' id='word_1_245' title='bbox 2629 2239 2911 2318; x_wconf 87' lang='lat' dir='ltr'>aliosque</span> <span class='ocrx_word' id='word_1_246' title='bbox 2955 2241 3018 2300; x_wconf 93' lang='lat' dir='ltr'>in</span> <span class='ocrx_word' id='word_1_247' title='bbox 3089 2241 3372 2301; x_wconf 89' lang='lat' dir='ltr'>Psalmos</span> <span class='ocrx_word' id='word_1_248' title='bbox 3447 2243 3713 2303; x_wconf 85' lang='lat' dir='ltr'>Tracta-</span> 
     </span>
    </p>
   </div>
   <div class='ocr_carea' id='block_1_22' title="bbox 300 2335 3716 2417">
    <p class='ocr_par' dir='ltr' id='par_1_22' title="bbox 300 2335 3716 2417">
     <span class='ocr_line' id='line_1_22' title="bbox 300 2335 3716 2417; baseline -0 -17"><span class='ocrx_word' id='word_1_249' title='bbox 300 2347 402 2400; x_wconf 91' lang='lat' dir='ltr'>tus</span> <span class='ocrx_word' id='word_1_250' title='bbox 443 2340 601 2400; x_wconf 88' lang='lat' dir='ltr'>falso</span> <span class='ocrx_word' id='word_1_251' title='bbox 644 2339 949 2417; x_wconf 88' lang='lat' dir='ltr'>ascriptos</span> <span class='ocrx_word' id='word_1_252' title='bbox 993 2337 1371 2415; x_wconf 83' lang='lat' dir='ltr'>Hieronymo</span> <span class='ocrx_word' id='word_1_253' title='bbox 1415 2336 1714 2409; x_wconf 89' lang='lat' dir='ltr'>continet,</span> <span class='ocrx_word' id='word_1_254' title='bbox 1761 2335 1836 2394; x_wconf 92' lang='lat' dir='ltr'>de</span> <span class='ocrx_word' id='word_1_255' title='bbox 1881 2335 2109 2412; x_wconf 90' lang='lat' dir='ltr'>quibus</span> <span class='ocrx_word' id='word_1_256' title='bbox 2152 2335 2215 2394; x_wconf 90' lang='lat' dir='ltr'>in</span> <span class='ocrx_word' id='word_1_257' title='bbox 2262 2337 2560 2414; x_wconf 88' lang='lat' dir='ltr'>peculiari</span> <span class='ocrx_word' id='word_1_258' title='bbox 2623 2337 2696 2396; x_wconf 91' lang='lat' dir='ltr'>iis</span> <span class='ocrx_word' id='word_1_259' title='bbox 2768 2337 3028 2416; x_wconf 71' lang='lat' dir='ltr'>praefixa</span> <span class='ocrx_word' id='word_1_260' title='bbox 3097 2337 3514 2399; x_wconf 84' lang='lat' dir='ltr'>Admonitione</span> <span class='ocrx_word' id='word_1_261' title='bbox 3560 2339 3716 2399; x_wconf 87' lang='lat' dir='ltr'>satis</span> 
     </span>
    </p>
   </div>
   <div class='ocr_carea' id='block_1_23' title="bbox 305 2435 3713 2516">
    <p class='ocr_par' dir='ltr' id='par_1_23' title="bbox 305 2435 3713 2516">
     <span class='ocr_line' id='line_1_23' title="bbox 305 2435 3713 2516; baseline -0.001 -18"><span class='ocrx_word' id='word_1_262' title='bbox 305 2439 681 2516; x_wconf 87' lang='lat' dir='ltr'>abundeque</span> <span class='ocrx_word' id='word_1_263' title='bbox 725 2437 1017 2497; x_wconf 85' lang='lat' dir='ltr'>diximus.</span> <span class='ocrx_word' id='word_1_264' title='bbox 1067 2435 1398 2513; x_wconf 78' lang='lat' dir='ltr'>Reliquum</span> <span class='ocrx_word' id='word_1_265' title='bbox 1447 2435 1632 2494; x_wconf 93' lang='lat' dir='ltr'>modo</span> <span class='ocrx_word' id='word_1_266' title='bbox 1677 2439 1770 2493; x_wconf 91' lang='lat' dir='ltr'>est</span> <span class='ocrx_word' id='word_1_267' title='bbox 1814 2453 2029 2506; x_wconf 91' lang='lat' dir='ltr'>unum,</span> <span class='ocrx_word' id='word_1_268' title='bbox 2085 2440 2152 2493; x_wconf 88' lang='lat' dir='ltr'>ut</span> <span class='ocrx_word' id='word_1_269' title='bbox 2195 2436 2448 2511; x_wconf 89' lang='lat' dir='ltr'>quando</span> <span class='ocrx_word' id='word_1_270' title='bbox 2497 2455 2620 2500; x_wconf 89' lang='lat' dir='ltr'>non</span> <span class='ocrx_word' id='word_1_271' title='bbox 2665 2436 2890 2496; x_wconf 86' lang='lat' dir='ltr'>ultima</span> <span class='ocrx_word' id='word_1_272' title='bbox 2920 2435 3390 2515; x_wconf 89' lang='lat' dir='ltr'>Hieronymiani</span> <span class='ocrx_word' id='word_1_273' title='bbox 3437 2436 3713 2497; x_wconf 85' lang='lat' dir='ltr'>nominis</span> 
     </span>
    </p>
   </div>
   <div class='ocr_carea' id='block_1_24' title="bbox 303 2530 3710 2613">
    <p class='ocr_par' dir='ltr' id='par_1_24' title="bbox 303 2530 3710 2613">
     <span class='ocr_line' id='line_1_24' title="bbox 303 2530 3710 2613; baseline -0 -19"><span class='ocrx_word' id='word_1_274' title='bbox 303 2536 444 2596; x_wconf 89' lang='lat' dir='ltr'>laus</span> <span class='ocrx_word' id='word_1_275' title='bbox 486 2540 622 2595; x_wconf 89' lang='lat' dir='ltr'>est:</span> <span class='ocrx_word' id='word_1_276' title='bbox 669 2532 1051 2613; x_wconf 76' lang='lat' dir='ltr'>Principibus</span> <span class='ocrx_word' id='word_1_277' title='bbox 1087 2533 1381 2612; x_wconf 79' lang='lat' dir='ltr'>placuisse</span> <span class='ocrx_word' id='word_1_278' title='bbox 1422 2533 1609 2601; x_wconf 79' lang='lat' dir='ltr'>viris;</span> <span class='ocrx_word' id='word_1_279' title='bbox 1660 2530 1822 2590; x_wconf 88' lang='lat' dir='ltr'>hanc</span> <span class='ocrx_word' id='word_1_280' title='bbox 1867 2531 2027 2591; x_wconf 90' lang='lat' dir='ltr'>scias</span> <span class='ocrx_word' id='word_1_281' title='bbox 2070 2531 2411 2592; x_wconf 86' lang='lat' dir='ltr'>editionem</span> <span class='ocrx_word' id='word_1_282' title='bbox 2456 2539 2732 2593; x_wconf 89' lang='lat' dir='ltr'>nostram</span> <span class='ocrx_word' id='word_1_283' title='bbox 2778 2533 3004 2594; x_wconf 87' lang='lat' dir='ltr'>debere</span> <span class='ocrx_word' id='word_1_284' title='bbox 3036 2535 3380 2612; x_wconf 89' lang='lat' dir='ltr'>plurimum</span> <span class='ocrx_word' id='word_1_285' title='bbox 3412 2533 3710 2594; x_wconf 89' lang='lat' dir='ltr'>illustris-</span> 
     </span>
    </p>
   </div>
   <div class='ocr_carea' id='block_1_25' title="bbox 305 2629 3714 2710">
    <p class='ocr_par' dir='ltr' id='par_1_25' title="bbox 305 2629 3714 2710">
     <span class='ocr_line' id='line_1_25' title="bbox 305 2629 3714 2710; baseline -0.001 -16"><span class='ocrx_word' id='word_1_286' title='bbox 305 2635 463 2694; x_wconf 86' lang='lat' dir='ltr'>simo</span> <span class='ocrx_word' id='word_1_287' title='bbox 507 2638 739 2694; x_wconf 73' lang='lat' dir='ltr'>nostra:</span> <span class='ocrx_word' id='word_1_288' title='bbox 783 2631 973 2710; x_wconf 80' lang='lat' dir='ltr'>hujus</span> <span class='ocrx_word' id='word_1_289' title='bbox 1014 2630 1306 2691; x_wconf 79' lang='lat' dir='ltr'>Ecclesiae</span> <span class='ocrx_word' id='word_1_290' title='bbox 1351 2629 1632 2708; x_wconf 83' lang='lat' dir='ltr'>pontilici</span> <span class='ocrx_word' id='word_1_291' title='bbox 1673 2630 1766 2689; x_wconf 90' lang='lat' dir='ltr'>Jo.</span> <span class='ocrx_word' id='word_1_292' title='bbox 1815 2630 2209 2702; x_wconf 74' lang='lat' dir='ltr'>BltAGADENO,</span> <span class='ocrx_word' id='word_1_293' title='bbox 2260 2630 2368 2708; x_wconf 92' lang='lat' dir='ltr'>qui</span> <span class='ocrx_word' id='word_1_294' title='bbox 2412 2649 2551 2690; x_wconf 89' lang='lat' dir='ltr'>eam</span> <span class='ocrx_word' id='word_1_295' title='bbox 2597 2637 2658 2691; x_wconf 92' lang='lat' dir='ltr'>et</span> <span class='ocrx_word' id='word_1_296' title='bbox 2701 2649 2947 2691; x_wconf 89' lang='lat' dir='ltr'>summa</span> <span class='ocrx_word' id='word_1_297' title='bbox 3010 2631 3255 2710; x_wconf 83' lang='lat' dir='ltr'>pridem</span> <span class='ocrx_word' id='word_1_298' title='bbox 3329 2649 3470 2691; x_wconf 92' lang='lat' dir='ltr'>cum</span> <span class='ocrx_word' id='word_1_299' title='bbox 3544 2630 3714 2691; x_wconf 87' lang='lat' dir='ltr'>beni-</span> 
     </span>
    </p>
   </div>
   <div class='ocr_carea' id='block_1_26' title="bbox 303 2727 3707 2810">
    <p class='ocr_par' dir='ltr' id='par_1_26' title="bbox 303 2727 3707 2810">
     <span class='ocr_line' id='line_1_26' title="bbox 303 2727 3707 2810; baseline -0 -20"><span class='ocrx_word' id='word_1_300' title='bbox 303 2730 542 2810; x_wconf 88' lang='lat' dir='ltr'>gnitate</span> <span class='ocrx_word' id='word_1_301' title='bbox 588 2730 855 2809; x_wconf 88' lang='lat' dir='ltr'>excepit,</span> <span class='ocrx_word' id='word_1_302' title='bbox 901 2735 962 2788; x_wconf 90' lang='lat' dir='ltr'>et</span> <span class='ocrx_word' id='word_1_303' title='bbox 1007 2728 1295 2807; x_wconf 82' lang='lat' dir='ltr'>praesidio</span> <span class='ocrx_word' id='word_1_304' title='bbox 1340 2727 1750 2787; x_wconf 87' lang='lat' dir='ltr'>humanitatis</span> <span class='ocrx_word' id='word_1_305' title='bbox 1795 2745 1923 2787; x_wconf 62' lang='lat' dir='ltr'>suae</span> <span class='ocrx_word' id='word_1_306' title='bbox 1995 2727 2188 2800; x_wconf 88' lang='lat' dir='ltr'>fovit;</span> <span class='ocrx_word' id='word_1_307' title='bbox 2238 2728 2507 2806; x_wconf 88' lang='lat' dir='ltr'>denique</span> <span class='ocrx_word' id='word_1_308' title='bbox 2583 2734 2644 2789; x_wconf 88' lang='lat' dir='ltr'>et</span> <span class='ocrx_word' id='word_1_309' title='bbox 2707 2729 2771 2788; x_wconf 91' lang='lat' dir='ltr'>in</span> <span class='ocrx_word' id='word_1_310' title='bbox 2830 2729 3055 2807; x_wconf 89' lang='lat' dir='ltr'>premii</span> <span class='ocrx_word' id='word_1_311' title='bbox 3100 2729 3245 2789; x_wconf 82' lang='lat' dir='ltr'>fecit</span> <span class='ocrx_word' id='word_1_312' title='bbox 3307 2748 3482 2808; x_wconf 89' lang='lat' dir='ltr'>spem</span> <span class='ocrx_word' id='word_1_313' title='bbox 3530 2727 3707 2806; x_wconf 87' lang='lat' dir='ltr'>erigi.</span> 
     </span>
    </p>
   </div>
   <div class='ocr_carea' id='block_1_27' title="bbox 301 2824 3706 2907">
    <p class='ocr_par' dir='ltr' id='par_1_27' title="bbox 301 2824 3706 2907">
     <span class='ocr_line' id='line_1_27' title="bbox 301 2824 3706 2907; baseline -0.001 -17"><span class='ocrx_word' id='word_1_314' title='bbox 301 2828 482 2901; x_wconf 85' lang='lat' dir='ltr'>Quod</span> <span class='ocrx_word' id='word_1_315' title='bbox 524 2847 642 2907; x_wconf 87' lang='lat' dir='ltr'>ego</span> <span class='ocrx_word' id='word_1_316' title='bbox 685 2846 810 2888; x_wconf 89' lang='lat' dir='ltr'>non</span> <span class='ocrx_word' id='word_1_317' title='bbox 855 2833 984 2886; x_wconf 89' lang='lat' dir='ltr'>tam</span> <span class='ocrx_word' id='word_1_318' title='bbox 1028 2844 1102 2886; x_wconf 91' lang='lat' dir='ltr'>eo</span> <span class='ocrx_word' id='word_1_319' title='bbox 1145 2826 1284 2886; x_wconf 91' lang='lat' dir='ltr'>dico</span> <span class='ocrx_word' id='word_1_320' title='bbox 1328 2825 1562 2896; x_wconf 89' lang='lat' dir='ltr'>animo,</span> <span class='ocrx_word' id='word_1_321' title='bbox 1610 2830 1680 2884; x_wconf 91' lang='lat' dir='ltr'>ut</span> <span class='ocrx_word' id='word_1_322' title='bbox 1724 2824 2045 2902; x_wconf 89' lang='lat' dir='ltr'>publicum</span> <span class='ocrx_word' id='word_1_323' title='bbox 2089 2825 2319 2885; x_wconf 86' lang='lat' dir='ltr'>favoris</span> <span class='ocrx_word' id='word_1_324' title='bbox 2362 2827 2496 2903; x_wconf 83' lang='lat' dir='ltr'>ejus</span> <span class='ocrx_word' id='word_1_325' title='bbox 2541 2826 3000 2886; x_wconf 90' lang='lat' dir='ltr'>monimentum</span> <span class='ocrx_word' id='word_1_326' title='bbox 3045 2845 3168 2887; x_wconf 70' lang='lat' dir='ltr'>aere</span> <span class='ocrx_word' id='word_1_327' title='bbox 3213 2826 3548 2906; x_wconf 88' lang='lat' dir='ltr'>perennius</span> <span class='ocrx_word' id='word_1_328' title='bbox 3595 2845 3706 2886; x_wconf 85' lang='lat' dir='ltr'>ex-</span> 
     </span>
    </p>
   </div>
   <div class='ocr_carea' id='block_1_28' title="bbox 297 2921 3701 3004">
    <p class='ocr_par' dir='ltr' id='par_1_28' title="bbox 297 2921 3701 3004">
     <span class='ocr_line' id='line_1_28' title="bbox 297 2921 3701 3004; baseline -0.001 -17"><span class='ocrx_word' id='word_1_329' title='bbox 297 2933 464 2987; x_wconf 87' lang='lat' dir='ltr'>stare</span> <span class='ocrx_word' id='word_1_330' title='bbox 506 2926 716 2999; x_wconf 90' lang='lat' dir='ltr'>velim,</span> <span class='ocrx_word' id='word_1_331' title='bbox 762 2943 952 3004; x_wconf 90' lang='lat' dir='ltr'>quam</span> <span class='ocrx_word' id='word_1_332' title='bbox 996 2929 1064 2984; x_wconf 88' lang='lat' dir='ltr'>ut</span> <span class='ocrx_word' id='word_1_333' title='bbox 1109 2924 1418 2982; x_wconf 90' lang='lat' dir='ltr'>litteratus</span> <span class='ocrx_word' id='word_1_334' title='bbox 1461 2922 1629 2982; x_wconf 89' lang='lat' dir='ltr'>orbis</span> <span class='ocrx_word' id='word_1_335' title='bbox 1673 2921 1807 3000; x_wconf 86' lang='lat' dir='ltr'>ejus</span> <span class='ocrx_word' id='word_1_336' title='bbox 1851 2923 2288 3000; x_wconf 70' lang='lat' dir='ltr'>prolixissimaa</span> <span class='ocrx_word' id='word_1_337' title='bbox 2333 2924 2396 2982; x_wconf 91' lang='lat' dir='ltr'>in</span> <span class='ocrx_word' id='word_1_338' title='bbox 2444 2924 2682 2985; x_wconf 88' lang='lat' dir='ltr'>litteras</span> <span class='ocrx_word' id='word_1_339' title='bbox 2729 2925 3039 2986; x_wconf 89' lang='lat' dir='ltr'>voluntati</span> <span class='ocrx_word' id='word_1_340' title='bbox 3081 2925 3286 2986; x_wconf 86' lang='lat' dir='ltr'>fausta</span> <span class='ocrx_word' id='word_1_341' title='bbox 3317 2924 3530 2985; x_wconf 88' lang='lat' dir='ltr'>omnia</span> <span class='ocrx_word' id='word_1_342' title='bbox 3561 2941 3701 3003; x_wconf 88' lang='lat' dir='ltr'>pre-</span> 
     </span>
    </p>
   </div>
   <div class='ocr_carea' id='block_1_29' title="bbox 299 3019 2604 3102">
    <p class='ocr_par' dir='ltr' id='par_1_29' title="bbox 299 3019 2604 3102">
     <span class='ocr_line' id='line_1_29' title="bbox 299 3019 2604 3102; baseline -0 -18"><span class='ocrx_word' id='word_1_343' title='bbox 299 3030 496 3100; x_wconf 90' lang='lat' dir='ltr'>cetur,</span> <span class='ocrx_word' id='word_1_344' title='bbox 543 3030 606 3085; x_wconf 90' lang='lat' dir='ltr'>et</span> <span class='ocrx_word' id='word_1_345' title='bbox 647 3022 892 3102; x_wconf 87' lang='lat' dir='ltr'>majora</span> <span class='ocrx_word' id='word_1_346' title='bbox 934 3023 996 3082; x_wconf 88' lang='lat' dir='ltr'>in</span> <span class='ocrx_word' id='word_1_347' title='bbox 1041 3021 1173 3082; x_wconf 89' lang='lat' dir='ltr'>dies</span> <span class='ocrx_word' id='word_1_348' title='bbox 1215 3026 1423 3100; x_wconf 89' lang='lat' dir='ltr'>speret</span> <span class='ocrx_word' id='word_1_349' title='bbox 1465 3019 1739 3080; x_wconf 62' lang='lat' dir='ltr'>scientia:</span> <span class='ocrx_word' id='word_1_350' title='bbox 1783 3038 1867 3080; x_wconf 86' lang='lat' dir='ltr'>ac</span> <span class='ocrx_word' id='word_1_351' title='bbox 1898 3019 2150 3098; x_wconf 89' lang='lat' dir='ltr'>pietatis</span> <span class='ocrx_word' id='word_1_352' title='bbox 2191 3021 2604 3083; x_wconf 89' lang='lat' dir='ltr'>incrementa.</span> 
     </span>
    </p>
   </div>
   <div class='ocr_carea' id='block_1_30' title="bbox 370 3207 3701 3283">
    <p class='ocr_par' dir='ltr' id='par_1_30' title="bbox 370 3207 3701 3283">
     <span class='ocr_line' id='line_1_30' title="bbox 370 3207 3701 3283; baseline -0.002 -16"><span class='ocrx_word' id='word_1_353' title='bbox 370 3212 448 3283; x_wconf 79' lang='grc' dir='ltr'>(α)</span> <span class='ocrx_word' id='word_1_354' title='bbox 477 3212 542 3266; x_wconf 88' lang='lat' dir='ltr'>In</span> <span class='ocrx_word' id='word_1_355' title='bbox 572 3208 1083 3283; x_wconf 70' lang='lat' dir='ltr'>nostrae_ed_itiouis</span> <span class='ocrx_word' id='word_1_356' title='bbox 1113 3209 1640 3283; x_wconf 79' lang='lat' dir='ltr'>appediceprimas</span> <span class='ocrx_word' id='word_1_357' title='bbox 1665 3208 1890 3263; x_wconf 88' lang='lat' dir='ltr'>obtinet</span> <span class='ocrx_word' id='word_1_358' title='bbox 1920 3208 2388 3283; x_wconf 73' lang='lat' dir='ltr'>Commentarius</span> <span class='ocrx_word' id='word_1_359' title='bbox 2415 3209 2473 3264; x_wconf 91' lang='lat' dir='ltr'>in</span> <span class='ocrx_word' id='word_1_360' title='bbox 2505 3209 2742 3278; x_wconf 87' lang='lat' dir='ltr'>Jobum,</span> <span class='ocrx_word' id='word_1_361' title='bbox 2775 3225 2950 3283; x_wconf 85' lang='lat' dir='ltr'>quem</span> <span class='ocrx_word' id='word_1_362' title='bbox 2982 3226 3047 3268; x_wconf 91' lang='lat' dir='ltr'>eo</span> <span class='ocrx_word' id='word_1_363' title='bbox 3078 3208 3208 3280; x_wconf 89' lang='lat' dir='ltr'>loci,</span> <span class='ocrx_word' id='word_1_364' title='bbox 3253 3211 3488 3281; x_wconf 84' lang='lat' dir='ltr'>prepter</span> <span class='ocrx_word' id='word_1_365' title='bbox 3521 3207 3701 3263; x_wconf 81' lang='lat' dir='ltr'>ratio-</span> 
     </span>
    </p>
   </div>
   <div class='ocr_carea' id='block_1_31' title="bbox 299 3278 2409 3354">
    <p class='ocr_par' dir='ltr' id='par_1_31' title="bbox 299 3278 2409 3354">
     <span class='ocr_line' id='line_1_31' title="bbox 299 3278 2409 3354; baseline -0.002 -14"><span class='ocrx_word' id='word_1_366' title='bbox 299 3278 404 3340; x_wconf 81' lang='lat' dir='ltr'>nes</span> <span class='ocrx_word' id='word_1_367' title='bbox 431 3278 490 3337; x_wconf 87' lang='lat' dir='ltr'>in</span> <span class='ocrx_word' id='word_1_368' title='bbox 524 3283 758 3339; x_wconf 84' lang='lat' dir='ltr'>exordio</span> <span class='ocrx_word' id='word_1_369' title='bbox 789 3281 975 3354; x_wconf 83' lang='lat' dir='ltr'>ipsius</span> <span class='ocrx_word' id='word_1_370' title='bbox 1006 3278 1753 3350; x_wconf 45' lang='lat' dir='ltr'>comm&#39;entarii&#39;expositas,</span> <span class='ocrx_word' id='word_1_371' title='bbox 1787 3280 2218 3336; x_wconf 87' lang='lat' dir='ltr'>transtulimus.</span> <span class='ocrx_word' id='word_1_372' title='bbox 2253 3281 2409 3335; x_wconf 82' lang='lat' dir='ltr'>Em&#39;r.</span> 
     </span>
    </p>
   </div>
   <div class='ocr_carea' id='block_1_32' title="bbox 300 3458 2855 3494">
    <p class='ocr_par' dir='ltr' id='par_1_32' title="bbox 300 3458 2855 3494">
     <span class='ocr_line' id='line_1_32' title="bbox 300 3458 2855 3494; baseline -0.004 -2"><span class='ocrx_word' id='word_1_373' title='bbox 300 3458 2855 3494; x_wconf 44' lang='grc' dir='ltr'>Μ</span> 
     </span>
    </p>
   </div>
   <div class='ocr_carea' id='block_1_33' title="bbox 1001 3609 3006 3716">
    <p class='ocr_par' dir='ltr' id='par_1_33' title="bbox 1001 3609 3006 3716">
     <span class='ocr_line' id='line_1_33' title="bbox 1001 3609 3006 3716; baseline -0.003 -1"><span class='ocrx_word' id='word_1_374' title='bbox 1001 3614 1128 3716; x_wconf 86' lang='lat' dir='ltr'>S.</span> <span class='ocrx_word' id='word_1_375' title='bbox 1213 3611 1895 3713; x_wconf 73' lang='lat' dir='ltr'>EUSBBII</span> <span class='ocrx_word' id='word_1_376' title='bbox 1983 3609 3006 3711; x_wconf 71' lang='lat' dir='ltr'><strong>HIBRONYMI</strong></span> 
     </span>
    </p>
   </div>
   <div class='ocr_carea' id='block_1_34' title="bbox 1512 3823 2518 3884">
    <p class='ocr_par' dir='ltr' id='par_1_34' title="bbox 1512 3823 2518 3884">
     <span class='ocr_line' id='line_1_34' title="bbox 1512 3823 2518 3884; baseline -0.001 -2"><span class='ocrx_word' id='word_1_377' title='bbox 1512 3825 2031 3884; x_wconf 83' lang='lat' dir='ltr'>STRIDONENSIS</span> <span class='ocrx_word' id='word_1_378' title='bbox 2072 3823 2518 3882; x_wconf 80' lang='lat' dir='ltr'>PRESBYTERI</span> 
     </span>
    </p>
   </div>
   <div class='ocr_carea' id='block_1_35' title="bbox 1348 3995 2687 4092">
    <p class='ocr_par' dir='ltr' id='par_1_35' title="bbox 1348 3995 2687 4092">
     <span class='ocr_line' id='line_1_35' title="bbox 1348 3995 2687 4092; baseline -0.002 0"><span class='ocrx_word' id='word_1_379' title='bbox 1348 3995 2687 4092; x_wconf 84' lang='lat' dir='ltr'>COMMENTARIORUM</span> 
     </span>
    </p>
   </div>
   <div class='ocr_carea' id='block_1_36' title="bbox 663 4190 3352 4337">
    <p class='ocr_par' dir='ltr' id='par_1_36' title="bbox 663 4190 3352 4337">
     <span class='ocr_line' id='line_1_36' title="bbox 663 4190 3352 4337; baseline -0.005 -8"><span class='ocrx_word' id='word_1_380' title='bbox 663 4201 853 4337; x_wconf 84' lang='grc' dir='ltr'>ΙΝ</span> <span class='ocrx_word' id='word_1_381' title='bbox 981 4191 2280 4332; x_wconf 78' lang='lat' dir='ltr'>EVANGELIUM</span> <span class='ocrx_word' id='word_1_382' title='bbox 2411 4190 3352 4320; x_wconf 74' lang='grc' dir='ltr'>ΜΑΤΤΗιἘΙ</span> 
     </span>
    </p>
   </div>
   <div class='ocr_carea' id='block_1_37' title="bbox 1533 4425 2478 4517">
    <p class='ocr_par' dir='ltr' id='par_1_37' title="bbox 1533 4425 2478 4517">
     <span class='ocr_line' id='line_1_37' title="bbox 1533 4425 2478 4517; baseline -0.004 0"><span class='ocrx_word' id='word_1_383' title='bbox 1533 4429 1696 4517; x_wconf 90' lang='grc' dir='ltr'>ΑΙ)</span> <span class='ocrx_word' id='word_1_384' title='bbox 1785 4425 2478 4513; x_wconf 86' lang='lat' dir='ltr'>EUSEBIUM</span> 
     </span>
    </p>
   </div>
   <div class='ocr_carea' id='block_1_38' title="bbox 1691 4601 2288 4668">
    <p class='ocr_par' dir='ltr' id='par_1_38' title="bbox 1691 4601 2288 4668">
     <span class='ocr_line' id='line_1_38' title="bbox 1691 4601 2288 4668; baseline -0.003 -8"><span class='ocrx_word' id='word_1_385' title='bbox 1691 4604 1882 4661; x_wconf 81' lang='lat' dir='ltr'>LIBRI</span> <span class='ocrx_word' id='word_1_386' title='bbox 1921 4601 2288 4668; x_wconf 85' lang='lat' dir='ltr'>QUATUOR.</span> 
     </span>
    </p>
   </div>
   <div class='ocr_carea' id='block_1_39' title="bbox 1698 4864 2338 4933">
    <p class='ocr_par' dir='ltr' id='par_1_39' title="bbox 1698 4864 2338 4933">
     <span class='ocr_line' id='line_1_39' title="bbox 1698 4864 2338 4933; baseline -0.008 0"><span class='ocrx_word' id='word_1_387' title='bbox 1698 4864 2338 4933; x_wconf 86' lang='lat' dir='ltr'>PROLOGUS.</span> 
     </span>
    </p>
   </div>
   <div class='ocr_carea' id='block_1_40' title="bbox 370 5182 3725 5275">
    <p class='ocr_par' dir='ltr' id='par_1_40' title="bbox 370 5182 3725 5275">
     <span class='ocr_line' id='line_1_40' title="bbox 370 5182 3725 5275; baseline -0.007 -4"><span class='ocrx_word' id='word_1_388' title='bbox 370 5214 500 5271; x_wconf 70' lang='lat'>1-2</span> <span class='ocrx_word' id='word_1_389' title='bbox 533 5210 734 5269; x_wconf 86' lang='lat' dir='ltr'>Plures</span> <span class='ocrx_word' id='word_1_390' title='bbox 762 5207 963 5273; x_wconf 87' lang='lat' dir='ltr'>fuisse,</span> <span class='ocrx_word' id='word_1_391' title='bbox 997 5203 1097 5275; x_wconf 88' lang='lat' dir='ltr'>qui</span> <span class='ocrx_word' id='word_1_392' title='bbox 1127 5200 1439 5274; x_wconf 82' lang='lat' dir='ltr'>Evangelia</span> <span class='ocrx_word' id='word_1_393' title='bbox 1480 5199 1858 5269; x_wconf 87' lang='lat' dir='ltr'>scripserunt,</span> <span class='ocrx_word' id='word_1_394' title='bbox 1891 5202 1947 5252; x_wconf 91' lang='lat' dir='ltr'>et</span> <span class='ocrx_word' id='word_1_395' title='bbox 1975 5198 2028 5264; x_wconf 84' lang='grc' dir='ltr'><strong>Α</strong></span> <span class='ocrx_word' id='word_1_396' title='bbox 2065 5196 2231 5251; x_wconf 78' lang='lat' dir='ltr'>multi</span> <span class='ocrx_word' id='word_1_397' title='bbox 2259 5196 2446 5251; x_wconf 83' lang='lat' dir='ltr'>conati</span> <span class='ocrx_word' id='word_1_398' title='bbox 2471 5197 2599 5250; x_wconf 86' lang='lat' dir='ltr'>sunt</span> <span class='ocrx_word' id='word_1_399' title='bbox 2627 5182 2894 5250; x_wconf 78' lang='lat' dir='ltr'>ordinare</span> <span class='ocrx_word' id='word_1_400' title='bbox 2950 5194 3331 5248; x_wconf 81' lang='lat' dir='ltr'>narrationem</span> <span class='ocrx_word' id='word_1_401' title='bbox 3362 5207 3568 5258; x_wconf 84' lang='lat' dir='ltr'>rerum,</span> <span class='ocrx_word' id='word_1_402' title='bbox 3601 5205 3725 5260; x_wconf 75' lang='lat' dir='ltr'>qua:</span> 
     </span>
    </p>
   </div>
   <div class='ocr_carea' id='block_1_41' title="bbox 301 5278 3721 5369">
    <p class='ocr_par' dir='ltr' id='par_1_41' title="bbox 301 5278 3721 5369">
     <span class='ocr_line' id='line_1_41' title="bbox 301 5278 3721 5369; baseline -0.008 -8"><span class='ocrx_word' id='word_1_403' title='bbox 301 5305 488 5361; x_wconf 86' lang='lat' dir='ltr'>Lucas</span> <span class='ocrx_word' id='word_1_404' title='bbox 524 5296 882 5369; x_wconf 87' lang='lat' dir='ltr'>evangelista</span> <span class='ocrx_word' id='word_1_405' title='bbox 902 5292 1380 5356; x_wconf 84' lang='lat' dir='ltr'>testatur,dicens</span> <span class='ocrx_word' id='word_1_406' title='bbox 1404 5306 1416 5344; x_wconf 90' lang='lat'><strong>:</strong></span> <span class='ocrx_word' id='word_1_407' title='bbox 1444 5289 1712 5358; x_wconf 84' lang='lat' dir='ltr'>Quoniam</span> <span class='ocrx_word' id='word_1_408' title='bbox 1734 5287 1949 5359; x_wconf 81' lang='lat' dir='ltr'>quidem</span> <span class='ocrx_word' id='word_1_409' title='bbox 2058 5281 2119 5340; x_wconf 75' lang='lat' dir='ltr'>in</span> <span class='ocrx_word' id='word_1_410' title='bbox 2148 5285 2302 5341; x_wconf 82' lang='lat' dir='ltr'>nobis</span> <span class='ocrx_word' id='word_1_411' title='bbox 2325 5285 2599 5356; x_wconf 63' lang='lat' dir='ltr'>completas</span> <span class='ocrx_word' id='word_1_412' title='bbox 2622 5287 2769 5350; x_wconf 83' lang='lat' dir='ltr'>sunt,</span> <span class='ocrx_word' id='word_1_413' title='bbox 2802 5284 2944 5337; x_wconf 82' lang='lat' dir='ltr'>sicut</span> <span class='ocrx_word' id='word_1_414' title='bbox 2983 5282 3349 5337; x_wconf 85' lang='lat' dir='ltr'>tradiderunt</span> <span class='ocrx_word' id='word_1_415' title='bbox 3390 5278 3568 5349; x_wconf 83' lang='lat' dir='ltr'>nobis,</span> <span class='ocrx_word' id='word_1_416' title='bbox 3620 5279 3721 5351; x_wconf 84' lang='lat' dir='ltr'>qui</span> 
     </span>
    </p>
   </div>
   <div class='ocr_carea' id='block_1_42' title="bbox 374 5439 3714 5522">
    <p class='ocr_par' dir='ltr' id='par_1_42' title="bbox 374 5439 3714 5522">
     <span class='ocr_line' id='line_1_42' title="bbox 374 5439 3714 5522; baseline -0.007 -4"><span class='ocrx_word' id='word_1_417' title='bbox 374 5468 390 5500; x_wconf 88' lang='grc'>¹</span> <span class='ocrx_word' id='word_1_418' title='bbox 424 5463 535 5518; x_wconf 84' lang='lat' dir='ltr'>Sex</span> <span class='ocrx_word' id='word_1_419' title='bbox 566 5475 709 5515; x_wconf 82' lang='lat' dir='ltr'>mss.</span> <span class='ocrx_word' id='word_1_420' title='bbox 743 5457 970 5513; x_wconf 91' lang='lat' dir='ltr'>codices</span> <span class='ocrx_word' id='word_1_421' title='bbox 1005 5453 1140 5508; x_wconf 86' lang='lat' dir='ltr'>huic</span> <span class='ocrx_word' id='word_1_422' title='bbox 1174 5451 1663 5522; x_wconf 14' lang='lat' dir='ltr'>recognoscendo,</span> <span class='ocrx_word' id='word_1_423' title='bbox 1691 5449 1749 5502; x_wconf 87' lang='lat' dir='ltr'>in</span> <span class='ocrx_word' id='word_1_424' title='bbox 1809 5448 1948 5502; x_wconf 85' lang='lat' dir='ltr'>Mat-</span> <span class='ocrx_word' id='word_1_425' title='bbox 2059 5446 2435 5522; x_wconf 82' lang='lat' dir='ltr'>priores__duo</span> <span class='ocrx_word' id='word_1_426' title='bbox 2457 5446 2745 5522; x_wconf 76' lang='lat' dir='ltr'>vetustate</span> <span class='ocrx_word' id='word_1_427' title='bbox 2777 5447 2948 5522; x_wconf 72' lang='lat' dir='ltr'>atque</span> <span class='ocrx_word' id='word_1_428' title='bbox 2981 5441 3390 5522; x_wconf 66' lang='lat' dir='ltr'>emendatione</span> <span class='ocrx_word' id='word_1_429' title='bbox 3429 5439 3714 5522; x_wconf 78' lang='lat' dir='ltr'>insignes.</span> 
     </span>
    </p>
   </div>
   <div class='ocr_carea' id='block_1_43' title="bbox 299 5513 3719 5595">
    <p class='ocr_par' dir='ltr' id='par_1_43' title="bbox 299 5513 3719 5595">
     <span class='ocr_line' id='line_1_43' title="bbox 299 5513 3719 5595; baseline -0.007 -5"><span class='ocrx_word' id='word_1_430' title='bbox 299 5513 535 5591; x_wconf 32' lang='lat' dir='ltr'>thzeur&#39;nﬁ</span> <span class='ocrx_word' id='word_1_431' title='bbox 554 5513 949 5587; x_wconf 58' lang='lat' dir='ltr'>Ctiinmentario</span> <span class='ocrx_word' id='word_1_432' title='bbox 981 5525 1282 5595; x_wconf 79' lang='lat' dir='ltr'>suppetias</span> <span class='ocrx_word' id='word_1_433' title='bbox 1306 5513 1588 5595; x_wconf 62' lang='lat' dir='ltr'>tulerunt.</span> <span class='ocrx_word' id='word_1_434' title='bbox 1611 5521 1785 5595; x_wconf 75' lang='lat' dir='ltr'>Unus</span> <span class='ocrx_word' id='word_1_435' title='bbox 1810 5537 1947 5595; x_wconf 64' lang='lat' dir='ltr'>prre-</span> <span class='ocrx_word' id='word_1_436' title='bbox 2059 5513 2202 5572; x_wconf 65' lang='lat' dir='ltr'>item</span> <span class='ocrx_word' id='word_1_437' title='bbox 2238 5515 2718 5595; x_wconf 68' lang='lat' dir='ltr'>aliusPalatinus</span> <span class='ocrx_word' id='word_1_438' title='bbox 2749 5516 2858 5595; x_wconf 75' lang='lat' dir='ltr'>sub</span> <span class='ocrx_word' id='word_1_439' title='bbox 2890 5515 3322 5595; x_wconf 44' lang='lat' dir='ltr'>niim.‘_5,qliem</span> <span class='ocrx_word' id='word_1_440' title='bbox 3346 5513 3719 5595; x_wconf 31' lang='lat' dir='ltr'>vexatisotan-</span> 
     </span>
    </p>
   </div>
   <div class='ocr_carea' id='block_1_44' title="bbox 299 5584 3714 5679">
    <p class='ocr_par' dir='ltr' id='par_1_44' title="bbox 299 5584 3714 5679">
     <span class='ocr_line' id='line_1_44' title="bbox 299 5584 3714 5679; baseline -0.006 -18"><span class='ocrx_word' id='word_1_441' title='bbox 541 5584 943 5679; x_wconf 73' lang='lat' dir='ltr'>forma,probze</span> <span class='ocrx_word' id='word_1_442' title='bbox 976 5584 1172 5679; x_wconf 55' lang='lat' dir='ltr'>autem</span> <span class='ocrx_word' id='word_1_443' title='bbox 1206 5602 1373 5679; x_wconf 51' lang='lat' dir='ltr'>notia,</span> <span class='ocrx_word' id='word_1_444' title='bbox 1399 5584 1943 5679; x_wconf 44' lang='lat' dir='ltr'>ex‘l&#39;iibliothece</span> <span class='ocrx_word' id='word_1_445' title='bbox 2057 5590 2365 5679; x_wconf 53' lang='lat' dir='ltr'>tumm‘qdo</span> <span class='ocrx_word' id='word_1_446' title='bbox 2396 5587 2536 5641; x_wconf 89' lang='lat' dir='ltr'>locis</span> <span class='ocrx_word' id='word_1_447' title='bbox 2568 5587 2622 5640; x_wconf 87' lang='lat' dir='ltr'>in</span> <span class='ocrx_word' id='word_1_448' title='bbox 2648 5585 2968 5679; x_wconf 45' lang='lat' dir='ltr'>collsilium</span> <span class='ocrx_word' id='word_1_449' title='bbox 2985 5584 3714 5679; x_wconf 25' lang='lat' dir='ltr'>“aghi‘buimﬂsllgeﬁniqlu‘e</span> 
     </span>
    </p>
   </div>
   <div class='ocr_carea' id='block_1_45' title="bbox 299 5654 3710 5735">
    <p class='ocr_par' dir='ltr' id='par_1_45' title="bbox 299 5654 3710 5735">
     <span class='ocr_line' id='line_1_45' title="bbox 299 5654 3710 5735; baseline -0.006 -2"><span class='ocrx_word' id='word_1_450' title='bbox 530 5654 942 5730; x_wconf 46' lang='lat' dir='ltr'>i’RJéédQéiem</span> <span class='ocrx_word' id='word_1_451' title='bbox 977 5671 1048 5724; x_wconf 86' lang='lat' dir='ltr'>de</span> <span class='ocrx_word' id='word_1_452' title='bbox 1083 5668 1251 5735; x_wconf 87' lang='lat' dir='ltr'>Urbe,</span> <span class='ocrx_word' id='word_1_453' title='bbox 1285 5654 1426 5720; x_wconf 78' lang='lat' dir='ltr'>Tres</span> <span class='ocrx_word' id='word_1_454' title='bbox 1477 5661 1950 5735; x_wconf 48' lang='lat' dir='ltr'>Vaticaiio-lfala-</span> <span class='ocrx_word' id='word_1_455' title='bbox 2060 5678 2210 5714; x_wconf 87' lang='lat' dir='ltr'>unus</span> <span class='ocrx_word' id='word_1_456' title='bbox 2240 5657 2748 5735; x_wconf 59' lang='lat' dir='ltr'>Yaticaiius,_oliin</span> <span class='ocrx_word' id='word_1_457' title='bbox 2783 5657 3014 5735; x_wconf 70' lang='lat' dir='ltr'>Reginae</span> <span class='ocrx_word' id='word_1_458' title='bbox 3045 5657 3387 5735; x_wconf 72' lang='lat' dir='ltr'>Succorum,</span> <span class='ocrx_word' id='word_1_459' title='bbox 3423 5672 3584 5710; x_wconf 90' lang='lat' dir='ltr'>num.</span> <span class='ocrx_word' id='word_1_460' title='bbox 3618 5654 3710 5725; x_wconf 78' lang='grc'>40,</span> 
     </span>
    </p>
   </div>
   <div class='ocr_carea' id='block_1_46' title="bbox 299 5726 1888 5815">
    <p class='ocr_par' dir='ltr' id='par_1_46' title="bbox 299 5726 1888 5815">
     <span class='ocr_line' id='line_1_46' title="bbox 299 5726 1888 5815; baseline -0.014 -5"><span class='ocrx_word' id='word_1_461' title='bbox 299 5726 857 5815; x_wconf 18' lang='lat' dir='ltr'>unianimem—87176,</span> <span class='ocrx_word' id='word_1_462' title='bbox 891 5742 990 5799; x_wconf 84' lang='grc'>177</span> <span class='ocrx_word' id='word_1_463' title='bbox 1021 5745 1077 5801; x_wconf 83' lang='lat' dir='ltr'>et</span> <span class='ocrx_word' id='word_1_464' title='bbox 1126 5726 1598 5811; x_wconf 48' lang='lat' dir='ltr'>t8l&#39;preanotati,</span> <span class='ocrx_word' id='word_1_465' title='bbox 1651 5753 1680 5792; x_wconf 88' lang='lat' dir='ltr'>e</span> <span class='ocrx_word' id='word_1_466' title='bbox 1732 5734 1888 5809; x_wconf 75' lang='lat' dir='ltr'>quibi</span> 
     </span>
    </p>
   </div>
   <div class='ocr_carea' id='block_1_47' title="bbox 1972 5726 3561 5815">
    <p class='ocr_par' dir='ltr' id='par_1_47' title="bbox 2059 5726 3561 5808">
     <span class='ocr_line' id='line_1_47' title="bbox 2059 5726 3561 5808; baseline -0.003 -20"><span class='ocrx_word' id='word_1_467' title='bbox 2059 5746 2233 5808; x_wconf 87' lang='lat' dir='ltr'>quem</span> <span class='ocrx_word' id='word_1_468' title='bbox 2265 5731 2426 5789; x_wconf 69' lang='lat' dir='ltr'>boum</span> <span class='ocrx_word' id='word_1_469' title='bbox 2462 5728 2645 5804; x_wconf 84' lang='lat' dir='ltr'>frugis</span> <span class='ocrx_word' id='word_1_470' title='bbox 2675 5744 2809 5786; x_wconf 88' lang='lat' dir='ltr'>cum</span> <span class='ocrx_word' id='word_1_471' title='bbox 2841 5726 3050 5803; x_wconf 73' lang='lat' dir='ltr'>primis</span> <span class='ocrx_word' id='word_1_472' title='bbox 3081 5726 3302 5804; x_wconf 81' lang='lat' dir='ltr'>experti</span> <span class='ocrx_word' id='word_1_473' title='bbox 3334 5742 3561 5785; x_wconf 86' lang='lat' dir='ltr'>sumus.</span> 
     </span>
    </p>
   </div>
  </div>
