4024 6196
292 362 367 425 19
1532 373 1597 433 S.
1645 373 1955 435 EUSEBII
2002 372 2451 434 HIERONYMI
3626 374 3705 434 20

294 500 353 553 et
379 496 485 552 5-6
515 496 614 568 qui
663 498 824 555 solus
883 501 1100 557 decruc
1132 518 1161 557 e
1216 503 1433 559 meruit
1492 506 1732 562 audire:
1804 510 1938 561 Ecce
1970 509 2018 573 Α
2053 506 2263 574 (Et-erle.
2298 524 2336 571 1,
2382 508 2457 576 8).

294 596 475 643 mater
503 593 611 643 tua.
640 588 816 649 (Joan.
842 608 957 657 x1x,
989 592 1098 664 2'7).
1138 594 1188 647 Is
1221 610 1377 665 cum,
1396 600 1519 648 eset
1566 595 1621 649 in
1676 597 1831 663 Asia,
1882 602 1937 650 et

289 677 416 748 jam
447 681 587 733 tunc
619 678 1023 736 haereticorum
1066 682 1291 738 semina
1330 684 1704 756 pullularent,
1739 687 1935 741 Cerin-

294 765 404 834 tbi,
436 766 694 834 Ebionis,
730 772 787 823 et
835 775 1175 826 caeterorum
1229 772 1330 844 qui
1379 780 1594 845 negant
1641 775 1939 830 Christum

294 854 357 910 in
388 872 561 911 carne
590 858 840 925 venisse,
872 876 1020 930 quos
1050 865 1104 915 et
1146 862 1270 933 ipse
1310 861 1370 916 in
1414 863 1669 935 Epistola
1700 882 1807 919 sua
1838 882 1939 919 an-

296 943 597 1001 tichristos
625 951 791 1002 vocat
823 950 907 1019 (11,
956 951 1111 1005 Joan.
1143 950 1221 1019 7),
1273 954 1329 1005 et
1377 952 1676 1023 apostolus
1723 953 1941 1009 Paulus

296 1034 630 1105 frequenter
678 1038 928 1108 percutit
959 1038 1136 1109 (Rom.
1171 1057 1257 1106 111,
1286 1043 1388 1109 20;
1432 1044 1484 1098 11
1539 1041 1658 1097 Cor.
1714 1061 1766 1097 v.
1832 1046 1939 1113 16),

272 1127 536 1178 coactus
562 1128 647 1179 est
675 1126 746 1180 ab
779 1126 1055 1182 omnibus
1085 1144 1232 1199 pene
1262 1134 1402 1184 tunc
1432 1131 1581 1185 Asizc
1630 1132 1938 1205 episcopis,

298 1216 358 1268 et
388 1211 709 1268 multarum
733 1213 1120 1271 Ecclesiarum
1145 1216 1555 1288 legationibus,
1581 1220 1649 1274 de
1673 1221 1943 1276 divinita-

299 1305 357 1356 te
406 1301 720 1358 Salvatoris
751 1303 928 1359 altius
958 1305 1229 1377 scribere,
1265 1310 1322 1361 et
1353 1308 1422 1362 ad
1476 1308 1668 1379 ipsum
1730 1310 1817 1381 (ut
1868 1314 1946 1367 ita

305 1391 519 1457 dicam)
550 1391 649 1446 Dei
680 1393 943 1464 verbum,
978 1411 1093 1449 non
1119 1399 1238 1450 tam
1271 1397 1498 1464 audaci,
1553 1417 1726 1469 quam
1794 1401 1943 1455 felici

303 1480 636 1535 temeritate
688 1498 1086 1554 prorumpere.
1150 1487 1217 1539 Et
1274 1486 1667 1542 ecclesiastica
1702 1495 1940 1545 narrat'

308 1568 579 1640 Historia,
615 1586 747 1625 cum
774 1588 808 1625 a
839 1573 1123 1628 fratribus
1175 1579 1479 1646 cogeretur
1528 1584 1592 1630 ut
1639 1579 1943 1645 scriberet,

307 1655 389 1711 ita
419 1657 708 1712 facturum
743 1675 803 1714 se
837 1662 1233 1731 respondisse,
1266 1663 1309 1718 si
1364 1664 1583 1720 indicto
1622 1667 1853 1737 jejunio
1890 1670 1946 1723 in

306 1762 621 1801 commune
650 1764 855 1803 omnes
887 1750 1069 1804 Deum
1104 1758 1479 1821 precarentur
1509 1756 1613 1822 [Αἰ.
1669 1758 1945 1828 depreca~

2516 505 2678 560 Unde
2721 508 2777 560 et
2825 503 3205 577 Apocalypsis
3250 503 3516 571 Joannis,
3566 510 3699 577 post

2048 595 2466 665 expositionem
2500 595 2698 666 viginti
2736 602 2986 667 quatuor
3017 593 3312 649 seniorum
3346 595 3445 666 qui
3487 601 3692 650 tenen-

2048 688 2135 739 tes
2168 684 2423 739 citharas
2454 691 2510 739 et
2559 684 2804 755 phialas,
2865 685 3188 740 adorabant
3250 684 3364 748 [ίί.
3417 685 3698 757 adorant]

2048 778 2279 841 Agnum
2311 774 2429 843 Dei,
2464 774 2783 828 introducit
2814 774 3065 845 fulgura,
3100 778 3155 827 et
3182 773 3467 839 tonitrua,
3500 778 3557 828 et
3615 792 3707 829 se—

2049 866 2202 933 ptem
2228 863 2471 933 spiritus
2494 863 2907 927 discurrentes,
2936 868 2989 917 et
3014 879 3173 917 mare
3202 862 3448 916 vitreum
3478 867 3535 917 et
3559 880 3701 934 qua-

2050 957 2182 1006 tuor
2213 951 2490 1006 animalia
2521 952 2692 1024 plena
2724 952 2906 1007 oculis
2941 954 3121 1023 (Apoc.
3167 970 3244 1015 1v,
3275 952 3422 1018 4-6),
3458 952 3659 1007 dicens
3692 970 3704 1008 :

2050 1042 2269 1095 Animal
2296 1044 2553 1113 primum
2602 1044 2783 1097 simile
2847 1043 3011 1105 leoni,
3069 1046 3119 1096 ei
3164 1040 3463 1095 secundum
3511 1042 3701 1096 simile

2051 1132 2221 1184 rit-alo
2253 1139 2304 1184 et
2344 1132 2566 1185 tertiam
2613 1132 2796 1185 simile
2836 1131 3066 1196 homini,
3119 1132 3169 1183 et
3213 1138 3469 1200 quartum
3520 1131 3705 1185 simile

2052 1220 2259 1289 aquila?
2322 1220 2534 1273 volanti
2607 1220 2765 1290 (Ibid.
2851 1222 2927 1286 7).
3016 1219 3082 1272 Et
3161 1223 3291 1289 post
3356 1217 3700 1290 paululum:

2054 1310 2226 1362 Plena
2254 1312 2437 1373 erant,
2464 1308 2673 1379 inquit,
2708 1309 2899 1371 oculis,
2930 1318 2982 1362 et
3018 1310 3255 1379 requiem
3284 1324 3396 1362 non.
3437 1308 3709 1363 habebant

2054 1398 2142 1451 die
2191 1415 2253 1451 ac
2290 1402 2461 1462 norle,
2510 1398 2791 1451 dicentia:
2852 1398 3106 1463 Sanctus,
3166 1398 3415 1466 Sanctus,
3476 1399 3706 1453 Sanctus

2058 1488 2316 1541 Dominus
2349 1492 2492 1542 Deus
2543 1490 2899 1557 omnipotens,
2952 1489 3050 1558 qui
3087 1491 3224 1551 erat,
3258 1490 3310 1540 et
3348 1489 3444 1557 qui
3500 1493 3598 1556 est,
3657 1496 3711 1542 et

2058 1578 2155 1645 qui
2186 1582 2439 1630 venturas
2469 1584 2544 1630 est
2576 1576 2734 1646 (Ibid.
2763 1576 2838 1646 8).
2880 1576 3103 1639 Quibus
3136 1576 3367 1630 cunctis
3400 1576 3706 1647 perspicue

2059 1667 2407 1733 ostenditur,
2436 1670 2686 1736 quatuor
2720 1670 2946 1720 tantum
2983 1664 3293 1736 Evangelia
3342 1666 3553 1720 debere
3601 1682 3707 1720 su—

2061 1754 2225 1825 seipi,
2252 1759 2307 1808 ct
2329 1772 2529 1809 omnes
2555 1756 3019 1827 apocrypliorum
3039 1753 3257 1809 manias
3282 1754 3526 1809 mortuis
3548 1756 3569 1788 ²
3599 1770 3715 1809 ma-

302 1835 562 1907 rentur]:
606 1852 719 1907 quo
751 1836 999 1910 expleto,
1025 1840 1371 1897 revelatione
1394 1847 1779 1915 saturatus,in
1803 1847 1945 1902 illud
1986 1882 2028 1945 Β
2060 1844 2149 1915 gis
2182 1843 2489 1913 hzereticis,
2527 1861 2703 1915 quam
2738 1843 3150 1898 ecclesiasticis
3207 1843 3352 1898 vivis
3397 1843 3707 1898 canendas.

306 1924 613 1945 ___”,__,
689 1926 809 1945 ην
915 1929 993 1945 γ.
1307 1936 1315 1945 ,
1403 1932 1435 1945 .,
1544 1939 1564 1945 _
1761 1939 1920 1945 ,,,
2067 1934 2181 1945 nn
2432 1934 2440 1942 .
2602 1934 2637 1945 τ,
3052 1932 3173 1945 ,,.
3464 1932 3503 1945 ἢ

304 1924 621 1995 proemium
679 1926 820 1983 cmlo
866 1929 1106 1984 veniens
1161 1932 1477 1987 cructavit:
1538 1939 1603 1990 In
1675 1939 1951 2007 prinripio

306 2018 426 2068 erat
470 2015 716 2085 Verbum,
748 2021 798 2072 et
833 2018 1057 2073 Verbum
1096 2028 1214 2074 erat
1264 2022 1412 2090 apud
1458 2024 1651 2090 Deam,
1701 2031 1753 2080 et
1813 2030 1951 2082 Deus

304 2106 423 2157 erat
454 2105 701 2160 Verbum:
731 2106 830 2162 hoc
858 2117 981 2162 erat
1013 2110 1071 2161 in
1101 2112 1383 2180 principio
1409 2113 1555 2183 apud
1584 2117 1752 2168 Deam.
1778 2117 1952 2185 (Joan.

307 2209 346 2261 Ι,
406 2193 462 2261 2)
514 2193 641 2249 Hinc
688 2194 869 2265 igitur
911 2203 1163 2267 quatuor
1222 2201 1530 2273 Evangelia
1586 2203 1772 2256 multo
1823 2210 1958 2259 ante

310 2282 605 2352 prazdicta,
631 2284 944 2340 Ezechielis
966 2290 1481 2357 quoquevolumen
1508 2296 1734 2362 probat,
1766 2294 1821 2348 in
1844 2314 1957 2366 quo

316 2369 507 2441 prima
526 2371 671 2428 visio
702 2373 783 2428 ita
814 2376 1176 2432 contexitur:
1204 2383 1269 2434 Et
1300 2382 1358 2433 in
1383 2384 1567 2435 medio
1626 2384 1769 2437 sicut
1809 2388 1961 2440 simi-

317 2458 492 2513 litudo
530 2465 765 2533 quatuor
787 2465 1160 2520 animantium
1191 2483 1202 2520 :
1236 2470 1286 2522 et
1322 2470 1501 2523 vultus
1558 2488 1746 2526 eorum
1790 2477 1961 2543 [aries

319 2549 557 2605 hominis
586 2558 637 2605 et
680 2554 856 2622 facies
913 2554 1104 2625 leonis,
1152 2565 1204 2611 et
1246 2560 1424 2625 facies
1476 2561 1663 2628 vitali,
1714 2568 1763 2617 et
1792 2567 1961 2632 [acies

319 2639 529 2709 aquilae
576 2641 788 2704 (Ezech.
847 2659 891 2709 1,
946 2645 1000 2697 5.
1064 2645 1171 2715 10).
1231 2647 1430 2703 Prima
1486 2649 1742 2705 hominis
1788 2654 1961 2709 facies

319 2727 659 2784 Matthaeum
689 2730 1002 2803 signiﬁcat,
1036 2735 1135 2805 qui
1170 2736 1336 2805 quasi
1368 2739 1436 2791 de
1469 2737 1705 2794 homine
1723 2758 1963 2798 exorsus

319 2820 409 2871 est
437 2818 691 2899 scribere
722 2822 881 2875 Liber
907 2826 1272 2891 generationis
1302 2828 1425 2881 Jesu
1459 2828 1680 2895 Christi,
1716 2832 1827 2899 ﬁlii
1854 2834 1962 2887 Da-

318 2905 435 2970 vid,
465 2907 880 2976 ﬁliiAbraham
913 2912 1131 2981 (Matth.
1168 2930 1207 2970 1.
1240 2914 1961 2988 i).SccundaMarcum,in

320 3010 435 3067 quo
465 2995 573 3066 [Αἱ.
606 2998 890 3070 qua),vox
913 3000 1095 3056 leonis
1118 3020 1176 3056 1n
1201 3018 1397 3058 eremo
1422 3007 1705 3075 rugientis
1729 3010 1966 3064 auditur

314 3083 435 3138 γοα)
465 3084 759 3141 clamantis
790 3089 848 3141 in
878 3088 1084 3144 deserto
1133 3090 1244 3161 (Al.
1297 3096 1521 3165 eremo.)
1576 3098 1768 3165 parale
1812 3101 1964 3153 vium

320 3173 559 3239 Domini,
618 3179 789 3230 rectas
843 3178 1011 3251 facite
1071 3183 1290 3235 semitas
1347 3183 1463 3254 ejas
1539 3186 1722 3254 (Marc,
1786 3204 1822 3241 1.
1884 3189 1960 3255 3).

2066 1934 2335 2003 Satisque
2367 1934 2562 1998 miror,
2599 1933 2811 1987 Eusebi
2842 1933 2862 1966 ³
2896 1932 3296 1997 dilectissime,
3330 1949 3433 1986 cur
3464 1932 3709 1987 Romam

2068 2022 2260 2075 subito
2296 2022 2859 2091 navigaturus,hanc
2887 2022 3040 2076 tibia
3062 2039 3153 2075 me
3168 2021 3337 2092 quasi
3361 2020 3660 2075 sitarciam
3691 2023 3710 2055 θ

2069 2110 2192 2164 dari
2241 2111 2513 2178 volueris,
2575 2116 2637 2165 ut
2696 2111 3031 2165 Matthacum
3083 2110 3330 2164 breviter
3391 2126 3710 2181 exponens,

2069 2200 2258 2253 verbis
2303 2200 2670 2269 stringerem,
2730 2200 3004 2254 sensibus
3044 2200 3371 2254 dilatarem.
3408 2199 3464 2253 Si
3502 2198 3710 2252 memi-

2072 2290 2259 2342 nisses
2293 2290 2690 2360 responsionis
2724 2306 2883 2357 mea),
2918 2306 3222 2360 nunquam
3259 2288 3317 2341 in
3350 2287 3551 2358 paucis
3586 2287 3710 2342 die-

2072 2378 2181 2432 bus
2214 2395 2333 2431 rem
2360 2395 2644 2433 annorum
2679 2384 2924 2449 peteres.
2959 2377 3218 2431 Primum
3269 2376 3423 2430 enim
3478 2375 3715 2430 difficile

2071 2472 2159 2521 est
2191 2484 2392 2521 omnes
2414 2466 2603 2537 legere
2626 2469 2725 2537 qui
2752 2467 2811 2520 in
2841 2465 3149 2536 Evangelia
3174 2466 3298 2520 7-8
3324 2465 3715 2536 scripserunt.

2073 2556 2290 2611 Deinde
2326 2556 2507 2610 multo
2532 2556 2857 2625 difﬁcilius,
2884 2554 3401 2626 adbibitojudicio,
3422 2571 3551 2625 qua:
3571 2553 3714 2625 opti-

2074 2662 2170 2699 ma
2200 2650 2339 2699 sunt
2370 2645 2641 2716 recipere.
2678 2646 2916 2716 Legisse
2948 2661 3039 2700 me
3064 2645 3246 2700 lateor
3276 2645 3296 2678 ⁵
3328 2648 3464 2698 ante
3512 2659 3716 2697 omnes

2074 2734 2360 2806 plurimos
2392 2734 2450 2789 in
2484 2735 2815 2789 Matthzeum
2848 2733 3113 2805 Origenis
3153 2733 3401 2805 vinginti
3457 2731 3716 2804 quinque

2072 2823 2392 2885 volumina,
2428 2829 2485 2878 et
2516 2823 2756 2879 totidem
2786 2825 2914 2894 ejus
2946 2822 3246 2889 Homilias,
3286 2821 3712 2878 commaticum.

2075 2931 2184 2985 que
2236 2913 2735 2983 interpretationis
2791 2928 3004 2984 genus:
3068 2923 3124 2966 et
3166 2909 3470 2981 Theophili
3519 2908 3717 2964 Antio-

2074 3002 2269 3056 chenze
2328 3003 2491 3055 urbis
2549 2997 2802 3073 episcopi
2862 2998 3355 3054 Commentarios:
3426 2996 3719 3068 Hippolyti

2075 3108 2304 3163 quoque
2338 3091 2631 3163 martyris,
2666 3095 2721 3145 et
2751 3088 3033 3145 Theodori
3085 3087 3451 3149 Heracleotes,
3494 3083 3717 3157 Apolli-

2075 3180 2353 3251 narisque
2414 3180 2743 3250 Laudiceni,
2799 3195 2863 3233 ac
2909 3177 3137 3249 Didymi
3187 3174 3596 3240 Alexandrini;
3666 3177 3723 3229 et

325 3263 520 3318 Tertia
550 3263 738 3331 vituli,
775 3282 901 3336 quae
933 3269 1347 3338 evangelistam
1384 3278 1593 3327 Lucam
1630 3292 1661 3328 a
1690 3277 1967 3333 Zacharia
1998 3257 2039 3322 C
2078 3269 2438 3335 Latinorum,
2473 3267 3022 3336 Hilarii,Victorini,
3046 3264 3445 3321 Fortunatiani
3468 3266 3507 3332 δ,
3532 3263 3722 3333 Opus-

329 3352 629 3407 sacerdote
657 3354 987 3425 sumpsisse
1016 3356 1252 3411 initium
1285 3360 1618 3431 prmﬁgurat
1640 3362 1788 3433 (Luc.
1825 3382 1864 3429 1,
1887 3365 1963 3435 5).

326 3440 543 3506 Quarta
571 3441 857 3498 Joannem
889 3444 1333 3515 evangelistam,
1366 3448 1462 3519 qui
1488 3439 1808 3522 assumptis
1833 3470 1968 3523 pen-

326 3529 422 3584 nis
452 3529 680 3603 aquilae,
713 3535 769 3586 et
800 3533 871 3587 ad
902 3532 1111 3589 altiora
1160 3536 1466 3605 festinans,
1507 3540 1578 3594 de
1625 3540 1815 3596 Verbo
1865 3543 1964 3598 Dei

326 3617 589 3690 disputat
617 3620 800 3691 (Joan.
825 3638 864 3687 1,
896 3623 1340 3695 1).Cateraquae
1364 3633 1697 3698 sequuntur
1716 3630 1774 3684 in
1798 3647 1967 3685 eum-

324 3707 459 3763 dem
492 3725 731 3765 sensum
755 3711 1088 3782 proﬁciunt.
1113 3715 1295 3769 Crura
1324 3732 1525 3772 eorum
1554 3724 1728 3785 recta,
1756 3725 1809 3774 et
1834 3738 1968 3791 pen-

325 3796 446 3851 nati
476 3798 654 3869 pedes
685 3802 742 3854 et
788 3816 1137 3873 quocunque
1186 3803 1307 3858 ibat
1362 3805 1621 3881 spiritus,
1676 3808 1857 3879 ibant,
1910 3814 1967 3863 et

325 3901 442 3941 non
467 3888 904 3944 revertebantur
942 3890 1153 3961 (Ezech.
1206 3909 1246 3957 1,
1294 3894 1387 3965 9):
1441 3899 1500 3949 et
1545 3896 1718 3951 dorsa
1764 3914 1964 3953 eorum

323 3974 497 4047 plena
525 3976 712 4034 oculis
741 3978 957 4046 (Ezeeh.
998 3996 1055 4046 x,
1110 3981 1216 4052 12),
1277 3987 1334 4037 et
1388 3984 1657 4038 scintilla:
1704 4003 1771 4040 ac
1820 3986 1965 4042 lam-

325 4064 505 4136 pades
536 4065 595 4120 in
624 4066 815 4121 medio
862 4067 1259 4125 discurrentes
1313 4072 1525 4142 (Ezech.
1551 4091 1587 4143 1,
1620 4076 1697 4146 7),
1732 4079 1787 4129 et
1843 4081 1969 4131 rota

324 4152 385 4208 in
416 4157 543 4211 rota
572 4154 785 4227 (Ezech.
816 4173 873 4225 Χ,
911 4157 1019 4229 10),
1050 4162 1107 4214 et
1136 4158 1196 4214 in
1227 4159 1477 4232 singulis
1507 4168 1761 4233 quatuor
1790 4164 1968 4220 facies

402 4388 418 4422 ¹
451 4386 603 4464 Editi
631 4387 865 4460 legunt:
894 4391 1048 4464 Unde
1075 4398 1127 4446 et
1173 4393 1535 4448 ecclesiastica
1579 4406 1797 4464 narrat,
1860 4404 1967 4455 etc.

333 4459 397 4516 In
427 4459 652 4539 aliquot
674 4459 820 4539 mss.
844 4462 1143 4539 codicibus
1176 4468 1306 4534 post
1338 4482 1535 4520 vocem
1592 4459 1966 4539 prorumpere,

331 4531 638 4604 sequitur;
674 4535 733 4588 ιιι
760 4533 1122 4593 ecclesiastica
1150 4531 1365 4601 narrat,
1396 4542 1502 4591 etc.
1566 4531 1677 4593 Alii
1721 4531 1972 4597 retinent

331 4602 489 4691 quod
522 4602 833 4691 edidimus.
864 4607 1475 4691 histum—Continenti
1499 4610 1647 4664 serie
1671 4612 1967 4691 duofala-
2006 4628 2047 4691 D

329 4675 439 4751 tigni
471 4676 813 4751 vetustiores
847 4698 991 4736 mss.
1025 4679 1244 4749 legunt,
1275 4695 1656 4751 prorumpere,
1692 4687 1747 4737 at
1792 4686 1971 4739 Eccle-

330 4749 774 4825 ἴςξςιδζίεα-ῃαβτνίιι
805 4753 1066 4808 Historia.
1101 4751 1213 4825 Alii
1246 4749 1379 4806 cum
1440 4749 1666 4824 pridem
1718 4755 1972 4825 vulgatis

331 4818 517 4873 libris.
545 4820 693 4877 Unde
722 4831 773 4876 et
803 4823 1195 4889 ecclesiastica,
1220 4828 1328 4878 etc.
1440 4818 1459 4824 ⁷
1819 4818 1835 4827 ”

403 4889 425 4922 ²
455 4889 618 4945 Unus
646 4892 703 4946 S.
737 4895 937 4968 Crucis
978 4911 1145 4968 mser,
1173 4900 1248 4968 et
1293 4898 1486 4951 omnia
1541 4899 1970 4968 operm/phorum

334 4977 543 5039 venena
561 4967 813 5039 mortuis,
845 4966 1259 5023 etc.Eusebius
1294 4985 1481 5037 porro,
1526 4966 1717 5039 quem
1740 4966 1806 5024 'S.
1862 4971 1973 5023 Do-

337 5037 460 5115 ctor
490 5034 821 5116 compellat,
843 5039 1266 5116 celeberrimus
1294 5034 1830 5116 illecremoneusis
1861 5046 1968 5105 est,

339 5106 432 5161 cui
464 5109 518 5161 et
554 5106 609 5159 in
641 5106 953 5183 Jeremiam
1016 5111 1479 5167 Commentarios
1536 5112 1862 5183 inscripsit,
1919 5119 1975 5167 et

340 5193 515 5248 quem
549 5178 768 5249 passim
799 5179 877 5235 ibi
900 5180 1119 5236 laudat.

410 5249 432 5283 ³
461 5249 749 5305 Eusebius
779 5250 888 5306 iste
918 5252 1324 5309 Cremonensis
1381 5259 1487 5321 est,
1548 5254 1641 5308 cui
1689 5254 1865 5308 etiam
1916 5254 1973 5308 iu

338 5319 654 5396 {ercmiam
706 5323 1175 5396 Dommentarios
1234 5319 1519 5381 dedicavit
1566 5326 1973 5396 Hieronymus.

342 5391 517 5469 Porro
548 5410 663 5469 nep
698 5394 807 5449 fuit
836 5396 1201 5469 Hieronymo
1234 5397 1463 5469 longior
1519 5397 1634 5452 vita
1658 5399 1751 5469 ad
1784 5391 1977 5468 'perti-

339 5464 578 5519 ciendos
607 5464 1071 5523 Commentarios
1102 5469 1159 5523 in
1194 5464 1556 5531 Mattbmum,
1587 5468 1669 5523 uti
1701 5486 1763 5523 se
1796 5464 1975 5523 factu-

342 5551 472 5590 rum
506 5544 859 5611 speraverat,
895 5558 1082 5611 neque
1109 5541 1345 5610 scripsit
1376 5540 1429 5593 in
1466 5541 1765 5594 Canticum
1792 5542 1977 5594 canti-

339 5622 569 5683 corum,
596 5610 735 5679 quia
764 5612 834 5664 ab
864 5611 958 5668 his
987 5610 1261 5683 operibus
1306 5611 1672 5682 aegrolationc
1704 5612 1979 5667 diuturna

339 5679 669 5756 notandam
703 5687 887 5737 morte
916 5679 1045 5756 ipsa
1075 5684 1345 5738 exclusus
1366 5680 1481 5756 test.
1519 5684 1709 5737 MART.

337 5818 351 5832 .
408 5749 429 5782 ‘
452 5749 644 5832 Nostri
672 5769 814 5832 mss.
850 5749 1233 5832 minusrccta
1272 5754 1576 5832 scriptura,
1611 5771 1746 5832 qua;
1779 5756 1976 5832 tamen

334 5823 396 5878 in
425 5823 717 5881 veteribus
746 5824 913 5882 libris
942 5825 1111 5882 obvia
1140 5829 1247 5891 est,
1278 5823 1756 5883 sistarchiam‘aut
1783 5826 1976 5881 sister-

2078 3357 2229 3423 cula;
2264 3374 2292 3411 e
2327 3358 2541 3427 quibus
2584 3357 2813 3411 etiamsi
2876 3373 3052 3426 parva
3093 3371 3412 3425 carperem,
3475 3352 3722 3423 dignum

2078 3446 2296 3517 aliquid
2330 3444 2611 3500 memoria
2634 3445 3005 3499 scriberetur.
3037 3445 3107 3496 At
3127 3442 3267 3497 tuin
3310 3441 3538 3495 duabus
3578 3440 3720 3494 heb-

2077 3534 2448 3599 domadibus,
2468 3533 2825 3588 imminente
2850 3533 2975 3603 jam
3010 3530 3250 3599 Pascha,
3275 3534 3332 3584 et
3355 3528 3724 3601 Spirantibus

2074 3624 2281 3691 ventis,
2338 3625 2555 3679 dictare
2616 3639 2708 3678 me
2796 3620 2983 3693 cogis:
3062 3624 3128 3675 ut
3193 3620 3435 3691 quando
3512 3616 3725 3673 notarii

2078 3712 2391 3783 excipiant,
2451 3712 2683 3784 quando
2731 3711 3065 3766 scribantur
3113 3706 3425 3773 schedulaa,
3478 3705 3719 3778 quando

2077 3804 2435 3873 emendetur,
2479 3818 2592 3873 quo
2626 3801 2812 3872 spatio
2871 3800 3215 3871 digerantur
3271 3797 3341 3851 ad
3400 3812 3613 3868 purum
3672 3796 3714 3862 ³⁵,

2079 3891 2331 3946 maxime
2362 3908 2494 3946 cum
2532 3891 2684 3945 scias
2717 3906 2807 3944 me
2864 3888 2947 3943 ita
2992 3888 3180 3942 tribus
3232 3886 3535 3941 mensibus
3584 3883 3718 3938 lan-

2077 3981 2297 4052 guisse,
2328 3986 2395 4035 ut
2438 3980 2529 4035 vix
2571 3997 2725 4034 nunc
2783 3976 3009 4049 ingredi
3066 3975 3373 4047 incipiam;
3428 3990 3533 4030 nec
3592 3989 3722 4044 pos-

2078 4071 2189 4124 sim
2248 4070 2466 4124 laboris
2524 4067 2993 4139 magnitudinem
3075 4064 3352 4119 brevitate
3442 4061 3720 4133 temporis

2080 4175 2475 4229 compensare.
2514 4158 2718 4229 Igitur,
2751 4155 2968 4212 omissa
3027 4151 3373 4209 auctoritate
3422 4151 3717 4218 Veterum,

2080 4394 2243 4448 riam.
2295 4390 2487 4445 Graece
2536 4386 2784 4462 anagnia
2830 4386 3722 4462 dicitur,_sonatque-Acommea-

2081 4469 2235 4518 tam:
2269 4461 2327 4515 in
2362 4461 2561 4515 Latino
2593 4453 2805 4531 sacpius
2836 4476 2939 4531 pro
2964 4457 3217 4513 canistro
3276 4453 3548 4522 sumitur,
3608 4471 3722 4526 quo

2084 4534 2275 4589 edulia
2308 4533 2699 4588 continentur.

2153 4607 2318 4659 ‘5Duo
2370 4622 2537 4671 mss,
2600 4604 2755 4673 Legi,
2814 4602 3026 4670 fateor:
3084 4602 3140 4654 et
3197 4614 3331 4673 mox
3406 4596 3723 4651 Adamantii

2086 4695 2294 4731 nomen
2330 4693 2431 4746 pro
2465 4671 2743 4744 Origenis;
2777 4674 3037 4729 demum.
3066 4671 3456 4726 commaticam
3512 4683 3723 4740 quoque

2087 4745 2705 4821 programmaticumque
2738 4745 3072 4813 βΓίῦἶΘΓΠΠί·
3138 4811 3170 4821 η
3221 4816 3229 4821 _
3382 4810 3396 4821 ,
3618 4807 3655 4821 ..

2152 4822 2173 4854 δ
2205 4820 2264 4873 In
2288 4819 2418 4873 aliis
2451 4807 2953 4873 mssfb‘oriunazas
2985 4811 3330 4886 appellatur,
3365 4810 3436 4865 de
3468 4825 3579 4879 quo
3618 4807 3721 4864 lib.

2082 4892 2148 4946 de
2182 4893 2319 4969 Viris
2363 4890 2691 4969 lilystribas.
2728 4906 2875 4969 _cap_.
2928 4888 3016 4969 97:
3065 4890 3205 4969 ‘qu
3253 4897 3385 4969 pPO‘
3412 4896 3718 4969 carperent,

2084 4965 2233 5034 quod
2273 4962 2451 5015 nostri
2477 4978 2618 5015 mss.
2653 4956 3040 5034 substituunt,
3065 4956 3278 5034 lectum
3294 4956 3464 5008 antea
3480 4968 3728 5034 caperem

2155 5036 2343 5088 7Satis
2403 5033 2707 5106 commode
2764 5033 2878 5086 duo
2930 5027 3177 5106 lfalatini
3239 5042 3399 5106 _mss.
3446 5025 3722 5106 _adduqt,

2084 5107 2313 5161 minime
2342 5104 2607 5160 attendas.
2632 5108 2907 5159 (Iaztcrum
2956 5102 3070 5155 huc
3117 5104 3257 5174 sunt
3300 5096 3537 5174 omnia?
3572 5095 3727 5174 refe:

2086 5180 2285 5239 renda,
2322 5194 2448 5247 qua:
2479 5178 2548 5231 de
2578 5168 3448 5247 zegravaletudine,dequcipso
3472 5164 3727 5220 Matthzai

2086 5242 2512 5303 Commentario
2544 5242 2704 5313 paria
2734 5247 2825 5301 his
2866 5246 2997 5317 ipse,
3023 5243 3309 5317 memorat
3337 5242 3726 5317 Hieronymus

2089 5321 2145 5374 in
2178 5323 2291 5374 line
2323 5321 2492 5391 epist.
2526 5310 2605 5391 7'1},
2627 5320 2704 5372 ad
2765 5310 3098 5391 Evangelia):
3120 5331 3137 5367 :
3165 5334 3223 5391 ‘n
3260 5310 3396 5389 Ego,
3458 5310 3570 5391 ait"
3596 5312 3730 5391 post

2088 5394 2319 5463 longam
2354 5378 2785 5463 iegrotalionem
2818 5378 2995 5463 vix'in
3021 5378 3491 5463 Quadragesimaa
3515 5378 3729 5435 diebus

2090 5455 2229 5518 febri
2255 5455 2450 5518 carere
2483 5461 2637 5531 potui
2665 5504 2677 5516 .
2710 5464 2764 5533 et
2788 5474 2921 5513 cum
2944 5455 3107 5511 alteri
3134 5469 3225 5533 me
3247 5455 3412 5533 operi
3432 5467 3726 5533 praepara-

2088 5553 2232 5595 rem,
2270 5522 2631 5606 paucos'dies
2649 5531 2747 5606 qui
2780 5534 3124 5599 supererant
3150 5526 3205 5579 in
3248 5522 3509 5606 biattbaei
3552 5539 3725 5606 expo-

2089 5595 2295 5660 sitione
2366 5595 2735 5674 consumpsi:
2811 5595 3090 5674 tantaque
3173 5596 3454 5674 aviditate
3533 5595 3729 5649 studia

2087 5681 2307 5731 omissa
2338 5675 2596 5755 repetivi,
2620 5666 3290 5755 .utquod'caeiicitationi
3329 5666 3544 5740 lingua;
3589 5680 3726 5737 pro-

2083 5750 2216 5815 fuit,
2244 5742 2502 5804 nocuerit
2525 5742 2782 5818 carperis
2801 5742 3145 5801 valetudini.
3174 5763 3201 5792 »
