4024 6196
323 363 397 428 21
906 360 1427 425 COMMENTAR.
1473 364 2111 428 INEVANGELIUM
2161 366 2541 428 MATTHJEI
2587 366 2731 427 LIB.
2779 364 2826 424 Ι.
2874 363 3049 425 CAP.
3095 360 3143 422 Ι.
3652 357 3734 440 22

325 512 474 570 quos
497 511 601 550 nec
623 492 878 568 legendi,
910 510 1016 548 nec
1063 497 1346 568 sequendi
1379 497 1523 552 mihi
1573 497 1816 552 facultas
1839 499 1976 554 data
2006 503 2057 566 Α
2087 499 2200 555 Nec
2230 498 2341 555 hoc
2371 499 2441 556 de
2499 497 2832 571 arrogantia
2885 500 2943 553 et
2991 494 3210 553 ﬁducia
3261 491 3482 568 ingenii
3511 492 3737 552 dictum

325 591 435 653 est,
469 583 813 639 historicam
863 583 1427 656 interpretationem,
1483 604 1657 658 quam
1695 588 1982 658 praecipue

321 672 663 748 postulasti,
689 673 898 746 digesti
934 673 1220 728 breviter:
1249 680 1304 729 et
1341 676 1632 730 interdum
1660 677 1982 748 spiritualis

325 762 732 833 intelligentia
768 761 937 816 flores
969 761 1202 829 miscui,
1257 765 1574 835 perfectum
1619 783 1762 834 opus
1797 784 1981 820 reser-

322 869 470 908 vans
496 852 554 906 in
581 857 903 923 posterum.
930 850 988 904 Si
1013 855 1208 906 autem
1235 853 1378 908 mihi
1411 854 1526 908 vita
1569 854 1831 925 longior1
1861 857 1980 909 fue-

325 943 424 1012 rit,
457 947 562 996 aut
595 946 656 996 tu
692 941 748 994 in
781 941 1078 994 redeundo
1113 945 1212 994 tua
1243 944 1536 1013 promissa
1581 944 1980 1016 compleveris,

323 1036 465 1085 tunc
499 1030 658 1084 nitar
687 1029 927 1100 implere
957 1030 1110 1100 quod
1145 1031 1432 1102 reliquum
1481 1039 1590 1099 est,
1641 1035 1758 1088 imo
1807 1035 1984 1102 jactis

325 1119 754 1190 fundamentis,
788 1123 844 1173 et
893 1136 958 1174 ex
1009 1126 1172 1190 parte
1229 1123 1582 1177 constructis
1641 1123 1980 1193 parietibus,

330 1208 794 1282 pulcherrimum
829 1207 1059 1263 culmen
1099 1209 1421 1280 imponam,
1463 1218 1526 1266 ut
1556 1213 1708 1267 scias
1741 1213 1880 1282 quid
1905 1213 1987 1266 in-

326 1298 510 1354 tersit
538 1297 692 1352 inter
722 1297 978 1352 subitam
1011 1298 1269 1354 dictandi
1322 1301 1648 1366 audaciam,
1699 1307 1753 1356 et
1782 1301 1987 1356 elucu-

329 1387 563 1442 bratam
595 1386 890 1441 scribendi
924 1386 1308 1460 diligentiam.
1339 1391 1499 1445 Certe
1531 1391 1706 1456 nosti,
1735 1396 1792 1445 et
1822 1408 1983 1446 men-

331 1476 488 1532 dacii
518 1475 630 1530 mei
661 1475 1068 1532 erubescerem
1102 1481 1156 1532 te
1182 1481 1390 1534 testem
1411 1496 1638 1546 vocare,
1670 1481 1824 1552 quod
1849 1497 1986 1551 pra:-

334 1581 473 1620 sens
504 1564 854 1636 opusculum
876 1568 1041 1620 tanta
1062 1566 1354 1622 celeritate
1375 1568 1736 1636 dictaverim,
1761 1573 1823 1624 ut
1848 1568 1986 1624 alie-

329 1670 406 1708 na
437 1651 625 1752 magis
656 1651 868 1726 legere,
903 1670 1084 1725 quam
1126 1671 1257 1712 mea
1303 1658 1552 1713 condere
1602 1674 1696 1717 me
1723 1661 1984 1730 putares.

400 1814 419 1848 ¹
453 1813 642 1888 Penes
668 1813 1011 1888 Victorium,
1049 1815 1170 1888 Vini
1201 1815 1426 1886 largior,
1471 1815 1670 1888 idest,
1713 1833 1840 1888 quae
1871 1835 1988 1872 non

329 1901 487 1959 aegra
511 1885 777 1959 subinde
807 1877 1451 1959 laboretﬂvaletudine':
1507 1877 1811 1959 placetque
1851 1891 1992 1944 adeo
2025 1877 2070 1941 B

331 1955 525 2033 magis
563 1956 707 2033 haec
763 1955 952 2012 lectio.
981 1958 1306 2033 ΔΝἰιιιὶιᾙιιι
1361 1955 1753 2033 Hieronymus
1785 1962 1988 2033 viginti

331 2027 469 2100 plus
497 2029 696 2083 minus
725 2045 912 2084 annos
941 2030 1014 2084 ab
1048 2030 1156 2084 hac
1184 2027 1619 2086 elucubratione
1644 2033 1700 2086 in
1728 2027 1872 2086 vivis
1893 2051 1990 2087 su-

327 2099 549 2172 perfuit
577 2099 876 2172 :satisquc
903 2099 1172 2172 imperite
1211 2107 1477 2157 notatum
1517 2109 1605 2158 est
1633 2105 1990 2170 Mart.ana30,

330 2171 448 2225 non
485 2171 666 2226 fuisse
687 2171 746 2225 in
788 2171 1117 2243 posterum,
1173 2173 1230 2228 S.
1291 2175 1512 2228 Doctori
1561 2175 1883 2241 longiorem
1917 2175 1995 2230 vi-

329 2247 453 2298 tam
488 2243 558 2318 ad
589 2243 974 2312 perficiendos
1005 2245 1468 2301 Commentarios
1518 2247 1576 2300 in
1630 2247 1992 2318 Matthazum,

339 2320 406 2390 ut
425 2330 490 2369 se
511 2316 800 2390 facturum
823 2322 1188 2390 speraverat,
1205 2333 1395 2388 neque
1417 2318 1725 2390 scripsisse
1756 2319 1815 2374 in
1846 2316 1995 2375 Cani-

338 2385 528 2442 ticum
559 2385 940 2458 canticorum,
975 2387 1114 2460 quia
1141 2389 1212 2444 ab
1242 2385 1338 2446 his
1366 2385 1642 2462 operibus
1669 2393 1993 2463 aegrotatio-

2093 593 2284 660 putes,
2319 590 2419 644 sed
2452 589 2608 661 quod
2654 587 2958 643 ostendere
3007 584 3111 640 tibi
3161 583 3392 656 cupiam
3445 586 3736 655 quantum

2093 679 2244 749 apud
2280 695 2372 733 me
2404 677 2616 748 valeas,
2651 677 2750 750 qui
2784 673 3097 748 periclitari
3125 672 3313 745 magis
3354 673 3508 744 apud
3539 672 3742 728 doctos

2091 766 2395 834 voluerim,
2431 783 2604 838 quam
2647 765 2752 821 tibi
2801 762 3004 820 sedule
3053 759 3372 834 postulanti
3419 759 3744 833 quidquam

2093 873 2324 927 negare.
2359 855 2520 911 Unde
2551 857 2812 919 obsecro,
2847 859 2912 908 ut
2941 851 2991 908 si
3033 849 3384 922 incomptior
3413 865 3604 904 sermo
3635 853 3743 905 est.

2092 950 2148 1000 ct
2179 962 2291 999 non
2342 943 2514 1000 solito
2572 943 2742 1017 lapsu
2799 943 2983 998 fertur
3037 940 3246 1010 oratio,
3307 937 3601 994 festinatio
3640 937 3749 994 hoc

2093 1035 2338 1103 tribuas,
2373 1052 2488 1089 non
2547 1032 2874 1105 imperitia,
2933 1035 2990 1087 et
3044 1031 3148 1086 des
3202 1027 3578 1100 exemplaria,
3611 1043 3746 1084 cum

2094 1123 2339 1178 Romam
2371 1123 2620 1189 veneris,
2645 1121 2857 1194 virgini
2892 1119 3107 1176 Christi
3156 1117 3478 1190 Principiis,
3503 1133 3632 1189 qua)
3653 1131 3748 1174 me

2097 1214 2340 1284 rogavit,
2365 1221 2426 1268 ut
2459 1213 2518 1267 in
2558 1212 2861 1268 Canticum
2902 1210 3263 1266 canticorum
3295 1207 3612 1264 scriberem
3639 1206 3682 1261 ³.
3713 1223 3750 1262 a

2095 1319 2209 1372 quo
2233 1318 2406 1372 opere
2439 1299 2712 1357 exclusus
2750 1298 3124 1372 aegrotatione
3157 1298 3459 1368 diuturna,
3501 1311 3664 1368 spem
3681 1293 3744 1350 in

2095 1391 2360 1446 futurum
2390 1389 2596 1446 distuli
2619 1407 2632 1444 :
2657 1390 2765 1446 hac
2786 1395 2842 1445 te
2870 1388 2996 1460 lege
3039 1385 3470 1458 constringens,
3503 1387 3570 1441 ut
3596 1385 3646 1440 si
3683 1388 3744 1440 tu

2095 1480 2145 1535 ei
2179 1481 2248 1534 ad
2283 1485 2337 1535 te
2367 1479 2584 1552 scripta
2611 1478 2994 1544 subtraxeris,
3024 1475 3126 1532 illa
3172 1491 3410 1548 quoque
3435 1472 3748 1534 armariola

2096 1569 2209 1625 sibi
2240 1572 2441 1641 postea
2467 1568 2774 1625 scribenda
2808 1566 3140 1624 concludat.

2103 1836 2173 1875 ne
2206 1819 2484 1874 diuturna
2515 1835 2579 1872 ac
2608 1818 2846 1873 tandem
2878 1818 3066 1872 morte
3093 1814 3224 1887 ipsa
3250 1811 3526 1887 exclusus
3559 1810 3756 1887 fuerit.

2104 1891 2303 1972 Liquet
2330 1892 2623 1972 enimvero
2654 1907 2721 1971 ex
2751 1904 2946 1972 rerum
2983 1881 3570 1972 gieronymianarum
3604 1881 3757 1972 serie

2101 1955 2232 2018 aliis
2261 1979 2395 2037 eum
2417 1962 2498 2037 de
2537 1961 2732 2037 causis
2783 1965 2942 2037 tam_
2961 1961 3032 2014 ab
3089 1955 3222 2037 isto'
3259 1955 3750 2037 recognoscendo,

2105 2052 2280 2106 quam
2316 2035 2386 2088 ab
2414 2033 2513 2089 illo
2544 2033 2885 2106 inchoando
2902 2027 3338 2106 Commentario
3367 2027 3746 2106 abstinuisse.

2175 2107 2195 2139 ³
2225 2111 2347 2160 Huc
2378 2107 2528 2160 refer
2553 2103 2811 2175 epistolae
2839 2105 2930 2174 65,
2963 2102 3035 2158 ad
3081 2101 3349 2157 eamdem
3379 2099 3748 2175 Briueipiqni,

2105 2183 2402 2251 postrema
2430 2168 2643 2251 verba:
2687 2199 2714 2224 «
2771 2179 2836 2229 ut
2881 2168 2943 2251 tu
2991 2189 3120 2251 (Ναὶ
3160 2175 3384 2251 partem
3415 2168 3750 2251 intellexisti

2105 2243 2404 2315 carminis,
2440 2248 2489 2303 si
2520 2247 2636 2302 vita
2665 2262 2862 2302 comes
2891 2243 3087 2312 fuerit,
3121 2248 3179 2300 et
3222 2247 3412 2300 totum
3441 2243 3747 2297 Canticum

2107 2320 2470 2376 canticorum
2500 2318 2813 2391 intelligas.
2849 2339 2877 2366 »

1621 2661 1944 2746 LIBER
2004 2663 2462 2750 PRIMUS-

411 2977 461 3030 9
512 2976 720 3047 (Caput
774 2973 819 3028 Ι.
851 2972 1104 3028 —Vers.
1170 2975 1246 3046 1.)
1304 2975 1320 3008 ¹
1382 2975 1548 3030 Liber
1602 2975 1994 3047 generationis

341 3065 480 3120 Jesu
539 3062 837 3128 Christi,»
897 3063 960 3117 In
1018 3063 1169 3118 Isaia
1224 3062 1516 3135 legimus:
1577 3068 1995 3121 Generaiz’onem

343 3154 464 3226 ejus
494 3155 614 3224 quis
638 3152 922 3208 enarrabit
954 3152 1077 3223 (lsa.
1113 3169 1230 3219 Lm,
1263 3153 1366 3224 8)?
1403 3153 1527 3208 Non
1553 3171 1686 3225 ergo
1718 3159 1994 3226 putemus

343 3241 774 3314 Evangelistam
844 3241 948 3309 [ιιι.
1026 3241 1424 3312 Evangelium]
1503 3244 1796 3314 prophetis
1867 3259 1994 3297 esse

349 3331 733 3395 contrarium,
767 3333 827 3384 ut
859 3329 1010 3402 quod
1061 3330 1158 3386 ille
1207 3331 1572 3404 impossibile
1621 3331 1764 3386 dixit
1793 3333 1992 3398 effatu,

348 3421 446 3477 hic
502 3435 739 3475 narrare
795 3418 1072 3490 incipiat:
1151 3421 1290 3491 quia
1354 3421 1435 3474 ibi
1493 3423 1563 3476 de
1622 3423 1994 3494 generatione

350 3509 694 3574 divinitatis,
726 3508 823 3563 hic
852 3509 923 3562 de
955 3509 1354 3564 incarnatione
1388 3515 1475 3564 est
1517 3511 1759 3566 dictum.
1793 3514 1838 3566 A
1870 3529 1995 3566 car—

349 3599 585 3655 nalibus
607 3602 803 3653 autem
835 3597 1026 3670 coapit,
1061 3602 1126 3654 ut
1155 3615 1258 3670 per
1305 3599 1604 3655 hominem
1634 3601 1817 3655 Deum
1849 3601 1999 3656 dice-

355 3705 417 3743 re
445 3687 821 3760 incipiamus.

427 3777 605 3849 (Vers.
666 3777 717 3846 1,
774 3778 854 3844 2.)
916 3799 942 3825 «
1004 3775 1130 3831 Filii
1193 3777 1392 3849 David,
1453 3777 1552 3832 filii
1615 3779 1907 3834 Abraham
1956 3779 1994 3834 ¹.

350 3865 643 3924 Abraham
677 3866 882 3938 genuit
916 3867 1093 3921 Isaac.
1129 3866 1290 3922 Isaac
1321 3873 1515 3922 autem
1570 3869 1772 3940 genuit
1801 3870 1996 3944 Jacpb.

350 3955 533 4010 Jacob
556 3960 749 4009 autem
784 3955 1220 4026 genuitJudam
1273 3961 1330 4010 et
1374 3957 1578 4012 fratres
1625 3957 1824 4026 ejus.»
1851 3959 2001 4013 Ordo

352 4049 764 4118 praeposterus,
787 4044 890 4098 sed
934 4043 1259 4100 necessario
1295 4050 1712 4101 commutatus.
1739 4046 1798 4102 Si
1845 4047 2002 4102 enim

353 4133 615 4207 primum
675 4133 970 4205 posuisset
1027 4133 1344 4205 Abraham,
1413 4139 1470 4189 et
1527 4140 1726 4207 postea
1781 4137 2000 4192 Divid:

353 4239 566 4281 rursus
621 4225 679 4277 et
734 4221 1086 4294 repetendus
1137 4223 1324 4278 fuerat
1365 4224 1684 4288 Abraham,
1736 4230 1800 4279 ut
1829 4242 2004 4296 gene-

2101 2975 2454 3031 Aminadab.
2493 2963 2835 3030 'Aminadab
2892 2977 3089 3029 autem
3145 2969 3350 3043 genuit
3405 2968 3692 3024 Naasson.
3724 2985 3757 3017 ››

2103 3065 2438 3120 Notandum
2481 3065 2540 3119 in
2599 3060 2938 3136 genealogis
2991 3058 3306 3116 Salvatoris
3364 3054 3588 3112 nullam
3619 3071 3758 3112 san-

2105 3158 2331 3208 ctarum
2364 3152 2590 3208 assumi
2620 3151 2936 3206 mulierum
2965 3174 2978 3218 ;
3009 3148 3112 3204 sed
3141 3163 3240 3203 eas
3283 3162 3430 3218 quas
3457 3143 3760 3216 Scriptura

2108 3242 2498 3313 reprehendit,
2558 3245 2623 3296 ut
2679 3239 2779 3312 qui
2833 3242 3068 3311 propter
3124 3239 3456 3310 peccatores
3498 3235 3756 3289 venerat.

2107 3332 2178 3385 de
2203 3331 2606 3404 peccatoribus
2626 3331 2647 3364 ²
2669 3345 2934 3396 nascens,
2959 3325 3225 3383 omnium
3259 3326 3495 3398 peccata
3513 3321 3754 3378 deleret.

2105 3420 2268 3476 Unde
2289 3427 2346 3476 et
2369 3421 2427 3476 in
2470 3419 2970 3491 consequentibus
3013 3415 3167 3472 Ruth
3194 3412 3465 3470 Moabitis
3494 3409 3755 3484 ponitur,

2105 3517 2161 3566 et
2189 3511 2511 3568 Bethsabee
2539 3527 2685 3566 uxor
2712 3507 2879 3564 Uria).

2178 3602 2366 3674 (Vers.
2426 3601 2568 3662 4-8.)
2627 3621 2655 3648 ‹‹
2696 3598 2922 3653 Nasson
2981 3600 3178 3651 autem
3236 3589 3438 3664 genuit
3490 3587 3754 3647 Salmon.

2107 3690 2346 3746 Salmon
2381 3691 2455 3762 (a)
2487 3693 2682 3744 autem
2715 3685 2919 3759 genuit
2947 3684 3095 3740 Booz
3124 3683 3194 3738 de
3225 3680 3450 3751 Rahab,
3481 3679 3629 3736 Booz
3657 3693 3759 3734 au-

2107 3785 2226 3835 tem
2275 3779 2481 3852 genuit
2536 3778 2693 3834 Obed
2753 3793 2822 3832 ex
2877 3773 3056 3830 Ruth.
3113 3771 3272 3828 Obed
3331 3773 3528 3826 autem
3559 3765 3766 3840 genuit

2107 3871 2295 3926 Jesse.
2317 3869 2482 3925 Jesse
2506 3872 2699 3923 autem
2721 3864 2925 3938 genuit
2967 3861 3148 3920 David
3194 3876 3410 3933 regem.
3448 3859 3552 3914 l0
3581 3854 3762 3912 David

2111 3965 2308 4014 autem
2339 3975 2438 4014 rex
2455 3956 2656 4030 genuit
2671 3954 3042 4011 Salomonem
3065 3967 3134 4006 ex
3156 3967 3224 4006 ea
3271 3965 3398 4022 quas
3449 3947 3564 4002 fuit
3591 3944 3762 4001 Uria.

2112 4047 2387 4105 Salomon
2425 4051 2620 4102 autem
2670 4043 2874 4116 genuit
2922 4041 3204 4098 Roboam.
3255 4037 3517 4094 Roboam
3565 4039 3763 4106 autem

2113 4138 2316 4209 genuit
2346 4136 2570 4190 Abiam.
2601 4133 2748 4189 Abia
2779 4135 2975 4188 autem
3009 4131 3214 4202 genuit
3241 4127 3376 4182 Asa.
3422 4131 3537 4181 Λευ.
3564 4127 3764 4178 autem

2114 4227 2320 4298 genuit
2343 4223 2640 4295 Josaghat.
2672 4221 2956 4291 Josaphat
2992 4221 3189 4273 autem
3237 4213 3440 4288 genuit
3477 4212 3700 4269 Joram.
3733 4230 3764 4260 »

354 4311 602 4369 rationis
679 4311 862 4367 series
933 4316 1242 4367 texeretur.
1321 4314 1447 4368 [deo
1503 4320 1721 4382 autem,
1783 4315 2006 4370 caeteris
2115 4319 2229 4370 Iste
2251 4319 2340 4370 est
2369 4318 2634 4368 Naasson
2665 4311 2936 4383 princeps
2964 4306 3156 4362 tribus
3179 4304 3366 4376 Judte,
3389 4303 3544 4360 sicut
3562 4301 3622 4356 in
3642 4298 3760 4355 Nu-

355 4399 792 4476 praetermissis,
825 4400 1036 4456 horum
1089 4400 1275 4456 ﬁlium
1323 4404 1721 4474 nuncupavit;
1767 4405 1900 4476 quis
1931 4405 2003 4460 ad
2117 4405 2293 4462 meris
2322 4403 2573 4476 legimus
2603 4401 2788 4471 (Num.
2823 4417 2862 4470 1,
2892 4398 2970 4468 7).

355 4491 468 4548 hos
497 4494 728 4545 tantum
761 4493 851 4544 est
895 4490 1045 4544 facta
1093 4491 1164 4546 de
1225 4491 1454 4546 Christo
1505 4493 1902 4564 repromissio,
1931 4495 2002 4549 ad
2186 4496 2374 4566 (Vers.
2433 4490 2616 4561 8-11.)
2679 4509 2701 4537 α
2757 4489 2957 4544 Joram
3022 4489 3221 4542 antem
3277 4479 3483 4556 genuit
3539 4477 3758 4566 Oziam.

356 4578 656 4635 Abraham
686 4595 700 4634 :
777 4580 840 4635 In
890 4582 1118 4644 semine,
1198 4580 1408 4652 inquit,
1466 4585 1558 4637 tuo
1626 4583 2008 4638 benedia’niur
2115 4564 2281 4640 Ozias
2312 4588 2505 4637 autem
2539 4579 2739 4652 genuit
2765 4576 3040 4634 Joathan.
3072 4573 3322 4631 Joathan
3343 4574 3538 4628 autem
3561 4564 3765 4641 genuit

355 4685 550 4726 omnes
578 4671 762 4737 gentes
792 4677 957 4725 terra?
996 4669 1148 4740 (Gen.
1205 4687 1345 4738 χχιι,
1409 4672 1517 4742 18),
1574 4674 1715 4742 quod
1744 4682 1820 4728 est
1851 4673 2005 4728 Chri-
2038 4668 2084 4732 D
2112 4673 2322 4728 Achaz.
2371 4671 2560 4726 Achaz
2617 4672 2812 4724 autem
2867 4666 3070 4739 genuit
3126 4659 3454 4718 Ezechiam.
3487 4654 3763 4712 Ezechias

356 4766 476 4815 stus
508 4757 646 4826 (Gal.
680 4774 764 4822 ιιι,
805 4757 914 4828 16).
964 4757 1050 4812 Ad
1107 4758 1324 4814 David:
1391 4780 1416 4811 α
1446 4761 1521 4816 De
1571 4763 1758 4832 fructu
1803 4763 2009 4818 ventris
2118 4768 2316 4818 autem
2349 4759 2551 4832 genuit
2589 4758 2920 4812 Manassen.
2969 4754 3268 4810 Manasses
3315 4751 3509 4814 autem
3560 4742 3769 4816 genuit

359 4847 452 4903 tui
473 4862 684 4918 ponam
715 4862 880 4918 super
905 4847 1086 4902 sedem
1113 4851 1274 4902 tuam
1303 4848 1474 4920 (Psal.
1507 4867 1696 4915 cxxxi,
1729 4851 1838 4921 11.)

435 4935 620 5007 (Vers.
676 4935 758 5006 3.)
811 4957 839 4985 ‹‹
898 4936 1081 4992 ludas
1137 4941 1333 4994 autem
1407 4939 1610 5010 genuit
1662 4938 1900 5009 Phares,
1959 4944 2014 4994 et

359 5025 568 5082 Zaram
599 5024 674 5078 de
717 5022 992 5091 Thamar,
1047 5025 1267 5080 Phares
1321 5031 1516 5082 autem
1573 5027 1778 5098 genuit
1807 5029 2010 5083 Esron.

2125 4857 2336 4906 Amon.
2367 4852 2550 4903 Amon
2585 4851 2782 4902 autem
2813 4843 3016 4917 genuit
3054 4840 3298 4898 Josiam.
3349 4833 3540 4891 Josias
3569 4836 3767 4890 autem

2123 4938 2325 5012 genuit
2352 4935 2695 4992 Jechoniam
2729 4938 2786 4990 et
2839 4934 3048 4987 fratres
3102 4929 3231 5000 ejus
3269 4925 3329 4980 in
3387 4921 3772 5012 transmigra-

2129 5009 2287 5085 tione
2343 5024 2741 5098 Babylonis.»
2801 5022 2864 5076 In
2922 5021 3132 5091 quarto
3189 5016 3419 5089 Rogum
3473 5009 3775 5068 volumine

359 5117 546 5168 Esron
579 5119 776 5168 autem
825 5112 1029 5184 genuit
1084 5120 1286 5169 Aram.
1352 5117 1527 5171 Aram
1585 5121 1779 5172 autem
1811 5117 2015 5188 genuit
2057 5125 2063 5131 '
2127 5119 2302 5190 (capp.
2340 5132 2423 5185 ιιι,
2456 5131 2556 5173 VIII
2611 5116 2662 5168 et
2707 5109 2876 5182 seqq.)
2930 5107 3188 5180 legimus
3245 5105 3316 5161 de
3351 5103 3554 5160 Joram
3583 5098 3774 5156 Ocho-

435 5256 620 5319 ‘Quae
678 5255 816 5311 hinc
891 5257 1336 5329 subsequuntur
1400 5258 1730 5330 rScripturae
1815 5261 2012 5328 verba,

361 5328 642 5385 Abraham
670 5330 880 5398 genuit,
933 5332 1038 5383 etc.
1093 5328 1162 5383 in
1230 5329 1413 5384 nostri
1471 5328 1614 5385 mss.
1676 5332 2010 5386 desideran-

361 5405 483 5465 tur,
545 5399 763 5472 quibus
829 5399 1090 5474 solemne
1145 5406 1252 5470 est,
1314 5417 1380 5455 ea
1441 5403 1719 5456 duntaxat
1758 5404 2014 5474 proferre

367 5477 677 5536 commata,
710 5488 837 5542 quae
869 5473 1234 5543 subsequens
1264 5473 1548 5542 expositio
1588 5473 1840 5530 enarrat.

439 5543 460 5616 ξ
489 5543 769 5616 [tabanus
799 5543 941 5616 legit
969 5543 1033 5616 de
1069 5546 1478 5611 percalricilms.

437 5615 460 5650 ³
617 5613 1198 5698 ,ᾳυοςιιιεέξθιὶῳιιιω
1222 5616 1554 5698 ΔΒοιὶριιιιτῳ
1602 5621 1824 5698 textum
1842 5635 2008 5698 mss.

361 5686 559 5745 nostri
612 5686 827 5744 tacent.
883 5686 1242 5746 Continuant
1289 5686 1424 5745 vero
1471 5689 1590 5746 sic:
1649 5691 1750 5746 Iste
1775 5693 1854 5748 est
1882 5689 2012 5746 Sal-

2123 5276 2250 5314 mon
2279 5259 2536 5328 princeps
2565 5255 2901 5328 tribpus,‘etc.
2953 5250 3046 5306 Sic
3095 5248 3234 5304 olim
3279 5243 3502 5328 vulgati
3545 5242 3772 5300 Salmon

2123 5349 2226 5403 pro
2257 5319 2498 5403 [Vaassen
2539 5319 2922 5403 praeferebant
2965 5337 3290 5402 perperam.
3340 5319 3426 5374 Ad
3479 5331 3616 5403 eum
3646 5329 3772 5403 mo-

2125 5386 2262 5457 dum
2316 5408 2371 5455 et
2419 5402 2477 5454 in
2536 5386 2919 5468 subsequenti
2965 5386 3246 5468 .per'icope
3291 5407 3326 5446 a
3379 5387 3592 5454 verbis,
3645 5386 3770 5468 ,ξοα-

2123 5474 2260 5529 than
2288 5476 2470 5528 autem
2514 5471 2702 5542 genuit
2737 5462 2944 5530 'Achaz,
2979 5462 3250 5542 reliquos
3305 5476 3509 5518 versus
3539 5462 3769 5542 praeter-

2122 5551 2302 5601 eunt:
2353 5532 2626 5616 denique,
2681 5544 2742 5598 In
2797 5545 2991 5611 quarto
3047 5532 3375 5606 Regnorum,
3425 5547 3536 5604 pro
3562 5532 3770 5598 Regum

2121 5618 2342 5691 legunt.
