4024 6196
281 397 362 460 23
1537 401 1600 463 S.
1649 399 1958 464 EUSEBII
2007 402 2450 466 lIlEHONYMI
3618 404 3696 463 24

283 533 437 589 ziam
464 531 644 589 fuisse
675 537 1042 605 generatum,
1077 550 1192 606 quo
1214 539 1466 604 mortuo,
1489 534 1792 600 Josabeth,
1817 534 1936 590 ﬁlia
1963 537 2017 602 Α
2048 537 2306 591 cundum
2341 537 2525 609 legem
2562 536 2610 592 ei
2641 539 2803 608 pater
2831 536 2927 593 sit.
2973 536 3203 593 Scimus
3251 535 3406 592 enim
3461 536 3571 592 hoc
3601 554 3704 608 per

282 624 436 695 regis
456 624 676 688 Joram,
702 639 867 678 soror
883 624 1141 679 Ochazize
1164 623 1300 679 tulit
1341 625 1476 680 Joas
1517 624 1701 678 ﬁlium
1735 625 1930 679 fratris

283 712 394 779 sui,
413 716 470 767 et
486 728 622 766 eum
641 711 1044 780 internecioni,
1071 730 1197 784 quae
1216 713 1593 767 exercebatur
1608 713 1679 768 ab
1701 713 1933 768 Athalia

282 802 388 874 [Αι.
420 800 694 869 Atholia],
727 801 1037 856 subtraxit.
1101 801 1201 856 Cui
1252 801 1536 856 successit
1593 802 1647 855 in
1682 817 1928 873 regnum

280 891 439 946 ﬁlius
459 891 587 962 ejus
608 890 898 956 Amasias,
923 894 1055 962 post
1105 906 1279 960 quem
1332 889 1593 961 regnavit
1618 889 1772 945 ﬁlius
1802 890 1931 960 ejus

279 980 541 1047 Azarias,
573 979 673 1050 qui
728 979 1056 1050 appellatur
1111 984 1167 1034 et
1218 978 1386 1035 Ozias
1446 979 1551 1049 [Αἱ.
1589 978 1927 1051 Ochozias]:

285 1067 379 1125 cui
400 1067 684 1124 successit
712 1067 958 1124 Joathan
997 1066 1154 1122 ﬁlius
1193 1067 1342 1138 ejus.
1376 1067 1576 1123 Cernis
1609 1083 1745 1139 ergo
1775 1067 1929 1138 quod

283 1158 608 1214 secundum
667 1156 840 1212 ﬁdem
897 1155 1156 1212 historiae
1220 1161 1339 1212 tres
1398 1172 1563 1228 reges
1622 1156 1680 1211 in
1741 1156 1931 1210 medio

281 1247 519 1312 fuerint,
550 1261 700 1316 quos
750 1245 841 1299 hic
885 1245 1240 1317 evangelista
1287 1244 1697 1317 praetermisit:
1733 1244 1931 1299 Joram

282 1336 499 1407 quippe
530 1351 646 1388 non
677 1334 881 1405 genuit
912 1333 1130 1402 Oziam,
1178 1335 1280 1389 sed
1329 1333 1637 1389 ()choziam
1666 1351 1678 1388 :
1714 1338 1770 1388 et
1801 1332 1931 1388 reli-

285 1440 433 1496 quos
491 1440 638 1496 quos
696 1424 1192 1479 enumeravimus.
1243 1422 1460 1478 Verum
1502 1423 1641 1494 quia
1670 1423 1932 1494 Evange-

281 1512 430 1568 listaa
464 1511 832 1585 propositum
873 1517 998 1567 erat
1046 1516 1166 1567 tres
1221 1511 1793 1568 tessarescedecadcs
1826 1511 1839 1544 ί
1872 1511 1933 1565 in

283 1602 508 1658 diverso
542 1605 873 1672 temporum
916 1605 1075 1656 statu
1108 1617 1340 1672 ponere,
1393 1605 1449 1655 et
1499 1601 1701 1655 Joram
1734 1599 1931 1670 generi

283 1707 344 1747 se
375 1690 693 1760 miscuerat
725 1690 1091 1760 impiissimae
1120 1689 1370 1757 Jezabel,
1405 1690 1618 1744 idcirco
1652 1705 1837 1759 usque
1859 1689 1931 1742 ad

277 1779 507 1835 tertiam
541 1779 977 1850 generationem
1009 1780 1136 1848 ejus
1170 1778 1453 1834 memoria
1491 1776 1734 1844 tollitur,
1769 1794 1840 1832 ne
1873 1777 1930 1832 in

280 1874 495 1924 sanctae
530 1867 851 1925 nativitatis
885 1868 1086 1922 ordine
1117 1873 1449 1940 poneretur.

351 1959 532 2029 (Vers.
582 1958 791 2026 12-15.)
835 1980 861 2007 ‹‹
899 1958 965 2012 Et
1014 1963 1145 2028 post
1199 1957 1776 2028 transmigrationem
1822 1957 1927 2011 Ba-

277 2047 529 2120 bylonis,
607 2047 918 2102 Jecbonias
997 2047 1203 2118 genuit
1284 2045 1584 2101 Salathiel.
1649 2044 1928 2101 Salathiel

282 2141 478 2192 autem
512 2136 716 2209 genuit
751 2135 1087 2191 Zorobabel.
1119 2134 1433 2190 Zorobabel
1484 2140 1677 2190 autem
1727 2135 1929 2206 genuit

278 2226 487 2282 Abiud.
543 2224 732 2281 Abiud
815 2229 1011 2280 autem
1087 2225 1289 2296 genuit
1362 2224 1622 2279 Eliacim.
1684 2224 1925 2278 Eliacim

277 2320 477 2371 autem
519 2315 721 2387 genuit
749 2319 917 2370 Azor.
945 2316 1092 2369 Azor
1122 2319 1317 2369 autem
1351 2313 1554 2386 genuit
1586 2316 1680 2369 11
1717 2313 1922 2369 Sadoc.

281 2405 467 2460 Sadoc
497 2408 694 2459 autem
727 2403 929 2474 genuit
978 2401 1205 2458 Achim.
1260 2402 1464 2457 Achim
1497 2407 1694 2457 autem
1726 2400 1930 2474 genuit

275 2492 467 2548 Eliud.
509 2492 674 2548 Eliud
710 2497 904 2548 autem
936 2491 1138 2563 genuit
1167 2491 1419 2546 Eleazar.
1460 2491 1700 2546 Eleazar
1729 2495 1924 2545 autem

278 2580 482 2653 genuit
519 2579 806 2636 Matthan.
857 2579 1122 2635 Matthan
1171 2584 1365 2634 autem
1411 2580 1615 2651 genuit
1663 2579 1860 2635 Jacob.
1896 2601 1923 2627 ››

277 2670 337 2726 Si
367 2669 726 2725 voluerimus
756 2667 1101 2724 Jechoniam
1133 2668 1190 2722 in
1233 2668 1348 2724 ﬁne
1394 2668 1595 2739 primae
1644 2673 1924 2725 tessares-

276 2757 582 2815 cedecadis
613 2757 719 2827 [ΑΙ.
752 2756 1226 2823 tcsseradecadis]
1281 2773 1517 2828 ponere,
1568 2756 1624 2810 in
1658 2757 1924 2828 sequenti

276 2863 395 2903 non
452 2851 626 2902 erunt
671 2846 1139 2918 quatuordecim,
1186 2846 1283 2900 sed
1333 2845 1630 2900 tredecim.
1662 2847 1925 2902 Sciamus

274 2936 475 3008 igitur,
533 2934 873 2990 Jechoniam
934 2933 1186 3005 priorem
1244 2934 1440 3005 ipsum
1499 2951 1627 2990 esse
1668 2951 1839 3006 quem
1871 2939 1928 2990 et

273 3024 536 3082 Joacim:
572 3024 896 3079 secundum
937 3027 1157 3092 autem,
1203 3021 1414 3090 ﬁlium,
1467 3038 1581 3077 non
1612 3028 1834 3094 patrem
1865 3023 1922 3078 ἐ

276 3129 528 3185 quorum
574 3111 731 3183 prior
784 3128 884 3183 per
931 3126 966 3165 ε
1021 3114 1078 3164 et
1130 3127 1208 3179 m,
1265 3126 1520 3181 sequens
1579 3128 1681 3183 per
1709 3110 1770 3165 ch
1804 3116 1922 3166 etn

277 3202 588 3258 scribitur:
636 3200 790 3272 quod
842 3199 1195 3271 scriptorum
1246 3200 1404 3266 vitio,
1453 3203 1510 3256 et
1556 3200 1921 3273 longitudine

2045 627 2303 696 Moysen,
2340 628 2453 682 Deo
2476 627 2741 697 jubente,
2777 633 3150 698 praeceptum,
3186 631 3253 682 ut
3305 627 3353 683 si
3390 627 3568 683 frater
3601 633 3703 683 aut

2041 716 2408 787 prOpinquus
2455 717 2676 786 absque
2733 715 2931 770 liberis
2987 720 3260 771 mortuus
3317 715 3509 787 fuerit,
3544 715 3700 771 alius

2040 805 2168 874 ejus
2186 804 2432 876 accipiat
2455 821 2690 859 uxorem
2717 805 2787 858 ad
2825 804 3231 859 suscitandum
3275 821 3473 859 semen
3501 804 3701 860 fratris

2039 893 2128 948 vel
2158 893 2469 965 propinqui
2501 894 2591 948 sui
2634 894 2813 965 (Deut.
2866 897 2950 959 11).
3004 893 3192 964 Super
3248 893 3358 948 hoc
3392 897 3449 947 et
3475 893 3700 949 Africa-

2042 999 2152 1037 nus
2183 987 2514 1055 temporum
2549 983 2797 1054 scriptor
2826 987 2883 1037 et
2912 983 3198 1038 Eusebius
3231 981 3606 1038 Caesariensis
3638 983 3698 1037 in

2039 1069 2205 1126 libris
2237 1067 2529 1146 διαφωνίας
2565 1067 2897 1145 εὑαγγελίων
2927 1070 3114 1143 plenis
3147 1073 3545 1143 disputarunt.

2113 1158 2306 1229 (lbid.)
2342 1182 2369 1209 «
2401 1159 2608 1214 Virum
2643 1159 2858 1225 Mariae,
2889 1159 2959 1214 de
3014 1176 3130 1230 qua
3180 1165 3356 1214 natus
3385 1164 3473 1214 est
3498 1163 3697 1226 Jesus,

2043 1246 2143 1318 qui
2175 1252 2411 1303 vocatur
2440 1248 2728 1304 Christus.
2764 1270 2792 1296 »
2841 1249 2986 1303 Cum
3039 1247 3232 1304 virum
3284 1248 3567 1318 audieris,
3601 1266 3699 1304 su-

2042 1335 2225 1406 spicio
2257 1337 2361 1391 tibi
2393 1353 2508 1391 non
2551 1337 2757 1391 subeat
2805 1335 3185 1407 nuptiarum;
3240 1338 3342 1392 sed
3394 1337 3702 1392 recordare

2043 1424 2484 1480 consuetudinis
2533 1424 2987 1496 Scripturarum,
3041 1426 3196 1496 quod
3248 1425 3448 1498 sponsi
3481 1425 3609 1492 viri,
3645 1430 3703 1482 et

2043 1530 2270 1586 sponsae
2297 1519 2578 1569 vocentur
2609 1531 2835 1570 uxores.

2113 1603 2294 1674 (Vers.
2357 1604 2469 1673 17.)
2536 1623 2556 1650 α
2608 1607 2675 1658 Et
2721 1621 2754 1658 a
2810 1602 3326 1676 transmigratione
3384 1603 3697 1676 Babylonis

2043 1708 2228 1763 usque
2261 1693 2331 1746 ad
2362 1691 2681 1759 Chrlstum,
2715 1693 3119 1764 generationes
3166 1692 3630 1764 quatuordecim.
3664 1716 3691 1743 ››

2040 1781 2296 1836 Numera
2334 1798 2368 1836 a
2396 1781 2676 1837 Jechonia
2709 1798 2896 1852 usque
2935 1782 3006 1836 ad
3057 1781 3296 1853 Joseph,
3347 1787 3404 1836 et
3431 1782 3693 1838 invenies

1962 1904 2006 1967 Β
2040 1870 2444 1942 generationes
2476 1870 2776 1926 tredecim.
2820 1871 3037 1934 Quarta
3068 1870 3295 1926 decima
3342 1887 3477 1942 ergo
3508 1887 3691 1943 gene-

2040 1959 2187 2014 ratio
2219 1958 2277 2013 in
2308 1958 2506 2031 ipsum
2539 1959 2835 2015 Christum
2868 1960 3254 2031 reputabitur.

2109 2046 2294 2117 (Vers.
2336 2047 2442 2117 18.)
2475 2068 2503 2096 «
2535 2047 2748 2102 Christi
2782 2052 2978 2102 autem
3020 2047 3313 2120 generatio
3355 2047 3439 2103 sic
3470 2053 3612 2104 erat.
3653 2071 3680 2099 ››

2037 2135 2265 2199 Quaerat
2322 2135 2572 2207 diligens
2628 2135 2810 2192 lector
2863 2140 2919 2192 et
2993 2136 3184 2192 dicat:
3253 2137 3396 2192 Cum
3463 2137 3679 2210 Joseph

2037 2241 2152 2279 non
2185 2225 2260 2279 sit
2292 2229 2456 2295 pater
2493 2225 2724 2280 Domini
2783 2225 3117 2293 Salvatoris,
3177 2227 3277 2282 I2
3334 2225 3474 2297 quid
3505 2226 3681 2297 perti-

2037 2317 2136 2367 net
2155 2313 2226 2368 ad
2255 2314 2564 2368 Dominum
2589 2313 2981 2386 generationis
3011 2315 3152 2370 ordo
3187 2315 3474 2370 deductus
3495 2331 3684 2386 usque

2037 2403 2108 2457 ad
2133 2401 2348 2474 Joseph
2369 2402 2397 2456 ?
2441 2404 2534 2458 cui
2565 2403 3050 2475 respondebimus
3091 2404 3371 2476 primum,
3407 2419 3524 2458 non
3556 2419 3684 2459 esse

2037 2491 2479 2547 consuetudinis
2499 2492 2952 2564 Scripturarum,
2993 2497 3056 2547 ut
3096 2492 3409 2548 mulierum
3433 2493 3492 2548 in
3517 2509 3687 2565 gene-

2036 2580 2361 2636 rationibus
2414 2581 2553 2636 ordo
2622 2585 2870 2637 texatur.
2943 2582 3161 2638 Deinde
3231 2599 3299 2637 ex
3357 2599 3474 2637 una
3528 2581 3681 2638 tribu

2036 2668 2219 2724 fuisse
2239 2667 2455 2740 Joseph
2489 2674 2545 2724 et
2577 2669 2818 2724 Mariam
2847 2686 2859 2724 :
2904 2671 3059 2725 unde
3089 2687 3158 2725 ex
3204 2671 3352 2742 Lege
3383 2687 3512 2726 eam
3543 2671 3688 2725 acci-

2034 2773 2170 2828 pere
2226 2757 2543 2828 cogebatur
2597 2763 2662 2814 ut
2718 2757 3129 2830 propinquam,
3179 2763 3246 2814 et
3301 2761 3460 2832 quod
3509 2759 3686 2815 simul

2036 2850 2312 2901 censetur
2340 2846 2400 2900 in
2434 2845 2754 2912 Bethleem,
2788 2851 2852 2901 nt
2907 2847 2978 2902 de
3034 2864 3152 2902 una
3208 2847 3476 2903 videlicet
3506 2848 3687 2920 stirpe

2035 2935 2313 3006 generati.
2376 2958 2404 2983 ‹‹
2464 2935 2608 2990 Cum
2669 2939 2825 2991 esset
2895 2936 3247 3008 desponsata
3317 2942 3504 2990 mater
3556 2937 3684 3007 ejus

2036 3022 2219 3078 Maria
2246 3022 2460 3094 Joseph
2487 3025 2525 3079 ‘.
2564 3046 2592 3072 »
2625 3026 2812 3092 Quare
2854 3041 2968 3079 non
3023 3025 3094 3079 de
3141 3023 3393 3095 simplici
3423 3022 3681 3095 Virglne,

2035 3111 2136 3167 sed
2194 3113 2264 3166 de
2321 3111 2678 3184 desponsata
2737 3113 3106 3184 concipitur?
3156 3111 3444 3176 Primum,
3490 3116 3554 3166 ut
3582 3127 3686 3182 per

2035 3200 2489 3272 generationem,
2520 3201 2759 3273 Joseph,
2792 3201 2951 3273 origo
2983 3200 3177 3256 Maria:
3227 3204 3683 3256 monstraretur.

277 3293 635 3362 temporum,
695 3288 850 3359 apud
907 3287 1136 3342 Graecos
1205 3288 1561 3359 Latinosque
1619 3290 1924 3345 confusum
1959 3275 2000 3342 C
2040 3289 2328 3356 Secundo,
2388 3307 2459 3344 ne
2513 3289 2960 3362 lapidaretur.a
3016 3289 3238 3345 Judaeis
3295 3293 3362 3344 ut
3401 3287 3684 3345 adultera.

278 3384 388 3436 est.

350 3467 532 3540 (Vers.
567 3466 682 3539 46.)
717 3488 745 3517 ‹‹
773 3464 952 3522 Jacob
997 3469 1193 3520 autem
1243 3465 1448 3538 genuit
1494 3465 1733 3537 Joseph.
1758 3489 1785 3516 »
1812 3467 1929 3523 I-Ioc

274 3557 402 3614 loco
419 3556 630 3627 objecit
652 3554 822 3611 nobis
841 3553 1110 3610 Julianus
1137 3558 1438 3624 Augustus
1461 3555 1481 3589 ⁸
1503 3554 1927 3611 dissonantium

277 3645 795 3717 evangelistarum,
829 3659 934 3698 cur
967 3643 1325 3716 evangelista
1372 3644 1680 3701 Matthaus
1710 3643 1926 3718 Joseph

274 3734 489 3791 dixerit
519 3733 707 3788 ﬁlium
747 3733 961 3788 Jacob:
1010 3737 1068 3787 et
1115 3733 1299 3789 Lucas
1341 3750 1474 3789 eum
1519 3733 1706 3795 ﬁlium
1735 3734 1928 3807 appel-

274 3823 411 3880 larit
441 3820 604 3890 Heli;
638 3838 754 3877 non
789 3821 1123 3894 intelligens
1155 3823 1640 3878 consuetudinem
1674 3825 1929 3896 Scriptu-

276 3928 496 3979 rarum,
531 3911 689 3983 quod
743 3909 890 3968 alter
935 3911 1262 3966 secundum
1313 3915 1606 3980 naturam,
1660 3913 1806 3968 alter
1838 3930 1926 3968 se-

350 4091 367 4124 ¹
400 4090 494 4146 Sic
522 4087 741 4144 habent
770 4087 1032 4161 plerique
1061 4105 1266 4144 omnes
1315 4106 1458 4146 mss.
1515 4106 1582 4144 ex
1629 4089 1722 4161 his
1754 4090 1929 4161 etiam

283 4178 431 4235 quos
461 4161 728 4217 Martian.
763 4158 1082 4235 consuluit.
1128 4158 1925 4235 Graec._tacsotp£¢x118éxa3$<.

281 4232 472 4360 éngea
501 4238 625 4289 erat
667 4232 1126 4304 tessaradecades,
1174 4233 1325 4303 quod
1375 4236 1432 4288 et
1480 4232 1756 4289 Rabanus
1785 4251 1930 4306 prae-

309 4323 372 4360 er
403 4345 416 4359 .
1155 4328 1168 4342 ι

309 4309 416 4362 'ert.
1155 4328 1168 4342 ι

353 4376 529 4430 ³1)υο
589 4373 835 4429 Palatin.
901 4391 1043 4429 mss.
1104 4373 1412 4428 Secundum
1467 4379 1652 4430 autem
1702 4375 1934 4432 Jaachin

284 4447 462 4518 ﬁlium
494 4462 607 4500 non
656 4453 890 4518 patrem,
945 4451 1072 4518 etc.
1118 4445 1341 4514 Recole,
1403 4447 1554 4518 quod
1583 4452 1638 4502 et
1667 4453 1930 4502 notatum

281 4515 614 4598 Illlartianzeo
643 4515 750 4597 cst,
781 4516 975 4598 ipsum
1008 4515 1435 4598 Hieronymum
1456 4518 1764 4598 Latius‘hac
1785 4520 1932 4572 dere

283 4590 683 4715 diiyiutantem
733 4587 821 4642 ini
852 4587 1279 4642 Commentario
1335 4588 1394 4642 in
1456 4589 1677 4644 Daniel.
1713 4606 1837 4672 cap.
1872 4606 1928 4643 1:

286 4682 314 4712 «
398 4677 549 4715 emo.
584 4660 793 4715 inquit.
829 4665 991 4715 nutet
1019 4660 1289 4715 eumdem
1323 4659 1381 4714 in
1432 4660 1688 4715 Danielis
1717 4661 1928 4715 princi-

286 4682 314 4712 ί(

2041 3377 2253 3449 Tertio,
2287 3383 2350 3433 ut
2380 3378 2438 3432 in
2493 3383 2799 3451 Egyptum
2850 3379 3078 3450 fugiens
3127 3379 3368 3432 haberet
3412 3377 3686 3432 solatium

2039 3467 2234 3522 mariti
2267 3468 2306 3522 ⁵.
2342 3467 2562 3538 Martyr
2607 3466 2867 3538 Ignatius
2915 3465 3090 3522 etiam
3143 3471 3410 3537 quartam
3463 3465 3689 3520 addidit

2039 3572 2297 3625 causam,
2322 3571 2426 3609 cur
2446 3572 2479 3609 a
2501 3555 2855 3626 desponsata
2877 3559 3195 3627 conceptus
3231 3554 3308 3608 sit
3331 3572 3344 3609 :
3375 3559 3439 3609 ut
3461 3562 3686 3626 partus,

2036 3644 2330 3715 inquiens,
2364 3645 2491 3714 ejus
2525 3642 2812 3699 celaretur
2860 3642 3113 3711 diabolo,
3165 3643 3307 3698 dum
3352 3659 3487 3698 eum
3521 3647 3690 3716 putat

2037 3750 2153 3788 non
2186 3734 2255 3789 de
2286 3732 2544 3805 Virgine,
2579 3733 2680 3788 sed
2714 3733 2784 3788 de
2829 3749 3004 3788 uxore
3052 3737 3419 3805 generatum.
3453 3754 3479 3781 ‹‹
3517 3737 3690 3786 Ante-

2038 3839 2216 3894 quam
2273 3821 2668 3889 convenirent,
2726 3819 2963 3877 inventa
3006 3826 3094 3877 est
3146 3822 3204 3877 in
3251 3826 3413 3877 utero
3462 3820 3687 3877 habens

2039 3911 2351 3984 de'Spiritu
2385 3917 2610 3968 sancto.
2648 3933 2676 3960 »
2709 3910 2835 3967 Non
2892 3912 2964 3967 ab
3021 3909 3134 3966 alio
3189 3911 3425 3967 inventa
3455 3913 3544 3965 est
3573 3908 3687 3965 nisi

2040 4089 2299 4162 Epistola
2321 4091 2390 4144 ad
2424 4089 2742 4146 Aristidem
2770 4090 2840 4144 de
2884 4087 3327 4162 Evangeliorum
3381 4087 3687 4143 dissonan-

2041 4159 2159 4217 tia:
2195 4162 2354 4218 Nobis
2383 4177 2510 4228 ergo
2542 4164 2797 4218 imminet
2841 4204 2852 4216 .
2900 4202 2910 4214 .
2958 4202 2970 4215 .
3015 4206 3029 4230 ,
3056 4159 3359 4215 secundum
3398 4164 3685 4214 ventatem

2039 4238 2192 4302 gesta
2219 4250 2321 4288 sua
2350 4233 2737 4300 tradiderunt;
2794 4249 2920 4304 quae
2966 4231 3299 4304 plurimum
3356 4230 3687 4304 variant_ab

2040 4301 2312 4375 Eusebio,
2347 4305 2446 4374 qui
2479 4304 2587 4359 hoc
2615 4301 3248 4375 ipsum—testiinonium
3273 4301 3687 4375 _Africaniilib.

2041 4394 2060 4431 ι
2091 4373 2447 4446 Ηίδίον.ἐιὶρ.
2480 4377 2535 4446 7,
2570 4373 2794 4432 recitat.
2841 4375 3047 4430 Confer
3093 4373 3479 4446 Nicephorum
3513 4373 3613 4428 lib.
3647 4390 3690 4441 ι,

2043 4465 2169 4502 can.
2197 4449 2282 4502 11.
2315 4450 2498 4500 MART.

2159 4489 2169 4500 .
2197 4465 2282 4502 11.
2315 4465 2498 4500 MART.

2114 4465 2272 4573 PPro
2303 4518 2494 4589 Joseph
2551 4518 2785 4571 nomine
2843 4517 3000 4589 quod
3058 4533 3202 4572 mss.
3235 4532 3438 4571 omnes
3467 4519 3686 4585 tacent,

2043 4606 2198 4644 unus
2270 4588 2638 4644 Ciste’rciens.
2725 4588 3047 4658 substituit,
3136 4589 3419 4655 Quwritur
3500 4603 3689 4658 quare,

398 4677 549 4729 emo,
574 4660 793 4742 inquit,
828 4665 991 4742 putet
1019 4659 1381 4742 ey‘md‘em‘in
1432 4648 1931 4742 Danielisprinci-
1964 4648 2010 4711 D
2041 4666 2150 4742 etc.

283 4733 530 4805 pioesse
559 4730 784 4805 Joacim,
812 4730 909 4803 qui
942 4731 1001 4786 in
1053 4730 1370 4805 Ezechielis
1418 4733 1652 4805 exordio
1681 4730 1933 4805 Jcachim

284 4803 592 4858 scribitur:
619 4803 726 4858 iste
749 4805 901 4858 enim
926 4807 1242 4857 extremam
1268 4803 1547 4873 syllabam
1568 4803 1717 4858 chim
1736 4803 1928 4867 habet,

283 4873 382 4928 ille
403 4876 532 4930 cim.
555 4874 624 4928 Et
645 4875 716 4929 ob
745 4873 895 4929 hanc
917 4891 1154 4929 causam
1177 4875 1237 4928 in
1261 4874 1570 4942 Evangelio
1604 4875 1926 4929 secundhm

282 4945 618 5001 Matthaaum
642 4947 999 5016 un_avidetur
1017 4947 1219 5000 deesse
1247 4947 1933 5016 generatio,quiasecun-

284 5018 360 5074 da
386 5013 894 5091 τεσᾳαρακᾳιδέκαςΑ
927 5017 1012 5091 in_
1044 5013 1276 5091 .Ioact'uf
1296 5018 1510 5091 desinit
1551 5013 1688 5072 'ﬁ'lio
1718 5018 1928 5091 desim,

283 5094 340 5145 et
369 5087 773 5160 tertia'incipit
805 5105 836 5142 a
863 5088 1110 5160 ngchz'm
1141 5089 1258 5143 ﬁlio
1310 5089 1733 5160 Joaci-m.Quod
1767 5089 1932 5160 igno-

285 5176 423 5215 rans
449 5158 804 5241 Porphyrius
827 5158 1184 5241 calumniam
1225 5161 1399 5214 struit
1439 5159 1727 5241 Ecclesia?3
1761 5158 1929 5241 suam

285 5230 616 5303 ostendens
644 5230 1020 5303 imperitiam,
1071 5231 1626 5303 dumgevangeliste
1675 5231 1930 5285 Matthzei

285 5319 529 5375 arguere
561 5300 771 5358 nititur
799 5301 1133 5357 falsitatem.
1170 5325 1196 5353 ››
1231 5301 1375 5375 _Vide
1415 5300 1481 5357 et
1524 5320 1650 5375 quae
1684 5303 1741 5375 in
1777 5303 1932 5357 hunc

285 5373 477 5429 locum
547 5377 946 5430 observamus.
1028 5375 1154 5429 Mox
1229 5373 1403 5428 iidem
1464 5373 1712 5429 Palatini
1787 5391 1929 5429 mss.

285 5445 508 5518 legunt,
529 5448 703 5518 prior
749 5461 848 5517 per
901 5447 948 5500 K
993 5449 1047 5499 et
1106 5447 1171 5511 Μ,
1230 5461 1453 5516 sequens
1502 5462 1604 5518 per
1656 5445 1701 5499 X
1757 5449 1807 5500 et
1865 5447 1930 5510 Ν,

285 5516 498 5572 Graecis
527 5516 756 5571 litteris;

356 5588 642 5660 {Rectius
673 5604 848 5660 penes
888 5588 1213 5642 Rabanum.
1263 5587 1427 5660 Hunc
1476 5587 1670 5660 locum
1721 5587 1934 5656 objecit

286 5659 456 5733 nobis
485 5659 759 5733 Julianus
799 5663 1102 5733 Augustus
1150 5660 1220 5714 de
1258 5659 1645 5733 Dissonantia
1688 5674 1932 5730 evange-

287 5729 578 5787 listarum.
639 5729 922 5787 Africani'
952 5732 1126 5786 verba
1181 5730 1474 5786 subnectit
1533 5730 1808 5786 Rabanus
1844 5729 1933 5785 Wex

2112 4731 2370 4785 l‘Vocem
2435 4731 2629 4784 mariti
2685 4729 2945 4802 plerique
3010 4729 3227 4800 vulgati
3283 4727 3416 4802 libri
3473 4732 3687 4802 tacent.

2040 4803 2203 4859 Unus
2235 4819 2344 4856 ms.
2379 4798 2704 4872 Sorbonicf,
2739 4798 3072 4857 Martianmo
3117 4798 3282 4865 teste,
3310 4798 3488 4853 habet
3515 4801 3690 4872 magri-

2041 4876 2174 4941 mle,
2235 4891 2360 4945 quae
2419 4879 2476 4928 et
2545 4874 2674 4944 ipsa
2754 4874 2985 4927 videtur
3055 4872 3370 4926 abundare.
3435 4871 3688 4945 Pseudo-

2042 4941 2404 5015 'l‘heophilus
2455 4941 2852 5000 Antiochenus
2895 4945 2997 4998 lib.
3056 4961 3074 4999 Ι
3129 4941 3690 5015 Commentariorum

2043 5017 2098 5072 in
2161 5012 2495 5088 Evangelia,
2551 5032 2683 5088 cum
2762 5017 2917 5071 hunc
2975 5032 3043 5071 ex
3098 5015 3440 5087 Hieronymo
3499 5012 3692 5088 locum

2042 5089 2286 5142 totidem
2319 5085 2724 5158 Exscripsisset
2749 5088 2964 5151 verbis,
2997 5090 3109 5143 viri
3138 5085 3332 5142 tamen
3365 5102 3468 5157 pro
3499 5085 3695 5138 mariti

2039 5159 2197 5232 legit.
2232 5160 2479 5213 Demum
2520 5175 2646 5230 quae
2677 5175 2745 5214 ex
2802 5161 2860 5214 S.
2899 5160 3117 5232 lgnatio
3169 5159 3695 5232 ‘martyre_q‘uarta

2043 5224 2280 5286 additur
2309 5247 2506 5297 causa,
2535 5224 2650 5285 sub
2683 5232 2857 5285 ﬁnem
2900 5224 3029 5301 ejus
3079 5224 3463 5302 Epistolzelad
3500 5224 3689 5296 Ephe-

2041 5303 2160 5357 sios
2215 5307 2513 5373 utcunque
2574 5297 2945 5357 innotescitf
2981 5297 3142 5356 Hanc
3209 5316 3280 5373 ex
3328 5297 3691 5373 Hieronymo

2043 5375 2366 5451 pericopem
2395 5367 2746 5451 affertyetus
2771 5391 2878 5451 ms.
2905 5373 3082 5451 code;
3127 5367 3365 5451 capituli
3397 5367 3693 5422 Veronen-

2045 5443 2147 5507 sis.
2180 5443 2486 5500 continens
2519 5443 2788 5499 Alchuini
2819 5443 3113 5515 Opuscula
3138 5459 3168 5515 :_
3199 5443 3257 5494 in
3311 5454 3689 5515 quognomen

2045 5518 2098 5571 S.
2139 5517 2349 5587 Ignatii
2397 5516 2669 5586 martyris
2722 5513 3012 5587 reticetur.
3061 5513 3389 5587 legiturque
3438 5513 3695 5566 tantum-

2045 5582 2216 5641 modo
2250 5589 2450 5655 Quarto
2481 5582 2780 5656 ul'partus,
2814 5591 2920 5656 etc.
2963 5582 3173 5639 Verum
3207 5584 3265 5639 S.
3296 5582 3690 5656 Hieronymus

2083 5660 2236 5730 otius
2257 5675 2333 5730 ex
2361 5655 2607 5730 Origene
2637 5655 2848 5730 Homil.
2897 5673 2954 5711 v1
3013 5657 3072 5712 in
3133 5661 3368 5722 Lucam,
3411 5669 3589 5727 quam
3620 5669 3692 5709 ex

2069 5729 2265 5802 gnatio
2294 5729 2422 5802 ipso
2454 5727 2726 5785 recitarit.
