4024 6196
385 391 464 453 25
962 386 1474 452 COMMENTAR.
1523 391 1603 452 IN
1648 383 2167 452 EVANCELIUM
2211 387 2593 452 ΜΑΤἸἪΕῙ
2638 389 2785 450 LIB.
2835 387 2881 449 Ι.
2927 386 3102 450 CAP.
3147 385 3224 450 ll.
3719 385 3799 449 26

385 542 423 583 a
451 521 692 596 Joseph,
728 521 832 596 qui
863 539 1007 596 pene
1037 521 1272 580 licentia
1319 523 1570 580 maritali
1607 525 1812 579 futurae
1842 521 2040 577 uxoris
2071 522 2124 588 Α
2155 538 2326 590 vau,
2391 524 2498 594 19).
2558 527 2677 578 Hoc
2727 520 3132 578 testimonium
3183 519 3494 592 Apostolus
3551 535 3797 592 ponens,

389 615 588 672 omnia
647 619 906 668 noverat.
971 613 1133 676 Quod
1196 617 1388 668 autem
1450 614 1682 680 dicitur,
1739 614 2043 682 Antequam

390 706 780 760 convenirent:
817 719 930 757 non
962 702 1251 774 sequitur,
1283 707 1348 758 ut
1393 707 1590 775 postea
1633 701 2036 762 convenerint;

391 794 490 848 sed
523 793 817 864 Scriptura
852 792 1006 862 quod
1043 793 1260 846 factum
1297 809 1409 847 non
1443 792 1539 858 sit,
1573 791 1848 847 ostendit.

459 882 649 954 (Vers.
687 881 771 950 19,
790 881 904 950 20).
953 880 1170 952 Joseph
1203 886 1399 937 autem
1433 882 1518 936 vir
1567 883 1695 953 ejus
1727 898 1860 936 cum
1889 884 2045 936 esset

379 972 612 1043 justus,
663 976 721 1025 et
776 968 954 1025 nollet
1010 985 1138 1025 eam
1201 971 1524 1037 traducere,
1582 971 1766 1026 voluit
1822 969 2044 1026 occulte

390 1060 687 1115 dimittere
746 1075 895 1114 eam.
960 1060 1083 1114 llaac
1153 1064 1347 1115 autem
1419 1077 1484 1116 eo
1543 1061 1855 1132 cogitante,
1915 1076 2044 1116 ecce

387 1147 636 1220 angelus
714 1147 944 1203 Domini
1022 1150 1296 1220 apparuit
1374 1151 1431 1204 in
1504 1150 1730 1206 somnis
1803 1149 2040 1220 Joseph,

387 1236 625 1292 dicens:
663 1259 691 1285 »
726 1237 782 1291 Si
846 1236 980 1307 quis
1039 1238 1360 1293 fornicariaa
1419 1239 1814 1310 coniungitur,
1859 1255 2041 1293 unum

386 1342 599 1398 corpus
629 1324 883 1380 efficitur
939 1326 986 1396 (1
1037 1326 1155 1381 Cor.
1207 1344 1281 1394 v1,
1320 1328 1422 1398 16).
1478 1329 1547 1383 Et
1589 1329 1647 1382 in
1680 1327 1803 1399 lege
1832 1343 2042 1398 praece-

387 1420 553 1486 ptum
585 1418 689 1479 est,
723 1430 838 1468 non
877 1413 1066 1470 solum
1118 1431 1267 1483 reos,
1303 1417 1403 1472 sed
1455 1421 1510 1470 et
1551 1417 1816 1472 conscios
1847 1414 2041 1470 crimi-

393 1519 533 1558 num
585 1503 865 1558 obnoxios
915 1519 1043 1559 esse
1093 1507 1313 1576 peccati
1363 1507 1553 1576 (Levii.
1607 1507 1699 1576 v);
1749 1504 2044 1577 quomodo

389 1591 606 1662 Joseph
664 1608 797 1647 cum
856 1593 1075 1648 crimen
1147 1593 1293 1650 celet
1369 1595 1476 1666 [AL
1535 1594 1766 1666 celaret]
1825 1594 2044 1661 uxoris,

378 1681 582 1753 justus
643 1679 960 1736 scribitur:
1024 1682 1134 1737 Sed
1210 1683 1319 1738 hoc
1389 1683 1788 1739 testimonium
1850 1682 2043 1738 Maria:

387 1774 498 1835 est,
532 1769 687 1841 quod
721 1769 938 1842 Joseph
971 1771 1164 1828 sciens
1194 1771 1353 1828 illius
1384 1773 1734 1841 castitatem,
1769 1777 1826 1828 et
1859 1771 2044 1828 admi-

395 1875 533 1958 rans
565 1860 720 1931 quod
749 1864 1054 1957 evenerat,
1107 1862 1256 1917 celat
1303 1862 1556 1930 silentio,
1608 1863 1776 1933 cujus
1831 1866 2044 1934 myste-
2078 1895 2126 1960 Β

395 1948 550 2002 rium
607 1947 920 2004 nesciebat.
973 1973 1000 1999 «
1043 1949 1260 2022 Joseph
1318 1951 1399 2006 ﬁli
1443 1951 1622 2007 David
1675 1951 1791 2006 noli
1844 1951 2049 2006 timere

401 2036 659 2107 accipere
691 2037 933 2092 Mariam
980 2039 1288 2111 conjugem
1321 2042 1336 2075 ¹
1388 2045 1572 2095 tuam.
1604 2041 1763 2106 Quod
1798 2041 1956 2096 enim
1988 2041 2045 2094 in

400 2127 502 2182 I8
534 2143 602 2181 ea
632 2130 837 2183 natum
867 2131 976 2195 est,
1009 2128 1079 2183 de
1109 2128 1321 2200 Spiritu
1354 2134 1556 2186 sancto
1591 2135 1697 2186 est.
1737 2154 1762 2178 ››

364 2236 384 2253 -
473 2214 654 2285 (Vers.
688 2216 802 2284 21.)
841 2237 861 2266 ι
899 2215 1088 2271 Pariet
1109 2222 1303 2274 autem
1331 2218 1537 2275 filium.
1576 2242 1601 2267 ››
1624 2219 1752 2274 Jam
1785 2224 1841 2274 et
1870 2234 2051 2290 supra

399 2304 658 2360 diximus
707 2321 956 2376 sponsas
1005 2323 1213 2362 uxores
1263 2307 1562 2380 appellari,
1616 2309 1770 2380 quod
1820 2308 2049 2380 plenius

398 2391 548 2447 liber
576 2394 855 2449 adversus
888 2393 1213 2450 Helvidium
1247 2397 1451 2454 docet:
1485 2403 1543 2453 et
1576 2397 1934 2453 blandientis
1964 2397 2048 2452 af-

401 2481 554 2536 fectu
585 2483 634 2537 ei
669 2498 771 2553 per
817 2483 1114 2538 somnium
1167 2485 1410 2558 angelus
1457 2485 1734 2558 loquitur,
1787 2485 2049 2557 utjusti-

398 2570 540 2626 tiam
594 2570 808 2626 silentii
869 2574 1292 2645 comprobaret.
1349 2573 1650 2648 Simulque
1702 2576 2046 2643 notandum,

398 2660 554 2732 quod
609 2660 830 2731 Joseph
907 2660 1063 2716 filius
1141 2679 1270 2719 esse
1342 2664 1572 2720 dicatur
1647 2665 1752 2736 [Αἱ.
1814 2664 2048 2735 dicitur]

396 2747 596 2814 David,
631 2754 696 2804 ut
753 2749 934 2805 Maria
993 2767 1226 2824 quoque
1284 2753 1356 2809 de
1414 2754 1595 2826 stirpe
1647 2754 1822 2810 David
1884 2770 2049 2808 mon-

399 2842 701 2893 straretur.
739 2860 766 2886 ‹‹
799 2839 867 2893 Et
919 2839 1157 2895 vocabis
1214 2858 1424 2897 nomen
1481 2844 1608 2914 ejus
1662 2843 1885 2899 Jesum.
1922 2844 2050 2915 Ipse

399 2928 554 2982 enim
590 2926 818 2982 salvum
852 2928 1022 2983 faciet
1061 2929 1341 3002 populum
1387 2948 1559 2987 suum
1613 2949 1646 2986 a
1675 2932 1924 3004 peccatis
1955 2948 2049 2988 eo-

397 3033 552 3086 rum,
586 3039 612 3065 »
649 3017 830 3072 Jesus
879 3016 1161 3074 Hebraico
1211 3035 1478 3076 sermone
1523 3021 1772 3077 Salvator
1813 3021 2046 3077 dicitur.

397 3105 819 3179 Etymologiani
852 3123 989 3178 ergo
1021 3107 1276 3164 nominis
1307 3110 1435 3180 ejus
1465 3110 1824 3182 evangelista
1853 3110 2048 3183 signa-

397 3194 482 3249 vit
511 3195 749 3262 dicens;
783 3197 1008 3252 Vocabis
1037 3213 1233 3252 nomen
1281 3201 1397 3270 ejus
1443 3200 1626 3254 Iesum
1655 3201 1715 3266 ²;
1756 3197 1895 3268 quia
1926 3200 2050 3270 ipse

403 3283 634 3338 salvum
665 3283 835 3338 faciet
865 3285 1142 3358 populum
1175 3304 1370 3343 suum.

475 3371 661 3442 (Vers.
713 3371 922 3445 22-24.)
954 3397 981 3423 «
1033 3379 1152 3430 Hoc
1196 3381 1389 3431 autem
1440 3380 1628 3432 totum
1677 3377 1895 3432 factum
1939 3381 2047 3446 est,

398 3465 465 3516 ut
493 3460 914 3532 adimpleretur
959 3464 1113 3534 quod
1165 3463 1387 3520 dictum
1439 3469 1527 3521 est
1580 3483 1612 3520 a
1650 3465 1898 3522 Domino
1949 3483 2051 3538 per

396 3550 741 3622 prophetam
792 3551 1121 3608 dicentem:
1173 3554 1317 3609 Ecce
1364 3554 1541 3627 Virgo
1590 3553 1650 3612 in
1679 3560 1840 3611 utero
1872 3555 2048 3611 habe-

396 3639 499 3704 bit,
535 3645 592 3693 et
621 3639 811 3712 pariet
842 3639 1053 3708 filium,
1087 3645 1146 3696 et
1173 3643 1476 3698 vocabitur
1514 3661 1725 3700 nomen
1757 3645 1885 3715 ejus
1915 3643 2046 3698 Em-

398 3727 652 3796 manuel,
707 3728 860 3799 quod
912 3732 1001 3784 est
1047 3729 1518 3802 interpretatum,
1568 3732 1857 3789 Nobiscum
1888 3735 2048 3801 Deus,

398 3817 731 3890 Exsurgens
761 3819 956 3872 autem
987 3817 1206 3890 Joseph
1241 3837 1274 3874 a
1304 3837 1532 3888 somno,
1567 3821 1699 3877 fecit
1729 3821 1883 3878 sicut
1911 3839 2050 3894 prae-

397 3906 548 3978 cepit
579 3907 630 3960 ei
680 3904 924 3978 angelus
976 3908 1226 3964 Domini.
1268 3933 1294 3958 ››
1330 3911 1434 3965 Pro
1483 3927 1549 3966 eo
1599 3912 1750 3982 quod
1803 3927 2047 3984 evange-

399 3993 539 4051 lista
567 3994 868 4050 Mattheus
901 3995 1066 4062 dicit,
1101 4000 1162 4053 in
1200 4002 1356 4054 utero
1404 3999 1646 4067 habebit,
1676 4005 1735 4055 in
1767 4001 2050 4073 prOpheta

398 4084 684 4155 scriptum
715 4092 823 4158 est,
876 4085 934 4140 in
984 4095 1138 4144 utero
1195 4090 1424 4160 accipiet
1478 4091 1604 4160 (Isa.
1653 4107 1754 4155 vu,
1797 4090 1903 4157 14).
1938 4091 2046 4146 Sed

400 4174 707 4246 propheta,
740 4179 881 4248 quia
911 4178 1109 4233 futura
1141 4176 1419 4249 praedicit,
1472 4176 1762 4249 significat
1791 4178 1929 4249 quid
1964 4178 2049 4232 fu-

400 4266 600 4318 turum
628 4264 726 4331 sit,
759 4271 816 4321 et
847 4267 1072 4337 scribit,
1118 4267 1384 4338 accipiet:
1434 4267 1790 4338 evangelista
1827 4272 2048 4334 autem,

402 4353 542 4424 quia
573 4369 686 4408 non
721 4355 793 4411 de
824 4357 1039 4421 futuro,
1073 4355 1173 4411 sed
1207 4357 1276 4411 de
1311 4355 1601 4428 praiterito
1635 4361 1831 4412 narrat
1861 4357 2045 4412 histo-

399 4440 568 4508 riam,
602 4445 853 4500 mutavit
877 4447 1127 4516 accipiet,
1157 4449 1213 4500 et
1243 4445 1438 4516 posuit
1486 4445 1720 4501 habebit.
1754 4446 1860 4510 Qui
1891 4447 2048 4502 enim

399 4527 596 4597 habet,
632 4549 1004 4605 nequaquam
1039 4537 1384 4605 accepturus
1405 4537 1510 4588 est.
1563 4533 1697 4589 Tale
1730 4535 1869 4606 quid
1903 4539 1958 4590 et
1989 4536 2048 4591 in

2151 629 2266 667 non
2298 612 2463 677 dixit,
2514 615 2746 681 accepit,
2795 612 2892 667 sed
2937 611 3090 667 dedit
3139 611 3360 682 (Ephes.
3415 629 3490 680 ιν,
3534 609 3627 680 8):
3659 610 3799 682 quia

2150 699 2231 757 ibi
2263 702 2333 756 de
2389 702 2584 757 futuro
2634 702 3027 773 signiﬁcatum
3079 705 3187 766 est,
3238 699 3392 771 quod
3449 705 3799 771 accepturus

2151 796 2341 845 esset:
2376 790 2471 845 hic
2503 792 2573 846 de
2602 808 2668 848 eo
2704 795 2902 846 narrat
2934 789 3199 858 historia,
3235 789 3334 860 qui
3360 789 3485 860 jam
3516 790 3538 824 ⁸
3568 789 3803 845 dederat

2153 881 2306 950 quod
2337 885 2657 952 acceperat.

2225 969 2412 1040 (Vers.
2445 972 2535 1036 2t,
2561 971 2675 1043 ‘25.)
2714 990 2735 1017 α
2789 971 2857 1024 Et
2888 969 3108 1040 accepit
3161 968 3471 1039 conjugem
3526 982 3714 1036 suam,
3747 971 3805 1022 et

2155 1075 2267 1113 non
2296 1059 2565 1130 cognovit
2596 1076 2748 1125 eam,
2780 1059 2960 1114 donec
2993 1057 3218 1130 peperit
3261 1055 3447 1111 ﬁlium
3483 1070 3658 1111 suum
3691 1054 3803 1126 pri-

2154 1149 2553 1219 mogenitum:
2589 1154 2646 1204 et
2690 1148 2914 1204 vocavit
2962 1163 3173 1203 nomen
3225 1147 3353 1218 ejus
3405 1146 3635 1212 Jesum,
3670 1166 3696 1193 ››
3727 1148 3805 1198 Ex

2153 1236 2261 1291 hoc
2321 1236 2444 1292 loco
2504 1237 2743 1308 quidam
2804 1235 3242 1310 perversissime
3299 1234 3697 1306 suspicantur,
3749 1237 3806 1288 et

2153 1325 2298 1381 alios
2329 1325 2480 1381 ﬁlios
2511 1327 2789 1382 habuisse
2839 1327 3106 1395 Mariam,
3153 1325 3411 1380 dicentes
3452 1323 3805 1396 primogeni-

2153 1419 2278 1470 tum
2312 1433 2425 1470 non
2459 1416 2592 1486 dici,
2649 1416 2760 1471 nisi
2794 1417 2893 1486 qui
2926 1415 3138 1470 habeat
3184 1420 3241 1470 et
3271 1415 3516 1470 fratres:
3544 1428 3676 1468 cum
3709 1411 3803 1466 hic

2138 1520 2281 1577 mos
2315 1505 2389 1559 sit
2413 1505 2742 1560 divinarum
2775 1505 3234 1577 Scripturarum,
3258 1509 3322 1558 ut
3343 1501 3801 1574 primogenitum

2154 1609 2267 1648 non
2303 1610 2437 1649 eum
2468 1598 2691 1660 vocent,
2727 1611 2898 1666 quem
2932 1596 3033 1649 14
3082 1593 3289 1648 fratres
3321 1595 3668 1662 sequuntur,
3703 1589 3804 1644 sed

2154 1697 2286 1738 eum
2317 1683 2412 1754 qui
2448 1683 2671 1755 primus
2723 1687 2894 1738 natus
2944 1682 3040 1738 sit.
3089 1682 3234 1754 Lege
3285 1678 3687 1752 supradictum
3735 1677 3804 1731 li-

2155 1770 2376 1827 bellum
2408 1774 2688 1828 adversus
2717 1771 3061 1828 Helvidium.

2228 1861 2392 1933 (Cap.
2435 1862 2500 1916 Il.
2538 1893 2604 1903 —
2637 1861 2800 1917 Vers.
2835 1862 2979 1929 2-4.)
3011 1884 3038 1910 ‹‹
3071 1859 3352 1914 Videmus
3387 1857 3543 1914 enim
3577 1855 3806 1913 stellam

2158 1950 2286 2022 ejus
2318 1950 2375 2004 in
2411 1949 2663 2018 Oriente,
2696 1955 2752 2005 et
2781 1951 3050 2006 venimus
3091 1949 3330 2004 adorare
3360 1963 3516 2002 eum.
3549 1943 3807 2002 Audiens

2159 2043 2352 2095 autem
2387 2039 2640 2095 Herodes
2675 2057 2792 2109 rex,
2824 2039 3096 2094 turbatus
3143 2042 3250 2108 est,
3284 2040 3342 2092 et
3383 2034 3576 2091 omnis
3606 2034 3807 2089 Hiero-

2159 2129 2384 2200 solyma
2415 2146 2549 2185 cum
2594 2127 2714 2184 illo.
2747 2129 2816 2184 Et
2863 2143 3226 2200 congregans
3279 2141 3483 2181 omnes
3513 2123 3807 2196 principes

2159 2219 2528 2274 sacerdotum
2561 2223 2615 2273 et
2647 2218 2868 2274 scribas
2913 2216 3135 2290 populi,
3185 2214 3594 2272 sciscitabatur
3622 2213 3693 2268 ab
3721 2212 3807 2267 eis

2159 2306 2258 2362 ubi
2289 2307 2557 2363 Christus
2588 2312 2944 2363 nasceretur.
2982 2329 3010 2356 »
3040 2306 3124 2360 Ad
3157 2304 3556 2361 confusionem
3583 2301 3808 2358 Judmo-

2159 2413 2312 2467 rum,
2346 2402 2411 2452 ut
2443 2396 2802 2452 nativitatem
2852 2395 3064 2452 Christi
3115 2414 3148 2451 a
3180 2393 3453 2467 gentibus
3491 2393 3802 2459 discerent,
3899 2385 3902 2387 ’

2158 2486 2343 2543 oritur
2375 2486 2433 2540 in
2464 2485 2696 2542 Oriente
2726 2485 2912 2555 stella,
2967 2502 3144 2557 quam
3194 2486 3451 2540 futuram
3496 2480 3729 2537 Balaam
3762 2481 3801 2546 ‘,

2158 2576 2330 2646 cujus
2378 2591 2747 2632 successores
2793 2580 2978 2642 erant,
3031 2573 3301 2630 vaticinio
3351 2574 3607 2628 noverat.
3656 2569 3804 2640 Lege

2126 2665 2480 2721 .Numerum
2531 2663 2748 2720 librum
2794 2666 2934 2737 (cap.
2993 2665 3169 2733 xxiv).
3221 2662 3570 2718 Deferuntur
3607 2663 3804 2714 autem

2159 2754 2312 2826 magi
2348 2753 2526 2810 stellis
2584 2753 2798 2809 indicio
2854 2753 2912 2808 in
2968 2754 3252 2818 Judaeum,
3299 2755 3364 2805 ut
3413 2749 3743 2805 sacerdotes
3775 2763 3809 2802 a

2160 2843 2348 2915 magis
2379 2843 2740 2916 interrogati,
2773 2843 2870 2899 ubi
2895 2842 3163 2899 Christus
3189 2845 3546 2904 nasceretur,
3582 2838 3810 2894 inexcu-

2160 2932 2374 2988 sabiles
2406 2933 2609 2988 fierent
2640 2933 2710 2988 de
2741 2935 2993 2989 adventu
3023 2934 3172 3003 ejus.

2230 3022 2417 3090 (Vers.
2449 3023 2504 3091 5,
2535 3023 2611 3092 6).
2646 3046 2672 3071 «
2734 3025 2804 3076 At
2860 3020 2944 3076 illi
2975 3021 3247 3075 dixerunt
3275 3018 3363 3072 ei:
3421 3017 3477 3070 in
3511 3013 3805 3071 Bethleem

2157 3110 2393 3166 Judaaaa.
2423 3110 2516 3166 Sic
2547 3111 2701 3166 enim
2734 3109 3020 3181 scriptum
3065 3112 3155 3164 est
3193 3123 3296 3179 per
3324 3104 3665 3178 prophetam
3694 3120 3706 3158 :
3741 3103 3807 3158 Et

2159 3203 2243 3264 tu,
2278 3197 2570 3253 Bethleem
2601 3203 2756 3253 terra
2782 3199 2952 3254 Juda.
2984 3211 3358 3269 nequaquam
3389 3192 3637 3248 minima
3655 3209 3719 3247 es
3751 3191 3811 3246 in

2081 3263 2123 3330 (ἶ
2161 3287 2526 3359 principibus
2555 3287 2727 3343 Juda.
2761 3287 2842 3342 Ex
2871 3290 2926 3343 te
2957 3263 3113 3342 enim
3157 3263 3309 3341 exist
3336 3285 3471 3349 dux,
3524 3281 3619 3352 qui
3653 3286 3817 3353 regat

2159 3377 2444 3449 populum
2495 3392 2692 3432 meum
2753 3375 2950 3432 lsrael.
2984 3398 3010 3424 ››
3067 3373 3466 3431 Librariorum
3527 3371 3621 3426 hic
3656 3387 3818 3426 error

2159 3470 2266 3522 est.
2304 3467 2583 3522 Putamus
2637 3465 2794 3521 enim
2853 3466 2926 3522 ab
2979 3463 3336 3536 evangelista
3387 3462 3645 3534 primum
3691 3458 3812 3514 edi-

2158 3559 2306 3621 tum,
2341 3555 2496 3611 sicut
2529 3556 2587 3609 in
2622 3555 2748 3626 ipso
2794 3553 3073 3610 Hebraico
3124 3552 3376 3625 legimus
3405 3551 3444 3617 ⁵,
3483 3548 3658 3615 ludas,
3693 3565 3808 3604 non

2155 3644 2384 3702 Iudaeae.
2418 3644 2551 3708 Quis
2583 3648 2674 3700 est
2701 3643 2857 3699 enim
2895 3642 3146 3699 aliarum
3191 3641 3453 3715 gentium
3487 3637 3805 3701 Bethleem,

2159 3737 2224 3788 ut
2253 3734 2324 3789 ad
2377 3732 2811 3788 distinctionem
2867 3733 2994 3803 ejus
3042 3732 3138 3787 hic
3181 3730 3404 3788 Judwae
3446 3725 3809 3801 poneretur?

2157 3822 2321 3878 Judaa
2345 3827 2538 3877 autem
2574 3821 2788 3877 idcirco
2818 3821 3112 3888 scribitur,
3141 3820 3279 3893 quia
3309 3825 3398 3876 est
3427 3822 3484 3874 et
3503 3816 3617 3873 alia
3646 3815 3812 3872 Beth-

2159 3910 2304 3967 leem
2336 3910 2394 3966 in
2429 3909 2684 3966 Galilaea.
2721 3911 2869 3983 Lege
2919 3909 3133 3966 librum
3165 3910 3305 3966 Jesu
3353 3907 3456 3962 filii
3485 3906 3640 3962 Nave
3671 3905 3808 3976 (Jos.

2157 4017 2272 4066 χιιι,
2314 4000 2412 4072 15).
2449 3999 2709 4071 Denique
2757 4004 2814 4055 et
2862 3999 2917 4054 in
2969 4000 3096 4072 ipso
3143 3996 3498 4062 testimonio,
3533 3994 3703 4068 ,quod
3737 3993 3810 4048 de

2158 4088 2407 4146 Michmze
2459 4089 2762 4161 prophetia
2788 4093 3092 4161 sumptum
3126 4092 3232 4158 est,
3267 4088 3346 4142 ita
3402 4085 3689 4141 habetur:
3743 4087 3812 4138 Et

2159 4184 2240 4248 tu,
2279 4179 2576 4242 Bethleem,
2607 4181 2759 4235 terra
2792 4178 2932 4236 Iuda
2962 4178 3141 4250 (Mich.
3178 4194 3234 4242 ν,
3263 4178 3340 4247 2).

2229 4267 2411 4339 (Vers.
2456 4268 2559 4337 'ul.)
2591 4290 2619 4317 ‹‹
2670 4271 2736 4322 Et
2782 4265 2999 4338 apertis
3046 4264 3338 4322 thesauris
3396 4261 3543 4327 suis,
3576 4257 3803 4316 obtule-

2158 4361 2295 4412 runt
2323 4356 2372 4412 ei
2405 4373 2668 4422 munera,
2706 4372 2936 4426 aurum,
2969 4354 3127 4426 thus,
3157 4359 3216 4410 et
3255 4352 3571 4426 myrrham.
3605 4373 3634 4401 »
3671 4348 3804 4404 Pul-

2159 4446 2444 4501 cherrime
2467 4462 2776 4500 munerum
2802 4447 3166 4500 sacramenta
3184 4447 3477 4498 Juvencus
3508 4439 3810 4513 presbyter

2158 4552 2273 4589 uno
2306 4533 2590 4590 versiculo
2623 4532 3103 4609 comprehendit:

401 4617 651 4723 {gallum
680 4619 969 4723 ‘f’S‘InPs‘
1003 4622 1308 4723 Ascendin'i
1346 4623 1406 4676 in
1451 4623 2052 4723 €“ﬁel‘ufngfal’fiva'f‘
2080 4635 2128 4700 D
2219 4659 2377 4718 Thus,
2408 4673 2619 4723 aurum,
2657 4659 2949 4722 myrrham,
2981 4659 3199 4723 regique
3230 4656 3558 4717 hominique,
3591 4654 3805 4716 Deoque

397 4704 562 4762 duxit
590 4711 974 4779 captivitatem
992 4727 1014 4772 ,·
1039 4709 1244 4780 accepit
1274 4709 1416 4766 dona
1443 4712 1503 4765 in
1533 4710 1844 4768 hominibus
1875 4713 2045 4784 (Psal.

474 4865 490 4897 ¹
519 4865 659 4922 Tres
689 4868 934 4924 Palatin.
986 4885 1130 4924 mss.
1183 4885 1429 4924 uxorem.
1484 4885 1661 4940 quam
1711 4875 1766 4925 et
1809 4871 1866 4925 in
1909 4871 2047 4926 sub-

401 4951 548 5012 nexa
579 4941 939 5012 expositione
965 4956 1162 4995 vocem
1201 4940 1432 4995 Hieron.
1466 4941 1690 5012 probat.

470 5009 491 5040 ²
523 5013 586 5082 In
619 5009 846 5082 aliquot
876 5029 1018 5082 mss.
1047 5009 1496 5082 exemplaribus,
1537 5013 1826 5066 vocabitur
1854 5030 2051 5068 nomen

396 5080 518 5150 ejus
547 5080 838 5150 Salvator;
889 5081 998 5150 vel,
1031 5080 1243 5139 vocabis
1288 5080 1489 5139 nomen'
1533 5084 1650 5150 eius
1690 5084 2045 5140 Salvatorem.

395 5153 579 5228 year.
611 5185 680 5194 --
701 5153 879 5210 Iidem
905 5171 1046 5210 mss.
1075 5154 1274 5228 addito
1297 5154 1686 5220 Cisterciensi,
1713 5171 1908 5211 nomen
1930 5158 2049 5228 ejus

399 5221 755 5298 Saluatorem,
805 5228 937 5298 quia
995 5229 1108 5298 ipse
1163 5227 1376 5298 salvum
1429 5228 1618 5298 faciet,
1680 5231 1788 5282 etc.
1832 5221 2048 5283 Eadem

400 5292 709 5371 lectionem
742 5292 964 5354 in'aliis
983 5292 1712 5371 exemplaribus'Martian.
1742 5300 1975 5371 reperit.

467 5365 490 5442 ξ
522 5368 583 5442 [η
615 5368 747 5424 aliis
777 5385 919 5426 mss.
952 5370 1024 5442 de
1053 5365 1428 5442 eoiuarratur,
1458 5372 1730 5442 quijam,
1759 5365 1866 5425 etc.

399 5437 492 5562 di‘
521 5438 884 5562 Intterserunt
937 5441 1054 5496 duo
1112 5440 1354 5496 Palatia.
1415 5437 1586 5497 'm'ssf
1621 5441 1860 5497 verbum
1903 5459 2047 5514 pras-

457 5524 596 5562 xera
630 5554 642 5562 .

437 5521 642 5566 ixerat.

472 5579 709 5656 {Facile
739 5583 1170 5640 Nazarenorum
1203 5583 1482 5656 codicem,
1530 5600 1705 5656 quem
1738 5599 1890 5655 saepe
1922 5583 2048 5639 lau-

400 5649 521 5737 d'at,
558 5653 801 5737 ipseque
829 5672 898 5737 ex
936 5657 1141 5737 Cresco
1196 5649 1611 5737 interpretatus
1637 5660 1776 5737 _est,
1817 5649 1907 5711 hic
1939 5656 2050 5737 sub

398 5720 668 5783 Hebraici
699 5720 1088 5800 appellatione
1128 5731 1312 5785 notat.
1347 5720 1465 5785 Nec
1507 5726 1656 5785 illud
1687 5720 1875 5799 usque
1905 5729 2050 5785 adeo

2221 4723 2369 4772 Dona
2399 4721 2594 4771 ferunt.

2159 4873 2460 4944 probatur,
2487 4871 2640 4943 quod
2675 4871 3048 4944 librariorum
3088 4867 3284 4944 errori
3311 4866 3557 4944 _tribuit,
3592 4866 3807 4944 utulu-

2156 4935 2292 5016 ᾅιῖξίλσ
2325 4961 2425 5016 pro
2448 4935 2607 4999 lludae
2638 4944 2923 5014 scriptum
2957 4943 3088 5016 sit__:_
3133 4939 3425 5011 siquidem
3459 4944 3516 5016 et
3552 4935 3805 5016 τήκίἹτξυ-

2159 5008 2339 5081 δαίανξ
2379 5016 2648 5081 Iudaeam,
2699 5008 2908 5068 vocant
2957 5013 3092 5068 LXX
3141 5008 3354 5067 terram
3400 5011 3588 5067 tribus
3629 5008 3806 5072 Juda,

2161 5103 2267 5141 nec
2319 5087 2652 5142 universam
2703 5087 3072 5140 Hebraeorum
3123 5083 3361 5139 ditionis
3405 5089 3642 5150 terram,
3685 5081 3804 5136 sive

2158 5157 2536 5225 Palestinam,
2598 5157 2697 5213 sed
2757 5156 3131 5228 peculiarem,
3162 5154 3474 5228 designant
3508 5151 3801 5228 regionem

2159 5247 2286 5302 quae
2333 5224 2787 5302 regibus_Juda_
2834 5224 3376 5302 equavid_stir'pe
3421 5224 3810 5302 parebatuet

2160 5292 2339 5376 probe
2373 5292 2484 5376 utan
2518 5298 2811 5376 solum__ab
2843 5298 2978 5376 aliis
3008 5292 3441 5376 gentibus,'sed
3471 5301 3527 5376 et
3558 5292 3804 5376 a_r_egio-

2161 5367 2336 5427 nibus
2370 5371 2616 5426 aliarum
2651 5370 2909 5426 tribuum
2958 5367 3190 5426 Israelis
3222 5385 3287 5426 eo
3327 5371 3564 5425 nomine
3593 5367 3805 5421 distin-

2200 5449 2454 5499 ueretur.
2483 5444 2577 5498 Sic
2609 5443 2762 5514 quod
2811 5443 3024 5498 Jerem.
3077 5460 3197 5514 xxv,
3221 5447 3275 5514 2,
3323 5439 3563 5514 ethoel.
3599 5455 3690 5514 In,
3713 5438 3805 5514 2Q,

2200 5461 2454 5499 ueretur.
2484 5461 2577 5498 me
2609 5461 2762 5514 quon
2811 5461 3024 5498 aerem.
3077 5461 3188 5508 xxv,
3221 5461 3275 5504 κ,
3323 5461 3379 5497 er.
3417 5461 3563 5496 JOBI.
3599 5461 3682 5505 ιιι,
3714 5461 3804 5501 ιυ,

2158 5461 2437 5571 ῗῐεὺιειὶθθ
2470 5519 2558 5570 est
2612 5526 2764 5578 nm,
2821 5515 3014 5571 Graece
3065 5511 3303 5569 Ἰουδαία
3349 5512 3601 5568 dicitur:
3643 5513 3701 5564 et
3733 5509 3804 5564 ab

2161 5587 2289 5659 ipso
2346 5585 2595 5659 Vulgato
2654 5588 2970 5659 Interprete
3022 5587 3175 5659 .ludg:
3208 5581 3631 5659 transfertur!
3662 5581 3802 5653 Reg.

2158 5653 2296 5728 xvu,
2333 5660 2358 5714 1
2394 5653 2549 5731 quod
2581 5659 2642 5715 in
2673 5653 2869 5715 Graeco
2900 5661 2989 5715 est
3019 5653 3304 5719 Ἰουδαίας.
