4024 6196
243 349 320 414 27
1492 358 1558 422 S.
1604 358 1879 424 EUSEB]

1994 357 2406 422 [IERONYMI
3575 363 3655 426 93

313 483 481 542 Vers.
535 485 645 558 12.)
694 487 763 544 Et
812 505 1093 563 responso
1143 497 1379 566 accepto
1420 492 1480 548 in
1527 492 1770 562 somnis,
1821 509 1891 549 ne
1923 493 1975 558 Α
2006 489 2136 561 lari]
2170 497 2404 564 pr0pter
2429 492 2862 562 conlentiosos’,
2886 509 3138 566 quorum
3169 493 3652 552 consuetudinem

245 574 504 630 redirent
535 576 605 630 ad
639 575 944 648 Herodem,
979 599 1082 653 per
1110 581 1282 637 aliam
1323 583 1476 638 viam
1510 583 1718 638 reversi
1754 588 1892 636 sunt

241 662 302 718 in
337 664 632 735 regionem
682 684 874 735 suam,
913 694 932 718 υ
986 677 1094 726 etc.
1128 671 1234 736 Qui
1284 689 1529 727 munera
1559 671 1893 727 obtulerant

242 752 511 820 Domino,
563 765 986 830 consequenter
1033 779 1377 832 responsum
1430 763 1742 833 accipiunt.
1783 763 1886 817 Re-

233 857 523 912 sponsum
559 857 754 902 autem
786 851 963 918 (quod
1001 849 1191 905 Graece
1241 852 1454 907 dicitur
1486 849 1886 926 χρηματισθὲν-

225 932 338 1004 τες)
370 949 490 988 non
541 951 643 1006 per
687 935 962 1008 angelum
1015 939 1098 1005 fit,
1153 939 1255 994 sed
1301 957 1400 1010 per
1447 942 1639 1012 ipsum
1696 942 1886 996 Domi-
1926 931 1940 942 ’

227 1038 369 1076 num
404 1023 420 1056 ί
449 1066 462 1089 ,
492 1027 557 1078 ut
606 1025 949 1081 meritorum
980 1028 1198 1100 Joseph
1235 1031 1330 1086 15
1388 1031 1753 1102 privilegium
1788 1031 1885 1084 de-

229 1117 677 1169 monstraretur.
717 1115 1110 1172 Revertuntur
1140 1124 1337 1173 autem
1373 1136 1474 1190 per
1504 1121 1677 1174 aliam
1711 1121 1885 1186 viam,

237 1200 376 1272 quia
406 1201 738 1258 infidelitati
773 1205 1059 1262 miscendi
1091 1225 1202 1262 non
1237 1214 1405 1263 erant
1441 1215 1496 1264 et
1523 1210 1882 1264 Judreorum.

309 1291 489 1360 (Vers.
540 1293 746 1360 13.15.)
801 1318 820 1344 ι
857 1297 1000 1352 Ecce
1045 1297 1289 1370 angelus
1339 1299 1566 1354 Domini
1617 1299 1887 1372 apparuit

239 1377 300 1434 in
332 1380 558 1436 somnis
603 1382 836 1455 Ioseph,
883 1385 1118 1442 dicens:
1171 1392 1352 1459 Surge
1400 1393 1456 1442 et
1500 1389 1694 1460 accipe
1742 1405 1886 1460 pue-

240 1485 369 1522 rum
405 1472 462 1524 et
488 1473 728 1526 matrem
763 1474 911 1544 ejus,
944 1479 1000 1530 et
1032 1478 1168 1547 fuge
1197 1476 1256 1532 in
1287 1482 1596 1548 zligyptum
1625 1494 1636 1532 :
1679 1482 1734 1533 et
1763 1483 1886 1532 esto

235 1555 317 1612 ibi
352 1575 538 1630 usque
569 1560 710 1615 dum
763 1563 952 1619 dicam
1003 1565 1137 1620 tibi.
1187 1566 1471 1621 Futurum
1519 1572 1607 1622 est
1635 1567 1790 1622 enim
1822 1572 1888 1620 ut

239 1645 495 1703 Herodes
526 1655 748 1721 quaerat
788 1669 1038 1723 puerum
1069 1655 1140 1710 ad
1193 1657 1548 1727 perdendum
1589 1671 1744 1711 eum.
1779 1657 1885 1720 Qui

236 1751 618 1810 consurgens.
648 1741 872 1813 accepit
899 1759 1148 1814 puerum
1175 1749 1232 1800 et
1262 1749 1507 1801 matrem
1531 1746 1658 1816 ejus
1681 1751 1882 1800 nocte:

2004 579 2218 634 Paulus
2250 583 2550 652 apostolus
2583 583 2795 639 habere
2827 601 2888 639 se
2935 585 3201 654 denegat,
3246 589 3303 638 et
3334 584 3652 641 Ecclesiam

2001 670 2211 728 Christi
2266 673 2314 744 (Ι
2356 677 2480 730 Cor.
2530 691 2607 741 x1,
2665 675 2788 745 16):
2850 678 2906 729 et
2950 673 3348 729 testimonium
3407 667 3652 747 proferi-

2002 778 2132 816 mus
2164 779 2231 816 ex
2280 763 2576 826 Numeris,
2610 763 2834 817 dicente
2877 763 3109 818 Balaam
3141 781 3153 818 :
3204 765 3343 820 Deus
3381 783 3454 820 ea:
3482 769 3649 839 /Egy-

1994 859 2087 921 pto
2119 857 2330 906 vocavit
2362 870 2487 906 eum
2511 871 2528 906 :
2577 853 2761 920 gloria
2791 854 2908 923 ejus
2956 855 3100 908 sicut
3141 855 3429 910 unicornis
3459 856 3645 927 (Num.

1996 956 2186 1005 XXXIV,
2219 942 2296 1009 8).

2069 1031 2252 1098 (Vers.
2290 1031 2493 1101 1720.)
2528 1051 2555 1078 «
2587 1031 2749 1085 Tunc
2803 1031 3187 1102 adimpletum
3229 1036 3318 1086 est
3369 1033 3521 1104 quod
3557 1033 3644 1089 di-

1997 1123 2154 1171 ctum
2187 1123 2274 1172 est
2307 1137 2406 1188 per
2434 1119 2746 1174 Jeremiam
2774 1121 3136 1191 prophetam,
3171 1121 3462 1176 dicentem
3487 1139 3498 1176 :
3523 1122 3647 1179 Vox

1996 1205 2056 1260 in
2089 1207 2271 1260 Rama
2300 1208 2502 1262 audita
2545 1214 2650 1275 est,
2703 1207 2962 1279 ploratus
3003 1213 3059 1262 et
3107 1207 3364 1264 ululatus
3397 1209 3642 1278 multus,

1999 1294 2208 1350 Rachel
2269 1295 2502 1366 plorans
2554 1296 2704 1351 ﬁlios
2762 1314 2924 1364 suos,
2984 1307 3036 1352 et
3093 1297 3282 1352 noluit
3329 1299 3642 1367 consolari,

1997 1383 2135 1455 quia
2162 1401 2274 1439 non
2309 1391 2466 1441 sunt.
2523 1386 2802 1442 Defuncto
2846 1392 3040 1441 autem
3090 1387 3331 1458 Herode,
3377 1405 3508 1443 ecce
3540 1406 3642 1444 an-

1995 1471 2160 1545 gelus
2195 1475 2416 1528 Domini
2445 1475 2716 1546 apparuit
2762 1475 2820 1530 in
2855 1477 3080 1531 somnis
3129 1475 3349 1547 Joseph
3383 1476 3440 1531 in
3476 1478 3648 1549 .digy-

1996 1567 2094 1633 pto
2126 1563 2363 1618 dicens:
2411 1563 2616 1635 Surge,
2667 1569 2723 1619 et
2751 1564 2945 1636 accipe
3000 1582 3247 1636 puerum
3296 1570 3355 1621 et
3394 1571 3640 1622 matrem

1995 1653 2147 1723 ejus,
2181 1655 2280 1707 16
2307 1658 2364 1708 et
2416 1655 2560 1708 vade
2613 1655 2670 1708 in
2724 1658 2938 1709 terram
2984 1654 3180 1710 Israel.
3217 1679 3240 1707 ι
3296 1654 3377 1711 De
3426 1655 3643 1712 Rachel

1996 1746 2168 1797 natus
2197 1748 2285 1797 est
2315 1741 2642 1812 Benjamin,
2691 1742 2750 1796 in
2782 1743 2952 1813 cujus
3001 1743 3155 1799 tribu
3199 1760 3313 1800 non
3352 1749 3440 1799 est
3470 1744 3639 1799 Beth-

231 1829 289 1881 et
317 1827 563 1882 secessit
595 1827 654 1882 in
682 1830 993 1902 Egyptum
1021 1851 1034 1899 ;
1067 1840 1124 1888 et
1153 1839 1278 1889 erat
1325 1835 1404 1889 ibi
1437 1852 1624 1906 usque
1657 1835 1726 1889 ad
1759 1835 1883 1889 obi-
1914 1869 1960 1934 Β
1997 1829 2165 1886 leem.
2201 1831 2487 1896 Quaeritur
2524 1849 2660 1904 ergo
2691 1833 2982 1904 quomodo
3033 1833 3242 1888 Rachel
3275 1832 3424 1889 filios
3452 1833 3645 1903 Judm,

233 1916 360 1968 tum
393 1915 657 1973 Herodis.
689 1939 716 1971 ω
752 1920 994 1983 Quando
1029 1923 1180 1978 tollit
1228 1924 1332 1991 [AL
1369 1923 1520 1991 tulit)
1552 1941 1797 1995 puerum
1829 1929 1884 1978 et

227 2009 474 2060 matrem
504 2007 650 2077 ejus,
687 2013 750 2063 ut
777 2009 835 2064 in
867 2011 1176 2082 1Egyptum
1216 2018 1679 2083 transeat,nocte
1708 2013 1880 2083 tollit,

227 2097 286 2148 et
313 2095 608 2152 tenebris:
667 2100 901 2168 quando
953 2117 1085 2156 vero
1141 2103 1451 2157 revertitur
1497 2103 1556 2156 in
1595 2103 1882 2168 Judaeam,

223 2198 332 2238 nec
364 2201 500 2252 nox,
533 2203 640 2241 nec
669 2189 922 2244 tenebrae
954 2195 1257 2262 ponuntur
1287 2192 1342 2246 in
1372 2191 1701 2264 Evangelio:

297 2271 482 2343 (Vers.
518 2275 609 2340 45,
645 2277 754 2347 16.)
805 2300 832 2326 ‹‹
867 2277 940 2332 Ut
994 2279 1414 2351 adimpleretur
1454 2281 1609 2352 quod
1660 2281 1880 2337 dictum

226 2365 324 2418 est
351 2379 386 2416 a
411 2362 658 2420 Domino
689 2381 788 2436 per
833 2366 1200 2439 prophetam,
1234 2369 1520 2426 dicentem
1547 2387 1559 2424 :
1612 2370 1686 2425 Ex
1715 2372 1881 2442 XEgy-

234 2454 334 2522 pto
387 2453 581 2508 vocavi
641 2453 828 2510 ﬁlium
886 2472 1104 2513 meum.
1167 2459 1331 2515 Tunc
1381 2459 1634 2515 Herodes
1677 2460 1881 2515 videns

229 2540 514 2612 quoniam
539 2541 752 2600 illusus
783 2549 936 2602 esset
958 2563 994 2602 a
1025 2545 1230 2619 Magis,
1266 2548 1450 2604 iratus
1481 2553 1570 2604 est
1599 2547 1764 2604 valde
1789 2567 1803 2616 ;
1825 2553 1882 2604 et

231 2629 495 2699 mittens,
529 2633 744 2689 occidit
792 2650 998 2692 omnes
1029 2652 1240 2707 pueros
1283 2637 1384 2708 qui
1423 2642 1588 2693 erant
1617 2638 1678 2694 in
1709 2638 1880 2694 Beth-

225 2717 398 2788 leem,
458 2723 518 2777 et
572 2721 633 2778 in
689 2723 968 2780 omnibus
1021 2725 1261 2794 ﬁnibus,
1323 2744 1357 2782 a
1403 2727 1628 2783 bimatu
1685 2733 1742 2782 et
1791 2727 1879 2784 in-

223 2808 336 2876 fra,
369 2811 697 2867 secundum
725 2817 960 2885 tempus
981 2815 1134 2886 quod
1169 2816 1524 2886 exquisierat
1552 2835 1586 2872 a
1617 2816 1820 2888 Magis.
1847 2838 1876 2868 »

229 2897 643 2970 Respondeant
672 2902 771 2974 qui
797 2903 1172 2959 Hebraeorum
1196 2903 1559 2960 voluminum
1592 2906 1882 2978 denegant

228 2987 553 3054 veritatem,
589 2991 687 3046 ubi
731 2990 841 3046 hoc
889 2992 946 3046 in
981 2993 1120 3048 LXX
1168 2991 1398 3064 legatur
1437 2993 1876 3066 lnterpretibus.

231 3077 392 3143 Quod
427 3093 562 3133 cum
594 3096 709 3134 non
736 3079 1082 3150 invenerint,
1118 3097 1223 3136 nos
1245 3082 1329 3136 eis
1359 3081 1623 3137 dicemus
1645 3081 1703 3136 in
1737 3083 1880 3138 Osee

233 3165 514 3238 propheta
559 3167 843 3239 scriptum
893 3169 1038 3241 (cap.
1071 3173 1170 3239 xx),
1223 3171 1378 3226 sicut
1423 3176 1480 3226 et
1527 3171 1882 3242 exemplaria

1995 1921 2049 1974 id
2082 1926 2190 1988 est,
2225 1919 2538 1989 Bethleem,
2591 1921 2756 1992 quasi
2803 1937 2941 1975 suos
2983 1921 3216 1992 ploret?
3249 1922 3643 1994 Respondebi-

1993 2025 2126 2064 mus
2159 2011 2422 2072 breviter,
2476 2010 2614 2081 quia
2647 2009 2873 2082 sepulta
2923 2010 2999 2065 sit
3037 2012 3208 2081 juxta
3254 2011 3550 2066 Bethleem
3583 2012 3639 2066 in

1995 2099 2268 2170 Ephrata,
2303 2103 2358 2152 et
2387 2117 2455 2154 ex
2501 2106 2764 2154 materno
2811 2101 3142 2172 corpusculi
3190 2100 3441 2172 hospitio
3469 2101 3492 2134 ³
3518 2118 3640 2156 ma-

1989 2189 2098 2243 tris
2130 2206 2341 2243 nomen
2375 2189 2680 2260 acceperit,
2719 2189 2848 2244 Sive
2877 2190 3153 2260 quoniam
3198 2190 3373 2258 Juda,
3406 2195 3462 2245 et
3492 2190 3674 2254 Ben-,

1981 2279 2172 2350 jamin
2207 2279 2332 2332 dua:
2381 2278 2570 2333 tribus
2615 2279 2834 2348 junctae
2883 2284 3069 2348 erant,
3120 2283 3175 2332 et
3205 2279 3460 2334 Herodes
3489 2296 3638 2350 prae-

1991 2371 2222 2438 ceperat
2252 2384 2366 2422 non
2416 2366 2610 2422 solum
2663 2367 2721 2422 in
2772 2367 3065 2422 Bethleem
3115 2367 3361 2422 interfici
3405 2384 3638 2440 pueros,

1990 2457 2088 2512 sed
2118 2461 2176 2512 et
2205 2456 2263 2510 in
2296 2455 2572 2510 omnibus
2594 2455 2812 2511 ﬁnibus
2842 2457 2988 2528 ejus.
3023 2457 3131 2512 Per
3151 2456 3498 2513 occisionem
3524 2457 3638 2526 [AL

1989 2543 2380 2615 occasionem]
2427 2542 2721 2599 Bethleem
2771 2543 3156 2614 intelligimus
3206 2545 3421 2602 multos
3459 2545 3636 2601 etiam

1988 2634 2060 2688 de
2085 2633 2388 2704 Benjamin
2413 2633 2595 2688 fuisse
2616 2649 2818 2689 caesos.
2848 2633 3045 2690 Plorat
3074 2637 3268 2689 autem
3293 2634 3445 2691 ﬁlios
3474 2651 3636 2706 suos,

1987 2727 2045 2778 et
2075 2723 2188 2778 non
2217 2722 2421 2794 recipit
2457 2721 2934 2794 consolationem,
2987 2723 3312 2780 secundum
3345 2723 3638 2796 duplicem

1988 2811 2455 2884 intelligentiam.
2488 2812 2618 2867 Sive
2650 2813 2805 2883 quod
2845 2828 2944 2868 eos
2979 2812 3036 2867 in
3062 2817 3342 2868 aeternum
3376 2819 3641 2869 mortuos

1989 2903 2325 2971 aestimaret,
2387 2901 2506 2956 sive
2564 2901 2720 2972 quod
2779 2900 3069 2957 consolari
3127 2918 3190 2957 se
3221 2900 3400 2956 nollet
3447 2902 3640 2958 dehis

1989 3007 2134 3063 quos
2166 2992 2340 3046 sciret
2371 3007 2499 3046 esse
2546 2991 2822 3046 victuros.
2881 2989 3042 3053 Quod
3092 2993 3288 3046 autem
3339 2990 3554 3046 dicitur
3577 2993 3640 3046 in

1989 3081 2179 3147 ltrunn,
2213 3097 2326 3134 non
2387 3085 2659 3146 putemus
2689 3079 2797 3134 loci
2857 3096 3071 3134 nomen
3126 3096 3274 3146 esse,
3314 3081 3486 3152 juxta
3527 3080 3638 3136 Ga-

1991 3169 2102 3226 baa
2131 3170 2172 3235 ‘,
2205 3171 2305 3223 sed
2338 3170 2523 3224 Rania
2551 3169 2827 3224 excelsum
2859 3169 3074 3240 (ri-nm)
3108 3167 3544 3240 interpretatur,
3581 3173 3644 3224 ut

228 3255 478 3326 probare
511 3261 758 3328 possunt
787 3274 916 3328 qum
967 3275 1154 3330 nuper
1197 3259 1512 3316 edidimus.
1555 3261 1879 3316 Possumus
1912 3243 1954 3310 C
1993 3261 2070 3314 sit
2099 3276 2347 3314 sensus:
2385 3259 2494 3313 Vox
2524 3259 2581 3312 in
2627 3259 2835 3314 excelso
2883 3257 3078 3314 audita
3119 3263 3224 3328 est,
3267 3257 3326 3312 id
3357 3262 3446 3314 est
3476 3258 3645 3331 longe

223 3348 422 3400 autem
453 3344 652 3402 locum
683 3346 866 3402 istum
895 3351 952 3403 et
983 3346 1150 3402 aliter
1185 3349 1492 3404 conciliare
1523 3351 1628 3418 [Αἱ.
1663 3367 1874 3405 conso-

303 3454 314 3488 ¹
349 3451 552 3525 Ferme
583 3469 930 3525 persuasum
955 3454 1064 3508 fuit
1084 3454 1225 3509 olim
1253 3455 1418 3520 mihi,
1445 3456 1658 3511 cubare
1679 3456 1874 3512 locum

223 3523 408 3597 istum
440 3524 499 3578 in
549 3523 783 3595 mendo,
815 3531 873 3582 et
920 3543 1021 3597 pro
1070 3527 1252 3597 ipsum
1297 3529 1589 3583 Dominum
1637 3529 1873 3584 rescribi

229 3595 438 3670 debere
470 3612 583 3652 uno
616 3598 788 3670 verbo
820 3595 1172 3670 insomnium,
1215 3603 1278 3653 ut
1302 3616 1512 3656 sensus
1544 3600 1638 3654 sit.
1674 3600 1872 3670 Magos

228 3666 465 3740 quidem
500 3668 1010 3741 perinsomnium,
1035 3670 1092 3725 S.
1125 3666 1254 3725 vero
1285 3671 1605 3741 Josephum
1640 3666 1873 3740 respom

230 3741 689 3813 sumaccepisse
721 3758 820 3813 per
850 3740 1144 3813 angelum.
1177 3742 1394 3813 Nempe
1428 3740 1489 3797 ut
1520 3759 1715 3796 secum
1747 3742 1872 3812 ipse

227 3809 286 3884 S_.
323 3809 974 3884 Hieronymusconstet,
1009 3814 1107 3884 qui
1141 3813 1290 3868 hanc
1319 3809 1562 3870 visionis
1595 3809 1876 3884 praeroga-

228 3881 408 3956 tivam
442 3881 555 3954 prae
612 3883 739 3956 illa,
780 3902 906 3956 qua:
939 3881 1123 3956 Magis
1175 3887 1327 3940 facta
1374 3892 1486 3954 est,
1536 3881 1873 3956 SfJosepho

228 3953 456 4026 tribuit,
489 3959 545 4009 et
573 3953 866 4026 praedicat,
899 3957 1009 4012 hac
1038 3953 1322 4012 nimirum
1355 3958 1424 4012 de
1445 3974 1640 4019 causa,
1677 3966 1734 4011 ut
1760 3953 1874 4012 ine-

225 4025 464 4099 ritorum
489 4027 677 4099 Ioseph
700 4029 1060 4099 privilegium
1089 4028 1578 4084 demonstraretur.
1613 4029 1757 4084 Nam
1785 4045 1874 4083 se-

230 4113 334 4152 cus
367 4095 539 4172 longe
568 4095 826 4172 haberet,
861 4100 909 4154 si
942 4101 1140 4172 Magos
1173 4101 1316 4155 dixit
1347 4119 1450 4172 per
1478 4103 1660 4171 ipsum
1689 4102 1872 4156 Domi-

229 4185 386 4244 num,
446 4171 770 4244 Josephum
827 4187 960 4228 vero
1017 4171 1118 4244 per
1175 4171 1448 4243 angelum
1506 4173 1876 4228 admonitum

231 4239 435 4306 fuisse,
467 4239 604 4296 cum
632 4242 732 4298 Dei
763 4239 1134 4300 admonentis
1152 4239 1389 4315 sequior
1415 4250 1569 4299 esset
1597 4243 1872 4311 conditio,

231 4316 435 4388 contra
463 4329 640 4388 quam
674 4315 884 4371 veritas
923 4315 1163 4388 clamat,
1197 4320 1254 4388 et
1285 4317 1342 4372 S.
1389 4317 1512 4388 ipse
1543 4315 1712 4388 Pater
1740 4329 1876 4368 con-

232 4383 415 4456 ceptis
445 4383 635 4440 verbis
665 4387 980 4442 contendit.
1018 4383 1628 4451 Quamobrem'errore
1660 4387 1876 4440 factum

234 4455 702 4528 antiquariorum
732 4459 998 4514 videatur
1053 4459 1126 4514 ob
1170 4458 1429 4528 aliquam
1481 4458 1632 4512 inter
1661 4474 1722 4511 se
1750 4474 1879 4510 ver-

233 4527 442 4582 borum
491 4532 676 4599 ipsum
725 4531 1016 4586 Dominum
1051 4536 1105 4586 et
1152 4527 1493 4598 insomnium
1539 4528 1874 4582 similitudi-

230 4615 386 4671 nem,
420 4616 546 4671 quae
576 4601 741 4656 facile

229 4669 342 4725 sim
375 4669 544 4742 quasi
566 4673 680 4728 duo
701 4669 875 4729 verba
896 4673 1173 4744 accipere,
1202 4678 1339 4743 puta
1364 4673 1422 4725 in
1453 4687 1592 4731 som.
1625 4681 1678 4744 et
1701 4673 1877 4741 nium,

235 4757 364 4866 quas
395 4759 528 4798 cum
563 4761 666 4816 per
693 4761 754 4800 se
784 4745 926 4800 nihil
961 4743 1313 4818 signiﬁcent,
1360 4743 1724 4797 emendanda
1756 4760 1878 4798 cre-

281 4812 450 4866 iderit
478 4817 659 4866 insom
689 4816 746 4866 in
780 4819 977 4866 imum.
1029 4821 1082 4866 et
1130 4817 1292 4866 nium
1323 4816 1378 4866 in
1431 4815 1739 4866 Dominum.
1768 4817 1878 4866 Cae-

281 4812 450 4869 iderit
478 4812 659 4872 ins'om
689 4816 746 4871 in
780 4819 977 4889 ipsum,
1017 4812 1086 4889 'et_
1130 4817 1302 4889 nium
1323 4816 1378 4889 in
1431 4815 1739 4889 Dominum.
1767 4817 1881 4889 Cae-

234 4888 358 4940 tera
389 4890 544 4942 enim
576 4893 632 4942 et
661 4886 823 4943 sacer
851 4893 1044 4944 textus
1074 4886 1305 4941 lectioni
1336 4887 1673 4941 insomnium
1705 4887 1878 4941 ﬁdem

229 4956 387 5032 facit,
416 4964 475 5014 et
502 4959 861 5032 suffragatur
904 4960 985 5016 rei
1038 4958 1269 5022 veritas,
1315 4957 1569 5032 denique
1611 4957 1736 5032 ipsa
1766 4959 1878 5032 La-

226 5029 363 5104 tina:
393 5030 548 5104 vocis
572 5029 898 5104 proprietas
931 5048 996 5084 ac
1020 5033 1130 5104 vis,
1164 5047 1280 5102 qua
1303 5031 1640 5104 insomnium
1666 5030 1883 5084 dicitur

228 5099 375 5174 visio
406 5102 462 5157 id
497 5099 648 5174 quod
681 5099 886 5174 postea
914 5102 1122 5157 accidit
1153 5099 1525 5174 portendens.

302 5173 412 5244 Sed
446 5170 783 5230 si'ment—em
833 5174 890 5230 S.
949 5170 1208 5229 Doctoris
1258 5174 1434 5244 probe
1486 5170 1876 5244 assequimur,

235 5242 380 5299 nihil
411 5262 540 5300 esse
562 5247 715 5316 quod
743 5245 834 5300 hic
866 5244 973 5301 loci
995 5242 1396 5312 emendemus,
1423 5260 1482 5316 re
1504 5242 1675 5316 paulo
1703 5243 1879 5298 altius

231 5331 488 5387 expensa
518 5315 828 5372 constabit.
863 5317 1157 5387 sentiebat
1203 5317 1416 5387 quippe
1449 5315 1561 5382 ille,
1599 5331 1881 5385 responsa

235 5383 363 5468 quae
390 5391 464 5468 iri
497 5391 720 5468 somnis,
770 5383 1041 5463 κατ’ὅναρ,
1097 5383 1466 5468 haberentur,
1522 5405 1652 5468 qua:
1697 5383 1874 5468 χρηστ

236 5457 372 5529 plebe
425 5459 629 5532 Graeci
679 5466 904 5531 vocant,
968 5457 1069 5532 per
1139 5461 1329 5532 ipsum
1399 5457 1566 5514 Deum
1620 5457 1788 5532 fieri,
1823 5461 1881 5513 et

233 5527 488 5612 χρησμὸν
509 5531 657 5612 _dici,
691 5527 916 5612 quoties
951 5527 1100 5587 Deus
1123 5527 1226 5612 per
1254 5530 1511 5612 seipsum
1545 5531 1877 5612 respondet.

229 5601 456 5676 ljassim
509 5601 659 5659 hanc
707 5601 851 5676 ejus
901 5601 1249 5660 sententiam
1301 5601 1639 5676 dignoscere
1689 5609 1776 5655 est
1819 5602 1878 5656 in

225 5672 768 5749 Qommentariisin
796 5676 1159 5749 Prophetas,
1209 5672 1388 5746 atque
1431 5673 1606 5729 alibi:
1653 5690 1792 5749 nam
1823 5677 1881 5749 et

228 5743 301 5801 de
329 5743 666 5820 Hieronymi
695 5747 886 5822 ipsius
927 5743 1189 5818 nomine,
1235 5743 1436 5819 utpote
1475 5744 1881 5803 reconditioris

1983 3347 2218 3417 lateque
2251 3347 2536 3416 dispersa.

1984 3453 2262 3508 doctrina:
2293 3451 2573 3522 placitum
2628 3451 2700 3522 ab
2753 3449 2900 3520 ipsis
2949 3451 3162 3505 Grmcis
3211 3449 3644 3522 lexicographis

1983 3527 2053 3581 ad
2087 3520 2578 3596 VOCQIp—Xp‘r‘dtu‘);
2611 3521 2876 3576 refertur.
2900 3525 3074 3596 Sacer
3098 3522 3295 3596 itaque
3324 3520 3533 3596 textus:
3549 3523 3644 3596 hic

1983 3596 2080 3652 ubi
2113 3596 2184 3668 de
2217 3589 2400 3665 Magis
2422 3589 2624 3668 sermo
2654 3598 2762 3668 est,
2793 3594 2968 3668 verbo
3026 3589 3216 3668 utitur?
3262 3589 3641 3668 χρησμωδέω,

1983 3667 2134 3740 quod
2171 3683 2204 3720 a
2232 3663 2488 3740 χρῄσμῷς
2517 3665 2752 3740 nomine
2781 3665 3130 3740 derivatum,
3163 3663 3430 3740 ejusdem
3463 3665 3635 3737 plane

1981 3736 2071 3794 est
2098 3736 2244 3792 cum
2261 3736 2366 3791 illo
2398 3736 2843 3808 signiﬁcationis
2873 3754 2885 3798 ;
2917 3737 3108 3806 deque
3141 3736 3414 3808 adeoiilla
3442 3736 3496 3792 ὁ.
3532 3741 3634 3791 Pa-

1979 3811 2088 3866 tris
2119 3807 2567 3880 Greecorumque
2607 3808 2871 3863 doctrina
2914 3809 3130 3863 factum
3163 3807 3514 3880 intelligitur
3541 3825 3629 3863 re-

1983 3898 2267 3954 sponsum
2319 3897 2420 3952 per
2466 3883 2648 3952 ipsum
2695 3881 3032 3954 Dominum,_
3059 3885 3115 3934 et
3157 3880 3206 3935 si
3245 3897 3348 3951 per
3375 3880 3630 3951 angelum

1983 3950 2145 4009 sacer
2168 3950 2332 4007 idem
2355 3950 2546 4007 textus
2577 3955 2788 4006 [artum
2839 3950 3094 4023 Joseph‘o
3139 3950 3488 4023 responsum
3521 3968 3629 4006 no-

1982 4032 2087 4091 tat,
2121 4043 2256 4080 cum
2313 4032 2628 4094 utrumque
2676 4028 2870 4078 tamen
2911 4016 3180 4094 xarE’o'vap,
3207 4016 3351 4094 sive
3400 4025 3458 4076 in
3486 4039 3629 4078 som-

1984 4101 2072 4152 nis
2102 4104 2221 4150 tam
2254 4097 2360 4167 ipsi
2399 4093 2637 4158 factum,
2672 4111 2849 4165 quam
2885 4095 3068 4165 Magis
3099 4093 3369 4167 declaret,
3399 4099 3629 4148 utrum-

1985 4185 2094 4238 que
2121 4184 2262 4222 sane
2287 4166 2594 4230 divinitus,
2647 4167 2768 4220 sive
2813 4183 2931 4238 per,
2963 4168 3149 4238 ipsum
3188 4166 3632 4238 Dominumtac-

1985 4235 2112 4294 tum
2140 4242 2425 4304 testatur;
2460 4237 2520 4291 in
2552 4254 2619 4291 eo
2651 4235 2847 4292 autem
2881 4235 3012 4308 plus
3061 4236 3274 4308 habere
3297 4235 3535 4292 honoris
3566 4253 3633 4292 ac

1984 4310 2176 4365 laudis
2201 4310 2356 4372 istud
2381 4308 2640 4381 Josephi,
2666 4310 2819 4380 quod
2843 4307 2914 4381 ab
2937 4309 3063 4381 ipso
3091 4307 3335 4366 Domino
3355 4314 3632 4379 praeterea

1986 4381 2230 4452 angelus
2257 4380 2614 4434 mittitur’ad
2667 4380 3154 4447 denuntiandum,
3200 4385 3266 4452 ut
3305 4382 3632 4436 meritorum

1983 4453 2180 4524 Ioseph
2208 4453 2559 4522 privilegium
2589 4452 3075 4506 demonstraretur.
3121 4451 3294 4524 Salva
3316 4453 3628 4517 sententia,

1987 4523 2147 4580 salVa
2179 4540 2270 4578 res
2299 4528 2387 4578 est
2416 4542 2428 4578 :
2466 4541 2568 4578 nec
2603 4525 2854 4594 profecto
2883 4529 3099 4580 temere
3138 4523 3462 4594 injiciendae
3492 4528 3634 4579 sunt

832 4603 1045 4678 otuerit
1089 4595 1325 4656 criticus
1375 4617 1490 4678 non
1535 4617 1706 4654 nemo
1736 4600 1878 4678 divi-
1909 4614 1959 4678 ι)
1990 4613 2200 4652 manus
2230 4595 2290 4648 in
2341 4597 2408 4678 S._
2461 4595 2946 4678 Patrishtextum,
3004 4611 3180 4678 quem
3237 4595 3369 4678 libri
3403 4612 3630 4678 omnes,

1992 4686 2134 4748 mss.
2168 4683 2328 4738 aeque
2359 4672 2533 4738 atque
2576 4665 2914 4748 editi,_quot
2937 4665 3102 4748 sunt,
3135 4671 3391 4748 quotque
3449 4667 3628 4733 fuere,

1989 4741 2113 4812 pari
2144 4737 2456 4798 consensu.
2493 4737 2633 4810 quin
2667 4744 2723 4812 et
2753 4737 3006 4811 liturgici
3048 4737 3166 4811 ipsi
3203 4737 3632 4810 scriptoresque

1989 4827 2192 4867 omnes
2223 4815 2462 4864 tuentur
2489 4827 2552 4864 ac
2578 4811 2846 4867 probant.

2060 4827 2192 4866 anes
2223 4827 2462 4864 tuentur
2489 4827 2552 4864 ac
2619 4827 2846 4866 ronant.

2060 4885 2081 4917 ²
2113 4881 2558 4952 Imperitissima
2578 4827 2670 4935 llic
2702 4881 2869 4936 lectio
2891 4885 2980 4936 est
3009 4880 3068 4933 in
3099 4879 3265 4934 libris
3294 4879 3489 4946 editis,
3524 4879 3635 4936 sci-

1989 4953 2140 5017 licet,
2173 4956 2464 5009 Possumus
2508 4957 2691 5008 autem
2737 4954 2913 5008 locum
2961 4955 3130 5008 ist-um
3176 4957 3226 5007 et
3256 4953 3423 5008 aliter
3450 4967 3638 5008 como-

1990 5027 2101 5082 lari
2142 5031 2371 5096 propter
2417 5026 2792 5080 contentiosos.
2851 5025 3188 5097 Legendum
3240 5025 3460 5096 itaque,
3501 5029 3636 5097 Pas:

1986 5093 2174 5152 sumus
2219 5093 2402 5152 autem
2449 5098 2626 5152 locum
2672 5099 2837 5152 istum
2883 5093 2960 5152 etw
2987 5097 3152 5152 aliter
3197 5093 3515 5163 conciliare,
3547 5093 3635 5148 vel

1987 5178 2039 5226 et
2061 5171 2228 5225 aliter
2259 5169 2650 5237 conﬁrmare...
2695 5173 2746 5224 et
2790 5170 3167 5224 testimonium
3205 5169 3538 5238 pro/erimus
3567 5180 3636 5238 ea:

1987 5243 2262 5304 Numeris,
2295 5234 2403 5294 etc.
2431 5259 2445 5308 ;
2478 5241 2696 5312 ubique
2739 5240 2896 5296 e'nim
2928 5234 3630 5312 legimus,'in'singu_lari,

1989 5315 2176 5370 vocavi
2200 5313 2402 5382 ﬁlium,
2435 5306 2580 5368 sive
2604 5306 2796 5368 mm
2847 5306 3015 5376 eum:
3054 5316 3112 5365 et
3141 5325 3254 5364 non
3315 5312 3380 5363 ut
3419 5306 3636 5363 habent

1991 5386 2122 5440 LXX
2157 5385 2214 5438 in
2252 5383 2484 5456 plurali,
2515 5387 2708 5440 vocavi
2736 5386 2880 5454 filios
2907 5397 3274 5456 meos._.\unT.

2058 5448 2268 5511 3Mssf
2300 5457 2507 5519 nostri,
2558 5448 2790 5526 duoque
2842 5472 2875 5509 a
2932 5451 3260 5508 Martianzeo
3309 5448 3534 5506 laudati
3564 5465 3638 5506 ea:

1987 5530 2204 5584 interno
2233 5529 2543 5598 corpusculi
2571 5527 2826 5595 hospitio.

2058 5601 2080 5634 ⁴
2113 5607 2172 5654 In
2210 5594 2382 5656 Palat.
2433 5600 2626 5665 codd.,
2658 5594 2765 5653 loci
2809 5611 3006 5652 nomen
3031 5610 3164 5664 esse,
3216 5595 3315 5666 qui
3359 5597 3440 5651 est
3467 5594 3637 5667 juxta

1991 5671 2190 5728 Gabaa.
