4024 6196
413 372 490 435 29
976 368 1492 433 COMMENTAR.
1540 371 1619 432 IN
1663 369 2057 433 EYANGELI

2175 370 2183 430 l
2230 370 2615 434 MAT‘I‘HEI
2661 372 2805 433 LIB.
2852 372 2900 433 Ι.
2944 370 3119 433 CAP.
3160 367 3270 431 III.

3754 369 3835 435 30

483 505 666 573 (Vers.
699 505 821 575 20.)
873 504 1135 559 Defuncti
1183 509 1322 559 sunt
1374 505 1529 561 enim
1580 505 1679 576 qui
1731 506 2068 576 quaerebant
2099 504 2477 571 Aclamantis
2530 507 2590 561 in
2644 506 2869 573 deserto,
2928 507 3122 576 parate
3176 506 3327 559 viam
3382 504 3624 575 Domini,
3656 507 3832 560 rectas

414 596 667 652 animam
699 594 889 666 pueri.
926 616 952 642 ››
987 595 1063 647 Ex
1094 594 1200 648 hoc
1246 594 1379 648 loco.
1404 594 1788 663 intelligimus
1825 611 1936 649 non
1972 611 2062 649 so-

414 684 536 740 lum
568 684 877 751 Herodem,
912 683 1011 737 sed
1046 689 1099 736 et
1136 684 1470 737 sacerdotes
1503 688 1558 735 et
1603 683 1827 737 scribas
1860 684 2065 737 eodem

416 779 672 846 tempore
703 789 905 827 necem
937 772 1169 827 Domini
1201 773 1382 826 fuisse
1416 773 1751 827 meditatos.

483 865 673 935 (Vers.
715 863 829 932 21.)
880 884 907 910 ‹‹
957 861 1067 924 Qui
1118 879 1365 933 surgens
1425 862 1648 933 accepit
1701 879 1947 933 puerum
2010 866 2067 916 et

413 958 663 1009 matrem
685 952 901 1021 ejus,et
931 951 1087 1005 venit
1118 951 1174 1005 in
1200 957 1415 1006 terram
1440 950 1614 1006 Israel
1640 955 1678 1006 ί.
1709 952 1867 1005 »Νοιι
1896 952 2060 1020 dixit,

415 1043 637 1113 accepit
666 1041 849 1095 ﬁlium
875 1058 1072 1106 suum,
1096 1046 1153 1094 et
1186 1057 1422 1095 uxorem
1447 1058 1637 1106 suam,
1664 1041 1761 1094 sed
1790 1056 2060 1111 puerum,

411 1138 467 1187 et
503 1134 747 1186 matrem
781 1131 931 1200 ejus,
965 1130 1131 1199 quasi
1160 1130 1459 1197 nutritius,
1498 1147 1609 1183 non
1648 1131 1915 1184 maritus.

485 1220 668 1292 (Vers.
700 1220 815 1289 2'2.)
848 1242 876 1267 ει
908 1219 1165 1273 Audiens
1194 1224 1388 1273 autem
1442 1220 1596 1289 quod
1631 1218 1941 1273 Archelaus
1972 1236 2061 1273 re-

409 1313 615 1382 gnaret
646 1308 705 1362 in
734 1308 958 1370 Judaaa,
992 1324 1094 1378 pro
1126 1309 1349 1362 Herode
1380 1312 1543 1379 patre
1575 1325 1703 1373 suo,
1734 1308 1931 1362 timuit
1961 1308 2059 1363 illo

408 1398 529 1452 ire:
563 1401 619 1452 et
665 1397 1005 1453 admonitus
1056 1396 1111 1450 in
1165 1397 1408 1463 somnis,
1442 1397 1681 1451 secessit
1742 1398 1801 1451 in
1866 1402 2060 1469 partes

414 1484 673 1542 Galilaeaz.
710 1485 877 1540 Multi
926 1485 1207 1540 labuntur
1253 1502 1445 1540 errore
1496 1492 1733 1558 prepter
1786 1488 2056 1557 ignoran-

411 1576 551 1630 tiam
579 1574 857 1643 historiaa,
890 1579 1163 1645 putantes
1188 1575 1461 1629 eumdem
1516 1592 1642 1630 esse
1683 1577 1994 1643 Herodem,
2028 1594 2060 1632 a

410 1680 524 1736 quo
558 1664 616 1718 in
678 1663 948 1735 passione
1005 1680 1115 1718 sua
1174 1664 1454 1718 Dominus
1512 1649 1921 1731 irridei'u‘r;
1954 1653 2058 1736 'qui

409 1769 566 1808 nunc
598 1756 869 1807 mortuus
902 1769 1027 1807 esse
1060 1753 1326 1808 refertur.
1361 1754 1506 1824 Ergo
1541 1740 1928 1809 llerodes'ille
1956 1749 2065 1826 aut

407 1858 543 1896 cum
576 1840 760 1896 Pilato
811 1845 1012 1911 postea
1062 1842 1351 1896 amicitias
1403 1842 1555 1909 fecit,
1590 1841 2057 1923 htjjv}s_,flerodjs

409 1930 568 1985 ﬁlius
598 1935 708 1996 est,
741 1930 920 1984 frater
962 1930 1256 1996 Archelai;
1292 1947 1466 2001 quem
1517 1913 2054 2013 epﬁi‘l.i_ji‘sni&

406 2020 605 2075 berius
636 2018 863 2074 Cazsar’
892 2019 1266 2090 Lugdunum,
1312 2036 1438 2090 qua:
1484 2002 1807 2076 Galliarum
1856 2013 1944 2075 e’st
1984 2015 2057 2075 cii-

404 2107 578 2173 vitas,
603 2107 899 2178 relegavit,
942 2109 1300 2179 fratremque
1331 2109 1458 2178 ejus
1504 2110 1789 2163 Herodem
1823 2125 2053 2165 succes-

404 2213 598 2251 sorem
630 2196 792 2268 regni
829 2196 981 2250 fecit.
1010 2198 1157 2267 Lege
1187 2198 1421 2268 .losephi
1457 2198 1784 2254 historiam.

478 2285 665 2354 (Vers.
710 2286 825 2357 23.)
865 2309 892 2334 (ι
944 2287 1009 2340 Et
1057 2286 1295 2341 veniens
1350 2286 1634 2342 habitavit
1684 2288 1739 2341 in
1798 2289 2054 2356 civitate,

407 2392 537 2446 quae
568 2380 803 2430 vocatur
834 2376 1137 2440 Nazareth,
1174 2380 1237 2430 ut
1278 2376 1701 2447 adimpleretur
1746 2379 1900 2449 quod
1934 2379 2054 2434 dic-

409 2467 541 2518 tum
583 2468 669 2519 est
706 2480 806 2534 per
852 2464 1188 2535 prophetas,
1223 2465 1502 2536 quoniam
1550 2467 1858 2521 Nazarmus
1890 2484 2055 2523 voca-

404 2553 583 2609 bitur.
622 2576 651 2601 »
700 2553 757 2608 Si
809 2553 992 2608 ﬁxum
1041 2555 1112 2608 de
1161 2556 1481 2627 Scripturis
1514 2557 1811 2627 posuisset
1861 2573 2056 2613 exem-

406 2642 592 2715 plum,
624 2659 931 2714 nunquam
965 2643 1204 2710 diceret,
1255 2645 1395 2716 quod
1440 2645 1646 2699 dictum
1683 2650 1761 2701 est
1813 2663 1912 2717 per
1936 2663 2059 2718 pro-

399 2732 639 2804 phetas;
672 2731 771 2787 sed
808 2730 1177 2803 simpliciter,
1212 2733 1368 2804 quod
1413 2734 1634 2789 dictum
1683 2739 1772 2790 est
1802 2752 1904 2806 per
1926 2754 2055 2808 pro-

407 2820 646 2893 phetam
674 2837 687 2873 :
726 2837 880 2875 nunc
916 2825 1110 2876 autem
1143 2821 1448 2892 pluraliter
1476 2823 1790 2895 prophetas
1820 2842 2053 2895 vocans,

406 2909 661 2965 ostendit
690 2927 753 2965 se
784 2927 899 2964 non
932 2911 1104 2965 verba
1135 2912 1205 2965 de
1236 2911 1552 2983 Scripturis
1584 2914 1929 2984 sumpsisse,
1954 2916 2055 2969 sed

407 3014 670 3053 sensum.
706 2999 1032 3065 Nazarzeus,
1058 3010 1277 3055 sanctus
1308 3001 1742 3072 interpretatur.
1778 3003 2055 3058 Sanctum

407 3093 602 3143 autem
635 3088 951 3144 Dominum
1001 3091 1290 3155 futurum,
1336 3092 1527 3146 omnis
1572 3092 1871 3162 Scriptura
1900 3109 2055 3147 com-

411 3182 718 3231 memorat.
752 3182 1075 3234 Possumus
1120 3183 1176 3234 et
1223 3178 1394 3234 aliter
1442 3180 1653 3247 dicere,
1693 3182 1845 3252 quod
1880 3180 2055 3236 etiam

412 3266 637 3320 eisdem
663 3268 875 3337 verbis,
902 3270 1072 3337 juxta
1105 3268 1442 3323 Hebraicam
1488 3270 1788 3324 veritatem
1821 3270 1879 3324 in
1907 3270 2058 3326 Isaia
2088 3249 2130 3315 (ἶ

413 3353 698 3425 scriptum
720 3356 815 3411 sit.
858 3358 1011 3412 Exiet
1044 3359 1197 3428 virga
1227 3357 1292 3413 de
1340 3358 1524 3413 radice
1568 3359 1732 3424 Iesse,
1784 3366 1835 3414 et
1881 3360 2053 3414 Nam-

409 3458 559 3500 raeus
583 3443 652 3498 de
676 3446 868 3500 radice
894 3447 1010 3514 eius
1040 3446 1352 3502 conscendet
1385 3449 1506 3518 (lsa.
1539 3465 1618 3513 xx,
1653 3448 1724 3517 1).

480 3533 635 3605 (Cap.
672 3534 768 3590 III.
824 3566 893 3574 —
950 3535 1114 3590 Vers.
1176 3537 1255 3607 2.)
1316 3559 1343 3587 «
1401 3537 1807 3592 Pmnitentiam
1864 3537 2056 3608 agite:

410 3622 906 3694 appropinquabit
936 3623 1090 3679 enim
1141 3641 1387 3696 regnum
1434 3624 1733 3680 ccelorum.
1760 3647 1788 3674 »
1824 3626 2056 3682 Primus

412 3709 671 3781 Baptista
711 3712 970 3767 Joannes
1018 3728 1263 3785 regnum
1326 3714 1603 3769 caelorum
1665 3715 1960 3785 prmdicat,
1995 3721 2059 3769 ut

413 3815 738 3869 praacursor
766 3800 999 3856 Domini
1031 3801 1139 3857 hoc
1172 3801 1470 3874 privilegio
1502 3803 1840 3858 honoretur.

2172 598 2340 664 facite
2368 598 2593 650 semitas
2623 598 2743 665 ejus
2775 596 2925 667 (Isai.
2960 612 3049 657 xL,
3081 594 3156 664 3).
3190 594 3331 648 Cum
3364 593 3524 648 enim
3556 593 3823 649 testimo-

2178 684 2338 739 nium
2387 686 2456 739 de
2506 685 2813 749 Malachia,
2848 686 3111 755 Isaiaque
3168 686 3502 738 contextum
3536 682 3632 749 sit,
3667 700 3825 754 qua:-

2176 774 2271 839 rit,
2307 776 2599 844 quomodo
2632 773 2791 829 velut
2822 774 2892 827 ab
2934 789 3049 827 uno
3102 771 3248 826 Isaia
3298 771 3626 842 exemplum
3660 778 3825 843 pute-

2176 880 2309 917 mus
2342 868 2739 934 assumptum.
2772 862 2873 918 Cui
2899 860 3285 917 Ecclesiastici
3338 858 3445 913 v1ri
3488 858 3828 930 plenissime

2175 952 2625 1021 responderunt.
2662 952 2777 1005 Nos
2825 956 3019 1004 autem
3071 950 3179 1019 [Αἱ.
3231 951 3355 1017 aut]
3402 964 3617 1002 nomen
3669 948 3827 1004 Isaiae

2174 1046 2455 1110 putamus
2505 1040 2770 1094 additum
2830 1039 3183 1110 scriptorum
3242 1038 3401 1107 vitio,
3448 1037 3601 1107 quod
3659 1042 3712 1092 et
3768 1039 3827 1093 in

2173 1128 2301 1184 aliis
2333 1129 2475 1184 locis
2512 1130 2755 1200 probare
2788 1145 3125 1201 possumus,
3163 1132 3264 1187 aut
3293 1131 3447 1182 certe
3481 1127 3552 1181 de
3579 1127 3827 1183 diversis

2170 1219 2501 1274 testimonia
2534 1218 2969 1289 Scripturarum
3031 1233 3216 1273 unum
3269 1232 3486 1287 corpus
3536 1217 3823 1271 effectum.

2172 1307 2321 1378 Lege
2352 1308 2373 1341 ⁴
2424 1307 2659 1362 tertium
2713 1307 3007 1362 decimum
3070 1305 3390 1379 psalmum,
3425 1309 3482 1360 et
3530 1304 3639 1361 hoc
3670 1306 3823 1361 idem

2171 1396 2450 1467 reperies.

2239 1486 2424 1552 (Vers.
2460 1486 2541 1553 4.)
2573 1508 2599 1535 ‹‹
2636 1486 2763 1557 Ipse
2791 1491 2987 1541 autem
3037 1488 3295 1542 Joannes
3347 1484 3607 1545 habebat
3650 1483 3824 1538 vesti-

2170 1579 2435 1629 mentum
2468 1577 2567 1631 18
2600 1576 2669 1631 de
2702 1574 2832 1647 pilis
2882 1574 3263 1638 camelorum,
3295 1578 3352 1628 et
3398 1588 3603 1628 zonam
3650 1571 3822 1644 pelli-

2169 1651 2330 1718 c’e‘anl
2362 1652 2972 1727 circalhhrtios'suos.
3005 1686 3033 1715 ››
3078 1664 3157 1719 De
3206 1661 3364 1734 pilis,
3396 1661 3606 1732 inquit,
3641 1660 3820 1717 habe-

2169 1736 2541 1819 ttat,‘notrtle
2590 1743 2950 1809 laﬁ£.~'ltiiud
3006 1758 3254 1809 austeris
3299 1751 3478 1807 vestis
3532 1749 3816 1806 indicium

2168 1845 2275 1907 est,
2310 1841 2467 1897 aliud
2500 1842 2740 1898 luxuriae
2792 1843 3095 1898 mollioris.
3130 1844 3286 1897 Zona
3341 1845 3536 1896 autem
3575 1839 3820 1911 pellicea

2167 1933 2283 2001 q‘tia
2313 1920 2609 1987 accinctus
2640 1929 3496 1996 fuitatEtias,mortiﬁcationis
3526 1929 3810 1985 indicium

2167 2021 2273 2087 [Αἰ.
2307 2009 2662 2092 s‘ymnp’lum]
2684 2002 3097 2090 ’eSt.°{iV~.-Reg.
3134 2039 3169 2087 ι,
3201 2022 3277 2089 8).
3309 2020 3482 2074 Porro
3528 2018 3685 2089 quod
3717 2034 3808 2072 se-

2166 2108 2402 2179 quitur:
2445 2130 2465 2157 α
2516 2110 2659 2163 Esca
2707 2115 2904 2166 autem
2963 2113 3093 2180 ejus
3139 2114 3262 2164 erat
3318 2107 3555 2163 locustis
3611 2111 3667 2163 et
3699 2106 3811 2162 mel

2166 2198 2449 2253 silvestre.
2487 2221 2515 2247 ››
2572 2198 2889 2254 Habitatori
2952 2198 3291 2255 solitudinis
3348 2213 3676 2269 congruum
3726 2201 3814 2251 est

2167 2304 2282 2341 non
2317 2287 2557 2343 delicias
2606 2288 2893 2359 ciborum,
2926 2290 3029 2345 sed
3079 2287 3487 2344 necessitatem
3537 2286 3813 2342 humana:

2167 2377 2356 2431 carnis
2388 2376 2637 2448 explere.

2238 2466 2424 2537 (Vers.
2457 2468 2536 2538 9.)
2567 2490 2594 2517 «
2629 2472 2840 2523 Potens
2873 2472 2961 2523 est
3004 2467 3158 2523 Deus
3207 2467 3278 2521 de
3336 2463 3632 2538 lapidibus
3682 2464 3815 2521 istis

2167 2556 2452 2611 suscitare
2482 2556 2633 2612 ﬁlios
2662 2557 2927 2613 Abrahze.
2962 2579 2988 2605 η
3042 2556 3290 2629 Lapides
3333 2555 3597 2611 ethnicos
3626 2559 3815 2621 vocat,

2167 2650 2405 2717 prepter
2449 2647 2642 2702 cordis
2693 2646 2992 2702 duritiam.
3030 2646 3172 2717 Lege
3219 2644 3618 2701 Ezechielem:
3650 2644 3813 2713 Aufe-

2166 2752 2307 2789 ram.
2342 2735 2553 2805 inquit,
2586 2753 2619 2791 a
2651 2738 2798 2792 vobis
2827 2753 2919 2791 cor
2975 2735 3274 2807 lapideum,
3305 2743 3356 2790 et
3400 2734 3539 2789 dabo
3566 2749 3659 2789 cer
3686 2749 3815 2788 car-

2166 2840 2335 2879 neum
2385 2825 2597 2895 (Ezech.
2658 2843 2851 2890 xxxvr,
2908 2826 3019 2895 26).
3081 2826 3145 2879 In
3204 2822 3396 2894 lapide
3456 2821 3691 2891 duritia,
3751 2821 3813 2877 in

2168 2930 2340 2968 carne
2398 2913 2707 2969 mollitudo
2740 2915 2846 2986 [Αἰ.
2908 2914 3176 2984 mollitia]
3238 2915 3620 2967 monstratur.
3682 2909 3810 2965 Sive

2168 3002 2513 3074 simpliciter
2540 3003 2760 3059 indicat
2792 3003 2888 3058 Dei
2922 3002 3263 3074 potentiam,
3296 3000 3451 3071 quod
3484 2998 3582 3069 qui
3616 2998 3685 3052 de
3717 2998 3806 3052 ni.

2168 3091 2288 3146 hilo
2343 3096 2555 3147 cuncta
2584 3092 2800 3159 fecerit,
2836 3091 3020 3162 possit
3065 3094 3119 3145 et
3166 3090 3236 3144 de
3286 3087 3443 3144 saxis
3471 3086 3811 3142 durissimis

2168 3180 2453 3251 populum
2486 3196 2805 3251 procreare.

2240 3273 2427 3336 (Vers.
2464 3271 2549 3340 10,
2585 3270 2696 3340 11.)
2728 3270 2749 3304 ⁵
2783 3292 2809 3319 ‹‹
2838 3269 2970 3323 Jam
3013 3269 3170 3324 enim
3208 3267 3434 3324 securis
3460 3267 3530 3321 ad
3560 3266 3813 3322 radicem

2167 3358 2443 3414 arborum
2477 3358 2668 3429 posita
2713 3362 2819 3413 est.
2873 3358 3078 3414 Omnis
3130 3373 3267 3429 ergo
3298 3357 3470 3412 arbor
3524 3372 3651 3427 qua)
3701 3372 3815 3410 non

2167 3447 2306 3502 facit
2335 3448 2588 3502 fructum
2637 3448 2879 3509 bonum,
2930 3446 3230 3502 excidetur
3258 3451 3316 3501 et
3347 3446 3406 3500 in
3451 3445 3646 3517 ignem
3679 3444 3814 3501 mit-

2165 3541 2341 3591 tetur.
2377 3538 2491 3607 Ego
2522 3537 2759 3607 quidem
2807 3536 3033 3608 baptizo
3076 3554 3177 3591 vos
3225 3535 3284 3590 in
3330 3551 3504 3606 aqua,
3536 3534 3595 3588 in
3628 3533 3813 3604 pceni-

2164 3626 2407 3680 tentiam
2435 3643 2448 3681 :
2481 3626 2578 3697 qui
2613 3630 2806 3680 autem
2838 3630 2969 3697 post
3018 3642 3107 3680 me
3155 3629 3438 3680 venturus
3469 3627 3577 3693 est,
3611 3622 3822 3677 fortior

2168 3732 2259 3769 me
2288 3720 2394 3770 est.
2430 3734 2455 3763 ››
2506 3714 2838 3769 Praedicatio
2886 3713 3175 3770 sermonis
3224 3711 3560 3784 evangelici,
3594 3712 3695 3782 qui
3743 3727 3817 3766 ex

2166 3809 2415 3875 utraque
2438 3809 2600 3875 parte
2618 3809 2825 3859 acutus
2844 3808 2932 3858 est
2953 3802 3435 3875 gladius,securis
3465 3799 3811 3873 appellatur,

485 3887 669 3957 (Vers.
701 3889 780 3955 3.)
841 3911 868 3939 ‹‹
916 3891 1021 3946 Hic
1069 3895 1158 3946 est
1216 3892 1371 3946 enim
1432 3892 1531 3963 qui
1588 3893 1781 3947 dictus
1840 3898 1928 3948 est
1959 3911 2061 3966 per
2160 3894 2329 3964 juxta
2368 3893 2675 3948 Ieremiam
2727 3893 3092 3964 prophetam,
3143 3891 3240 3963 qui
3293 3891 3535 3945 verbum
3579 3888 3811 3944 Domini

415 3975 629 4031 Isaiam
672 3978 1034 4050 prophetam,
1084 3980 1414 4036 dicentem:
1467 3982 1587 4036 Vox
1642 3981 1953 4038 clamantis
1998 3984 2057 4038 in

415 4064 660 4131 deserto,
693 4072 890 4138 parate
919 4068 1075 4122 viam
1106 4068 1359 4136 Domini,
1394 4075 1584 4125 rectas
1618 4070 1785 4125 facite
1816 4071 2058 4127 semitas

410 4155 559 4224 ejus.
595 4177 624 4203 »
658 4155 897 4212 Animas
928 4158 1291 4213 credentium
1332 4161 1713 4231 praeparabat,
1747 4159 1805 4213 in
1840 4161 2057 4231 quibus

412 4244 819 4301 ambulaturus
842 4251 965 4302 erat
986 4247 1295 4313 Dominus,
1320 4252 1386 4302 ut
1419 4266 1605 4321 purus
1635 4250 1693 4303 in
1723 4248 1832 4303 viis
1868 4250 2056 4321 puris-

411 4332 580 4389 simis
611 4334 958 4401 ambularet,
989 4336 1228 4392 dicens:
1262 4338 1527 4392 Habitabo
1576 4339 1633 4391 in
1665 4338 1763 4401 eis,
1795 4346 1847 4392 et
1876 4341 2055 4393 inam-

413 4423 646 4478 bulabo:
694 4432 747 4479 et
798 4441 887 4481 ero
936 4426 1074 4481 Deus
1131 4428 1399 4497 ipsorum,
1426 4432 1479 4481 et
1538 4428 1647 4497 ipsi
1701 4432 1862 4482 erunt
1916 4428 2060 4483 mihi

408 4514 640 4584 populus
669 4515 861 4581 (Levit.
894 4532 1043 4579 xxvi,
1099 4516 1200 4583 12;
1251 4519 1302 4570 Il
1355 4514 1472 4570 Cor.
1527 4532 1601 4579 νι,
1654 4516 1758 4585 16).
1802 4516 2054 4588 Porphy-

2167 3982 2355 4037 securi
2397 3985 2696 4052 comparat
2735 3981 2972 4036 caedenti
3009 3986 3234 4052 petram
3266 3981 3484 4049 (Jerem.
3515 3995 3665 4044 XLVI,
3696 3978 3811 4048 22).

2173 4094 2193 4119 ι
2229 4072 2408 4141 Cujus
2460 4088 2572 4125 non
2607 4087 2737 4126 sum
2794 4070 3010 4140 dignus
3067 4069 3451 4124 calciamenta
3502 4070 3813 4138 portare.»

2168 4166 2230 4216 In
2262 4160 2375 4215 alio
2406 4159 2749 4231 Evangelio:
2787 4160 2974 4225 Cuius,
3010 4158 3111 4222 ait,
3140 4174 3250 4213 non
3297 4174 3422 4212 sum
3467 4157 3667 4227 dignus
3696 4156 3814 4210 sol-

2166 4265 2287 4305 vere
2315 4250 2609 4319 corrigiam
2665 4248 3015 4304 calciamenti
3060 4248 3210 4318 (Luc.
3245 4263 3328 4312 ιιι,
3388 4248 3507 4316 16):
3560 4244 3654 4300 hic
3699 4244 3809 4299 hu-

2168 4338 2520 4401 militasribi
2569 4337 2912 4408 mysterium
2963 4336 3419 4400 demonstratur,
3454 4334 3608 4407 quod
3648 4332 3809 4387 Chri-

2167 4432 2295 4482 stus
2328 4443 2581 4498 sponsus
2611 4426 2706 4495 sit,
2740 4431 2796 4481 et
2825 4427 3076 4482 Joannes
3127 4441 3238 4479 non
3288 4428 3582 4480 mereatur
3611 4421 3813 4494 sponsi

2167 4517 2477 4587 corrigiam
2527 4516 2769 4580 solvere,
2801 4531 2872 4569 ne
2928 4519 3165 4570 vocetur
3215 4516 3426 4569 domus
3476 4514 3601 4583 eius
3643 4514 3812 4581 juxta

413 4601 539 4656 rius
569 4601 745 4657 istum
769 4602 963 4658 locum
986 4603 1161 4658 Marci
1185 4603 1553 4674 evangelistae
1578 4603 1863 4676 principio
1895 4622 2058 4660 eom-
2091 4623 2137 4687 ι)
2168 4604 2353 4676 legem
2386 4605 2552 4669 Mosi,
2586 4608 2641 4659 et
2672 4603 3003 4674 exemplum
3042 4603 3215 4670 Ruth,
3249 4604 3461 4658 domus
3490 4597 3811 4656 discalciati

414 4696 600 4763 parat,
633 4692 692 4745 in
718 4709 833 4763 quo
881 4692 1166 4764 scriptum
1199 4697 1326 4749 est:
1362 4694 1587 4747 Initium
1621 4694 1908 4765 Evangelii
1933 4698 2060 4751 Iesu

414 4781 637 4846 Christi,
669 4782 809 4836 Filii
855 4782 971 4852 Dei,
1004 4784 1143 4837 sicut
1184 4784 1455 4853 scriptum
1511 4790 1590 4837 est
1637 4785 1694 4837 in
1746 4784 1886 4838 Isaia
1930 4800 2058 4854 pro-

410 4871 648 4942 pheta3:
705 4872 835 4926 Ecce
884 4873 1044 4926 mitto
1101 4874 1363 4940 angelum
1432 4888 1612 4927 meum
1677 4876 1807 4929 ante
1863 4876 2062 4943 faciem

411 4962 688 5032 luam,qui
714 4962 1057 5032 praeparabit
1081 4962 1223 5016 viam
1252 4964 1409 5016 tuam
1429 4961 1678 5033 (Malach.
1717 4978 1799 5025 ιιι,
1837 4962 1910 5029 1).
1945 4968 2061 5018 Vox

484 5139 503 5171 ί
533 5138 716 5194 Iidem
745 5155 888 5195 mss.
921 5155 1025 5210 pro
1056 5139 1270 5207 verbis,
1303 5143 1354 5196 et
1388 5142 1535 5196 venit
1566 5141 1627 5195 in
1658 5147 1864 5196 terram
1891 5141 2060 5198 Israel

407 5213 641 5265 tantum
673 5211 899 5266 addunt
923 5219 1095 5266 nocte.

484 5282 504 5314 ³
534 5287 804 5355 Attamen
854 5282 999 5353 ipse,
1050 5283 1217 5352 cujus
1266 5282 1521 5337 historia:
1569 5281 1741 5337 ﬁdem
1784 5282 2055 5355 appellat,

407 5352 704 5424 Josephus
734 5353 835 5408 lib.
869 5352 1007 5423 xvn,
1060 5371 1186 5424 cap.
1250 5356 1334 5424 13,
1372 5371 1481 5408 non
1534 5352 1907 5422 Lugdunum.
1956 5356 2056 5409 sed

410 5423 695 5497 Yiennam
714 5429 1086 5497 deportatum
1112 5423 1393 5497 Herodem
1419 5426 1595 5497 tradit
1618 5426 2055 5497 ’t‘iberiijjussu:

412 5490 539 5558 δοὺς
574 5490 895 5568 οἰκητήριον
946 5495 1091 5567 αὐτῷ
1140 5496 1370 5569 Βίενναμ
1410 5495 1723 5564 πόλιν-τῆς
1764 5494 2054 5558 Γαλατίας.

382 5570 619 5622 Confer
648 5575 703 5623 et
736 5570 942 5625 Euseb.
980 5570 1035 5624 in
1070 5569 1371 5625 (lhronico.

484 5640 507 5672 ³
536 5639 818 5713 Pleraque
850 5648 1042 5695 tamen
1076 5642 1272 5697 Grzeca
1312 5642 1489 5713 hujus
1541 5640 1829 5713 Evangelii
1865 5658 2057 5713 exem-

411 5708 605 5784 plaria
632 5710 685 5766 ἐν
714 5707 832 5773 ἑοῖς
865 5713 1176 5790 Προφήταις
1206 5714 1317 5773 hoc
1366 5707 1490 5773 loco
1549 5726 1664 5785 pro
1695 5707 1749 5768 ἓν
1778 5715 1857 5783 τῷ
1893 5707 2059 5783 ἰσαΐᾳ

2169 4694 2343 4763 (Deut.
2380 4711 2508 4762 xxv,
2540 4694 2623 4763 10,
2657 4701 2709 4748 et
2738 4693 2897 4747 Ruth.
2930 4710 3004 4761 1v,
3036 4693 3212 4762 8-11).

2239 4782 2661 4853 (Vers.11,1‘2.
2712 4806 2739 4831 (ι
2781 4782 2911 4853 Ipse
2964 4799 3065 4837 vos
3111 4778 3430 4852 baptizahit
3473 4777 3533 4832 in
3583 4776 3807 4849 Spiritu

2170 4877 2372 4928 sancto
2410 4878 2467 4926 et
2500 4872 2651 4943 igne.
2687 4872 2866 4943 Cujus
2904 4870 3294 4926 ventilahrum
3341 4869 3398 4924 in
3447 4884 3626 4923 manu
3676 4882 3803 4929 sua,

2168 4967 2225 5017 et
2256 4961 2671 5033 permundabit
2720 4977 2913 5015 aream
2960 4976 3166 5015 suam:
3202 4963 3258 5013 et
3286 4955 3663 5030 congregabit
3706 4954 3806 5010 tri-

2211 5140 2503 5197 razferunt.

2211 5159 2503 5197 raeierunt.

2168 5159 2259 5287 Ρ)
2290 5218 2428 5287 Cum
2462 5211 2571 5266 iste
2602 5208 2810 5287 tertius
2856 5208 3119 5265 decimus
3167 5210 3435 5287 psalmus
3468 5205 3808 5287 minimeex

2166 5283 2437 5355 pluribus
2496 5280 2847 5355 testimoniis
2895 5286 3116 5355 contex‘
3152 5280 3198 5334 is
3256 5282 3538 5355 videatur,
3570 5280 3809 5355 conjicit

2167 5350 2444 5416 Clericus,
2488 5354 2559 5407 ab
2620 5352 2949 5424 Hieronymi
3003 5359 3159 5407 textu
3220 5353 3442 5424 aliquid
3502 5350 3803 5413 excidisse,

2168 5426 2519 5497 supplctque
2548 5424 2627 5477 ita
2658 5424 2888 5479 locum:
2926 5426 3061 5491 Lege
3087 5426 3388 5497 Epistotam
3418 5424 3499 5497 ait
3519 5424 3805 5497 Rom_an_os,

2165 5508 2219 5554 et
2247 5492 2518 5554 decimam
2549 5497 2772 5550 tertium
2818 5492 3207 5567 psalmnmfln
3268 5496 3365 5550 illa
3412 5495 3567 5550 enim
3623 5492 3802 5564 Epist.

2167 5587 2290 5637 cap.
2332 5587 2414 5634 ιιι,
2450 5567 2711 5640 psalmus
2740 5568 2850 5623 iste
2885 5585 2995 5622 non
3032 5568 3207 5624 semel
3241 5567 3535 5621 laudatur.
3575 5636 3629 5640 __

2238 5634 2257 5675 3
2289 5634 2477 5696 Nostri
2509 5656 2712 5695 omnes
2746 5657 2887 5695 mss.
2920 5644 2977 5695 et
3033 5646 3284 5710 quatuor
3338 5654 3515 5710 penes
3575 5634 3806 5691 Martia-

2167 5730 2381 5787 nazum,
2413 5714 2548 5770 Ecce
2579 5713 2804 5770 securis.
