4024 6196
397 324 474 384 33
961 321 1477 383 COMMENTAR.
1526 321 1605 380 IN
1651 319 2048 381 EVANGELI

2167 319 2175 378 l
2219 321 2602 382 ΜΑΤΤΗᾸΞΙ
2649 322 2795 382 LIB.
2841 321 2918 383 Il.
2964 322 3136 384 CAP.
3168 322 3240 384 V.
3727 333 3807 393 34

397 457 476 512 ad
500 456 790 526 inﬁmum
821 453 1116 526 loquitur:
1151 454 1221 508 de
1253 471 1362 509 sua
1406 454 1512 523 [AL
1569 454 1682 526 sui]
1739 453 2044 509 conculca-
2078 458 2126 521 Α
2159 457 2216 509 et
2246 453 2473 510 dicere:
2510 454 2913 511 Pcenitentiam
2936 456 3108 527 agite,
3131 459 3620 532 appropinquavit
3639 464 3797 521 enim

399 547 551 602 tione
581 545 755 617 quasi
789 543 1200 615 tergiversator
1231 548 1402 598 tacet.

471 635 653 706 (Vers.
685 636 767 698 7.)
802 656 829 681 ‹‹
862 633 954 686 Ait
983 631 1066 686 illi
1091 633 1301 688 Jesus:
1338 632 1592 686 Rursum
1619 632 1903 704 scriptum
1927 635 2041 686 est:

399 729 521 778 Non
555 722 812 779 tentabis
874 720 1182 776 Dominum
1215 721 1398 775 Deum
1459 727 1648 776 tuum.
1683 742 1710 770 ››
1746 721 1943 776 Falsas
1975 720 2046 775 de

400 813 717 885 Scripturis
785 809 1001 865 diaboli
1064 809 1308 881 sagittas
1382 812 1534 864 veris
1609 810 2044 882 Scripturarum

399 902 616 973 frangit
648 899 881 971 clypeis.
917 900 987 954 Et
1019 901 1343 955 notandum
1377 900 1528 971 quod
1576 899 1914 955 testimonia
1945 913 2042 952 ne-

402 991 656 1047 cessaria
695 991 764 1045 de
825 990 1274 1045 Deuteronomio
1337 994 1562 1045 tantum
1622 987 1948 1060 protulerit,
1983 992 2047 1041 ut

404 1080 670 1136 secunde:
703 1078 848 1150 legis
879 1084 1250 1134 sacramenta
1278 1083 1650 1134 monstraret.

473 1169 650 1236 (Vers.
683 1169 737 1232 8,
770 1168 848 1237 9).
883 1191 910 1216 ‹‹
945 1167 1160 1222 Iterum
1217 1167 1543 1239 assumpsit
1594 1183 1727 1222 eum
1777 1164 2046 1221 diabolus

399 1257 457 1313 in
485 1261 744 1312 montem
778 1256 1074 1312 excelsum
1105 1257 1272 1311 valde
1300 1273 1314 1311 :
1349 1262 1406 1310 et
1438 1255 1694 1311 ostendit
1749 1255 1800 1310 ei
1851 1254 2048 1310 omnia

400 1362 571 1418 regna
608 1346 838 1411 mundi,
874 1351 931 1400 et
974 1345 1221 1416 gloriam
1280 1362 1504 1410 eorum,
1566 1349 1622 1400 et
1679 1344 1824 1398 dixit
1854 1344 1978 1398 ei’:
2019 1366 2043 1391 ››

403 1434 596 1490 Gloria
626 1434 852 1501 mundi,
883 1451 1009 1504 qua:
1043 1451 1178 1488 cum
1211 1434 1432 1488 mundo
1464 1433 1825 1505 praeteritum
1850 1437 1955 1497 est,
1985 1432 2043 1486 in

405 1529 615 1588 monte,
648 1529 705 1578 et
735 1523 795 1578 in
855 1522 1168 1594 supercilio
1227 1523 1700 1578 demonstratur:
1762 1521 2045 1576 Dominus

400 1620 592 1665 autem
625 1612 696 1666 ad
731 1610 981 1665 humilia
1011 1610 1313 1665 descendit
1344 1615 1400 1664 et
1423 1609 1791 1680 campestria,
1825 1614 1889 1662 ut
1919 1609 2042 1662 dia-

399 1699 597 1755 bolum
630 1700 960 1754 humilitate
992 1704 1312 1771 superaret.
1346 1699 1521 1754 Porro
1545 1697 1813 1753 diabolus
1835 1698 2045 1752 ducere

396 1807 531 1845 eum
564 1789 798 1844 festinat
830 1789 902 1843 ad
935 1795 1186 1854 montes,
1222 1793 1286 1842 ut
1317 1805 1418 1858 per
1463 1805 1610 1860 quos
1660 1788 1785 1858 ipse
1812 1803 2042 1842 corrue-
2079 1829 2123 1894 Β

397 1884 506 1948 rat,
544 1878 718 1933 etiam
747 1877 936 1932 caeteri
995 1881 1288 1947 corruant,
1341 1879 1512 1946 juxta
1568 1876 1712 1930 illud
1744 1875 2042 1947 Apostoli:

395 1972 478 2024 Ne
507 1967 730 2036 inﬂatus
753 1967 962 2021 incidat
993 1968 1053 2020 in
1073 1965 1348 2036 judicium
1373 1965 1580 2020 diaboli
1609 1967 1657 2036 (Ι
1678 1966 1812 2020 Tim.
1851 1981 1933 2035 ιιι,
1966 1963 2042 2035 6).

468 2056 648 2123 (Vers.
711 2055 790 2125 9.)
824 2079 852 2104 «
905 2055 1035 2110 Haec
1091 2054 1289 2111 omnia
1345 2053 1451 2109 tibi
1508 2054 1680 2121 dabo,
1743 2054 1791 2110 si
1833 2055 2046 2109 cadens

397 2146 727 2201 adoraveris
758 2161 870 2200 me.
899 2166 926 2194 ››
959 2147 1255 2216 Arrogans
1285 2148 1344 2200 et
1374 2143 1665 2214 superbus
1729 2143 1902 2198 etiam
1937 2143 2046 2198 hoc

395 2235 466 2290 de
499 2234 775 2302 iactantia
816 2232 1112 2303 loquitur:
1171 2249 1285 2287 non
1343 2233 1495 2302 quod
1556 2231 1614 2286 in
1669 2236 1790 2286 toto
1824 2231 2043 2286 mundo

394 2323 607 2378 habeat
637 2327 1004 2394 potestatem,
1038 2322 1170 2377 aut2
1229 2322 1416 2392 possit
1445 2321 1643 2376 omnia
1701 2337 1877 2393 regna
1908 2321 2046 2376 dare

397 2412 684 2478 diabolus,
719 2428 852 2466 cum
881 2411 1138 2466 sciamus
1169 2410 1475 2481 plerosque
1533 2415 1766 2465 sanctos
1823 2409 1978 2465 viros
2011 2427 2044 2465 a

394 2501 513 2557 Deo
544 2517 704 2573 reges
736 2502 935 2556 factos.
971 2500 1033 2556 Si
1059 2500 1272 2564 cadens,
1303 2500 1515 2572 inquit,
1576 2500 1891 2555 adoraveiis
1933 2516 2039 2554 me.

395 2591 544 2661 Ergo
577 2590 675 2661 qui
711 2590 991 2644 adoratus
1023 2593 1112 2643 est
1141 2589 1462 2654 diabolum,
1496 2595 1629 2644 ante
1661 2589 1897 2643 corruit.

470 2678 653 2751 (Vers.
692 2679 804 2749 10.)
837 2702 864 2729 ‹‹
926 2679 1090 2733 Tunc
1137 2678 1280 2734 dicit
1327 2678 1376 2733 ei
1431 2682 1635 2734 Jesus:
1687 2678 1844 2733 Vade
1863 2678 1905 2744 3,
1941 2678 2042 2732 Sa-

398 2773 577 2824 tana:
612 2769 910 2839 Scriptum
961 2773 1049 2822 est
1101 2768 1278 2822 enim.
1316 2789 1344 2817 »
1376 2767 1498 2822 Non
1549 2772 1615 2822 ut
1644 2767 1905 2839 plerique
1937 2784 2041 2839 pu-

396 2863 544 2923 tant,
576 2857 780 2912 eadem
815 2857 1065 2912 Satanas
1094 2863 1151 2913 et
1177 2857 1476 2928 apostolus
1507 2857 1711 2912 Petrus
1757 2855 2045 2912 sententia

398 2948 885 3002 condemnantur.
918 2947 1086 3001 Petro
1118 2947 1273 3001 enim
1306 2946 1556 3002 dicitur:
1586 2946 1741 3002 Vade
1767 2950 1907 3002 retro
1936 2961 2040 3016 me,

400 3035 627 3103 Satn-na,
660 3035 872 3107 (Matth.
920 3052 1034 3102 xvi,
1066 3037 1179 3106 23),
1240 3035 1297 3090 id
1330 3041 1438 3102 est,
1498 3052 1742 3107 sequere
1781 3053 1893 3102 me,
1945 3034 2042 3106 qui

403 3125 729 3181 contrarius
760 3141 822 3180 es
850 3124 1134 3179 voluntati
1168 3141 1345 3180 mete:
1381 3123 1477 3179 hic
1505 3142 1639 3180 vero
1673 3125 1854 3192 audit,
1891 3124 2040 3190 vade,

2155 559 2401 614 regnum
2442 543 2740 600 caelorum.
2794 543 3120 600 Ambulans
3167 551 3362 604 autem
3413 550 3586 606 Jesus
3627 553 3801 624 juxta

2155 649 2315 687 mare
2346 631 2614 701 Galilaeze,
2647 633 2792 688 vidit
2847 633 2996 689 duos
3045 627 3275 701 fratres,
3325 637 3642 711 Simonem,
3693 642 3796 714 qui

2155 725 2394 776 vocatur
2422 723 2643 789 Petrus,
2669 728 2725 778 et
2752 723 3047 778 Andream
3091 724 3329 780 fratrem
3375 728 3524 797 ejus,
3555 730 3795 789 mitten-

2156 814 2240 864 tes
2265 815 2383 865 rete
2405 812 2460 864 in
2483 828 2640 866 mare
2667 828 2679 877 ;
2702 816 2868 866 erant
2889 813 3040 866 enim
3071 813 3406 884 piscatores.
3433 817 3504 870 Et
3523 817 3746 876 aitillis.
3765 844 3794 872 ››

2151 899 2377 954 Joanne
2402 900 2636 971 tradito,
2689 906 2840 955 recte
2873 901 2996 973 ipse
3045 901 3255 974 incipit
3302 891 3651 974 praedicare;
3697 909 3796 963 de-

2155 987 2382 1043 sinente
2411 988 2578 1059 Lege,
2606 995 3032 1059 consequenter
3061 990 3248 1045 oritur
3274 991 3678 1064 Evangelium.
3723 996 3783 1052 Si

2155 1081 2348 1130 autem
2407 1077 2611 1132 eadem
2675 1077 2949 1148 praedicat
3003 1078 3283 1151 Salvator,
3343 1097 3471 1152 qua;
3545 1081 3799 1141 Joannes

2157 1163 2424 1236 Baptista
2455 1165 2820 1236 praedixerat,
2855 1167 3112 1222 ostendit
3140 1185 3202 1223 se
3230 1170 3495 1240 ejusdem
3545 1170 3642 1228 Dei
3671 1189 3799 1230 esse

2157 1253 2389 1321 Filium,
2421 1255 2588 1325 cujus
2620 1254 2716 1310 ille
2746 1256 3034 1328 propheta
3063 1257 3159 1312 sit.

2226 1341 2390 1398 Vers.
2425 1344 2511 1409 19,
2547 1345 2662 1411 20.)
2687 1366 2714 1393 ‹‹
2769 1343 2969 1399 Venite
3018 1350 3150 1416 post
3197 1363 3310 1418 me,
3360 1353 3417 1403 et
3466 1349 3674 1408 faciam
3700 1368 3801 1408 vos

2157 1431 2280 1486 fieri
2314 1431 2630 1503 piscatores
2663 1432 2991 1489 hominum.
3024 1434 3202 1490 Atilli
3233 1438 3532 1507 continuo,
3584 1441 3804 1499 relictis

2157 1521 2398 1586 retibus,
2433 1522 2615 1576 secuti
2647 1527 2786 1577 sunt
2815 1539 2971 1578 eum.
3007 1546 3035 1575 ››
3072 1523 3172 1578 Isti
3204 1525 3376 1596 primi
3423 1530 3606 1584 vocati
3640 1533 3800 1602 sunt,

2156 1614 2219 1664 ut
2255 1611 2564 1664 Dominum
2598 1617 3019 1682 sequerentur;
3070 1613 3389 1684 piscatores
3433 1622 3491 1672 et
3520 1617 3804 1675 illitterati

2157 1701 2472 1755 mittuntur
2502 1701 2572 1755 ad
2610 1700 3068 1772 praedicandum,
3120 1719 3188 1757 ne
3238 1703 3381 1760 fides
3437 1709 3801 1764 credentium

2156 1805 2269 1843 non
2305 1789 2514 1844 virtute
2542 1789 2665 1857 Dei,
2700 1789 2800 1844 sed
2829 1789 3164 1862 eloquentia
3194 1797 3369 1864 atque
3392 1795 3657 1852 doctrina
3674 1797 3800 1853 fieri

2157 1883 2480 1949 putaretur.

2230 1967 2411 2039 (Vers.
2444 1967 2532 2036 24,
2566 1968 2680 2039 25.)
2713 1991 2740 2018 ‹‹
2778 1969 2843 2023 Et
2874 1968 3184 2037 lunaticos,
3227 1974 3285 2026 et
3332 1972 3701 2045 paralyticos,
3743 1980 3802 2032 et

2156 2057 2381 2111 curavit
2403 2073 2520 2112 eos.
2547 2057 2615 2111 Et
2637 2063 2848 2112 secutae
2871 2062 3011 2113 sunt
3031 2074 3165 2114 eum
3180 2060 3363 2114 turbae
3383 2062 3582 2118 multae
3602 2063 3673 2119 de
3693 2064 3800 2120 Ga-

2155 2144 2306 2199 lilaea
2332 2151 2389 2200 et
2411 2145 2698 2216 Decapoli,
2733 2151 2787 2200 et
2809 2146 2879 2202 de
2911 2146 3348 2220 Hierosolymis,
3380 2156 3438 2205 et
3467 2151 3538 2206 de
3574 2151 3798 2219 Judea,

2155 2239 2212 2288 et
2231 2235 2302 2288 de
2348 2237 2510 2288 trans
2553 2234 2890 2290 Jordanem.
2927 2257 2954 2284 ››
3000 2235 3123 2292 Νοιι
3173 2253 3302 2293 vere
3341 2237 3650 2312 lunaticos,
3695 2243 3796 2298 sed

2157 2323 2252 2393 qui
2291 2324 2646 2394 putabantur
2675 2323 2937 2391 lunatici,
2973 2326 3046 2380 ob
3094 2326 3430 2383 daemonum
3484 2328 3796 2400 fallaciam,

2156 2412 2252 2483 qui
2282 2413 2656 2468 observantes
2685 2412 2916 2468 lunaria
2945 2419 3228 2487 tempora,
3279 2421 3608 2473 creaturam
3650 2420 3797 2476 infa-

2157 2518 2314 2556 mare
2345 2501 2678 2574 cupiebant,
2709 2507 2772 2557 ut
2805 2503 2865 2559 in
2915 2502 3246 2561 Creatorem
3295 2505 3674 2579 blasphemiae
3707 2527 3794 2566 re-

2154 2590 2506 2644 dundarent.

2226 2680 2380 2750 (Cap.
2415 2678 2481 2734 V.
2517 2711 2584 2720 —
2628 2679 2794 2735 Vers.
2831 2683 2880 2752 1,
2942 2682 3021 2752 2.)
3055 2704 3082 2732 ‹‹
3132 2680 3348 2738 Videns
3399 2689 3594 2741 autem
3625 2686 3798 2744 Jesus

2152 2769 2376 2831 turbas,
2409 2769 2674 2825 ascendit
2704 2769 2761 2824 in
2794 2774 3074 2838 montem,
3105 2765 3323 2827 etcum
3380 2773 3649 2841 sedisset,
3695 2793 3795 2832 ac-

2154 2862 2457 2912 cesserunt
2487 2859 2557 2913 ad
2590 2875 2724 2913 eum
2756 2858 3030 2930 discipuli
3079 2861 3227 2931 ejus,
3279 2865 3337 2916 et
3381 2862 3646 2932 aperiens
3692 2866 3791 2922 23

2155 2964 2220 3002 os
2253 2964 2449 3013 suum,
2483 2947 2726 3002 docebat
2755 2965 2873 3016 eos,
2908 2947 3124 3003 dicens.
3163 2971 3190 2997 ››
3223 2949 3504 3005 Dominus
3527 2951 3599 3006 ad
3631 2970 3795 3010 mon-

2153 3041 2290 3090 tana
2320 3035 2681 3103 conscendit,
2716 3040 2778 3089 ut
2797 3037 3000 3090 turbas
3023 3035 3093 3089 ad
3118 3034 3324 3090 altiora
3354 3051 3553 3093 secum
3581 3040 3792 3098 trahat.

2153 3124 2262 3178 Sed
2313 3124 2497 3178 turbae
2549 3124 2862 3188 ascendere
2907 3140 3022 3188 non
3069 3123 3283 3191 valent,
3352 3125 3419 3180 Et
3467 3135 3797 3200 sequuntur

403 3218 648 3271 Satana:
674 3218 734 3269 et
761 3231 874 3268 non
897 3213 948 3268 ei
970 3214 1205 3280 dicitur,
1233 3217 1403 3269 restro
1419 3230 1524 3278 me,
1549 3218 1612 3268 ut
1638 3214 2041 3280 subaudiatur,
2077 3197 2119 3264 (ἶ
2161 3211 2451 3283 discipuli,
2497 3211 2714 3283 quibus
2752 3217 2810 3268 et
2839 3211 2984 3284 ipsis
3015 3213 3120 3281 [Αἱ.
3154 3213 3300 3286 ipse]
3334 3231 3449 3270 non
3481 3197 3666 3287 stans,
3691 3221 3794 3277 sed

407 3303 558 3358 vade
589 3303 647 3357 in
677 3301 865 3374 ignem
897 3308 1198 3373 aeternum,
1231 3303 1331 3375 qui
1385 3308 1745 3375 praeparatus
1797 3307 1886 3358 est
1915 3302 2044 3374 tibi,

401 3398 460 3448 et
489 3391 716 3464 angelis
747 3393 880 3448 tuis.
911 3393 1011 3449 22
1046 3413 1074 3442 «
1101 3391 1416 3448 Dominum
1476 3394 1656 3447 Deum
1708 3399 1876 3447 tuum
1905 3392 2048 3448 ado-

326 3524 331 3528 .
399 3481 559 3536 rabis
590 3484 648 3536 et
698 3479 782 3535 illi
835 3480 943 3536 soli
975 3480 1208 3537 servies.
1244 3503 1271 3531 ››
1309 3482 1516 3537 Dicens
1560 3480 1828 3537 diabolus
1855 3480 2047 3536 Salva-

400 3571 514 3625 tori
540 3587 552 3624 :
590 3593 616 3619 ‹‹
645 3569 703 3624 Si
735 3570 950 3625 cadens
1002 3570 1334 3626 adoraveris
1366 3586 1459 3624 me
1488 3587 1500 3625 :
1533 3592 1562 3619 »
1593 3570 1919 3625 econtrario
1947 3586 2048 3624 au-

402 3659 505 3727 dit,
537 3659 691 3731 quod
723 3659 849 3730 ipse
873 3661 1064 3731 magis
1085 3660 1325 3715 adorare
1350 3676 1484 3714 eum
1508 3659 1715 3715 debeat
1737 3659 2048 3714 Dominum

403 3753 461 3805 et
489 3747 670 3804 Deum
703 3765 905 3804 suum.

476 3838 660 3908 (Vers.
698 3838 810 3909 11.)
845 3858 873 3886 ‹‹
933 3838 1096 3892 Tunc
1152 3837 1388 3909 reliquit
1443 3854 1576 3893 eum
1637 3835 1946 3905 diabolus;
1996 3842 2052 3892 et

408 3943 540 3982 ecce
567 3925 756 3998 angeli
791 3931 1186 3984 accesserunt.
1210 3932 1266 3982 et
1297 3927 1708 3982 ministrabant
1741 3928 1812 3981 ei.
1849 3949 1877 3976 »
1910 3931 2054 3980 Prae-

417 4014 564 4070 cedit
595 4014 858 4086 tentatio,
892 4019 956 4070 ut
1014 4019 1294 4087 sequatur
1349 4015 1611 4070 victoria.
1644 4014 1847 4087 Angeli
1880 4015 2052 4070 mini-

411 4109 618 4171 strant,
652 4109 717 4160 ut
740 4103 980 4160 victoris
1011 4105 1268 4176 dignitas
1298 4106 1731 4177 comprobatur.

486 4194 671 4266 (Vers.
707 4194 794 4260 15,
830 4195 940 4260 16.)
977 4215 1005 4243 ‹‹
1035 4195 1214 4249 Terra
1246 4193 1501 4249 Zabulon
1560 4198 1616 4249 et
1673 4198 1827 4249 terra
1857 4194 2054 4266 Neph-

415 4281 644 4353 thalim,
676 4282 768 4337 via
800 4282 976 4338 maris
996 4287 1158 4338 trans
1184 4282 1497 4337 Jordanem
1517 4281 1761 4338 Galilaaze
1794 4283 2055 4355 gentium

413 4371 667 4444 populus
699 4372 796 4443 qui
827 4371 1209 4426 ambulabat‘
1238 4371 1295 4426 in
1355 4371 1630 4440 tenebris,
1689 4371 1835 4426 vidit
1863 4371 2055 4427 lucem

415 4477 714 4532 magnam,
745 4465 804 4516 et
833 4460 1176 4517 sedentibus
1207 4460 1264 4514 in
1297 4461 1531 4533 regione
1591 4461 1810 4516 umbris
1851 4461 2057 4516 mortis

2157 3302 2366 3357 sedens
2395 3306 2453 3357 et
2483 3305 2815 3356 contractus
2846 3301 3126 3373 loquitur.
3150 3306 3275 3358 Non
3297 3303 3451 3359 enim
3475 3305 3798 3381 intelligere

2159 3395 2425 3462 poterant
2455 3391 2514 3445 in
2559 3407 2666 3446 sua
2713 3391 3022 3462 majestate
3071 3389 3412 3463 fulgentem.
3462 3393 3798 3454 Secundum

2156 3479 2702 3549 litteram,nonnulli
2720 3478 3147 3551 simpliciorum
3171 3480 3417 3536 fratrum
3442 3487 3798 3554 putanteum

2162 3568 2578 3632 beatitudines,
2610 3573 2667 3624 et
2697 3571 2900 3624 caetera
2930 3585 3056 3640 quas
3107 3574 3452 3642 sequuntur,
3483 3570 3543 3627 in
3593 3572 3797 3638 Oliveti

2160 3662 2360 3713 monte
2390 3657 2679 3725 docuisse,
2714 3658 2868 3728 quod
2902 3673 3276 3730 nequaquam
3310 3659 3388 3714 ita
3412 3665 3537 3728 est;
3563 3678 3630 3718 ex
3661 3681 3802 3736 prie-

2161 3747 2502 3803 cedentibus
2533 3747 2686 3802 enim
2719 3752 2773 3800 et
2803 3747 3186 3817 sequentibus
3215 3747 3276 3802 in
3326 3747 3563 3805 Galilaea
3601 3769 3800 3810 mons-

2161 3840 2348 3890 tratur
2378 3835 2560 3904 locus,
2594 3851 2768 3906 quem
2801 3839 3078 3907 putamus
3126 3851 3254 3892 esse
3299 3837 3388 3891 vel
3434 3837 3682 3912 Thabor,
3714 3840 3804 3898 vel

2163 3923 2481 3996 quemlibet
2511 3923 2692 3978 alium
2721 3923 3015 3980 excelsum
3046 3929 3330 3981 montem.
3361 3926 3623 3999 Denique
3652 3934 3811 4000 post-

2164 4030 2340 4085 quam
2376 4013 2561 4067 finivit
2590 4029 2887 4069 sermones
2913 4031 3051 4070 suos
3083 4014 3282 4070 statim
3331 4016 3636 4083 sequitur:
3670 4018 3808 4075 Cum

2163 4107 2339 4158 autem
2365 4105 2641 4158 introisset
2675 4102 3060 4174 Capharnaum
3093 4103 3300 4174 (Matth.
3334 4121 3459 4170 vm,
3493 4106 3572 4176 5).

2235 4192 2416 4262 (Vers.
2453 4193 2529 4262 3.)
2562 4193 2719 4247 Beati
2748 4208 3033 4263 pauperes
3065 4192 3296 4263 spiritu,
3330 4194 3610 4264 quoniam
3639 4195 3805 4268 ipso-

2166 4299 2296 4336 rum
2328 4286 2416 4336 est
2446 4297 2692 4352 regnum
2743 4279 3042 4335 cmlorum.
3080 4303 3106 4329 ›ι
3155 4285 3274 4337 Hoc
3324 4286 3414 4337 est
3461 4285 3615 4356 quod
3665 4284 3807 4341 alibi

2165 4370 2455 4442 legimus:
2486 4371 2551 4424 Et
2580 4369 2813 4425 humiles
2840 4371 3040 4442 spiritu
3094 4371 3332 4426 salvabit
3377 4373 3555 4444 (Psal.
3606 4391 3804 4442 xxxiii,

2169 4460 2287 4531 19):
2343 4459 2423 4513 Ne
2468 4459 2601 4530 quis
2648 4463 2841 4513 autem
2887 4463 3118 4530 putaret
3183 4465 3610 4532 paupertatem,
3679 4479 3806 4534 qua

414 4547 518 4604 lux
547 4554 670 4605 orta
697 4554 784 4606 est
844 4550 949 4614 eis.
980 4574 1002 4602 ι
1041 4549 1111 4604 Hi
1165 4549 1425 4621 primum
1475 4549 1712 4605 audiere
1743 4549 2056 4604 Dominum
2092 4569 2138 4633 D
2170 4547 2638 4616 nonnunquam6
2698 4547 3044 4603 necessitate
3113 4553 3401 4620 portatur,
3472 4567 3504 4604 a
3560 4550 3807 4607 Domino

414 4638 853 4711 praedicantem,
911 4643 977 4694 ut
1026 4638 1127 4694 ubi
1187 4637 1420 4694 Israelis
1476 4639 1665 4694 fuerat
1693 4639 1764 4694 ab
1806 4637 2062 4710 Assyriis

416 4727 608 4801 prima
661 4729 988 4801 captivitas,
1094 4728 1174 4784 ibi
1234 4727 1642 4799 Redemptoris
1703 4726 2060 4800 praeconium

417 4823 757 4875 nasceretur
776 4820 816 4874 ‘.

491 4907 674 4979 (Vers.
711 4907 911 4979 17-19).
951 4928 979 4958 «
1010 4909 1090 4963 Ex
1119 4906 1256 4962 inde
1304 4907 1478 4978 coepit
1530 4906 1704 4962 Jesus
1748 4905 2062 4977 praedicare

491 5015 512 5048 ⁵
541 5013 752 5083 Verba,
783 5015 834 5068 et
860 5013 1006 5068 dixit
1032 5014 1108 5080 ei,
1142 5029 1284 5067 mss.
1322 5013 1502 5069 nostri
1561 5028 1765 5068 omnes
1796 5011 2057 5068 reticent.

415 5091 547 5141 Mox
573 5086 824 5154 peritura
854 5085 1093 5156 quidam
1125 5083 1347 5156 legunt,
1380 5101 1482 5156 pro
1505 5086 1880 5156 prxteritura.

489 5158 511 5192 θ
536 5158 772 5212 Rectius
803 5172 983 5228 penes
1015 5156 1160 5211 Rab.
1195 5160 1275 5210 ut.

490 5230 512 5264 ⁸
541 5225 842 5283 Interserit
872 5227 1108 5282 Cisterc.
1145 5243 1255 5283 ms.
1290 5230 1434 5282 retro
1465 5227 1660 5297 (atque
1692 5226 1843 5280 infra
1874 5225 2060 5279 cohae-

416 5305 631 5370 renter,
665 5300 841 5361 audit.
867 5299 1016 5362 vade,
1049 5303 1206 5352 retro
1235 5299 1464 5353 Satana.
1519 5299 1650 5370 .lam
1699 5314 1853 5362 vero,
1903 5297 2057 5367 quod

415 5373 597 5428 semel
617 5369 800 5440 atque
831 5371 1040 5425 iterum
1074 5371 1434 5432 monuimus,
1494 5369 1660 5424 aliter
1715 5383 1865 5440 saepe
1914 5385 2056 5423 mss.

417 5388 682 5428 semelat
731 5388 800 5426 ue
831 5388 1040 5425 iterum
1074 5388 1434 5432 monuimus,
1494 5388 1660 5424 auter
1715 5388 1865 5440 saepe
1914 5388 2056 5423 mss.

417 5451 596 5515 atque
651 5388 789 5497 egiti
863 5441 991 5496 libri
1048 5443 1354 5515 Scriptura;
1429 5439 1727 5515 Trapt‘rwtti;
1789 5445 2056 5506 nectunt;

417 5513 763 5588 plerumque
797 5521 990 5595 autem
1022 5513 1338 5595 versiculos
1371 5513 1653 5593 quosdam
1691 5516 2058 5584 praetereunt,

735 5605 760 5630 ς

418 5605 566 5661 quos
603 5603 703 5640 nec
735 5587 995 5640 subnexa
1023 5587 1306 5657 expositio
1337 5587 1542 5657 tangit.

493 5661 509 5698 ³
543 5657 836 5720 Rescribit
872 5657 1102 5728 Victor.,
1133 5656 1364 5726 sedebat,
1427 5673 1496 5715 ex
1551 5653 1722 5733 Vulg.
1779 5657 1835 5713 et
1863 5653 2058 5715 Graeco

2172 4637 2495 4709 praedicari,
2528 4636 2814 4706 adjunxit,
2845 4638 3080 4706 spiritu:
3115 4642 3181 4693 ut
3210 4637 3602 4694 humilitatem
3644 4638 3812 4695 intel-

2172 4725 2402 4798 ligeres,
2430 4741 2544 4780 non
2576 4724 2905 4797 penuriam.
2939 4725 3100 4781 Beati
3129 4741 3412 4797 pauperes
3444 4725 3675 4798 spiritu,
3709 4727 3811 4800 qui

2171 4820 2407 4887 propter
2424 4813 2706 4886 Spiritum
2725 4817 2992 4869 sanctum
3015 4813 3310 4870 voluntate
3332 4818 3472 4870 sunt
3503 4832 3808 4888 pauperes.

2172 4904 2333 4959 Unde
2363 4919 2540 4976 super
2569 4903 2975 4973 hujuscemodi
3033 4902 3392 4974 pauperibus
3449 4909 3507 4960 et
3551 4904 3814 4962 Salvator

2169 5011 2512 5081 καθήμενοςε
2549 5025 2747 5080 quam,
2778 5008 2990 5080 inquit,
3024 5007 3330 5082 lectionem
3362 5010 3487 5082 ipse
3531 5010 3590 5066 in
3638 5014 3808 5068 Com-

2171 5080 2724 5162 mentariis-inlisa”
2757 5096 2885 5162 cap,
2920 5080 3346 5162 13,.S.'do_cto.r
3389 5080 3618 5162 probat.
3661 5083 3811 5162 Quin

2169 5155 2344 5210 etiam
2380 5155 2434 5208 in
2460 5152 2713 5224 Mattbeo
2743 5150 2976 5224 sedebat,
3009 5150 3066 5205 in
3121 5153 3270 5207 Isaia
3303 5150 3412 5224 legi
3466 5154 3589 5208 vult
3617 5156 3809 5210 ambu-

2171 5226 2344 5298 labat,
2375 5241 2442 5278 ex
2473 5241 2539 5298 eo
2589 5223 2922 5298 Hieronymi
2969 5227 3127 5298 textu
3154 5223 3435 5298 verbis;
3475 5225 3559 5280 Ita
3607 5230 3672 5298 ut
3711 5242 3806 5298 po-

2170 5297 2366 5368 pulus,
2397 5295 2496 5368 qui
2528 5293 2613 5348 vel
2645 5293 2905 5358 sedebat,
2937 5293 3024 5349 vel
3054 5294 3393 5350 ambulabat
3421 5293 3482 5350 in
3525 5293 3805 5367 tenebris,

2169 5367 2358 5424 lucem
2389 5367 2628 5420 videret.
2668 5388 2687 5414 ι»

2242 5442 2256 5474 ¹
2292 5439 2352 5493 1n
2381 5438 2583 5492 Cister.
2623 5454 2731 5492 ms.
2770 5453 3002 5507 unoque
3035 5435 3294 5492 Palatino
3320 5442 3651 5495 nosceretur.

2245 5514 2258 5546 ί
2297 5511 2452 5564 Idem
2488 5526 2596 5564 ms.
2630 5526 2736 5580 qua
2766 5525 3161 5582 nonnunquam
3191 5509 3263 5565 de
3293 5513 3614 5567 necessitate
3642 5513 3804 5582 puta-

2167 5585 2288 5656 tur.
2330 5582 2596 5638 Fortasse
2643 5579 2865 5637 ’verius
2921 5581 3076 5655 apud
3133 5582 3382 5656 Raban.,
3439 5579 3807 5645 necessitatem

2164 5655 2403 5730 patitur.
