4024 6196
243 320 321 378 35
1495 310 1559 369 S.
1606 308 1919 371 EUSEBII
1968 307 2407 368 HIEBONYMI
3572 314 3651 375 36

242 466 344 520 per
376 446 583 500 Isaiam
618 439 918 512 loquitur:
959 440 1224 494 Dominus
1279 440 1443 493 unxit
1490 455 1619 499 me;
1670 444 1894 509 propter
1921 443 1969 505 Α
2006 440 2205 493 fertur.
2233 439 2394 494 Unde
2420 444 2477 494 et
2507 438 2837 510 specialiter
2875 439 3137 495 definivit
3183 459 3309 513 quze
3359 443 3435 498 sit
3480 445 3650 503 beata

242 532 789 608 quodevangetz’zare
816 529 1151 600 pauperibus
1180 529 1335 583 misit
1377 544 1466 582 me
1512 528 1635 599 (lsa.
1674 546 1780 596 LXI,
1818 530 1887 599 1).

312 624 494 693 (Vers.
528 622 604 691 4.)
636 643 663 669 ‹‹
698 619 858 674 Beati
917 618 1110 686 mites,
1163 618 1441 688 quoniam
1484 616 1596 688 ipsi
1630 616 1890 688 posside-

241 713 389 767 bunt
422 714 660 765 terram.
697 730 725 759 »
756 712 881 763 Non
911 712 1128 762 terram
1156 707 1323 762 Juda:
1352 706 1458 778 [Αι.
1490 706 1749 776 Judaeze],
1786 720 1890 761 nec

240 806 455 856 terram
503 798 676 854 istius
726 797 975 864 mundi;
1028 813 1141 851 non
1218 801 1430 850 terram
1497 795 1886 858 maledictam,

240 892 442 961 spinas
474 893 530 943 et
558 887 811 942 tribulos
838 887 1172 941 efferentem
1210 886 1421 957 (Cenes.
1458 903 1542 955 111,
1570 886 1679 954 18),
1713 901 1887 955 quam

240 977 687 1033 crudelissimus
720 976 971 1046 quisque
1002 980 1056 1030 et
1087 974 1334 1029 bellator
1364 975 1551 1046 magis
1593 975 1885 1045 possidet;

242 1068 342 1121 sed
410 1071 626 1122 terram
693 1082 872 1136 quam
942 1064 1253 1119 Psalmista
1309 1064 1622 1128 desiderat,
1648 1064 1885 1117 dicens:

247 1155 417 1210 Credo
480 1154 663 1210 videre
722 1155 859 1209 bona
936 1154 1155 1207 Domini
1228 1154 1287 1206 in
1362 1161 1511 1207 terra
1588 1153 1889 1206 viventium

239 1245 404 1313 (Psal.
444 1260 596 1313 XXVI,
652 1244 754 1313 13).
812 1242 1227 1311 Hujuscemodi
1273 1256 1619 1313 possessor,’
1658 1244 1714 1295 et
1758 1245 1888 1311 post

238 1332 539 1387 victoriam
609 1330 1026 1401 triumphator,
1093 1330 1269 1385 etiam
1338 1331 1399 1384 in
1432 1329 1886 1401 quadragesimo

239 1425 447 1492 quarto
470 1420 697 1495 psalmo
722 1419 1106 1474 describitur:
1130 1421 1196 1474 Et
1215 1420 1459 1483 intende,
1479 1435 1759 1489 prospere.
1777 1418 1882 1488 (At.

237 1515 293 1565 et
326 1512 622 1581 prospere]
650 1508 883 1580 procede
928 1512 977 1561 et
1027 1524 1217 1577 regna,
1267 1512 1487 1579 prOpter
1516 1510 1800 1562 veritatem
1831 1517 1887 1562 et

233 1598 709 1654 mansuetudinem
754 1606 805 1653 et
846 1598 1126 1669 justitiam
1178 1598 1348 1667 (Psal.
1399 1614 1546 1667 κων,
1593 1598 1669 1667 5).
1705 1597 1883 1651 Nemo

235 1688 391 1744 enim
424 1693 641 1743 terram
690 1686 868 1741 istam
916 1703 1019 1758 per
1066 1686 1598 1757 mansuetudinem,
1649 1686 1749 1741 sed
1783 1701 1886 1757 per

237 1777 573 1849 superbiam
606 1776 886 1848 possidet.

308 1870 495 1930 (Vers.
529 1866 609 1936 5.)
643 1889 668 1915 «
705 1865 864 1920 Beati
902 1863 1001 1935 qui
1026 1862 1250 1935 lugent,
1274 1864 1550 1936 quoniam
1602 1863 1712 1935 ipsi
1745 1879 1881 1917 con-

233 1954 603 2011 solabuntur.
644 1977 662 2001 n
704 1959 913 2008 Luctus
938 1954 1028 2008 hic
1074 1954 1188 2008 n'on
1240 1957 1608 2008 mortuorum
1644 1952 1881 2023 ponitur

232 2043 530 2098 communi
562 2041 689 2114 lege
720 2047 960 2108 naturae,
996 2041 1095 2095 sed
1127 2042 1380 2112 peccatis
1432 2046 1488 2096 et
1536 2041 1692 2095 vitiis
1725 2057 1875 2094 mor-

230 2137 488 2187 tuorum.
523 2132 616 2187 Sic
646 2132 801 2186 ﬂevit
831 2136 888 2185 et
935 2130 1167 2184 Samuel
1211 2129 1468 2192 Saulem,
1522 2129 1660 2201 quia
1692 2128 1875 2200 paeni-

230 2226 420 2276 tuerat
440 2222 620 2275 Deum
649 2220 804 2291 quod
830 2219 1096 2273 unxisset
1115 2235 1248 2273 eum
1278 2235 1470 2289 regem
1493 2235 1668 2289 super
1700 2216 1875 2273 Israel

230 2310 274 2381 (Ι
308 2312 432 2377 Reg.
461 2326 551 2379 xv,
586 2309 693 2379 11).
743 2308 835 2363 Sic
885 2314 940 2362 et
988 2307 1208 2362 Paulus
1267 2306 1591 2378 apostolus,
1646 2308 1778 2361 llcre
1809 2323 1875 2361 ac

233 2399 432 2470 fugere
463 2415 525 2452 se
551 2396 691 2452 dicit
720 2413 841 2463 eos,
874 2397 973 2468 qui
1005 2406 1134 2468 post
1173 2396 1613 2451 fornicationem
1664 2401 1718 2449 et
1763 2398 1875 2450 im-

235 2486 590 2542 munditiam
621 2502 738 2541 non
770 2491 1016 2558 egerunt
1064 2486 1465 2557 paenitentiam
1515 2486 1587 2557 (Il
1618 2486 1737 2540 Cor.
1772 2503 1870 2557 xu,

231 2578 342 2644 21).

299 2665 613 2736 24(Vers.
665 2665 744 2736 ὓ.)
795 2686 823 2715 ‹‹
874 2662 1030 2719 Beati
1078 2664 1177 2734 qui
1235 2663 1522 2729 esuriunt,
1574 2669 1630 2718 et
1669 2664 1877 2719 sitiunt

217 2753 544 2825 justitiam,
569 2753 847 2825 quoniam
881 2752 994 2824 ipsi
1026 2754 1472 2808 saturabuntur.
1509 2776 1537 2802 ››
1560 2753 1683 2811 Non
1706 2753 1874 2808 nobis

225 2844 444 2898 sufficit
473 2842 618 2898 velle
640 2842 956 2913 justitiam,
1009 2842 1121 2896 nisi
1174 2841 1420 2913 justitia}
1467 2841 1760 2912 patiamur
1792 2842 1872 2896 fa-

232 2948 431 2987 mem:
468 2937 533 2987 ut
578 2933 688 2987 sub
740 2932 847 2987 hoc
901 2930 1166 3002 exemplo
1223 2947 1527 3002 nunquam
1580 2948 1682 2985 nos
1729 2930 1872 2986 satis

218 3023 433 3092 justas,
467 3022 564 3077 sed
601 3036 834 3093 semper
882 3020 1105 3075 esurire
1145 3019 1392 3091 justitia:
1439 3037 1614 3091 opera
1655 3018 1872 3074 intelli-

226 3127 455 3183 gamus.

294 3200 481 3271 (Vers.
526 3199 607 3269 7.)
665 3220 693 3246 ‹‹

226 3287 689 3345 misericordiam
722 3288 1178 3357 consequentur.
1238 3309 1259 3335 ιν
1316 3285 1713 3340 Misericordia
1760 3303 1872 3341 non

224 3377 415 3433 solum
466 3379 524 3433 in
566 3376 957 3448 eleemosynis
1008 3373 1390 3445 intelligitur;
1445 3375 1544 3429 sed
1602 3373 1661 3428 in
1715 3374 1872 3429 omni

229 3472 464 3539 peccato
515 3466 731 3535 fratris,
785 3467 834 3519 si
879 3464 1022 3520 alter
1080 3463 1320 3520 alterius
1371 3482 1547 3519 onera
1573 3468 1873 3535 portemus

224 3557 427 3626 (Galat.
460 3572 535 3621 VI,
566 3557 644 3626 2).

294 3643 480 3712 (Vers.
512 3644 592 3714 8.)
627 3666 654 3693 «
706 3642 865 3698 Beati
917 3642 1138 3697 mundo
1188 3644 1383 3709 corde,
1430 3641 1704 3713 quoniam
1756 3641 1871 3714 ipsi

224 3738 406 3789 Deum
456 3733 764 3788 videbunt.
823 3754 845 3782 ι
898 3735 1053 3797 Quos
1098 3749 1214 3786 non
1271 3732 1465 3804 arguit
1522 3732 1875 3787 conscientia

224 3822 344 3879 ulla
392 3822 635 3895 peccati.
692 3821 948 3876 Mundus
998 3821 1219 3876 mundo
1263 3822 1432 3877 corde
1475 3821 1873 3892 conspicitur:

223 3911 509 3985 templum
544 3910 640 3967 Dei
676 3927 791 3966 non
823 3915 1014 3982 potest
1044 3926 1172 3966 esse
1204 3910 1514 3981 pollutum.

290 4003 483 4074 (Vers.
516 4002 569 4056 9.
606 4001 622 4073 )
658 4024 683 4050 κ
717 3999 876 4056 Beati
912 4000 1160 4072 pacifici,
1194 4000 1470 4071 quoniam
1504 3999 1607 4054 filii
1640 3999 1739 4053 Dei
1771 4016 1872 4055 v0-

221 4093 533 4147 cabuntur.
571 4090 739 4156 nQui
773 4089 1028 4161 primum
1078 4089 1138 4143 in
1179 4090 1347 4144 corde
1400 4105 1526 4156 suo,
1577 4090 1785 4143 deinde
1816 4093 1891 4153 et,

226 4182 377 4237 inter
410 4181 618 4235 fratres
651 4179 1006 4235 dissidentes
1028 4194 1227 4250 pacem
1261 4178 1499 4232 faciunt.
1534 4178 1681 4241 Quid
1714 4179 1871 4233 enim

228 4270 465 4342 prodest
495 4268 642 4323 alios
675 4285 775 4340 per
806 4272 861 4323 te
892 4267 1110 4340 pacari,
1142 4284 1275 4322 cum
1306 4268 1365 4323 in
1398 4271 1496 4322 tuo
1529 4267 1723 4322 animo
1754 4266 1874 4322 sint

227 4358 380 4415 bella
407 4357 683 4414 vitiorum
711 4360 732 4412 Ρ

298 4449 480 4518 (Vers.
513 4447 622 4519 10.)
670 4469 690 4497 ι
726 4446 882 4501 Beati
907 4446 1004 4517 qui
1052 4446 1515 4517 persecutionem
1568 4446 1873 4517 patiuntur

753 3197 911 3251 Beati
969 3196 1399 3267 misericordes,
1453 3198 1730 3269 quoniam
1765 3198 1873 3270 ipsi
1906 3185 1948 3252 C

2005 527 2372 583 maledictio:
2428 530 2614 593 Omne,
2673 530 2891 595 dicens,
2946 531 3298 586 maledictum
3360 533 3649 590 adversum

2002 633 2113 682 vos,
2146 620 2465 672 mentientes
2509 622 2733 689 propter
2779 636 2882 674 me.
2938 619 3040 673 Ubi
3100 637 3236 691 ergo
3286 622 3555 678 Christus
3588 625 3646 679 in

2003 722 2180 760 causa
2209 712 2314 775 est,
2349 706 2427 761 ibi
2463 711 2520 761 et
2550 708 2805 777 optanda
2834 708 3164 762 maledictio
3196 717 3301 764 est.

2073 794 2467 865 (Vers.12.)«
2537 796 2793 850 Gaudete
2860 802 2916 851 et
2982 798 3293 869 exsultate,
3365 802 3643 871 quoniam

2002 899 2222 938 merces
2250 891 2438 939 vestra
2469 886 2703 956 capiosa
2732 891 2820 940 est
2854 886 2908 940 in
2943 887 3122 942 caelis.
3176 888 3269 942 Sic
3318 890 3474 943 cnim
3516 908 3643 961 per-

2000 974 2180 1028 secuti
2216 980 2354 1028 sunt
2387 975 2698 1045 prophetas
2719 976 2817 1046 qui
2838 977 3073 1031 luerunt
3091 982 3221 1032 ante
3239 995 3358 1033 vos.
3385 1001 3410 1027 ι)
3438 979 3643 1036 Nescio

2001 1063 2133 1133 quis
2179 1062 2288 1116 hoc
2340 1069 2603 1118 nostrum
2671 1064 2857 1135 possit
2922 1065 3185 1137 implere,
3243 1073 3307 1121 ut
3357 1067 3645 1125 laceretur

1999 1151 2325 1222 opprobriis
2394 1152 2548 1206 fama
2614 1158 2831 1214 nostra.
2901 1159 2956 1209 et
3005 1172 3110 1210 nos
3173 1156 3533 1213 exsultemus
3582 1158 3640 1213 in

1998 1240 2265 1295 Domino.
2290 1241 2406 1296 Hoc
2429 1241 2526 1311 qui
2558 1259 2767 1297 vanam
2800 1247 3054 1297 sectatur
3100 1245 3364 1315 gloriam;
3398 1247 3640 1318 implere

1998 1346 2110 1384 non
2136 1335 2349 1401 potest.
2374 1331 2634 1386 Gaudere
2658 1332 2835 1402 igitur
2857 1338 2913 1387 et
2933 1334 3221 1389 exsultare
3252 1336 3549 1404 debemus,
3575 1343 3639 1393 ut

1997 1434 2219 1473 merces
2243 1419 2410 1475 nobis
2444 1420 2497 1473 in
2532 1420 2862 1475 cmlestibus
2914 1429 3291 1493 praeparetur.
3336 1424 3641 1496 Eleganter

1996 1509 2052 1561 in
2086 1509 2337 1579 quodam
2375 1509 2663 1564 volumine
2697 1510 2979 1580 scriptum
3014 1511 3262 1583 legimus
3288 1530 3299 1567 :
3325 1536 3351 1563 «
3377 1514 3458 1569 Ne
3489 1533 3640 1586 quae-

1995 1615 2090 1652 ras
2130 1596 2398 1668 gloriam,
2432 1603 2487 1652 et
2519 1616 2630 1653 non
2683 1599 2904 1655 dolebis
2952 1617 3085 1656 cum
3135 1600 3418 1673 inglorius
3458 1605 3635 1659 fueris

1995 1686 2186 1755 (Ereti.
2222 1703 2297 1754 1x,
2338 1687 2440 1756 1(3).
2476 1708 2504 1734 ››

2064 1776 2245 1845 (Vers.
2286 1776 2391 1846 13.)
2431 1794 2452 1822 α
2485 1776 2599 1830 Vos
2629 1776 2773 1831 estis
2802 1776 2886 1831 sal
2919 1781 3107 1832 terrae.
3139 1799 3167 1827 ι)
3202 1778 3297 1833 Sal
3338 1780 3636 1851 appellan-

1991 1869 2088 1918 tur
2117 1864 2387 1935 apostoli,
2423 1865 2561 1936 quia
2609 1882 2708 1935 per
2757 1865 2888 1921 illos
2941 1867 3277 1923 universum
3328 1868 3634 1925 hominum

1989 1954 2260 2009 conditur
2289 1971 2493 2024 genus.
2546 1955 2641 2011 25
2680 1978 2705 2002 κ
2759 1956 2921 2019 Quod
2971 1956 3018 2010 si
3070 1956 3153 2011 sal
3208 1958 3527 2025 evanuerit,
3576 1959 3634 2014 in

1990 2059 2103 2115 quo
2136 2042 2427 2098 salietur?
2460 2066 2487 2092 ››
2523 2043 2579 2098 Si
2614 2045 2814 2099 doctor
2842 2045 3135 2115 erraverit,
3168 2063 3201 2101 a
3230 2063 3344 2117 quo
3395 2047 3507 2103 alio
3534 2050 3633 2104 do-

1989 2136 2143 2187 ctore
2175 2132 2629 2187 emendabitur?
2664 2156 2683 2182 οι
2719 2134 2801 2187 Ad
2834 2133 3084 2188 nihilum
3114 2134 3263 2190 valet
3304 2135 3479 2202 ultra,
3520 2136 3633 2193 nisi

1988 2226 2051 2275 ut
2081 2221 2352 2275 mittatur
2383 2222 2558 2287 foras,
2590 2226 2646 2276 et
2674 2222 3047 2278 conculcetur
3077 2224 3146 2278 ab
3202 2224 3544 2280 hominibus
3579 2249 3629 2280 ››.

1986 2309 2327 2381 Exemplum
2352 2312 2419 2364 de
2439 2311 2795 2382 agricultura
2820 2319 3122 2383 sumptum
3146 2318 3249 2368 est.
3277 2314 3374 2368 Sal
3417 2314 3633 2371 etenim

1986 2398 2135 2453 sicut
2163 2398 2224 2453 in
2272 2400 2532 2454 ciborum
2584 2402 3047 2469 condimentum,
3099 2407 3155 2456 et
3214 2403 3286 2457 ad
3327 2402 3633 2459 siccandas

1985 2505 2189 2544 carnes
2221 2488 2617 2543 necessarium
2648 2494 2771 2557 est;
2810 2490 2889 2544 ita
2921 2491 3102 2545 alium
3157 2509 3330 2547 usum
3381 2510 3496 2547 non
3530 2493 3632 2547 ha-

1985 2578 2103 2631 bet.
2145 2576 2307 2632 Certc
2337 2577 2584 2648 legimus
2616 2578 2672 2631 in
2706 2577 3045 2649 Scripturis,
3106 2581 3281 2635 urbes
3321 2582 3629 2652 quasdam,

1983 2663 2070 2718 ira
2097 2666 2201 2734 (At.
2236 2665 2338 2737 ita]
2371 2666 2653 2720 victorum
2688 2665 2807 2721 sale
2838 2668 3175 2734 scminatas,
3210 2674 3275 2723 ut
3307 2670 3537 2725 nullum
3570 2671 3630 2726 in

1984 2753 2127 2823 ipsis
2177 2770 2415 2826 germen
2468 2756 2717 2809 oriretur
2772 2755 2998 2824 (Iudith.
3062 2758 3159 2825 1x).
3209 2761 3460 2813 Caveant
3495 2776 3630 2832 ergo

1982 2844 2247 2897 doctores
2281 2847 2338 2897 et
2366 2843 2644 2914 episcopi,
2704 2849 2759 2899 et
2817 2844 3086 2900 videant:
3146 2847 3397 2902 Potentes
3439 2857 3630 2919 poten-

1981 2936 2064 2986 ter
2109 2936 2381 2987 tormenta
2422 2934 2694 2987 sustinere
2737 2932 2885 3004 (Sep.
2932 2950 3006 3001 v1,
3060 2935 3153 3005 7):
3208 2934 3472 3007 nihilque
3501 2951 3629 2992 esse

1982 3021 2269 3089 remedii;
2304 3022 2407 3077 sed
2469 3022 2760 3092 majorum
2812 3021 3014 3078 ruinas
3071 3024 3141 3079 ad
3197 3027 3485 3079 tartarum
3517 3025 3629 3079 du-

1982 3126 2127 3165 cere.

2061 3200 2245 3265 (Vers.
2281 3201 2442 3254 111-16
2474 3200 2489 3271 )
2524 3223 2551 3250 ‹‹
2582 3200 2699 3256 Vos
2731 3201 2872 3256 estis
2903 3199 3002 3255 lux
3033 3201 3258 3256 mundi.
3290 3202 3415 3256 Non
3439 3203 3631 3273 potest

1985 3288 2185 3341 civitas
2251 3289 2529 3343 abscondi
2591 3307 2769 3359 supra
2832 3296 3086 3343 montem
3148 3291 3372 3360 posita;
3443 3305 3630 3359 neque

1985 3375 2313 3429 accendunt
2346 3375 2666 3440 lucernam,
2701 3382 2755 3428 et
2790 3383 3015 3446 ponunt
3072 3394 3197 3431 eam
3256 3379 3365 3431 sub
3411 3376 3625 3443 modio,

1984 3463 2085 3517 sed
2113 3478 2289 3533 super
2317 3462 2754 3531 candelabrum,
2792 3468 2854 3516 ut
2882 3463 3073 3518 luceat
3100 3464 3399 3551 omnibus,
3434 3466 3533 3537 qui
3565 3465 3625 3519 in

1984 3552 2157 3607 domo
2190 3555 2347 3606 sunt.
2386 3551 2480 3605 Sic
2512 3550 2701 3605 luceat
2732 3550 2830 3605 lux
2880 3556 3073 3606 vestra
3129 3569 3321 3609 coram
3373 3554 3629 3609 homini-

1984 3641 2115 3703 bus,
2150 3645 2213 3694 ut
2243 3639 2474 3693 videant
2505 3656 2679 3710 opera
2714 3644 2905 3695 vestra
2962 3640 3131 3707 bona,
3192 3647 3248 3697 et
3304 3642 3630 3715 glorificent

1982 3730 2210 3783 Patrem
2242 3733 2499 3782 vestrum
2553 3728 2653 3800 qui
2710 3728 2767 3782 in
2827 3728 2985 3783 ccelis
3044 3734 3150 3784 est.
3188 3752 3215 3779 ››
3248 3731 3423 3786 Docet
3477 3733 3626 3787 tidu-

1984 3819 2136 3874 ciam
2197 3816 2574 3889 praedicandi,
2637 3833 2710 3871 ne
2763 3818 3009 3889 apostoli
3060 3820 3499 3876 abscondantur
3554 3821 3626 3877 ob

1987 3913 2231 3975 metum,
2266 3911 2322 3961 et
2354 3907 2471 3961 sint
2504 3906 2727 3961 similes
2787 3906 3034 3962 lucernae
3095 3910 3204 3964 sub
3263 3910 3477 3975 modio,
3524 3910 3624 3965 sed

1986 4003 2102 4053 tota
2133 3997 2399 4051 libertate
2432 4012 2493 4050 se
2550 3997 2819 4067 prodant,
2877 4001 2941 4050 ut
3001 4000 3151 4068 quod
3211 3999 3524 4053 audierunt
3565 4000 3624 4054 in

1982 4086 2293 4154 cubiculis,
2328 4085 2642 4157 praedicent
2671 4086 2730 4139 in
2764 4086 2928 4141 tectis
2960 4085 3168 4154 (Matth.
3203 4104 3256 4151 x,
3288 4087 3398 4157 27).

2055 4177 2238 4247 (Vers.
2278 4175 2388 4245 17.)
2422 4198 2447 4223 ‹‹
2486 4173 2671 4228 Nolite
2702 4179 2904 4246 putare
2934 4177 3209 4247 quoniam
3244 4176 3370 4229 veni
3405 4175 3625 4232 solvere

1982 4266 2193 4338 legem,
2229 4268 2332 4320 aut
2364 4264 2697 4334 prophetas.
2734 4264 2857 4319 Non
2908 4265 3038 4319 veni
3096 4264 3338 4332 solvere,
3395 4266 3495 4320 sed
3530 4266 3627 4321 ad-

1982 4354 2245 4427 implere.
2283 4375 2311 4401 »
2343 4354 2471 4407 Si-ve
2503 4353 2656 4423 quod
2705 4353 2774 4407 de
2833 4370 2894 4408 se
2951 4370 3052 4424 per
3105 4354 3251 4409 alios
3280 4354 3625 4426 prophetata

1982 4442 2382 4515 compleverit,
2416 4441 2535 4496 sive
2567 4441 2703 4513 quia
2734 4457 2800 4497 ea
2832 4459 2958 4514 quae
2991 4448 3124 4498 ante
3181 4449 3417 4514 propter
3461 4444 3622 4498 infir-

227 4543 463 4612 propter
485 4536 802 4609 justitiam,
849 4535 1128 4607 quoniam
1175 4534 1438 4606 ipsorum
1486 4540 1575 4589 est
1626 4553 1870 4607 regnum
1901 4560 1946 4624 D
1983 4534 2245 4590 mitatem
2282 4533 2645 4586 audientium
2682 4532 2850 4587 rudia
2880 4538 2937 4587 et
2988 4534 3328 4605 imperfecta
3374 4534 3621 4601 fuerant,

227 4627 525 4683 cmlorum.
576 4648 604 4677 ››
655 4626 964 4698 Signanter
1011 4624 1235 4679 addidit
1265 4623 1374 4696 [Αἰ.
1426 4624 1605 4689 dicit],
1649 4629 1872 4696 propter

217 4718 520 4788 justitiam.
557 4715 721 4771 Multi
773 4715 928 4770 enim
980 4712 1443 4785 persecutionem
1486 4718 1723 4786 propter
1765 4732 1873 4769 sua

230 4811 474 4878 peccata
524 4805 845 4876 patiuntur,
897 4807 953 4858 et
1008 4819 1120 4857 non
1171 4807 1309 4856 sunt
1351 4803 1520 4872 justi.
1567 4803 1872 4875 Simulque

231 4894 557 4964 considera,
590 4895 745 4965 quod
778 4897 979 4947 octava
1009 4909 1151 4947 verm
1182 4890 1644 4947 circumcisionis
1685 4893 1869 4948 beati-

224 4986 366 5041 tudo
400 4983 678 5055 martyrio
712 4982 1075 5038 terminatur.

297 5074 481 5143 (Vers.
517 5073 628 5144 11.)
670 5093 695 5121 ‹‹
729 5071 889 5126 Beati
921 5071 1063 5125 estis
1096 5086 1230 5124 cum
1263 5068 1669 5124 maledixerint
1700 5071 1864 5127 vobis

184 5216 195 5223 .
223 5162 514 5233 homines,
551 5166 606 5216 et
636 5159 921 5232 persecuti
955 5176 1057 5214 vos
1090 5159 1323 5225 fuerint,
1348 5157 1671 5213 etdixerint
1692 5177 1865 5217 omne

224 5252 445 5309 malum
478 5251 783 5306 adversum
839 5265 962 5315 vos,
1012 5248 1358 5303 mentientes
1407 5254 1642 5320 propter
1685 5266 1798 5304 me.
1834 5275 1855 5305 ι

225 5342 372 5397 lllud
407 5338 780 5396 maledictum
811 5337 1303 5394 contemnendum
1336 5342 1444 5404 est,
1478 5338 1631 5408 quod
1680 5339 1862 5393 beati-

219 5429 484 5486 tudinem
514 5432 690 5494 creat,
717 5427 874 5499 quod
930 5426 1075 5482 falso
1127 5425 1529 5481 maledicentia
1578 5442 1674 5481 ore
1725 5444 1861 5498 pro-

1982 4641 2091 4679 sua
2121 4622 2528 4694 praedicatione
2560 4621 2950 4692 compleverit,
2993 4622 3136 4677 iram
3190 4622 3418 4688 tollens,
3453 4628 3508 4677 et
3538 4622 3623 4677 vi-

1981 4729 2105 4768 cem
2138 4712 2371 4766 talionis
2404 4710 2825 4791 excludens,‘et
2854 4711 3139 4766 occultam
3171 4711 3229 4765 in
3264 4717 3456 4766 mente
3486 4728 3621 4767 con-

1979 4801 2443 4874 cupiscentiam‘3
2474 4800 2677 4871 (Matth.
2716 4818 2770 4865 v,
2801 4803 2891 4865 22,
2926 4800 3035 4871 39).

2051 4891 2237 4963 (Vers.
2276 4890 2385 4958 18.)
2420 4912 2446 4937 «
2487 4895 2673 4943 Donec
2731 4893 2993 4944 transeat
3046 4887 3247 4942 caelum
3297 4894 3353 4943 et
3383 4892 3555 4945 terra.
3594 4912 3615 4939 ι

1978 4982 2412 5036 Promittontur
2444 4978 2611 5031 nobis
2644 4977 2769 5032 cmli
2803 4979 2955 5047 novi,
2987 4984 3043 5033 ct
3099 4984 3254 5034 terra
3297 4995 3461 5048 nova,
3496 4997 3620 5051 qua:

1985 5074 2245 5125 facturus
2273 5072 2362 5121 est
2386 5066 2664 5121 Dominus
2692 5068 2858 5123 Deus.
2892 5068 2952 5121 Si
3011 5085 3146 5139 ergo
3196 5085 3343 5121 nova
3371 5068 3621 5122 creando.

1981 5164 2139 5227 sunt,
2173 5160 2595 5227 consequenter
2624 5160 2818 5209 vetera
2846 5157 3185 5210 transitura.
3218 5156 3376 5219 Quod
3425 5161 3619 5211 autem

1982 5248 2283 5319 sequitur:
2323 5268 2350 5295 ‹‹
2386 5246 2505 5299 lota
2536 5260 2741 5313 unum,
2778 5250 2879 5298 aut
2909 5261 3063 5299 unus
3095 5261 3237 5316 apex
3261 5261 3373 5298 non
3397 5250 3624 5315 praster-

1977 5337 2084 5393 ibit
2112 5353 2143 5389 a
2173 5335 2318 5406 lege,
2352 5334 2537 5388 donec
2567 5336 2763 5387 omnia
2797 5334 2959 5389 fiant.
2988 5354 3015 5383 »
3061 5334 3141 5389 Ex
3174 5335 3360 5405 ﬁgura
3418 5333 3620 5389 littera:

1975 5424 2325 5491 ostenditur,
2362 5423 2517 5494 quod
2550 5422 2724 5477 etiam
2760 5439 2884 5494 quae
2943 5422 3189 5478 minima
3239 5427 3523 5495 putantur
3561 5424 3621 5480 in

289 5644 520 5706 “Addit
570 5644 855 5704 vetustior
894 5642 1076 5702 Palat.
1127 5658 1239 5700 ms.
1292 5644 1353 5699 et
1394 5640 1630 5703 Victorii
1671 5641 1869 5711 editio,
1911 5643 2210 5700 damnans.
