4024 6196
356 353 434 408 3η
941 342 1452 404 COMMENTAR.
1501 342 1578 402 IN
1624 342 2141 407 EVANGELIUM
2188 343 2564 405 MATTHIEI
2612 345 2754 405 LIB.
2807 346 2853 405 Ι.
2900 345 3074 406 CAP.
3123 349 3199 409 V.
3701 351 3780 412 38

360 485 531 555 Lege,
564 479 953 534 sacramentis
983 474 1387 547 spiritualibus
1420 474 1591 546 plena
1621 476 1760 543 sint,
1794 482 1851 531 et
1880 494 2007 531 om-
2042 489 2095 551 Α
2127 494 2261 547 ergo
2311 477 2581 532 similiter
2638 478 2835 533 credat
2877 478 2935 532 in
2984 478 3190 546 Deum,
3240 486 3296 535 et
3343 482 3639 539 Christum
3680 484 3779 541 Dei

361 573 460 628 nia
507 571 609 626 26
660 566 1122 640 recapitulentur
1170 564 1227 618 in
1278 564 1607 634 Evangelio.
1660 566 1839 636 Cujus
1880 582 2017 637 ergo

362 659 711 717 eruditionis
744 662 853 725 est,
898 656 1186 726 cujusque
1235 654 1533 717 doctrinae,
1584 656 1758 709 etiam
1793 656 2021 709 diversa

366 750 680 817 sacriﬁcia,
712 752 772 802 et
800 763 925 817 quea
972 743 1382 815 superstitiosa
1427 743 1721 809 videntur,
1771 745 1831 799 in
1862 746 2021 799 victi-

370 840 482 896 mis
512 836 775 911 quotidie
808 835 1214 889 demonstrare
1246 832 1570 904 compleri?

440 929 632 999 (Vers.
690 923 893 994 19-22..)
958 946 981 969 ‹ι
1046 922 1149 985 Qui
1220 938 1355 991 ergo
1414 920 1648 976 solverit
1709 939 1889 975 unum
1953 923 2022 976 de

370 1015 671 1073 mandatis
700 1014 824 1069 istis
858 1011 1145 1076 minimis,
1187 1015 1243 1065 et
1290 1010 1549 1065 docuerit
1598 1012 1681 1066 sic
1730 1011 2019 1080 homines,

374 1105 659 1162 minimus
687 1100 986 1157 vocabitur
1016 1099 1074 1153 in
1108 1115 1285 1171 regno
1323 1099 1640 1161 caelorum:
1695 1101 1791 1171 qui
1826 1106 2022 1155 autem

370 1193 573 1250 fecerit
591 1197 646 1247 et
670 1190 951 1257 docuerit,
990 1188 1086 1243 hic
1128 1204 1381 1259 magnus
1422 1188 1728 1242 vocabitur
1765 1188 1822 1242 in
1847 1205 2024 1260 regno

366 1283 674 1339 ccelorum.
702 1280 835 1334 Dico
859 1283 1051 1333 autem
1076 1277 1261 1343 vobis,
1310 1276 1447 1348 quia
1496 1278 1607 1331 nisi
1643 1277 2027 1332 abundaverit

363 1372 597 1443 justitia
623 1373 818 1425 vestra
850 1367 982 1439 plus
1015 1383 1191 1437 quam
1242 1366 1575 1420 Scribarum
1619 1372 1675 1420 et
1706 1365 2029 1421 Pharisaeo-

377 1478 532 1525 rum,
554 1476 667 1516 non
693 1456 990 1512 intrabitis
1013 1456 1069 1509 in
1092 1472 1267 1526 regno
1287 1454 1586 1509 caelorum.
1608 1456 1870 1510 Audistis
1888 1456 2029 1526 quia

380 1552 594 1605 dictum
653 1552 743 1603 est
799 1545 1095 1616 antiquis:
1156 1545 1279 1599 Non
1351 1545 1597 1599 occides.
1666 1545 1769 1608 Qui
1832 1552 2023 1600 autem

376 1637 670 1704 occiderit,
696 1652 832 1691 reus
852 1634 1218 1705 eritjudicio.
1250 1635 1366 1705 Ego
1397 1638 1593 1689 autem
1619 1634 1745 1689 dico
1776 1635 1961 1689 vobis.
1998 1655 2026 1683 ››

374 1732 493 1782 Hoc
512 1723 834 1796 capitulum
858 1740 991 1777 cum
1034 1722 1318 1794 superiori
1361 1722 1540 1777 haeret
1578 1723 1935 1788 testimonio,
1969 1722 2027 1777 in

377 1832 491 1887 quo
524 1814 784 1869 dixerat:
820 1817 937 1868 Iota
966 1829 1161 1877 unum,
1194 1816 1291 1866 aut
1322 1828 1467 1866 unus
1496 1829 1637 1883 apex
1666 1830 1773 1869 non
1805 1816 2031 1884 practer-

375 1906 479 1961 ibit
508 1904 694 1974 atege,
727 1902 892 1957 donec
944 1903 1132 1957 omnia
1177 1899 1344 1973 ﬁant.
1403 1900 1653 1973 Sugillat
1709 1919 1843 1973 ergo
1879 1902 2023 1956 Pha-

378 1994 597 2060 riseeos,
632 1993 756 2063 qui,
787 1991 1134 2062 contemptis
1175 1991 1467 2045 mandatis
1514 1992 1636 2059 Dei,
1690 1992 2028 2046 statuebant

378 2082 646 2155 proprias
676 2081 1038 2146 traditiones,
1072 2079 1229 2150 quod
1262 2096 1377 2133 non
1420 2080 1504 2133 eis
1554 2080 1736 2151 prosit
1766 2079 2031 2135 doctrina

378 2173 439 2227 in
471 2169 721 2243 populis,
757 2171 805 2224 si
835 2168 917 2223 vel
953 2185 1217 2240 parvum,
1249 2168 1404 2239 quod
1439 2169 1495 2222 in
1522 2168 1646 2240 lege
1670 2156 2025 2240 praeceptum

378 2264 490 2325 est,
524 2261 846 2314 destruant.
902 2259 1220 2313 Possumus
1269 2263 1464 2311 autem
1518 2262 1574 2311 et
1620 2258 1787 2313 aliter
1818 2258 2024 2312 intelli~

384 2365 541 2422 gere,
573 2349 725 2420 quod
760 2347 1025 2419 magistri
1056 2348 1306 2401 eruditio
1341 2348 1378 2413 ¹,
1422 2346 1646 2401 etiamsi
1686 2364 1857 2417 parvo
1900 2364 2030 2419 pec-

388 2444 516 2493 cato
536 2437 815 2492 obnoxius
838 2437 938 2503 sit,
972 2437 1218 2491 deducat
1248 2453 1380 2490 eum
1412 2436 1482 2489 de
1536 2437 1718 2507 gradu
1753 2437 2029 2503 maxime,

384 2544 495 2583 nec
522 2527 707 2598 prosit
737 2527 943 2580 docere
983 2525 1301 2595 justitiam,
1355 2542 1531 2597 quam
1586 2526 1828 2580 minima
1863 2526 2036 2597 culpa

385 2616 653 2672 destruit.
688 2616 757 2669 Et
793 2615 1092 2669 beatitudo
1143 2610 1397 2685 perfecta
1444 2615 1541 2682 sit,
1593 2632 1720 2685 quas
1768 2632 2034 2671 sermone

387 2705 676 2771 docueris,
711 2720 884 2775 opere
915 2703 1224 2774 complere.

461 2793 645 2867 (Vers.
696 2792 812 2863 22.)
867 2792 1077 2857 «Quia
1132 2792 1327 2847 omnis
1380 2793 1479 2864 qui
1546 2793 1818 2849 irascitur
1874 2794 2032 2848 fratri

390 2900 520 2948 suo,
551 2899 685 2937 reus
716 2881 1073 2951 eritjudicio
1106 2882 1146 2933 2.
1208 2883 1264 2935 In
1326 2882 1679 2953 quibusdam
1739 2883 2038 2938 codicibus

389 2973 643 3040 additur,
674 2974 795 3026 sine
822 2988 1031 3034 causa;
1063 2976 1334 3025 caeterum
1366 2970 1424 3025 in
1457 2972 1606 3026 veris
1638 2972 1877 3026 definita
1907 2988 2037 3027 sen-

388 3062 574 3118 tentia
628 3066 735 3126 est,
770 3064 828 3115 et
882 3060 969 3113 ira
1026 3060 1261 3131 penitus
1320 3061 1565 3124 tollitur,
1625 3061 1850 3115 dicente
1890 3060 2039 3115 Scri-

389 3157 599 3224 ptura:
635 3151 744 3218 Qui
770 3152 1034 3204 irascitur
1088 3152 1256 3216 lratri
1311 3166 1426 3205 suo.
1487 3150 1548 3205 Si
1579 3151 1734 3205 enim
1760 3151 2042 3219 jubemur

2129 567 2352 623 noverit
2384 567 2730 638 sapientiam
2764 568 2812 634 (I
2843 567 2964 623 Cor.
2993 586 3039 633 ι,
3060 570 3153 635 24)
3182 595 3196 635 ;
3223 586 3339 640 qua
3377 572 3602 628 ratione
3633 574 3783 629 stul-

2128 656 2266 710 titiae
2289 655 2473 727 elogio
2498 657 2756 711 denotari
2784 658 3018 727 potest?
3041 680 3069 706 «
3096 657 3202 722 Qui
3225 662 3420 714 autem
3447 662 3677 729 dixerit,
3705 663 3787 717 fa-

2129 750 2247 813 tue,
2275 763 2405 799 reus
2432 745 2539 799 erit
2560 746 2837 815 gehennae
2860 745 3033 817 ignis.
3064 768 3090 795 ι)
3130 746 3266 801 Ἀπὸ
3311 752 3497 800 κοινοῦ
3522 767 3589 805 ex
3612 768 3783 823 supe-

2132 834 2383 888 rioribus
2410 835 2796 889 subauditur:
2860 836 2961 902 Qui
3009 836 3217 890 dixerit
3263 838 3434 908 fratri
3454 854 3573 902 suo,
3606 840 3786 913 fatue,

2132 939 2255 977 rcus
2277 925 2382 977 erit
2414 929 2692 989 action/tae.
2726 924 2827 977 Cui
2858 924 3020 978 enim
3052 942 3212 996 teque
3246 925 3303 979 in
3342 932 3521 982 Deum
3557 929 3792 984 creden-

2130 1012 2173 1066 ti
2206 1011 2367 1077 dicit,
2402 1013 2577 1077 fatue,
2613 1011 2831 1083 impius
2862 1016 2951 1067 est
2980 1013 3039 1067 in
3074 1014 3375 1086 religione.

2204 1101 2385 1168 (Vers.
2420 1102 2633 1171 23-24.)
2664 1124 2691 1149 ‹‹
2725 1102 2778 1154 si
2814 1118 2949 1174 ergo
2985 1104 3156 1157 oﬂ‘ers
3182 1120 3399 1159 munus
3421 1108 3590 1160 tuum
3615 1106 3685 1161 ad
3709 1107 3791 1162 al-

2133 1195 2275 1255 tare,
2304 1189 2455 1244 etibi
2482 1190 2818 1245 recordatus
2842 1191 3022 1246 fueris
3057 1193 3195 1263 quia
3237 1193 3417 1248 frater
3455 1200 3594 1250 tuus
3616 1195 3794 1251 habet

2137 1278 2357 1349 aliquid
2382 1279 2691 1333 adversum
2721 1283 2791 1343 te,
2820 1278 3084 1350 relinque
3111 1280 3189 1335 ibi
3213 1298 3432 1337 munus
3459 1288 3625 1337 tuum
3653 1289 3791 1340 ante

2137 1366 2337 1437 altare,
2361 1372 2415 1421 et
2436 1368 2578 1421 vade
2602 1367 2762 1439 prius
2806 1368 3167 1423 reconciliari
3201 1370 3367 1424 fratri
3412 1375 3513 1427 tuo
3540 1389 3552 1427 :
3576 1379 3631 1429 et
3653 1378 3791 1429 tunc

2136 1456 2372 1511 veniens
2386 1457 2591 1510 otl'eres
2616 1474 2832 1511 munus
2855 1461 3043 1511 tuum.
3072 1478 3098 1505 ››
3123 1458 3247 1512 Non
3270 1459 3434 1526 dixit,
3459 1461 3509 1515 si
3527 1464 3585 1515 tu
3609 1461 3791 1517 habes

2138 1545 2359 1616 aliquid
2395 1546 2671 1600 adversus
2706 1547 2940 1600 fratrem
2991 1550 3185 1611 tuum,
3246 1549 3347 1602 sed
3384 1549 3432 1603 si
3454 1549 3633 1604 frater
3653 1554 3793 1606 tuus

2138 1635 2310 1689 habet
2343 1634 2561 1706 aliquid
2597 1636 2907 1690 adversum
2957 1640 3032 1701 te,
3086 1641 3151 1691 ut
3203 1637 3406 1691 durior
3453 1638 3788 1695 reconcilia-

2136 1724 2315 1778 tionis
2361 1724 2467 1779 tibi
2515 1724 2854 1795 imponatur
2912 1726 3251 1793 necessitas.
3303 1726 3569 1789 Quandiu
3618 1726 3789 1783 illum

2145 1812 2372 1885 placare
2401 1830 2511 1867 non
2547 1830 2884 1885 possumus,
2934 1815 3196 1870 necessia
3244 1832 3317 1871 an
3367 1822 3797 1888 consequenter

2143 1918 2386 1957 munera
2418 1907 2619 1956 nostra
2649 1903 2963 1959 offeramus
2995 1904 3129 1958 Deo.

2210 1991 2394 2061 (Vers.
2426 1992 2640 2061 25-27.)
2668 2013 2693 2040 ‹‹
2754 1992 2889 2045 Esto
2928 1992 3297 2047 consentiens
3338 1994 3668 2050 adversario
3690 1998 3790 2050 tuo

2139 2081 2273 2146 cito,
2296 2082 2433 2134 dum
2460 2097 2520 2133 es
2548 2097 2679 2134 cum
2706 2096 2770 2134 eo
2810 2081 2866 2133 in
2914 2080 3039 2135 via:
3086 2098 3157 2136 ne
3200 2081 3344 2137 forte
3376 2084 3572 2138 tradat
3610 2088 3665 2139 te
3697 2084 3794 2138 ad-

2140 2168 2653 2240 versariusjudici,
2693 2170 2944 2239 etjudex
2983 2171 3177 2225 tradat
3224 2176 3280 2226 te
3331 2172 3701 2242 ministro,‘et
3731 2174 3791 2229 in

2141 2276 2427 2313 carcerem
2456 2257 2724 2312 mittaris.
2759 2260 2941 2313 Amen
2985 2259 3111 2313 dico
3147 2260 3270 2326 tibi,
3305 2277 3419 2315 non
3452 2262 3606 2317 exies
3631 2262 3792 2330 inde,

2142 2349 2323 2402 donec
2339 2348 2546 2401 reddas
2562 2348 2943 2402 novissimum
2960 2349 3638 2418 quadrantem.Audistis
3652 2351 3793 2422 quia

2143 2438 2362 2491 dictum
2391 2444 2476 2490 est
2499 2435 2757 2506 antiquis
2785 2454 2797 2503 ;
2836 2436 2960 2491 Non
3004 2437 3407 2494 mcechaberis.
3450 2440 3566 2510 Ego
3597 2444 3792 2495 autem

2144 2526 2271 2580 dico
2297 2527 2480 2589 vobis,
2505 2527 2641 2597 quia
2670 2525 2881 2580 omnis.
2910 2547 2936 2573 ι)
2965 2526 3071 2581 Pro
3096 2544 3161 2581 co
3185 2528 3337 2598 quod
3374 2545 3479 2583 nos
3510 2529 3796 2584 habemus

2145 2615 2202 2669 in
2230 2615 2444 2668 Latinis
2468 2615 2788 2679 codicibus,
2813 2618 3172 2682 consentiens,
3198 2617 3255 2669 in
3280 2616 3493 2672 Graecis
3511 2617 3796 2690 scriptum

2145 2710 2234 2759 est
2257 2704 2470 2756 [ςὺνοῶν
2494 2705 2533 2769 ⁸,
2565 2705 2717 2775 quod
2742 2704 3157 2776 interpretatur
3190 2706 3492 2770 benevolus,
3520 2712 3621 2762 aut
3643 2710 3794 2763 beni-

2145 2810 2304 2863 gnus.
2339 2794 2416 2847 Ex
2447 2794 2910 2863 prteccdentibus
2951 2799 3144 2849 autem
3194 2800 3251 2850 et
3300 2796 3797 2861 consequentibus

2150 2884 2499 2937 manifestus
2529 2887 2617 2937 est
2666 2899 2897 2949 sensus,
2946 2884 3100 2954 quod
3153 2901 3259 2938 nos
3310 2884 3586 2938 Dominus
3619 2890 3797 2955 atque

2149 2970 2413 3025 Salvator
2445 2976 2658 3040 noster,
2688 2972 2828 3024 dum
2861 2972 2919 3024 in
2952 2971 3121 3024 istius
3146 2971 3340 3025 seaculi
3364 2971 3456 3026 via
3479 2973 3796 3041 currimus,

2153 3061 2220 3114 ad
2251 3075 2447 3129 pacem
2472 3064 2529 3112 et
2550 3059 2620 3112 ad
2644 3058 3017 3112 concordiam
3062 3058 3417 3126 cohortetur,
3455 3060 3624 3130 juxta
3646 3066 3798 3132 Apo-

2151 3148 2388 3210 stolum,
2422 3146 2707 3200 dicentem
2735 3164 2747 3201 :
2779 3149 2843 3201 Si
2872 3146 2997 3215 ﬁeri
3022 3150 3211 3217 potest,
3244 3156 3511 3218 quantum
3543 3166 3613 3204 ex
3638 3152 3797 3205 nobis

387 3238 723 3294 verberanti
753 3237 987 3291 alteram
1022 3238 1276 3308 praebere
1311 3238 1630 3305 maxillam,
1674 3243 1729 3293 et
1767 3239 2038 3293 inimicos
2071 3230 2117 3297 C’
2152 3239 2249 3299 est,
2282 3252 2405 3289 cum
2458 3235 2709 3289 omnibus
2757 3234 3069 3289 hominibus
3103 3252 3287 3306 pacem
3338 3237 3591 3292 habentes
3623 3238 3801 3311 (Rom.

398 3332 634 3382 nostros
714 3342 925 3391 amare,
1014 3330 1071 3381 et
1152 3344 1318 3382 orare
1398 3344 1499 3399 pro
1560 3327 2042 3399 persequentibus

396 3417 554 3485 (Luc.
648 3432 722 3485 v1,
813 3415 1030 3485 27-29),
1127 3417 1319 3471 omnis
1419 3417 1515 3470 irae
1610 3416 1834 3471 occasio
1898 3416 2045 3471 tolli-

395 3509 513 3570 tur,
568 3505 911 3561 Radendum
974 3509 1061 3560 est
1112 3521 1269 3577 ergo,
1330 3507 1451 3560 sine
1505 3522 1692 3572 causa,
1763 3505 1903 3576 quia
1960 3506 2047 3561 ira

393 3595 505 3651 viri
555 3593 850 3665 justitiam
936 3593 1036 3649 Dei
1121 3611 1234 3650 non
1310 3599 1585 3666 operatur
1640 3595 1772 3666 (Jac.
1833 3613 1873 3663 ι,
1931 3596 2042 3662 20).

405 3706 434 3733 ις
460 3684 566 3747 Qui
626 3687 823 3738 autem
879 3683 1088 3739 dixerit
1150 3683 1310 3738 fratri
1370 3701 1477 3739 suo
1535 3702 1687 3753 raca,
1751 3702 1883 3739 reus
1940 3684 2049 3738 erit

402 3772 642 3828 concilio
672 3774 713 3827 ³.
749 3796 778 3821 ››
805 3773 920 3827 Hoc
952 3774 1195 3829 verbum
1241 3773 1470 3844 proprie
1518 3774 1888 3828 Hebraeorum
1919 3777 2045 3828 est:

401 3879 542 3917 nam
570 3865 735 3949 (ΠΡ-ι)
765 3862 923 3917 enim
986 3862 1200 3917 dicitur
1226 3861 1400 3927 κενὸς,
1460 3862 1518 3916 id
1579 3868 1684 3925 est,
1736 3864 1919 3917 inanis
1951 3866 2051 3916 aut

405 3966 643 4011 vacuus;
675 3968 846 4022 quem
881 3968 985 4006 nos
1018 3968 1333 4022 possumus
1354 3951 1590 4023 vulgata
1613 3952 1827 4021 injuria
1849 3954 2051 4022 absque

407 4040 637 4105 cerebro,
697 4057 1055 4112 nuncupare.
1115 4040 1171 4095 Si
1234 4058 1335 4111 pro
1394 4041 1580 4095 otioso
1640 4058 1907 4095 sermone
1951 4040 2044 4096 27

403 4129 685 4185 reddituri
718 4146 928 4184 sumus
959 4130 1242 4184 rationem
1292 4130 1497 4199 (Matt/2..
1537 4148 1638 4194 xu,
1689 4131 1801 4193 36),
1835 4134 2053 4198 quanto

405 4218 595 4290 magis
618 4218 688 4273 de
710 4216 1097 4273 contumelia!
1122 4220 1233 4273 Sed
1256 4224 1310 4275 et
1333 4218 1634 4290 signanter
1658 4220 1925 4287 additur;
1952 4220 2057 4286 Qui

405 4307 611 4362 dixerit
637 4306 821 4379 fratri
876 4323 990 4378 suo,
1026 4325 1176 4363 mea.
1215 4309 1415 4362 Frater
1445 4308 1598 4361 enim
1633 4313 1830 4362 noster
1858 4308 2055 4363 nullus

405 4400 514 4465 est,
540 4396 649 4451 nisi
673 4396 773 4467 qui
796 4398 1065 4451 eumdem
1092 4396 1397 4451 nobiscum
1423 4396 1598 4452 habet
1632 4401 1883 4452 Patrem.
1909 4397 2055 4451 Cum

483 4538 499 4570 ¹
539 4538 695 4594 Idem
746 4556 857 4595 ms.
916 4542 1169 4611 magistri
1221 4541 1470 4608 traditio,
1529 4545 1588 4596 et
1643 4558 1776 4596 mox
1823 4541 2055 4596 obnoxia

408 4611 500 4665 sit.

477 4682 501 4715 ²
527 4680 841 4755 Ηροιίιιεγίι]
870 4683 1084 4739 nostris
1122 4700 1266 4738 mss.
1308 4684 1504 4748 verba,
1548 4698 1677 4755 reus
1718 4687 1821 4738 erit
1842 4684 2051 4755 judicio

406 4768 525 4826 non
556 4757 713 4806 sunt.
748 4754 906 4816 Quod
942 4756 1040 4823 ait,
1074 4756 1130 4809 in
1165 4755 1516 4826 quibusdam
1551 4754 1855 4826 codicibus
1894 4755 2049 4822 addi,

406 4825 531 4878 sine
554 4840 740 4888 causa,
774 4842 881 4880 nos
911 4826 1045 4881 alibi
1074 4825 1497 4882 edisseruimus
1544 4825 1601 4879 in
1639 4827 1802 4881 Notis
1846 4829 1919 4881 ad
1952 4832 2049 4896 Ep.

412 4896 476 4969 t3
506 4900 562 4951 et
592 4897 663 4969 ad
690 4896 847 4969 Alib.’
872 4914 913 4951 ιι
974 4897 1195 4969 Dialogi
1250 4903 1455 4953 contra
1478 4968 1485 4969 ί
1510 4896 1873 4967 Pelagianos,
1908 4916 1967 4953 ιι.
1998 4902 2050 4952 5.

410 4966 585 5021 Plura
617 4967 767 5022 infra
798 4968 1044 5023 dicenda
1100 4966 1271 5024 erunt
1326 4970 1434 5024 sub
1475 4966 1707 5023 initium
1741 4970 1870 5023 libri
1906 4970 2054 5023 tertii

408 5036 807 5112 Commentar,
841 5039 899 5094 in
931 5041 1174 5112 Epistol.
1224 5041 1293 5095 ad
1349 5040 1648 5112 Ephesios.
1691 5040 1871 5094 Latini
1908 5058 2058 5111 quo-

453 5059 807 5103 ommentar,
842 5059 899 5094 in
933 5059 971 5095 r.
1022 5059 1174 5095 lSLOl.
1224 5059 1293 5095 ad
1349 5059 1648 5112 LpneSlOS.
1691 5059 1871 5094 ι,ιιιιιιι
1908 5059 2058 5111 quo-

450 5126 525 5184 ue
542 5110 773 5184 codices
795 5059 1413 5184 hodiegumsuperant,
1430 5113 1529 5179 qui
1547 5113 1813 5165 additum
1830 5128 2063 5166 comma

406 5181 555 5254 illud
574 5181 1149 5254 retipentEjusmodi
1165 5181 1254 5239 est
1270 5184 1776 5239 unusVeronensis
1791 5186 2057 5238 omnium

410 5252 582 5326 facile
613 5252 923 5326 princeps;
966 5256 1063 5311 alii
1108 5272 1341 5326 quoque
1392 5256 1460 5309 ad
1512 5272 1658 5325 quos
1710 5255 1915 5309 Italiam
1942 5273 2061 5309 ver-

413 5324 601 5397 sionis
644 5324 1012 5397 Evangeliuui
1075 5324 1437 5382 Martianreus
1488 5324 1687 5379 edidit.
1748 5326 1814 5379 Et
1862 5327 2063 5397 legunt

416 5395 778 5470 antiquiores
804 5395 986 5470 Latini
1019 5399 1210 5454 Patres
1236 5398 1502 5470 (Jyprian.
1532 5398 1587 5470 in
1638 5399 1873 5470 Testim.
1913 5395 1949 5451 ll
1976 5416 2060 5465 ιιι,

422 5468 553 5539 n.8.
582 5467 838 5523 Hilarius
884 5469 941 5523 in
993 5471 1193 5525 Matth.
1229 5467 1638 5539 etUAugustin.
1696 5469 1769 5523 De
1816 5487 2066 5524 sermone

417 5538 639 5592 Domini
667 5542 727 5594 in
760 5545 940 5596 monte
983 5542 1021 5597 l.
1059 5560 1093 5613 ι,
1139 5559 1187 5597 c.
1237 5543 1293 5596 9.
1343 5538 1447 5604 Qui
1496 5545 1697 5613 tamen
1738 5540 1793 5594 in
1832 5540 1929 5596 lib.
1967 5543 2063 5596 Re-

415 5614 730 5665 tractatz'on.
775 5629 823 5667 c.
886 5614 971 5680 19,
1030 5616 1227 5670 monet
1277 5630 1344 5669 ea
1396 5612 1569 5667 verba
1619 5612 1737 5666 sine
1789 5629 1972 5679 causa,
2006 5613 2064 5669 in

416 5681 632 5739 Graecis
654 5681 823 5738 codd.
856 5700 973 5741 non
1012 5684 1278 5742 inveniri.
1320 5683 1665 5758 Hieronymo
1706 5689 1904 5742 nostro
1927 5702 2066 5742 con-

2154 3342 2254 3388 xu,
2282 3324 2387 3395 l8).
2412 3324 2555 3377 Nam
2580 3329 2637 3377 et
2666 3324 2723 3377 in
2761 3324 3106 3396 praecedenti
3147 3324 3403 3396 capitulo
3445 3326 3666 3382 dixerat
3691 3344 3703 3383 :
3736 3329 3802 3385 Si

2153 3416 2310 3486 o/I‘ers
2340 3430 2538 3468 munus
2568 3420 2729 3467 tuum
2775 3414 2847 3468 ad
2875 3415 3072 3480 altare,
3124 3418 3176 3468 et
3224 3414 3302 3469 ibi
3330 3415 3646 3471 recordatus
3674 3419 3799 3486 fue-

2153 3506 2251 3573 ris,
2285 3503 2415 3573 quia
2441 3505 2614 3572 frater
2645 3506 2770 3556 tuus
2811 3503 2968 3557 habet
3017 3502 3239 3573 aliquid
3290 3503 3578 3559 adversum
3626 3514 3711 3561 te:
3746 3509 3805 3562 et

2155 3592 2265 3647 hoc
2291 3592 2473 3659 ﬁnito,
2513 3591 2707 3645 statim
2732 3592 2907 3646 infert
2934 3610 2945 3659 ;
2988 3592 3117 3646 Esto
3155 3594 3493 3649 consentiens
3518 3594 3539 3628 ⁵
3585 3601 3685 3651 aut
3714 3596 3805 3652 be-

2155 3683 2365 3753 nignus
2394 3681 2709 3735 adversario
2740 3688 2850 3746 tuo,
2876 3685 2932 3735 et
2961 3680 3205 3752 reliqua.
3247 3682 3317 3737 Et
3347 3682 3409 3737 in
3441 3700 3807 3755 consequen-

2159 3771 2317 3825 tibus
2354 3770 2558 3839 jubet:
2616 3770 2839 3841 Dz'tz'gite
2896 3772 3149 3825 inimicos
3214 3780 3457 3835 vestros;
3506 3774 3807 3844 bene/acite

2160 3860 2244 3914 his
2275 3861 2372 3931 qui
2400 3859 2629 3914 oderunt
2649 3875 2757 3925 vos,
2789 3863 2841 3913 ei
2871 3868 3021 3914 orate
3038 3876 3138 3931 pro
3164 3862 3612 3932 persequentibus
3638 3866 3686 3918 et
3709 3862 3808 3919 28

2158 3948 2631 4003 calzunniantibus
2684 3964 2769 4002 vos
2803 3948 3008 4019 (Matth.
3057 3966 3109 4018 v,
3147 3950 3253 4018 fit).
3287 3951 3429 4006 Cum
3464 3950 3583 4005 haec
3632 3951 3817 4007 mani-

2164 4040 2308 4093 festa
2340 4038 2416 4092 sit
2446 4038 2550 4106 (At.
2587 4037 2725 4107 sint)
2756 4041 2812 4092 et
2846 4054 3207 4106 consequens
3261 4038 3664 4111 intelligentia,
3697 4040 3816 4112 ple-

2164 4128 2330 4198 rique
2361 4127 2721 4181 arbitrantur
2751 4127 2821 4180 de
2853 4144 3025 4182 carne
3058 4127 3279 4182 dictum
3312 4133 3369 4182 et
3388 4129 3606 4195 anima,
3633 4128 3719 4184 vel
3740 4130 3810 4185 de

2165 4218 2430 4270 animast
2460 4216 2669 4286 spiritu
2703 4217 2759 4270 6:
2796 4217 2952 4285 quod
2987 4216 3217 4287 penitus
3245 4233 3359 4272 non
3393 4221 3530 4273 stat.
3564 4219 3811 4282 Quomo-

2166 4307 2237 4360 do
2262 4304 2415 4361 enim
2440 4310 2542 4359 aut
2563 4321 2695 4359 caro
2730 4305 3015 4359 mittenda
3052 4305 3161 4359 erit
3182 4305 3239 4360 in
3284 4323 3595 4373 carcerem,
3619 4308 3668 4363 si
3692 4308 3817 4363 ani-

2168 4413 2263 4449 ma
2286 4412 2399 4449 non
2424 4394 2818 4448 consenserit:
2845 4410 2980 4448 cum
3004 4398 3059 4448 et
3099 4395 3297 4451 anima
3332 4401 3389 4452 et
3426 4413 3557 4453 caro
3597 4397 3815 4469 pariter

2169 4538 2631 4611 sentitJustinus
2655 4537 2712 4611 in
2736 4537 3148 4611 Apologiaiad
3202 4540 3565 4596 Antoninum
3604 4539 3661 4593 in
3696 4555 3812 4611 qua

2094 4600 2136 4664 D
2167 4627 2365 4665 vocem
2396 4606 2528 4661 είκεῖ
2558 4600 2795 4663 omittit:

2232 4700 2253 4733 ³
2284 4698 2385 4753 Hic
2413 4713 2643 4768 quoque
2673 4696 2886 4751 rectius
2918 4698 3199 4752 omittunt
3230 4715 3371 4754 mss.
3404 4698 3585 4752 nostri
3612 4700 3810 4768 verba,

2161 4788 2284 4825 reus
2306 4773 2410 4825 erit
2437 4768 3075 4840 concitio.S.Gregorius
3097 4769 3197 4823 lib.
3240 4787 3336 4824 xxi
3366 4770 3654 4825 Moralium
3684 4787 3811 4841 cap.

2161 4845 2232 4897 ὗε
2263 4864 2288 4891 ‹‹
2322 4843 2463 4895 Raca
2493 4841 2997 4911 quippe,inquit,in
3022 4840 3255 4912 Hebrmo
3286 4841 3515 4912 eloquio
3537 4858 3644 4896 vox
3667 4840 3818 4897 indi-

2164 4913 2399 4985 gnantis
2422 4917 2688 4985 est;qu:_n
2708 4912 2943 4981 quidem
2977 4911 3237 4985 animum
3289 4911 3597 4969 irascentis
3627 4919 3818 4969 osten-

2166 4983 2270 5048 dit,
2289 5001 2389 5038 nec
2412 4987 2602 5056 tamen
2630 4983 2867 5056 plenum
2892 4983 3137 5056 verbum
3156 4983 3467 5056 iracundiae
3490 4986 3814 5056 exprimit.»

2167 5056 2449 5129 confers.
2487 5054 2770 5129 Hilarium
2803 5054 2857 5106 in
2891 5054 3399 5129 cap.1v_Mattha3i,
3434 5054 3812 5129 etB—egulam.

2168 5126 2428 5184 S.Basilii
2455 5126 2776 5197 cap.l-’15,et
2806 5126 3037 5179 Avitum
3063 5125 3453 5182 Viennensem
3484 5125 3813 5200 Ep.prima.

2205 5218 2261 5299 νδ
2292 5215 2604 5300 ῐηβλὶίῖυοῐ
2638 5230 2777 5266 mss.
2816 5210 3035 5265 εὐνοέων
3065 5230 3076 5268 :
3112 5215 3167 5270 in
3195 5215 3323 5270 aliis
3348 5213 3586 5282 εὓνοκον,
3613 5214 3817 5271 malim

2172 5308 2257 5340 ξαν
2267 5307 2291 5339 0
2304 5306 2413 5338 ικον
2428 5328 2439 5339 .

2244 5378 2263 5411 ⁵
2296 5377 2401 5430 Pro
2431 5373 2793 5436 consentiens,
2827 5376 2943 5428 tres
2992 5374 3236 5430 Palatini
3289 5393 3431 5433 mss.
3487 5376 3705 5431 habent
3731 5376 3823 5431 be-

2171 5451 2414 5504 nevolus.
2449 5444 2683 5499 Leviora
2714 5445 2865 5498 infra
2894 5447 3302 5503 cmendamus.

2245 5540 2265 5572 δ
2296 5538 2452 5611 Idem
2488 5550 2628 5588 mss.
2663 5535 2747 5589 vel
2785 5533 2849 5611 de
2898 5536 3103 5611 spiritu
3146 5540 3397 5603 tantum,
3447 5538 3669 5611 absque
3700 5536 3826 5611 ani:

2176 5628 2284 5666 ma.
2321 5609 2448 5663 Mox
2498 5622 2725 5683 quoque
2770 5608 2819 5683 si
2851 5607 3056 5664 animae
3101 5624 3209 5665 non
3257 5607 3608 5683 consenserit,
3640 5623 3742 5681 pro
3774 5608 3826 5665 si

2177 5684 2389 5750 anima,
2414 5678 2544 5749 etc.,
2578 5678 2643 5733 in
2670 5682 2843 5734 recto.
