4024 6196
268 373 346 432 39
910 313 912 315 ’
1515 340 1581 399 s.
1627 333 1939 398 EUSEBII
1985 333 2427 393 HIERONYMI
3595 328 3674 386 40

265 491 629 558 recludendzn
660 484 798 552 sint,
850 494 956 534 nec
1013 473 1295 546 quiddam
1353 469 1539 542 possit
1567 483 1699 523 caro
1731 467 1917 521 facere
1946 467 2000 532 Α
2032 466 2098 519 Et
2126 463 2174 518 si
2209 463 2442 518 dextera
2467 477 2679 517 manus
2717 465 2821 516 tua
2866 457 3221 515 scandalizat
3266 461 3342 525 te,
3397 455 3679 512 abscinde

268 588 381 645 nisi
414 579 565 656 quod
600 574 834 634 animus
877 563 1180 639 imperarit
1226 565 1328 616 aut
1377 558 1632 631 Spiritus
1681 558 1920 612 sanctus

267 647 542 733 habitans
572 669 632 723 in
670 659 842 718 nobis
888 654 972 713 vel
1034 665 1269 710 carnem
1317 648 1405 704 vel
1454 647 1712 703 animam
1745 661 1919 716 repu-

269 765 517 839 gnantes
538 752 718 829 iudici
738 750 1127 813 tradere,cum
1150 741 1284 839 ipse
1309 738 1386 795 sit
1398 737 1600 839 judex.
1623 734 1733 790 Alii
1747 734 1921 839 juxta

269 823 590 927 Epistolam
619 840 772 899 Petri
803 833 1053 894 dicentis
1078 850 1090 887 :
1123 829 1479 886 Adversarius
1526 832 1698 927 pester
1725 823 1915 927 diabo-

271 911 355 998 tiis
384 937 543 1011 quasi
573 935 652 988 leo
683 930 904 997 rugiens
929 921 1125 978 circuit
1155 920 1198 989 (1
1229 919 1374 972 Petr.
1408 933 1461 985 v,
1494 913 1568 986 8),
1593 918 1651 968 et
1673 911 1915 1011 reliqua,

270 999 669 1089 adversarium
701 1016 998 1072 diabolum
1043 1008 1517 1078 interpretantur,
1571 1007 1627 1057 et
1655 999 1856 1056 volunt
1884 1017 1919 1054 a

270 1119 566 1177 Salvatore
595 1105 854 1182 praecipi,
889 1108 952 1158 ut
984 1101 1124 1155 dum
1157 1097 1215 1151 in
1263 1097 1548 1168 potestate
1578 1095 1777 1146 nostra
1806 1093 1915 1155 est,
1952 1136 1960 1140 .

269 1210 456 1266 simus
489 1177 751 1259 benevoli
780 1177 938 1264 erga
985 1186 1307 1253 diabolum,
1359 1182 1461 1254 qui
1516 1184 1607 1236 est
1635 1177 1912 1234 inimicus

269 1304 327 1354 et
357 1295 531 1362 ultor,
565 1304 668 1345 nec
699 1283 986 1341 faciamus
1037 1292 1170 1332 eum
1230 1287 1431 1345 pmnas
1486 1268 1779 1326 sustinere
1812 1282 1913 1337 pro

270 1385 458 1442 nobis.
488 1354 632 1435 Cum
664 1373 819 1431 enim
851 1370 976 1442 ipse
1005 1364 1278 1420 vitiorum
1319 1358 1612 1416 incentiva
1641 1354 1916 1427 suppedi-

270 1480 370 1538 tet,
395 1479 451 1529 et
465 1467 635 1527 nobis
657 1463 833 1520 etiam
854 1457 1150 1514 voluntate
1171 1448 1568 1524 peccantibus,
1594 1446 1642 1502 si
1671 1460 1915 1500 consen-

270 1537 522 1621 serimus
544 1557 594 1613 ei
627 1553 767 1608 vitia
791 1544 1151 1622 suggerenti,
1183 1558 1285 1613 pro
1331 1537 1500 1594 nobis
1531 1551 1762 1608 quoque
1789 1550 1918 1589 esse

270 1648 682 1724 torquendum.
705 1642 771 1698 Et
792 1639 992 1695 dicunt
1015 1631 1356 1690 benevolum
1379 1643 1506 1683 esse
1523 1639 1916 1694 unumquem-

269 1711 397 1815 que.
414 1741 750 1796 sanctorum
783 1722 1111 1784 adversario
1154 1737 1281 1785 suo,
1332 1716 1382 1773 si
1429 1732 1563 1771 eum
1595 1730 1712 1769 non
1748 1711 1919 1766 faciat

270 1801 373 1904 pro
405 1846 467 1884 se
498 1823 785 1882 sustinere
815 1817 1126 1872 tormenta.
1159 1808 1404 1876 Quidam
1437 1803 1694 1904 coactius
1723 1801 1916 1904 dis‘se-
1947 1837 1993 1901 Β

271 1889 428 1986 runt,
461 1917 522 1971 in
546 1909 896 1984 baptismate
919 1899 1184 1974 singulos
1211 1901 1444 1970 pactum
1473 1893 1620 1948 inire
1642 1907 1776 1946 cum
1797 1889 1917 1944 dia-

269 1981 425 2076 bolo,
457 2009 513 2062 et
541 1981 771 2059 dic—ere:
797 1991 1085 2051 Renuntio
1127 1987 1256 2052 tibi,
1305 1981 1554 2076 diabolo,
1604 1985 1914 2076 et-pompaa

269 2068 493 2163 tua),'et
521 2090 678 2148 vitiis
706 2086 908 2155 tuis,et
941 2079 1159 2137 mundo
1189 2081 1290 2132 tuo
1321 2073 1422 2146 qui
1443 2073 1502 2127 in
1534 2068 1790 2163 maligno
1814 2084 1914 2139 po-

270 2157 419 2244 situs
459 2186 548 2239 est
591 2181 639 2247 (1
682 2179 841 2233 Joan.
901 2189 956 2240 v,
1014 2169 1121 2240 19).
1182 2164 1242 2221 Si
1298 2179 1433 2234 ergo
1493 2157 1916 2247 servaverimus

272 2280 529 2349 paetum,
547 2244 813 2325 benevoli
833 2266 890 2318 et
911 2256 1339 2314 consentientes
1362 2264 1569 2306 sumus
1586 2244 1915 2304 adversario

271 2334 593 2429 hostro,'et
640 2365 1007 2426 nequaquam
1063 2346 1120 2400 in
1166 2355 1456 2399 carcerem
1504 2334 1840 2394 recludendi
1872 2335 1910 2388 ¹.

272 2454 375 2511 Sin
397 2428 528 2507 vero
551 2446 869 2518 quidquam
890 2431 1242 2506 transgressi
1261 2428 1544 2485 fuerimus
1567 2441 1767 2482 eorum
1789 2439 1915 2495 qua:

271 2541 501 2600 diabolo
532 2512 1058 2609 spoponderamus,
1092 2523 1393 2579 trademur
1432 2516 1620 2589 judici
1653 2532 1718 2571 ac
1741 2512 1916 2569 mini-

271 2638 413 2699 stro,
447 2633 504 2685 et
532 2603 834 2682 mittamur
862 2619 924 2673 in
955 2627 1268 2677 carcerem,
1301 2613 1359 2665 et
1387 2624 1501 2662 non
1533 2603 1820 2662 exibimus
1849 2617 1920 2656 ex

266 2740 354 2789 eo,
379 2694 562 2776 donec
585 2713 903 2770 reddamus
925 2703 1306 2761 novissimum
1335 2696 1748 2770 quadrantem.
1775 2694 1918 2756 Qua-

269 2780 449 2867 drans
496 2821 650 2880 genu
707 2804 797 2856 est
855 2791 1104 2861 nummi,
1137 2789 1237 2862 qui
1286 2788 1462 2843 habet
1519 2784 1633 2839 duo
1665 2780 1916 2836 minuta.

276 2900 436 2957 Unde
466 2871 529 2952 et
558 2893 615 2949 in
676 2889 786 2946 alio
838 2879 1168 2955 Evangelio,
1228 2875 1438 2932 mulier
1488 2871 1586 2928 illa
1617 2885 1837 2942 pauper
1865 2872 1921 2924 et

274 2989 451 3045 vidua
489 2983 704 3040 dicitur
760 2974 993 3033 misisse
1050 2968 1434 3043 quadrantem
1487 2963 1546 3017 in
1605 2960 1917 3016 corbonam

274 3079 476 3150 (Marc.
505 3089 608 3140 x11,
642 3069 751 3140 42),
783 3069 838 3122 et
887 3064 946 3119 in
995 3059 1129 3126 alio,
1180 3058 1296 3111 duo
1341 3053 1568 3108 minuta
1615 3049 1767 3120 (Luc.
1799 3063 1915 3113 xxx,

273 3138 351 3236 ‘2).
385 3165 511 3222 Non
543 3138 1026 3232 quoddissonent
1075 3141 1545 3236 Evangelia,_sed
1584 3138 1740 3236 quod
1763 3152 1917 3191 unus

2029 569 2177 622 eam,
2209 556 2265 606 et
2293 551 2512 624 projice
2541 551 2646 606 abs
2674 555 2749 605 te.
2785 549 3027 620 Expedit
3065 547 3220 603 enim
3252 545 3358 602 tibi
3388 550 3453 601 ut
3481 547 3685 616 pereat

2031 658 2213 697 unum
2247 641 2645 696 membrorum
2691 643 2949 708 tuorum,
3001 653 3179 709 quam
3232 640 3419 691 totum
3468 649 3682 706 corpus

2027 735 2196 786 tuum
2230 731 2497 786 mittatur
2524 729 2584 784 in
2615 728 2965 802 gehennam.
3001 749 3029 775 »
3056 726 3202 791 Quia
3235 743 3414 797 supra
3443 726 3514 779 de
3547 740 3684 779 con-

2029 820 2386 892 cupiscentia
2417 817 2678 874 mulieris
2709 818 2954 881 dixerat,
2990 819 3142 870 recte
3189 831 3344 869 nunc
3377 816 3682 888 cogitatio-

2029 927 2161 965 nem
2219 914 2277 964 et
2331 925 2570 964 sensum
2632 908 2689 961 in
2754 906 2981 960 diversa
3034 904 3398 973 volitantem,
3459 906 3683 961 oculum

2029 998 2406 1070 nuncupavit.
2439 1002 2546 1052 Per
2567 997 2829 1050 dextram
2855 999 3048 1048 autem
3076 980 3130 1048 et
3155 997 3393 1048 casteras
3415 995 3679 1064 corporis

2027 1092 2241 1161 partes,
2280 1086 2596 1142 voluntatis
2635 1087 2691 1140 et
2720 1083 2962 1140 affectus
2993 1083 3013 1116 ²
3058 1081 3226 1137 initia
3271 1082 3679 1138 demonstran-

2025 1183 2149 1232 tur:
2171 1176 2406 1247 utquod
2428 1179 2620 1230 mente
2643 1171 3028 1244 concipimus,
3055 1186 3226 1242 opere
3248 1170 3672 1243 compleamus.

2024 1265 2356 1321 Cavendum
2379 1267 2466 1318 est
2487 1263 2685 1334 igitur,
2713 1277 2784 1317 ne
2808 1261 2960 1332 quod
2983 1261 3039 1316 in
3064 1259 3232 1315 nobis
3259 1259 3548 1331 optimum
3563 1266 3675 1334 est,

2026 1354 2138 1410 cito
2169 1353 2401 1409 labatur
2428 1353 2488 1407 in
2531 1351 2760 1407 vitium.
2824 1349 2881 1404 Si
2942 1349 3098 1405 enim
3156 1349 3354 1404 dexter
3383 1348 3588 1405 oculus
3619 1357 3677 1408 et

2026 1444 2264 1498 dextera
2295 1458 2503 1497 manus
2534 1438 2950 1508 scandalizent,
2985 1441 3204 1509 quanto
3238 1437 3425 1509 magis
3458 1454 3526 1492 ea
3548 1456 3675 1509 qua:

2025 1533 2084 1590 in
2135 1531 2304 1586 nobis
2348 1529 2586 1585 sinistra
2635 1526 2812 1583 sunt!
2866 1527 2922 1582 Si
2973 1527 3127 1582 enim
3189 1526 3388 1582 anima
3438 1526 3676 1595 labitur,

2026 1624 2243 1693 quanto
2278 1619 2408 1690 plus
2440 1634 2651 1688 corpus
2673 1617 2827 1688 quod
2854 1616 2921 1670 ad
2948 1619 3182 1688 peccata
3214 1614 3525 1687 proclivius
3549 1621 3638 1671 est
3664 1616 3677 1671 l

2024 1708 2222 1763 Aliter.
2257 1709 2320 1762 In
2351 1707 2586 1762 dextero
2617 1703 2804 1770 oculo,
2849 1709 2906 1760 et
2957 1704 3018 1758 in
3067 1704 3302 1759 dextera
3334 1720 3537 1769 manu,
3571 1705 3682 1760 fra-

2025 1803 2204 1868 trum,
2228 1813 2496 1864 uxorum,
2521 1802 2578 1850 et
2597 1794 2937 1864 liberorum,
2961 1797 3134 1865 atque
3176 1791 3441 1847 affinium
3466 1798 3522 1848 et
3544 1809 3676 1864 pro-

2025 1886 2379 1958 pinquorum
2405 1888 2786 1952 monstratur,
2812 1882 3072 1950 affectus,
3099 1898 3245 1953 quos
3259 1882 3304 1937 si
3323 1883 3393 1937 ad
3411 1887 3674 1937 contem-

2024 1975 2300 2048 plandam
2332 1990 2524 2030 veram
2554 1972 2744 2028 lucem
2769 1971 2938 2027 nobis
2958 1970 3380 2042 impedimento
3403 1986 3530 2026 esse
3553 1987 3675 2027 cer-

2026 2064 2245 2135 nimus,
2296 2063 2579 2119 debemus
2643 2067 2915 2116 truncare
2963 2059 3300 2115 istiusmodi
3350 2060 3670 2131 portiones,

2027 2169 2098 2208 ne
2127 2153 2267 2208 dum
2298 2151 2571 2207 volumus
2602 2150 2749 2206 lucri
2783 2154 3019 2205 cieteros
3051 2149 3259 2213 facere,
3293 2148 3408 2219 ipsi
3431 2149 3489 2203 in
3512 2154 3674 2205 aeter-

2027 2258 2169 2297 num
2201 2257 2526 2314 pereamus.
2562 2238 2724 2295 Unde
2755 2239 2967 2294 dicitur
3005 2242 3063 2294 et
3107 2238 3177 2293 de
3227 2238 3523 2294 sacerdote
3559 2254 3677 2294 (na-

2025 2347 2160 2404 gno,
2195 2330 2365 2400 cujus
2397 2329 2594 2384 anima
2640 2329 2741 2384 Dei
2792 2326 2978 2382 cultui
3027 2325 3295 2382 dedicata
3335 2331 3460 2382 est:
3494 2326 3671 2398 Super

2021 2427 2178 2492 patre
2201 2421 2250 2474 et
2295 2426 2472 2473 matre
2529 2422 2580 2473 et
2635 2418 2772 2488 ﬁliis
2827 2432 2938 2472 non
2986 2416 3265 2488 polluetur
3330 2415 3525 2485 (Leuit.
3555 2433 3670 2483 xxi,

2028 2507 2138 2578 il),
2170 2507 2228 2563 id
2277 2512 2386 2573 est,
2439 2505 2668 2562 nullum
2709 2505 2976 2561 affectum
3004 2505 3166 2572 sciet,
3191 2504 3306 2560 nisi
3329 2505 3476 2575 ejus,
3502 2506 3672 2575 cujus

2027 2595 2211 2652 cultui
2243 2596 2545 2652 dedicatus
2577 2599 2684 2650 est.

2098 2774 2283 2845 (Vers.
2317 2774 2532 2853 31-33.)
2581 2797 2609 2824 ‹‹
2644 2774 2877 2829 Dictum
2928 2776 3016 2828 est
3062 2775 3298 2828 autem:
3334 2771 3678 2842 Quicunque

2029 2862 2317 2918 dimiserit
2347 2881 2585 2920 uxorem
2620 2880 2811 2931 suam,
2865 2864 2962 2918 det
3009 2861 3060 2917 ei
3105 2860 3370 2916 libellum
3422 2859 3673 2931 repudii.

2028 2955 2144 3024 Ego
2175 2957 2368 3009 autem
2403 2953 2530 3009 dico
2563 2952 2763 3008 vobis:
2809 2951 2947 3024 quia
2996 2951 3188 3006 omnis
3235 2951 3334 3021 qui
3383 2946 3674 3004 dimiserit

2031 3057 2268 3097 uxorem
2319 3059 2508 3112 suam,
2574 3045 2810 3112 excepta
2860 3038 3254 3096 fornicationis
3301 3054 3501 3107 causa,
3540 3035 3676 3092 facit

2029 3147 2156 3186 eam
2190 3131 2466 3187 moechari
2495 3148 2506 3185 :
2543 3137 2600 3186 et
2631 3131 2731 3202 qui
2765 3129 3069 3185 dimissam
3104 3129 3204 3184 80
3235 3127 3480 3198 duxerit,
3513 3124 3676 3181 adul-

277 3201 307 3222 ω
337 3207 351 3222 ο
387 3201 511 3222 ιηυμ
589 3201 699 3215 μυι-
724 3201 1023 3211 νιυν--νκ-
1075 3201 1173 3204 ν-νν
1236 3201 1269 3218 υ
1392 3201 1407 3214 ι
1601 3201 1618 3210 -
2655 3201 2663 3202 ,

277 3201 578 3328 quadran‘e1
603 3248 750 3303 duos
793 3243 1052 3298 minutos
1100 3251 1375 3290 nummos
1419 3231 1649 3285 habeat.
1685 3227 1802 3282 Hoc
1833 3228 1921 3279 est
1951 3201 1993 3268 (ἶ
2034 3223 2199 3274 terat.
2235 3222 2451 3275 lterum
2484 3219 2754 3289 audistis,
2799 3217 2936 3290 quia
2983 3217 3204 3272 dictum
3253 3222 3342 3272 est
3372 3215 3673 3287 antiquis:

1133 3325 1170 3328 _.
1248 3322 1258 3328 .
1358 3322 1370 3328 -
1755 3315 1770 3328 ι
2030 3308 2144 3328 \Y_,,
2188 3309 2509 3328 -_,,:n,,,_l,!,
2572 3309 2775 3328 m_j_l_-
2823 3311 3008 3328 ---1-..Α
3067 3306 3307 3328 n___:_-
3344 3306 3672 3328 :-____.-_L..

276 3315 412 3417 ergo
434 3339 588 3414 quod
613 3331 940 3392 dicitzNon
979 3322 1295 3399 egredieris
1341 3322 1412 3376 de
1453 3331 1703 3383 carcere,
1740 3315 1922 3370 donec

275 3411 469 3490 stivam
485 3425 732 3484 minima
755 3422 991 3494 peccata
1012 3411 1326 3488 persolvas.

348 3567 532 3638 (Vers.
562 3559 676 3627 28.)
709 3579 737 3607 «
771 3553 878 3620 Qui
909 3548 1121 3606 viderit
1169 3543 1472 3600 mulierem
1523 3541 1596 3596 ad
1646 3538 1921 3609 concupi-

276 3629 558 3712 scendum
578 3663 728 3716 eam,
740 3647 864 3716 jam
883 3638 1206 3697 moechatus
1228 3639 1317 3688 est
1334 3647 1459 3687 eam
1479 3630 1537 3685 in
1557 3629 1728 3684 corde
1745 3644 1879 3699 suo._
1896 3650 1916 3675 ιι

277 3746 436 3801 Inter
464 3739 632 3798 πάθος
663 3739 720 3792 et
756 3729 1107 3806 προπὰθειαν,
1155 3725 1210 3779 id
1260 3726 1372 3788 est,
1423 3721 1576 3775 inter
1621 3720 1924 3788 passionem

277 3838 334 3890 et
361 3829 789 3904 propassionem,
818 3822 928 3877 hoc
960 3817 1223 3884 interest,
1267 3811 1419 3883 quod
1462 3807 1658 3880 passio
1689 3814 1923 3877 reputa-

282 3893 530 3978 taturin
560 3914 766 3972 vitium
791 3927 806 3968 :
829 3905 1154 3982 propassio,
1206 3901 1304 3958 29
1344 3899 1481 3954 licet
1521 3896 1670 3950 initii
1701 3893 1806 3967 [AL
1839 3893 1923 3948 vi-

277 4011 367 4081 tii]
401 4007 634 4079 culpam
664 4002 896 4066 habeat,
929 4001 1126 4052 tamen
1156 4007 1271 4046 ncn
1301 3993 1534 4044 tenetur
1562 3986 1621 4040 in
1655 3983 1919 4039 crimine.

276 4073 426 4171 Ergo
458 4073 558 4168 qui
599 4091 808 4148 viderit
857 4084 1181 4148 mulierem,
1234 4084 1292 4134 et
1345 4077 1542 4133 anima
1592 4076 1720 4145 ejus
1752 4073 1925 4128 fuerit

278 4161 533 4249 titiilata,
592 4181 687 4237 hic
741 4173 1120 4251 propassione
1180 4181 1494 4241 percussus
1552 4167 1659 4218 est.
1701 4161 1758 4215 Si
1789 4176 1923 4216 vero

280 4272 660 4337 consenserit,
695 4249 758 4322 et
781 4268 852 4321 de
883 4260 1230 4335 cogitatione
1263 4256 1534 4312 affectum
1571 4251 1786 4314 fecerit,
1817 4249 1925 4304 sic-

279 4371 346 4421 ut
375 4363 660 4433 scriptum
692 4362 779 4413 est
808 4356 867 4410 in
907 4350 1085 4408 David
1112 4367 1124 4404 :
1173 4347 1534 4402 Transierunt
1583 4343 1641 4396 in
1671 4341 1925 4411 aﬂ‘ectum

279 4453 459 4510 cordis
494 4428 670 4523 (Psal.
733 4459 904 4509 Lxxn,
962 4441 1041 4512 7),
1101 4439 1172 4493 de
1229 4433 1608 4508 propassione
1659 4428 1927 4484 transivit

2030 3308 2151 3363 Non
2187 3309 2536 3380 perjurabis,
2571 3309 2778 3363 reddes
2819 3311 3014 3362 autem
3065 3306 3313 3362 Domino
3336 3306 3679 3376 juramenta

2032 3403 2152 3452 tua.
2180 3421 2206 3448 »
2232 3397 2294 3453 In
2317 3397 2618 3471 pesteriori
2652 3402 2814 3469 parte
2834 3395 3026 3450 locum
3067 3395 3250 3450 istum
3293 3393 3525 3464 plenius
3549 3390 3674 3446 Sal-

2031 3491 2195 3541 vator
2223 3486 2476 3560 exponit,
2531 3487 2684 3559 quod
2746 3486 2935 3542 Moses
2991 3484 3164 3553 (Deut.
3223 3485 3379 3550 xxxv)
3410 3478 3676 3535 libellum

2033 3576 2256 3648 repudii
2291 3575 2414 3630 dari
2440 3577 2687 3647 jusserit
2719 3578 2951 3646 propter
2997 3571 3276 3626 duritiam
3326 3569 3518 3625 cordis
3550 3585 3677 3624 ma—

2033 3666 2278 3720 ritorum
2309 3666 2526 3736 (Matth.
2559 3681 2674 3729 xxx,
2712 3663 2784 3733 8),
2820 3679 2934 3717 non
2985 3659 3297 3715 dissidium
3330 3658 3676 3724 concedens,

2033 3754 2133 3808 sed
2165 3754 2434 3811 auferens
2465 3752 2869 3809 homicidium.
2912 3748 3092 3804 Multo
3132 3748 3286 3804 enim
3323 3745 3533 3802 melius
3565 3749 3675 3815 est,

2033 3844 2168 3899 licet
2221 3843 2530 3916 lugubrem
2603 3840 2829 3896 evenire
2905 3837 3283 3908 discordiam,
3343 3853 3518 3908 quam
3577 3851 3680 3907 per

2033 3932 2231 3988 odium
2264 3933 2610 4006 sanguinem
2652 3929 2840 3986 fundi.

2105 4112 2289 4184 (Vers.
2323 4109 2531 4181 34-37.)
2558 4131 2584 4159 ‹‹
2618 4109 2735 4180 Ego
2777 4109 2970 4161 autem
3020 4104 3147 4159 dico
3194 4101 3380 4168 vobis,
3433 4117 3546 4156 non
3579 4101 3677 4171 ju-

2035 4219 2160 4257 rare
2183 4201 2422 4256 omnino
2448 4215 2460 4253 :
2488 4214 2676 4268 neque
2699 4212 2800 4268 per
2846 4194 3080 4264 coelum,
3128 4191 3264 4264 quia
3308 4190 3555 4245 thronus
3577 4187 3679 4244 Dei

2035 4296 2123 4348 est
2147 4308 2158 4347 :
2184 4306 2373 4361 neque
2396 4305 2496 4359 per
2531 4291 2768 4353 terram,
2812 4284 2950 4355 quia
2993 4281 3312 4338 scabellum
3351 4283 3440 4335 est
3464 4278 3681 4351 pedum

2033 4383 2194 4452 ejus:
2230 4394 2416 4448 neque
2468 4392 2569 4448 per
2625 4372 3106 4444 Hierosolymam,
3167 4370 3305 4442 quia
3358 4367 3562 4424 civitas
3593 4369 3683 4421 est

2037 4468 2232 4540 magni
2264 4466 2440 4538 regis.
2487 4464 2686 4536 Neque
2745 4479 2845 4534 per
2901 4464 3076 4532 caput
3132 4463 3300 4513 tuum
3352 4455 3681 4528 juraveris:

280 4540 742 4634 adpassmilemh’
772 4537 829 4633 iit
856 4532 992 4586 hmo
1014 4519 1924 4634 “9”.Yﬂ‘fffﬁefffﬁ‘ﬂflfefﬂ
1955 4569 2003 4634 1)
2035 4519 2174 4632 qui:
2205 4519 2516 4626 nonopotes
2549 4519 3054 4623 unum‘eapilltim
3094 4547 3225 4604 albu
3239 4564 3291 4602 ω
3344 4519 3552 4611 facere,
3585 4545 3686 4600 aut

280 4607 665 4688 sed-occasio.
697 4621 1036 4690 Quicunque
1077 4616 1253 4687 igitur
1276 4612 1484 4666 viderit
1514 4608 1821 4664 mulierem
1852 4607 1923 4662 ad

281 4714 836 4791 concupiscendum,
861 4708 920 4763 id
943 4710 1052 4772 est,
1077 4705 1124 4760 si
1143 4699 1429 4774 aspexerit
1445 4704 1509 4754 ut
1525 4696 1922 4768 concupiscat,

281 4814 348 4865 ut
371 4782 555 4863 facere
580 4805 872 4876 disponat,
909 4798 1020 4853 iste
1058 4796 1210 4850 recte
1247 4790 1461 4846 dicitur
1498 4804 1627 4843 eam
1650 4782 1927 4841 mmchari

281 4899 342 4954 in
373 4895 543 4953 corde
564 4909 695 4949 suo.

355 5029 540 5102 (Vers.
597 5026 688 5093 29,
749 5025 862 5094 30.)
923 5018 1139 5085 «Quod
1177 5017 1225 5072 si
1285 5013 1489 5072 oculus
1545 5017 1680 5067 tuus
1733 5011 1931 5066 dexter

283 5098 640 5177 scandalizat
669 5119 744 5181 te,
777 5127 914 5168 erue
943 5125 1100 5176 eum,
1132 5109 1189 5162 et
1219 5103 1433 5178 projice
1465 5101 1570 5157 abs
1591 5104 1665 5156 te.
1691 5098 1931 5172 Expedit

283 5209 439 5266 enim
469 5206 595 5269 tibi,
631 5208 696 5260 ut
747 5204 943 5274 pereat
990 5212 1173 5252 unum
1224 5194 1620 5250 membrorum
1668 5193 1926 5256 tuorum,

282 5297 439 5372 quod
465 5301 654 5353 totum
686 5307 898 5364 corpus
937 5293 1104 5343 tuum
1161 5286 1425 5339 mittatur
1470 5281 1530 5335 in
1579 5278 1926 5352 gehennam.

355 5460 370 5494 ¹
399 5459 481 5514 Ex
511 5457 619 5512 hoc
647 5452 771 5509 loco
804 5448 1138 5523 arguendos
1172 5443 1481 5516 imperitus
1519 5436 1931 5523 Joannesple-

287 5509 612 5600 ricu—sl—q—ui
641 5509 904 5598 putabat)
933 5509 1514 5600 Hieronymumhnon
1558 5512 1650 5600 uti.
1693 5509 1932 5600 solitum

284 5580 754 5663 voc—evreZ'tudere,
789 5610 965 5651 sensu
997 5580 1327 5663 claudendi.
1360 5586 1548 5663 Supra
1578 5583 1752 5663 etiam
1785 5580 1932 5663 dici-

283 5653 837 5751 tur,'quodwanima
885 5670 941 5725 et
987 5678 1120 5722 caro
1168 5659 1385 5735 pariter
1431 5653 1768 5715 recludendse
1796 5653 1928 5710 sint.

2035 4646 2291 4719 nigrum.
2324 4644 2412 4700 Sit
2440 4646 2635 4698 autem
2669 4655 2861 4696 sermo
2892 4640 3099 4704 vester,
3122 4640 3210 4692 est
3237 4639 3348 4701 est,
3377 4649 3493 4688 non
3526 4646 3682 4688 non:

2037 4735 2193 4808 quod
2224 4738 2420 4790 autem
2463 4732 2556 4786 his
2616 4727 3012 4786 abundantius
3069 4729 3179 4792 est,
3238 4741 3272 4780 a
3330 4721 3483 4778 malo
3513 4728 3619 4776 est.
3652 4739 3681 4772 ιι

2038 4824 2196 4880 Hanc
2228 4839 2329 4896 per
2359 4821 2648 4878 elementa
2669 4814 2907 4890 jurandi
2947 4813 3264 4888 pessimam
3314 4808 3686 4868 consuetudi-

2039 4930 2174 4971 nem
2207 4927 2438 4985 semper
2469 4909 2724 4965 habuere
2753 4903 2940 4961 Judaei
2988 4905 3334 4967 noscuntur,
3369 4899 3522 4956 sicut
3551 4913 3684 4971 pro-

2043 5002 2293 5077 phetalis
2350 5017 2448 5056 eos
2507 4999 2841 5069 frequenter
2893 4992 3086 5066 arguit
3135 5007 3326 5047 sermo
3385 4990 3512 5061 (Isa.
3558 5001 3682 5053 va,

2045 5095 2152 5164 16).
2189 5090 2293 5158 Qui
2318 5091 2500 5161 jurat,
2533 5091 2633 5142 aut
2661 5088 2987 5153 veneratur,
3042 5085 3144 5137 aut
3173 5079 3365 5150 diligit
3394 5093 3551 5141 eum,
3585 5089 3687 5146 per

2046 5199 2218 5255 quem
2242 5181 2406 5251 jurat
2461 5179 2523 5232 ln
2556 5175 2680 5248 lege
2707 5177 3060 5246 prameptum
3109 5173 3217 5237 est,
3265 5171 3332 5221 ut
3380 5164 3683 5233 uonjure-

2045 5253 2197 5339 mus,
2232 5269 2342 5324 nisi
2375 5283 2476 5340 per
2522 5265 2836 5322 Dominum
2873 5267 3048 5316 Deum
3081 5263 3345 5314 nostrum
3395 5253 3572 5324 (Deut.
3605 5265 3684 5318 vx,

2042 5431 2270 5488 Videsis
2306 5429 2709 5486 Defensionem
2743 5428 3002 5478 nostram
3035 5415 3383 5476 eruditionis
3415 5411 3694 5484 Hierony-

2043 5508 2272 5562 mianae.
2307 5503 2494 5557 MART.

2112 5554 2420 5630 {Da-latini
2449 5554 2592 5626 mss.
2645 5565 2769 5638 pari
2828 5580 3117 5619 consensu
3177 5559 3396 5617 habent
3453 5554 3690 5627 adn/Te-

2042 5651 2229 5705 ctuum
2257 5647 2445 5713 initia,
2477 5657 2580 5717 pro
2610 5647 2662 5697 et
2685 5638 2927 5712 aﬂectus,
2959 5640 3068 5693 etc.
