4024 6196
219 365 289 427 4|
784 362 1303 424 COMMENTAR.
1349 363 1427 422 IN
1473 361 1879 423 EVANGELll

2030 358 2415 423 MATTHJEI
2464 361 2609 422 LIB.
2657 359 2707 420 Ι.
2755 361 2929 421 CAP.
2961 361 3064 422 VI.
3549 369 3627 428 42

221 499 325 561 l3;
356 514 413 567 x,
442 496 556 568 20).
584 495 775 551 Judaei
823 511 926 568 per
975 495 1215 567 angelos
1249 498 1287 568 ί,

211 587 484 655 salem,et
515 585 825 657 templum,
847 590 903 639 et
935 585 1225 640 elementa
1245 587 1538 657 jurantes,
1573 590 1873 640 creaturas

217 692 426 745 resque
465 672 732 730 carnales
781 674 1212 729 venerabantur
1267 674 1489 729 honore
1519 675 1560 736 ³,
1595 679 1653 728 et
1703 673 1871 728 obse-

220 765 357 837 quio
385 763 501 818 Dei.
540 762 800 834 Denique
822 761 1132 816 considera
1161 763 1310 834 quod
1343 763 1436 817 hic
1460 761 1725 817 Salvator
1758 779 1872 816 non

220 871 321 927 per
349 853 537 908 Deum
585 853 781 923 iurare
835 851 1237 923 prohibuerit;
1271 852 1370 907 sed
1403 869 1506 923 per
1553 851 1787 918 coelum,
1819 855 1876 906 et

220 950 468 1010 terram,
498 946 557 997 et
590 939 1068 1016 Hierosolymam,
1121 946 1178 995 et
1226 956 1326 1011 per
1369 943 1545 1012 caput
1585 944 1774 994 tuum.
1810 943 1877 994 Et

219 1033 333 1089 hoc
365 1031 534 1103 quasi
566 1012 837 1103 parvulis"
864 1029 1053 1085 fuerat
1073 1029 1198 1101 lege
1248 1045 1613 1097 concessum,
1637 1033 1702 1084 ut
1731 1046 1876 1100 quo-

223 1121 398 1176 modo
427 1119 692 1174 victimas
724 1118 1113 1174 immolabant
1143 1118 1282 1189 Deo,
1316 1135 1387 1174 ne
1433 1135 1531 1173 eas
1563 1117 1736 1172 idolis
1765 1117 1874 1172 im-

224 1209 547 1266 molarent:
582 1208 666 1263 sic
705 1213 764 1264 et
807 1209 1010 1279 jurare
1060 1207 1538 1280 permitterentur
1569 1207 1626 1261 in
1656 1207 1874 1262 Deum:

228 1316 340 1355 non
373 1297 529 1370 quod
564 1300 719 1352 recte
749 1296 858 1352 hoc
889 1297 1165 1365 facerent,
1201 1297 1302 1352 sed
1354 1296 1509 1366 quod
1544 1294 1755 1350 melius
1786 1311 1876 1350 es-

227 1392 316 1444 set
346 1392 460 1442 Deo
490 1387 546 1441 id
578 1385 853 1441 exhibere
883 1401 1062 1456 quam
1111 1385 1498 1440 daemonibus.
1535 1384 1879 1455 Evangelica

233 1480 428 1531 autem
457 1476 666 1530 veritas
696 1491 813 1530 non
847 1474 1054 1545 recipit
1075 1475 1653 1543 juramentum,cum
1685 1476 1877 1528 omnis

227 1580 417 1620 sermo
447 1563 638 1618 ﬁdelis
673 1579 778 1635 pro
801 1563 1192 1633 jurejurando
1223 1561 1320 1616 sit.

293 1656 481 1720 (Vers.
515 1651 606 1721 38,
674 1652 756 1718 9.)
786 1673 814 1700 «
844 1649 1110 1705 Audistis
1140 1649 1280 1721 quia
1311 1650 1534 1705 dictum
1564 1655 1653 1706 est
1682 1668 1694 1705 :
1731 1650 1877 1705 Ocu-

221 1742 343 1798 lum
377 1757 482 1813 pro
514 1740 703 1807 oculo,
738 1739 970 1794 dentem
1003 1756 1108 1810 pro
1139 1740 1330 1794 dente.
1363 1739 1481 1811 Ego
1523 1743 1717 1794 autem
1750 1739 1878 1794 dico

221 1831 390 1886 vobis
416 1846 536 1885 non
583 1827 856 1883 resistere
903 1827 1078 1882 malo.
1118 1850 1138 1875 ιι
1176 1827 1281 1892 Qui
1334 1827 1476 1882 dicit
1505 1827 1740 1882 oculum
1776 1844 1878 1899 pro

223 1919 414 1984 oculo,
450 1935 565 1974 non
598 1917 850 1972 alterum
883 1916 1005 1970 vult
1031 1916 1382 1981 auferre,sed
1417 1919 1733 1988 utrumque
1765 1933 1880 1972 ser-

224 2007 678 2064 vare.Dominus
703 2011 901 2060 noster
917 2004 1381 2074 vicissitudinem
1404 2004 1881 2071 tollens,truncat

225 2097 394 2152 initia
420 2099 815 2168 peccatorum.
852 2099 916 2148 Et
973 2093 1032 2148 in
1089 2093 1216 2165 lege
1273 2094 1577 2149 retributio
1639 2099 1765 2150 est:
1818 2094 1876 2148 in

217 2183 533 2258 Evangelio
563 2183 773 2256 gratia.
808 2181 892 2236 Ibi
925 2181 1098 2252 culpa
1143 2183 1510 2248 emendatur,
1545 2181 1641 2236 hic
1672 2198 1874 2254 pecca-

218 2279 422 2330 torum
454 2273 800 2328 auferuntur
829 2270 1083 2326 exordia.

293 2361 484 2433 (Vers.
517 2361 605 2425 39,
639 2360 751 2430 4t.)
783 2360 880 2414 31
923 2379 949 2412 υ
981 2359 1092 2414 Sed
1140 2359 1190 2414 si
1241 2359 1374 2432 quis
1424 2363 1479 2414 te
1525 2359 1878 2431 percusserit

217 2451 281 2505 in
312 2450 612 2505 dexteram
640 2448 935 2503 maxillam
968 2452 1155 2516 tuam,
1178 2450 1371 2520 praebe
1403 2447 1488 2502 illi
1519 2453 1576 2504 et
1608 2446 1874 2503 alteram.

221 2540 289 2594 Et
320 2539 374 2594 ei
404 2537 506 2609 qui
536 2536 658 2592 vult
687 2543 880 2592 tecum
909 2538 966 2592 in
993 2537 1218 2608 judicio
1239 2537 1610 2608 contendere,
1634 2542 1692 2594 et
1720 2537 1875 2592 tuni-

221 2645 354 2684 cam
403 2632 566 2682 tuam
615 2625 838 2693 tollere,
889 2626 1119 2681 dimitte
1150 2626 1201 2682 ei
1250 2631 1306 2682 et
1355 2625 1620 2698 pallium.
1654 2627 1726 2681 Et
1755 2626 1880 2697 qui-

223 2732 458 2788 cunque
482 2719 538 2770 te
558 2715 946 2786 angariaverit
983 2713 1143 2770 mille
1177 2732 1410 2786 passus,
1441 2716 1582 2770 vade
1613 2732 1747 2770 cum
1779 2713 1876 2770 illo

220 2809 277 2860 et
297 2804 413 2860 alia
426 2805 562 2860 duo.
586 2826 614 2852 ››
638 2803 1080 2860 Ecclesiasticus
1109 2803 1198 2858 vir
1229 2803 1878 2874 de'scribitur,imitator

221 2894 354 2965 ejus
382 2894 482 2966 qui
533 2893 711 2948 dicit:
766 2895 969 2949 Discite
1015 2909 1047 2947 a
1103 2909 1210 2961 me,
1271 2894 1404 2966 quia
1449 2895 1604 2948 mitis
1651 2910 1795 2961 sum,
1825 2895 1876 2948 et

220 2983 456 3037 humilis
509 2982 671 3038 corde
723 2981 931 3052 (Matth.
990 2999 1069 3051 χι,
1102 2981 1215 3054 29).
1272 2982 1337 3037 Et
1393 2982 1876 3055 pollicitationem

221 3087 418 3138 suam,
445 3085 760 3142 percussus
810 3070 996 3142 alapa,
1049 3071 1426 3142 comprobat:
1474 3071 1533 3126 Si
1558 3072 1706 3126 male
1736 3073 1878 3126 locu-

220 3169 309 3216 tus
335 3177 480 3225 sum,
513 3176 683 3230 argue
731 3160 797 3215 de
851 3160 1033 3215 malo:
1083 3161 1174 3214 sin
1231 3167 1414 3215 autem
1445 3160 1600 3224 bene,
1634 3160 1764 3230 quid
1791 3175 1878 3214 me

1338 500 1396 552 et
1440 497 1644 552 urbem
1692 496 1866 551 Jeru-
1895 497 1946 562 Α
1979 495 2196 550 micum
2230 499 2457 552 tuum.»
2480 493 2537 549 Si
2570 493 3026 565 deeleemosyna
3047 497 3277 549 tantum
3301 495 3522 552 dictum
3545 497 3632 553 in-

1987 583 2324 656 telligimus,
2362 583 2418 638 in
2449 582 2744 655 plerisque
2785 582 3142 654 pauperibus
3192 582 3303 637 hoc
3334 590 3487 640 stare
3513 604 3630 642 non

1983 679 2194 745 potest.
2228 674 2338 728 Sed
2373 678 2428 728 et
2453 673 2661 728 divites
2693 671 2743 726 si
2796 688 3028 744 semper
3074 672 3363 736 dederint,
3400 690 3630 746 semper

1984 763 2121 818 dare
2154 779 2267 817 non
2301 766 2592 834 poterunt.
2625 765 2766 816 Post
2813 761 3033 816 bonum
3082 777 3220 832 ergo
3253 760 3631 835 eleemosyna:

1984 851 2288 922 apostolis,
2336 850 2391 905 id
2436 854 2545 918 est,
2577 850 2914 905 doctoribus
2946 855 3236 922 praecepta
3265 850 3630 920 tribuuntur,

1987 945 2051 995 ut
2084 940 2181 1011 qui
2214 939 2392 1012 gratis
2425 943 2792 1011 acceperunt,
2825 939 3008 1011 gratis
3033 939 3298 994 tribuant
3327 940 3540 1010 (Matth.
3575 958 3632 1007 x,

1983 1029 2058 1100 8).
2120 1028 2459 1084 Istiusmodi
2537 1027 2785 1099 pecunia
2859 1044 3164 1098 nunquam
3225 1028 3468 1096 deficit;
3530 1029 3632 1085 sed

1987 1121 2203 1188 quanto
2237 1116 2370 1189 plus
2403 1117 2540 1172 data
2570 1116 2764 1183 fuerit,
2797 1120 2960 1171 tanto
2991 1115 3245 1188 amplius
3277 1117 3633 1190 duplicatur.

1986 1207 2212 1277 Et_cum
2272 1206 2535 1276 subjecta
2573 1204 2684 1260 sibi
2731 1221 2867 1259 arva
2917 1205 3084 1276 riget,
3117 1221 3426 1277 nunquam
3458 1206 3636 1263 fontis

1987 1296 2148 1350 unda
2171 1296 2448 1350 siccatur.

2059 1386 2245 1455 (Vers.
2282 1383 2393 1454 44.)
2425 1406 2451 1433 ‹‹
2487 1383 2604 1454 Ego
2635 1386 2830 1438 autem
2871 1382 2999 1437 dico
3044 1382 3228 1453 vobis,
3263 1383 3490 1456 diligite
3520 1384 3635 1440 ini-

1987 1473 2172 1527 micos
2201 1477 2446 1538 vestros,
2481 1470 2802 1526 benefacite
2851 1470 2942 1526 his
2991 1470 3092 1542 qui
3143 1472 3395 1527 oderunt
3424 1489 3547 1541 vos,
3580 1476 3640 1528 et

1988 1566 2146 1617 orate
2176 1578 2279 1632 pro
2302 1560 2788 1632 persequentibus
2826 1565 2882 1614 et
2915 1558 3419 1617 calumniantibus
3448 1579 3570 1618 vos.
3611 1585 3634 1612 ι

1989 1650 2158 1706 Multi
2181 1654 2466 1722 praecepta
2487 1649 2588 1704 Dei
2625 1647 3025 1704 imbecillitate
3056 1650 3156 1706 32
3190 1667 3316 1718 sua,
3354 1667 3471 1706 non
3503 1669 3641 1707 san-

1990 1744 2218 1794 ctorum
2249 1738 2474 1793 viribus
2504 1737 2882 1806 aestimantes,
2907 1743 3119 1810 putant
3141 1755 3269 1795 esse
3303 1739 3642 1812 impossibi-

1989 1828 2067 1884 lia
2109 1846 2236 1900 qua:
2287 1831 2575 1900 praecepta
2632 1832 2793 1893 sunt,
2826 1833 2882 1882 et
2936 1826 3142 1883 dicunt
3195 1828 3464 1885 sufficere
3520 1829 3636 1885 vir-

1987 1917 2213 1973 tutibus
2266 1935 2380 1972 non
2429 1915 2622 1971 odisse
2689 1915 2998 1972 inimicos:
3059 1921 3334 1972 caeterum
3393 1919 3636 1990 diligere

1987 2007 2120 2081 plus
2152 2005 2590 2079 praecipi,quam
2624 2005 2884 2059 humana
2914 2010 3124 2060 natura
3147 2005 3633 2077 patiatur.Scien-

1987 2098 2127 2151 dum
2160 2099 2248 2149 est
2295 2110 2430 2165 ergo
2485 2093 2783 2148 Christum
2833 2110 2949 2148 non
3007 2093 3400 2166 impossibilia
3430 2096 3636 2168 praeci-

1988 2202 2144 2257 pere,
2176 2184 2274 2238 sed
2309 2184 2604 2254 perfecta:
2638 2199 2764 2254 quae
2815 2183 2950 2237 fecit
2978 2183 3161 2239 David
3210 2183 3272 2239 in
3321 2185 3460 2240 Saul
3491 2191 3549 2241 et
3577 2185 3638 2241 in

1986 2273 2304 2343 Absalon(l
2331 2272 2460 2341 Reg.
2493 2288 2642 2336 xxxv,
2674 2272 2746 2339 9;
2795 2288 2949 2337 xxvr,
2979 2271 3052 2338 5;
3089 2273 3135 2326 ll
3171 2273 3294 2343 Reg.
3327 2289 3489 2343 xvm,
3519 2272 3634 2344 33).

1987 2363 2321 2435 Stephanus
2344 2376 2578 2433 quoque
2605 2364 2824 2432 martyr
2846 2359 3639 2434 proinimicislapidantibus

1987 2455 2335 2522 deprecatus
2365 2450 2618 2520 est(Act.
2666 2466 2764 2518 v11,
2812 2450 2924 2517 59).
2959 2450 3029 2505 Et
3079 2449 3294 2506 Paulus
3324 2451 3641 2507 anathema

1987 2540 2148 2611 cupit
2177 2555 2306 2593 esse
2347 2554 2450 2609 pro
2510 2537 2980 2608 persecutoribus
3030 2537 3154 2593 suis
3207 2539 3380 2610 (Rom.
3434 2557 3510 2606 1x,
3560 2540 3638 2610 3).

1985 2633 2116 2683 Haec
2146 2632 2342 2682 autem
2366 2628 2542 2682 Jesus
2573 2630 2629 2682 et
2658 2627 2857 2682 docuit
2887 2633 2943 2682 et
2991 2627 3147 2696 fecit,
3181 2628 3415 2685 dicens:
3448 2635 3638 2697 Pater,

1985 2719 2206 2791 ignosce
2235 2717 2351 2771 illis
2373 2735 2391 2771 :
2423 2716 2565 2788 quod
2593 2718 2742 2772 enim
2769 2718 3005 2786 faciunt,
3030 2719 3284 2773 nesciunt
3313 2719 3634 2790 (Lucum,

1984 2807 2096 2877 34).

2057 2894 2242 2966 (Vers.
2280 2895 2490 2962 45-48.)
2524 2917 2551 2944 «
2602 2893 2676 2949 Ut
2732 2894 2860 2949 sitis
2908 2893 3013 2948 ﬁlii
3061 2895 3250 2950 Patris
3303 2895 3483 2950 vestri
3531 2893 3634 2964 qui

1986 2985 2045 3039 in
2077 2983 2236 3039 ccelis
2266 2987 2375 3054 est,
2411 2982 2513 3054 qui
2545 2982 2723 3038 solem
2767 3000 2942 3037 suum
2982 2983 3121 3037 oriri
3154 2983 3292 3036 facit
3321 2997 3500 3053 super
3529 2983 3630 3038 bo-

1986 3089 2092 3128 nos
2123 3076 2179 3126 et
2207 3070 2412 3138 malos,
2446 3075 2504 3124 et
2534 3070 2684 3140 pluit
2729 3085 2906 3140 super
2938 3071 3134 3139 justas
3165 3075 3223 3125 et
3261 3069 3537 3142 injustas.
3571 3071 3632 3127 Si

1985 3161 2142 3216 enim
2172 3159 2414 3230 diligitis
2444 3175 2542 3213 eos
2574 3157 2673 3228 qui
2701 3173 2805 3213 vos
2825 3157 3287 3230 diligunt,quam
3307 3160 3636 3215 mercedem

219 3248 386 3304 caedis
438 3249 622 3318 (Joan.
669 3263 827 3317 xvm,
879 3249 1019 3319 23)?
1076 3248 1211 3303 Tale
1260 3247 1402 3318 quid
1459 3252 1515 3303 et
1561 3247 1738 3302 David
1792 3247 1876 3303 lo-
1908 3236 1950 3302 C
1989 3247 2327 3304 habebitis?
2354 3240 2556 3304 Nonne
2588 3250 2644 3301 et
2691 3245 2988 3318 publicani
3037 3247 3148 3302 hoc
3189 3247 3458 3303 faciunt?
3489 3253 3556 3303 Et
3586 3248 3637 3304 si

222 3337 525 3409 quebatur
551 3336 609 3389 in
642 3335 902 3391 Psalmo:
937 3336 997 3391 Si
1025 3336 1242 3391 reddidi
1269 3337 1702 3393 retribuentibus
1735 3337 1878 3392 mihi

223 3426 382 3482 mala
415 3425 593 3496 (Psal.
648 3442 748 3495 vn,
799 3425 874 3496 5).
922 3425 991 3479 Et
1043 3426 1329 3481 Jeremias
1377 3426 1437 3480 in
1481 3426 1877 3482 Lamentatio-

230 3513 445 3568 nibus:
479 3518 697 3569 Bonum
743 3521 822 3568 est
869 3513 1084 3568 homini
1129 3530 1254 3568 cum
1305 3517 1604 3580 portaverit
1638 3514 1744 3583 [ΑΙ.
1795 3531 1878 3570 se-

226 3602 372 3657 derit
422 3605 512 3671 ab,
572 3603 708 3673 etc.]
757 3604 956 3673 jugum
1009 3604 1081 3657 ab
1138 3603 1502 3659 adolescentia
1547 3621 1668 3659 sua.
1720 3604 1880 3659 Dabit

216 3693 562 3763 percutienti
613 3709 670 3746 se
744 3690 1097 3747 maxillam:
1168 3693 1513 3747 saturabitur
1573 3693 1882 3764 opprobriis

225 3781 448 3850 (Τὴν-θη.
493 3797 576 3849 m,
607 3781 700 3845 27,
733 3780 842 3851 30).
877 3784 996 3836 Hoc
1047 3781 1362 3836 adversum
1413 3797 1512 3837 eos
1542 3781 1641 3853 qui
1673 3784 1884 3853 putant

225 3869 486 3924 alterum
511 3873 689 3922 Deum
713 3867 881 3940 legis,
934 3868 1183 3925 alterum
1235 3870 1611 3943 Evangelii";
1647 3871 1801 3943 quod
1827 3873 1884 3926 et

225 3957 333 4023 ibi,
370 3961 428 4011 et
458 3956 553 4010 hic
584 3959 968 4013 mansuetudo
1001 3959 1296 4014 doceatur.
1349 3960 1684 4014 Secundum
1725 3975 1880 4031 mys-

229 4045 380 4100 ticos
408 4043 734 4101 intellectus
762 4063 774 4101 :
809 4063 1088 4118 percussa
1131 4047 1365 4103 dextera
1412 4055 1614 4104 nostra
1643 4064 1757 4103 non
1781 4048 1882 4118 ju-

224 4133 438 4188 bemur
469 4133 773 4191 sinistram
822 4137 1097 4207 praabere,
1145 4137 1247 4192 sed
1307 4135 1572 4204 alteram,
1623 4136 1732 4192 hoc
1770 4141 1879 4208 est,

225 4220 472 4277 alteram
496 4224 999 4281 dextram.Justus
1019 4224 1176 4280 enim
1209 4225 1516 4281 sinistram
1536 4242 1651 4281 non
1683 4225 1878 4281 habet.

222 4310 283 4364 Si
325 4328 432 4366 nos
478 4311 787 4368 haereticus
845 4313 904 4368 in
954 4314 1354 4387 disputatione
1413 4314 1787 4386 percusserit,
1828 4318 1885 4369 et

219 4399 505 4454 dextrum
554 4401 769 4472 dogma
813 4401 1059 4457 voluerit
1103 4401 1428 4471 vulnerare,
1465 4407 1796 4475 opponatur
1829 4402 1882 4458 ei

222 4488 392 4544 aliud
427 4489 500 4543 de
533 4489 849 4560 Scripturis
899 4491 1328 4559 testimonium,
1359 4494 1417 4547 et
1446 4493 1651 4548 tandiu
1680 4493 1882 4548 verbe-

223 4577 385 4632 ranti
419 4578 800 4652 succedentes
832 4579 944 4636 sibi
984 4581 1252 4636 dexteras
1282 4581 1666 4652 praebeamus,
1703 4581 1885 4638 donec
1915 4607 1961 4672 Β

232 4665 461 4721 inimici
494 4666 583 4720 ira
601 4665 902 4724 lassescat.

300 4755 487 4826 (Vers.
522 4757 611 4826 42,
647 4757 758 4828 43.)
809 4757 916 4821 Qui
966 4758 1112 4830 petit
1162 4776 1196 4813 a
1238 4763 1315 4826 te,
1365 4758 1440 4814 da
1469 4758 1542 4825 ei,
1576 4764 1632 4814 et
1670 4759 1883 4815 volenti

229 4845 494 4898 mutuari
527 4862 561 4899 a
587 4849 663 4915 te,
699 4862 771 4900 ne
818 4847 1116 4903 avertaris.
1168 4847 1431 4902 Audistis
1485 4848 1625 4918 quia
1663 4848 1884 4904 dictum

228 4937 364 4988 est:
399 4931 615 5004 Diliges
647 4936 979 5006 proximum
1019 4941 1210 5007 tuum,
1243 4940 1301 4990 et
1330 4937 1461 4991 odio
1493 4935 1738 4992 habebis
1771 4937 1884 4992 ini-

300 5041 315 5072 ¹
350 5040 607 5094 Accedat
638 5041 954 5110 ﬁdeiussor
997 5047 1052 5096 ὃ.
1090 5041 1348 5097 Hilarius
1380 5043 1439 5097 in
1473 5042 1628 5098 hunc
1653 5043 1884 5098 locum:

228 5131 258 5184 ες
295 5110 392 5184 llis
425 5111 924 5184 enim,iinquie-ns,
968 5113 1393 5169 elementorum
1427 5115 1765 5170 nominibus
1796 5118 1890 5171 Ju-

227 5181 370 5256 dagis
400 5187 526 5237 erat
555 5181 762 5256 religio
793 5186 1015 5256 jurare,
1051 5190 1108 5240 et
1153 5184 1283 5239 cmli
1314 5189 1370 5240 et
1416 5190 1604 5250 terrae,
1639 5191 1695 5240 et
1721 5187 1889 5241 Jeru-

226 5251 438 5332 salem.
471 5255 573 5309 sed
608 5251 908 5328 et'cap'itis
966 5251 1078 5332 sui,
1113 5257 1332 5332 quibus
1361 5256 1442 5332 ἱηΔ
1473 5258 1889 5314 contumeliam

225 5321 338 5376 Dei
364 5332 734 5382 sacramento
768 5321 1199 5383 venerationem
1231 5327 1587 5383 deferebant.
1623 5349 1650 5377 »

282 5393 325 5478 f
356 5397 650 5478 Rabanus,
680 5400 900 5454 Honore
927 5408 978 5454 et
1010 5400 1266 5470 obsequio
1297 5400 1393 5454 Dei
1439 5403 1764 5471 contempto.
1792 5403 1893 5458 De-

225 5475 294 5519 m‘
336 5479 410 5520 ue
462 5475 569 5522 etc.

361 5510 523 5614 [ibus
552 5539 850 5614 Palatinus
888 5541 1196 5607 vetustior,
1227 5539 1471 5614 alterum
1506 5557 1736 5614 sensum
1765 5559 1891 5614 pro-

221 5607 534 5688 pheticum,
561 5611 812 5688 alterum
852 5614 1164 5688 Evangelii.
1212 5612 1296 5666 Ad
1330 5612 1658 5688 marginem
1687 5607 1892 5688 recen-

221 5683 346 5741 tior
369 5697 585 5740 manus
632 5683 984 5756 impressam
1010 5683 1345 5742 lectionem
1377 5683 1652 5745 restituit.
1686 5686 1748 5744 1n
1781 5688 1895 5747 line

566 5810 831 5878 ΡΑτιιοι.
875 5809 1094 5879 XXVI.

1987 3334 2379 3393 salutaveritis
2412 3335 2621 3391 fratres
2649 3339 2879 3391 vestros
2919 3340 3176 3405 tantum,
3213 3335 3354 3408 quid
3385 3337 3640 3408 amplius

1987 3425 2177 3482 facitis
2197 3425 2224 3478 ?
2255 3425 2457 3480 Nonne
2487 3429 2542 3480 et
2570 3423 2786 3479 ethnici
2820 3424 2929 3478 hoc
2976 3423 3244 3480 faciunt?
3274 3426 3470 3480 Estote
3501 3441 3638 3498 ergo

1986 3531 2087 3570 vos
2117 3514 2378 3586 perfecti,
2410 3512 2562 3568 sicut
2610 3518 2667 3566 et
2714 3513 2887 3567 Pater
2936 3518 3126 3569 vester
3173 3513 3424 3570 caelestis
3454 3515 3639 3585 perfe-

1989 3608 2118 3658 ctus
2148 3601 2355 3657 est.»Si
2379 3601 2478 3656 Dei
2504 3607 2792 3673 praecepta
2813 3602 3337 3673 custodiens,ﬁlius
3356 3604 3490 3674 quis
3518 3603 3639 3658 effi-

1989 3693 2141 3747 citur
2170 3691 2272 3746 Dei
2300 3708 2312 3746 :
2343 3707 2479 3762 ergo
2510 3707 2626 3746 non
2657 3695 2746 3746 est
2793 3696 3005 3746 natura
3050 3691 3228 3760 ﬁlius,
3263 3692 3361 3747 sed
3395 3691 3636 3748 arbitrio

1990 3798 2118 3837 SUO.

2061 3869 2219 3940 (Cap.
2251 3869 2345 3922 VI.
2383 3899 2446 3907 —
2476 3868 2642 3924 Vers.
2671 3870 2746 3937 1.)
2769 3891 2796 3917 ‹‹
2829 3869 3124 3924 Attendite
3147 3870 3526 3940 n'ejustitiam
3547 3887 3638 3925 ve-

1991 3964 2175 4013 stram
2197 3958 2423 4013 faciatis
2437 3975 2630 4013 coram
2649 3957 3082 4025 hominibus,ut
3098 3959 3412 4014 videamini
3431 3961 3502 4014 ab
3517 3960 3600 4016 eis
3618 3975 3631 4015 :

1991 4047 2251 4118 alioquin
2284 4048 2611 4103 mercedem
2644 4064 2759 4102 non
2789 4047 3085 4103 habebitis
3116 4049 3271 4120 apud
3294 4052 3524 4103 Patrem
3547 4064 3637 4104 ve-

1991 4141 2179 4192 strum
2210 4137 2310 4207 qui
2339 4135 2399 4190 in
2429 4135 2586 4191 cmlis
2616 4141 2724 4192 est.
2757 4157 2784 4187 ››
2811 4137 2919 4200 Qui
2967 4138 3109 4192 tuba
3139 4137 3356 4203 canit‘,
3389 4136 3636 4193 eleemo-

1992 4242 2197 4298 synam
2231 4225 2777 4297 faciens,hypocrita
2809 4229 2917 4280 est.
2949 4227 3057 4289 Qui
3082 4226 3362 4296 jejunans
3393 4225 3637 4282 demoli-

1992 4319 2089 4369 tur
2123 4314 2332 4370 faciem
2363 4331 2555 4379 suam,
2590 4318 2652 4367 ut
2700 4313 2923 4369 ventris
2972 4313 3320 4371 inanitatem
3353 4319 3643 4372 monstret

1991 4404 2051 4458 in
2079 4401 2266 4468 vultu,
2299 4407 2354 4457 et
2384 4403 2477 4457 hic
2525 4401 2826 4474 hypocrita
2854 4406 2962 4458 est.
2995 4404 3102 4467 Qui
3133 4405 3193 4458 in
3240 4404 3554 4476 synagogis
3582 4409 3642 4460 et

1993 4493 2051 4546 in
2081 4491 2311 4564 angulis
2333 4491 2661 4563 platearum
2707 4496 2854 4558 orat,
2887 4497 2952 4547 ut
2979 4493 3245 4548 videatur
3289 4495 3361 4549 ab
3395 4492 3643 4549 homini-

1992 4582 2123 4649 bus,
2157 4580 2461 4652 bypocrita
2489 4584 2597 4635 est.
2631 4581 2712 4635 Ex
2769 4580 2986 4652 quibus
3037 4583 3316 4639 omnibus
3346 4581 3644 4652 colligitur

1993 4669 2325 4742 hypocritas
2355 4686 2503 4738 esse,
2537 4670 2639 4740 qui
2671 4670 2975 4741 quodlibet
2998 4671 3239 4739 faciunt,
3265 4676 3329 4726 ut
3356 4671 3426 4725 ab
3458 4669 3642 4725 homi-

1995 4760 2168 4815 nibus
2199 4757 2600 4830 glorificentur
2641 4759 2746 4829 [Αἱ.
2782 4759 3278 4828 honoriﬁcentur].
3314 4757 3452 4813 Mihi
3485 4757 3644 4813 vidc-

1994 4853 2091 4904 tur
2121 4853 2178 4903 et
2207 4847 2305 4902 ille
2335 4847 2435 4918 qui
2495 4847 2637 4902 dicit
2694 4848 2859 4903 fratri
2917 4863 3063 4902 suo:
3097 4848 3326 4902 Dimitte
3369 4854 3429 4901 ut
3455 4848 3647 4903 tollam

1993 4940 2265 5009 festucam
2313 4936 2376 4991 de
2407 4936 2560 4992 oculo
2605 4944 2697 4991 tuo
2727 4937 2933 5007 (Matth.
2970 4950 3070 5003 vn,
3104 4937 3180 5006 4),
3241 4940 3476 5008 propter
3530 4935 3650 5008 glo-

1997 5043 2276 5100 sectionis
2307 5042 2534 5109 vitiose,
2569 5047 2633 5098 ut
2663 5043 2815 5097 infra
2845 5043 3081 5114 iterum,
3115 5043 3385 5099 Martian.
3422 5045 3650 5098 lacessat

1997 5116 2217 5188 legerat
2246 5131 2348 5185 pro
2379 5115 2652 5188 lassescat.

2068 5183 2089 5220 λ
2121 5183 2383 5241 Alterum
2416 5183 2770 5241 versiculum
2799 5202 2810 5238 :
2848 5184 2982 5240 Cum
3011 5202 3136 5256 ergo
3183 5188 3322 5256 facis
3353 5187 3647 5256 elcemosy-

1995 5275 2147 5329 nam,
2180 5257 2294 5312 noli
2323 5259 2451 5312 tuba
2475 5271 2669 5310 canere
2689 5265 2814 5311 ante
2851 5265 2899 5312 te
2935 5259 3079 5313 sicut
3106 5258 3405 5329 hypocriten
3435 5257 3651 5328 faciunt

2000 5333 2056 5384 in
2085 5331 2381 5400 synagogis
2406 5335 2459 5383 et
2485 5331 2547 5382 in
2579 5329 2728 5395 vicis,
2753 5332 2816 5382 ut
2844 5330 3182 5386 honorentur
3209 5331 3277 5384 ab
3310 5330 3648 5400 hominibus,

2000 5399 2373 5472 subjungunt
2411 5400 2541 5472 pari
2567 5415 2854 5472 consensu
2887 5401 3136 5456 Palatini
3171 5401 3339 5456 codd.
3373 5400 3472 5470 qui
3504 5399 3649 5472 alio-

2001 5470 2142 5544 quin
2175 5470 2578 5544 in'recitandis
2607 5471 2920 5543 Scriptura
2952 5473 3142 5528 verbis
3192 5471 3482 5544 parciores
3511 5470 3645 5525 reli-

2001 5542 2135 5616 quis
2166 5548 2325 5616 sunt.
2358 5542 2438 5616 Re
2486 5547 2683 5598 autem
2733 5542 2864 5616 ipsa
2921 5545 3076 5600 hunc
3126 5542 3481 5601 versiculum
3522 5547 3647 5600 tota

2001 5614 2284 5691 expositio
2314 5614 2577 5673 subnexa
2606 5614 2866 5688 respicit.

3299 5815 3338 5876 2
