4024 6196
292 310 374 369 ιδ

864 305 1379 370 COMMENTAR.
1427 307 1507 368 IN
1553 306 1964 370 EVANGELI'

2120 304 2500 383 Murum
2543 303 2693 366 LIB.
2740 304 2787 364 1.
2832 302 3005 364 CAP.
3037 303 3142 367 VI.

3627 307 3707 374 46

292 445 351 498 et
382 440 443 496 in
473 437 902 511 posterioribus
931 438 1009 493 sit
1037 442 1426 511 praeceptum:
1475 439 1658 496 Nolite
1707 441 1949 508 cogitare
1975 440 2032 506 Α
2061 437 2193 509 plex
2223 439 2428 494 oculus
2457 440 2514 492 et
2542 453 2726 508 purus
2755 435 3049 508 simplicia
3105 435 3368 493 intuetur
3423 441 3480 494 et
3534 454 3700 510 pura.

290 530 359 586 de
381 530 622 583 crastino
653 527 882 597 (Matth.
913 542 993 591 v1,
1025 527 1136 594 34).
1204 547 1226 576 ι
1261 535 1468 583 Amen.
1503 551 1532 576 »
1564 528 1948 600 Signaculum

291 616 580 676 orationis
609 615 931 672 Dominicae
948 620 1036 671 est
1059 631 1072 670 :
1098 617 1252 687 quod
1277 616 1489 689 Aquila
1508 617 1950 689 interpretatur,

285 707 530 778 ﬁdeliter
549 724 568 762 :
591 720 724 772 nos,
754 720 901 772 vere,
953 720 1272 775 possumus
1298 705 1506 761 dicere.

369 797 555 868 (Vers.
591 793 704 864 14.)
742 816 762 841 ι
799 793 858 848 Si
893 793 1052 848 enim
1083 793 1428 850 dimiseritis
1459 794 1800 850 hominibus
1830 809 1955 866 pec-

290 890 429 942 cata
457 899 682 952 eorum,
715 882 976 938 dimittet
1007 887 1065 937 et
1093 882 1256 938 vobis
1287 883 1455 938 Pater
1485 888 1674 939 vester
1703 882 1953 938 cmlestis

290 974 522 1030 delicta
548 974 750 1026 vestra.
782 989 808 1021 υ
839 973 960 1026 Ηοο
990 971 1145 1041 quod
1174 971 1463 1043 scriptum
1486 974 1606 1027 est1
1635 988 1649 1027 :
1673 973 1780 1043 Ego
1809 971 1950 1041 dixi,

295 1063 398 1118 Dii
426 1065 574 1131 estz's,
597 1064 649 1116 et
673 1059 780 1130 ﬁlii
808 1059 1023 1114 Επειδί
1052 1075 1272 1116 omnes:
1305 1076 1396 1116 vos
1441 1076 1572 1116 vero
1618 1064 1681 1114 ut
1710 1059 1954 1115 homines

295 1151 645 1215 moriemini,
673 1151 724 1204 et
754 1152 1025 1220 tanquam
1053 1164 1195 1204 unus
1223 1149 1291 1204 de
1331 1149 1681 1220 principibus
1738 1148 1952 1204 cadetis

298 1241 481 1308 (Psal.
515 1253 702 1306 LXXXI,
733 1238 788 1306 6,
810 1237 889 1307 7),
913 1237 984 1291 ad
1017 1253 1114 1292 eos
1139 1236 1354 1291 dicitur
1374 1237 1471 1308 qui
1497 1240 1733 1308 propter
1759 1251 1954 1307 pecca-

295 1334 366 1384 ta
394 1327 664 1383 homines
693 1340 762 1380 ex
791 1324 904 1380 diis
932 1341 1062 1380 esse
1094 1329 1454 1380 meruerunt.
1517 1328 1688 1380 Recte
1734 1340 1869 1398 ergo
1899 1327 1956 1378 et

296 1416 369 1471 hi
399 1415 613 1487 quibus
644 1417 884 1485 peccata
913 1412 1311 1480 dimittuntur,
1355 1411 1622 1468 homines
1677 1410 1954 1484 appellati

303 1510 470 1561 sunL

379 1592 561 1663 (Vere.
597 1591 711 1661 16.)
748 1611 776 1638 υ
805 1588 1202 1645 Exterminant
1230 1589 1386 1644 enim
1435 1589 1613 1645 facies
1670 1606 1831 1657 suas,
1893 1594 1956 1644 ut

298 1685 626 1754 appareant
656 1679 998 1734 hominibus
1021 1679 1575 1749 jejunantes.Amen
1608 1678 1739 1734 dico
1768 1677 1952 1748 vobis,

297 1771 447 1843 quia
475 1772 816 1840 receperunt
845 1768 1171 1822 mercedem
1204 1783 1393 1821 suam.
1431 1789 1457 1815 ››
1484 1766 1741 1821 Verbum
1772 1771 1953 1821 exter-

2059 527 2176 582 Hoc
2207 529 2393 581 totum
2428 524 2739 581 transferet
2765 525 2838 580 ad
2870 540 3129 593 sensum.
3188 525 3486 590 Quomodo
3542 527 3704 586 enim

2060 632 2296 686 corpus,
2328 615 2378 670 si
2409 613 2615 670 oculus
2665 629 2780 668 non
2840 613 3015 668 fuerit
3070 612 3340 684 simplex,
3392 618 3582 680 totum
3642 617 3704 672 in

2060 703 2316 760 tenebris
2346 708 2470 760 est:
2503 703 2587 758 ita
2615 701 2830 769 anima,
2878 703 2929 757 si
2979 701 3362 774 principalem
3417 702 3701 776 fulgorem

2063 809 2238 848 suum
2269 791 2602 864 perdiderit,
2628 791 2935 848 universus
2963 783 3172 848 sensus
3203 791 3263 846 in
3294 791 3542 863 caligine
3557 809 3709 856 com-

2066 880 2410 936 morabitur.
2445 879 2503 935 Si
2535 896 2670 951 ergo
2703 879 2901 936 lumen
2931 881 3087 951 quod
3117 880 3176 936 in
3208 884 3265 936 te
3313 884 3402 936 est
3459 881 3706 944 tenebra

2062 969 2202 1036 sint,
2233 969 2373 1041 ipsae
2404 969 2653 1026 tenebras
2683 971 2914 1040 quantae
2959 967 3164 1024 eruntl
3230 968 3290 1024 Si
3339 984 3550 1040 sensus
3608 969 3711 1040 qui

2063 1057 2261 1114 lumen
2313 1061 2420 1126 est,
2482 1057 2692 1114 animae
2740 1057 2880 1114 vitio
2943 1056 3249 1129 caligatur,
3308 1057 3456 1130 ipsa,
3513 1062 3710 1130 putas,

2062 1146 2249 1219 caligo
2275 1147 2490 1218 quibus
2521 1145 2780 1201 tenebris
2811 1145 3184 1202 obvolvetur!

2135 1234 2319 1305 (Vers.
2351 1234 2464 1304 24.)
2496 1258 2524 1285 ‹‹
2557 1235 2681 1290 Non
2713 1233 2956 1306 potestis
2988 1234 3104 1290 Deo
3147 1233 3360 1292 servire
3410 1240 3467 1296 et
3523 1253 3711 1307 mam-

2064 1339 2268 1378 monae.
2304 1346 2333 1372 ››
2365 1323 2699 1379 Mammona
2729 1338 2996 1380 sermone
3023 1323 3252 1394 Syriaco
3290 1324 3503 1382 divitia:
3557 1343 3711 1392 nun-

2064 1415 2374 1482 cupantur.
2419 1414 2542 1466 Non
2591 1413 2812 1483 potestis
2854 1412 2958 1467 Deo
3002 1412 3208 1468 servire
3257 1415 3308 1468 et
3362 1430 3708 1483 mammonae.

2062 1499 2278 1554 Audiat
2308 1500 2418 1556 hoc
2448 1517 2679 1568 avarus,
2711 1499 2913 1556 audiat
2963 1501 3062 1571 qui
3119 1506 3392 1558 censetur
3429 1503 3711 1562 vocabulo

2063 1588 2390 1645 Christiano
2423 1606 2537 1644 non
2571 1606 2742 1661 posse
2771 1605 2834 1645 se
2864 1587 3043 1644 simul
3092 1589 3309 1646 divitiis
3365 1590 3713 1664 Christoque

2065 1677 2300 1733 servire.
2336 1679 2404 1733 Et
2433 1683 2628 1734 tamen
2669 1695 2783 1733 non
2841 1677 3006 1745 dixit,
3067 1678 3166 1750 qui
3223 1679 3401 1734 habet
3455 1682 3712 1749 divitias,

2065 1766 2164 1820 sed
2199 1765 2297 1837 qui
2332 1765 2510 1822 servit
2541 1765 2780 1821 divitiis.
2814 1765 2920 1830 Qui
2945 1782 3101 1822 enim
3128 1766 3468 1830 divitiarum
3487 1786 3713 1840 servus,

301 1818 447 1843 -ι---
475 1818 813 1840 πηνα-τ
845 1818 1171 1822 -τνη--νψ
1204 1818 1392 1821 ---ττ--κ
2443 1818 2447 1819 κ
2473 1818 2506 1820 νν
2820 1818 2896 1830 ~~
3135 1818 3468 1830 πψτη--
3488 1818 3713 1840 ~—..--—.-,

295 1863 543 1926 minent,
568 1858 724 1929 quod
758 1856 816 1910 in
849 1855 1264 1912 ecclesiasticis
1307 1855 1624 1921 Scripturis
1674 1855 1810 1910 vitio
1870 1856 1959 1910 in-
1987 1818 2035 1883 Β
2071 1853 2302 1909 divitias
2334 1855 2608 1921 custodit,
2642 1860 2708 1909 ut
2737 1870 2936 1910 servus
2971 1880 2985 1921 ;
3016 1856 3114 1926 qui
3163 1861 3358 1916 autem
3419 1859 3718 1920 servitutis

296 1953 623 2021 terpretum
650 1946 856 2000 tritum
890 1949 999 2009 est,
1031 1945 1190 2000 aliud
1224 1944 1410 2000 multo
1460 1944 1753 2017 signiﬁcat
1783 1961 1961 2016 quam

295 2034 476 2107 vulgo
504 2032 871 2104 intelligitur.
904 2031 1380 2086 Exterminantur
1437 2032 1653 2103 quippe
1709 2031 1961 2103 exsules,

299 2124 405 2196 qui
436 2123 758 2178 mittuntur
785 2125 947 2175 extra
976 2119 1278 2176 terminos.
1315 2122 1420 2175 Pro
1479 2107 1588 2175 hoc
1646 2136 1782 2192 ergo
1841 2137 1960 2176 ser-

302 2211 880 2277 mone,demoliuntur
908 2225 1140 2280 semper
1170 2209 1428 2280 accipere
1459 2209 1781 2264 debemus:
1805 2209 1959 2280 quod

303 2301 504 2357 Graece
534 2299 748 2354 dicitur
777 2294 1106 2373 ἀφανίζουσι.
1141 2297 1466 2352 Demolitur
1526 2302 1721 2352 autem
1779 2297 1961 2370 hypo-

305 2391 463 2446 crita
489 2388 693 2443 faciem
720 2403 887 2442 suam
919 2390 986 2441 ut
1012 2385 1312 2441 tristitiam
1346 2385 1622 2454 simulet;
1657 2390 1712 2440 et
1765 2385 1960 2440 animo

305 2479 462 2534 forte
490 2476 738 2542 latente,
771 2475 996 2530 luctum
1027 2479 1214 2546 gestet
1243 2475 1301 2528 in
1333 2472 1519 2529 vultu.

381 2565 567 2634 (Vers.
602 2563 813 2635 17-19.)
846 2587 872 2613 «
909 2564 997 2618 Tu
1028 2567 1224 2618 autem
1256 2579 1390 2617 cum
1414 2563 1674 2634 jejunae,
1697 2578 1849 2634 unge
1870 2579 1960 2618 ca-

302 2661 415 2728 put
443 2661 632 2724 tuum,
662 2658 720 2708 et
747 2652 952 2707 faciem
983 2656 1146 2706 tuam
1176 2651 1323 2719 lava,
1361 2668 1430 2706 ne
1477 2652 1727 2706 videaris
1774 2651 1963 2706 homi-

300 2745 483 2800 nibus
505 2743 810 2814 jejunans,
842 2741 942 2796 sed
962 2740 1115 2794 Patri
1136 2744 1236 2795 tuo
1261 2741 1361 2811 qui
1384 2743 1471 2795 est
1493 2739 1550 2794 in
1573 2740 1916 2796 abscondito
1941 2756 1954 2795 :

299 2839 362 2888 et
394 2835 557 2889 Pater
585 2836 724 2886 tuus
755 2829 854 2901 qui
885 2830 1038 2884 videt
1063 2828 1123 2883 in
1154 2828 1519 2898 abscondito,
1572 2830 1773 2885 reddet
1827 2828 1953 2884 tibi.

297 2921 491 2979 Nolite
523 2919 920 2976 thesaurizare
947 2917 1113 2974 vobis
1143 2917 1452 2974 thesauros
1507 2918 1565 2972 in
1623 2922 1796 2985 terra,
1853 2917 1954 2972 ubi

302 3027 486 3083 erugo
519 3013 576 3065 et
603 3010 764 3066 tinea
791 3006 1126 3074 demolitur,
1157 3011 1214 3062 et
1241 3008 1341 3062 ubi
1372 3007 1530 3062 fures
1560 3007 1863 3072 effodiunt,
1897 3010 1956 3062 et

301 3101 595 3155 furantur.
632 3121 659 3147 »
692 3098 865 3153 Juxta
889 3096 1067 3150 ritum
1101 3095 1404 3168 provinciae
1435 3095 1736 3152 Palestina
1767 3095 1953 3166 loqui-

2071 1943 2327 1998 excussit
2352 1945 2583 2014 jugum,
2616 1942 2918 1998 distribuit
2946 1960 3064 2013 eas,
3099 1948 3164 1998 ut
3194 1943 3490 2002 dominus.

2143 2036 2329 2101 (Vers.
2361 2034 2477 2101 25.)
2511 2056 2536 2082 ‹‹
2575 2033 2710 2087 Ideo
2736 2033 2866 2086 dico
2901 2032 3096 2088 vobis:
3155 2032 3236 2088 Ne
3294 2033 3525 2090 solliciti
3587 2035 3717 2094 sitis

2072 2120 2279 2175 anima:
2309 2126 2532 2185 vestraa,
2565 2121 2705 2192 quid
2737 2121 3125 2187 manducetis,
3160 2138 3350 2194 neque
3371 2123 3598 2196 corpori
3619 2141 3714 2180 ve-

2071 2213 2190 2263 stro
2222 2211 2360 2280 quid
2393 2209 2739 2266 induamini.
2777 2232 2805 2258 »
2837 2211 2902 2264 In
2934 2209 3234 2266 nonnullis
3265 2211 3565 2268 codicibus
3612 2215 3718 2270 ad-

2071 2297 2259 2352 ditum
2291 2302 2412 2353 est:
2444 2315 2622 2370 neque
2650 2297 2783 2370 quid
2809 2298 3030 2354 bibatis.
3089 2299 3238 2372 Ergo
3294 2302 3451 2372 quod
3508 2306 3720 2366 natura

2071 2386 2346 2442 omnibus
2373 2386 2599 2453 tribuit,
2629 2392 2685 2442 et
2707 2386 2996 2458 jumentis
3027 2404 3094 2444 ac
3121 2388 3326 2444 bestiis
3357 2389 3720 2447 hominibus-

2069 2492 2184 2545 que
2214 2491 2523 2530 commune
2552 2479 2660 2544 est,
2694 2475 2874 2545 hujus
2906 2491 3045 2530 cura
3075 2476 3308 2547 penitus
3340 2477 3718 2543 liberamur3.

2068 2564 2178 2619 Sed
2209 2563 2545 2636 praecipitur
2571 2565 2740 2620 nobis
2771 2580 2842 2619 ne
2871 2563 3110 2620 solliciti
3135 2566 3324 2622 simus
3355 2567 3494 2638 quid
3525 2583 3719 2624 come-

2068 2653 2312 2709 damus:
2348 2652 2486 2724 quia
2516 2653 2573 2708 in
2602 2653 2814 2708 sudore
2843 2651 3039 2708 vultus
3089 2670 3488 2726 praeparamus
3549 2657 3717 2714 nobis

2067 2759 2275 2813 panem
2305 2740 2457 2812 (Gen.
2493 2759 2575 2797 III.
2609 2743 2720 2811 49).
2749 2741 2939 2797 Labor
2985 2745 3340 2800 exercendus
3394 2749 3502 2814 est,
3553 2745 3713 2802 solli-

2066 2829 2258 2886 citudo
2288 2830 2565 2886 tollenda.
2597 2831 2717 2886 Hoc
2755 2831 2910 2902 quod
2959 2831 3210 2887 dicitur:
3270 2855 3290 2882 α
3348 2833 3430 2888 Ne
3477 2833 3713 2890 solliciti

2065 2919 2192 2975 sitis
2225 2921 2434 2975 animae
2463 2923 2664 2975 vestrae
2697 2919 2836 2991 quid
2869 2917 3208 2988 comedetis,
3242 2936 3430 2991 neque
3480 2921 3712 2993 corpori

2060 3013 2253 3065 vestro
2280 3010 2418 3080 quid
2451 3007 2802 3077 induamini,
2837 3031 2858 3058 ι
2897 3007 2969 3060 de
2998 3007 3216 3061 carnali
3247 3008 3373 3062 cibo
3429 3013 3488 3064 et
3531 3011 3708 3065 vesti-

2061 3102 2258 3152 mento
2290 3094 2661 3166 accipiamus.
2697 3095 2977 3148 Caeterum
3010 3094 3080 3147 de
3121 3093 3530 3164 spiritualihus
3561 3096 3710 3156 cibis

303 3195 422 3255 tur,
455 3187 558 3242 ubi
583 3187 790 3242 diebus
821 3185 984 3240 festis
1006 3183 1196 3239 solent
1224 3201 1442 3256 ungere
1472 3186 1686 3256 capita.
1745 3187 1956 3240 Praece-
1986 3180 2029 3245 C
2067 3189 2124 3240 et
2180 3183 2539 3240 vestimentis
2597 3199 2828 3254 semper
2898 3182 3182 3238 debemus
3255 3199 3385 3239 esse
3454 3185 3710 3243 solliciti.

302 3278 394 3350 pit
421 3275 627 3348 igitur,
660 3278 726 3328 ut
754 3274 983 3346 quando
1007 3273 1372 3343 jejunamus,
1397 3271 1559 3327 laetos
1607 3277 1665 3327 et
1719 3272 1958 3328 festivos

305 3381 417 3420 nos
446 3380 577 3420 esse
607 3367 1020 3417 monstremus.
1055 3360 1219 3415 Multi
1253 3360 1513 3433 legentes
1544 3359 1690 3416 illud
1713 3360 1958 3416 Psalmi-

303 3461 447 3508 stas:
483 3451 678 3507 Oleum
701 3451 1003 3521 peccatoris
1032 3465 1143 3505 non
1198 3451 1508 3521 impinguet
1560 3459 1722 3520 caput
1775 3466 1962 3505 meum

306 3541 479 3612 (Psal.
512 3557 637 3606 exn,
668 3538 1080 3610 5),econtrario
1102 3553 1230 3594 esse
1260 3541 1464 3594 volunt
1491 3539 1712 3594 bonum
1745 3539 1962 3604 oleum,

303 3631 380 3691 de
410 3647 525 3701 quo
555 3628 697 3685 alibi
727 3628 943 3684 dicitur
969 3644 981 3683 :
1019 3629 1190 3684 Unxit
1219 3636 1267 3683 te
1305 3629 1449 3682 Deus
1497 3629 1636 3684 Deus
1665 3633 1793 3684 tuus
1851 3629 1966 3684 oleo

299 3720 525 3775 laetitiae
550 3719 574 3753 ³
597 3734 717 3790 pra:
741 3717 1055 3788 particibus
1084 3717 1196 3772 tuis
1224 3717 1398 3786 (Psal.
1431 3734 1584 3784 XLIV,
1644 3718 1721 3788 8).
1781 3719 1850 3772 Et
1906 3717 1965 3772 id

308 3807 569 3880 praecipi,
597 3812 663 3862 ut
687 3810 1020 3862 exercentes
1050 3806 1315 3874 virtutes,
1340 3807 1629 3878 spirituali
1656 3806 1779 3862 oleo
1809 3805 1968 3878 prin-

305 3896 510 3968 cipale
541 3895 922 3968 (ἡγεμονικὸν)
955 3895 1146 3951 cordis
1173 3895 1356 3950 nostri
1391 3912 1606 3963 ungere
1628 3896 1967 3950 debeamus.

392 3984 578 4054 (Vers.
609 3986 719 4055 21.)
755 4009 774 4034 ι
810 3985 921 4041 Ubi
952 3985 1108 4040 enim
1140 3989 1229 4040 est
1258 3984 1574 4039 thesaurus
1596 3988 1756 4051 tuus,
1782 3983 1862 4039 ibi
1884 3988 1974 4040 est

306 4079 373 4130 et
399 4089 500 4128 cor
527 4079 717 4129 tuum.
753 4097 782 4122 ››
814 4074 934 4129 Hoc
962 4090 1077 4129 non
1109 4072 1300 4130 solum
1334 4073 1404 4128 de
1461 4073 1728 4144 pecunia,
1786 4074 1886 4128 sed
1917 4077 1974 4128 et

306 4163 387 4218 de
421 4163 648 4219 cunctis
678 4163 1098 4236 passionnibus
1129 4163 1235 4234 [AL
1297 4161 1791 4233 possessionibus]
1839 4179 1970 4217 sen-

307 4251 583 4307 tiendum
614 4257 722 4308 est.
754 4251 957 4308 Gulosi
986 4253 1134 4307 deus
1164 4256 1366 4306 venter
1385 4257 1508 4307 est:
1539 4251 1617 4306 ibi
1640 4268 1774 4323 ergo
1797 4251 1975 4306 habet

309 4357 436 4407 cor,
471 4339 570 4395 ubi
603 4345 658 4397 et
687 4341 1033 4397 thesaurum
1065 4341 1171 4412 [AL
1206 4344 1295 4396 est
1323 4339 1685 4410 thesaurus].
1720 4340 1821 4395 36
1864 4340 1975 4395 Lu-

308 4429 542 4495 xuriosi
570 4429 902 4501 thesaurus,
946 4429 1128 4501 epulae
1188 4433 1347 4485 sunt.
1409 4427 1653 4496 Lascivi,
1712 4427 1974 4484 ludicra:

2070 3298 2097 3324 ‹‹
2130 3274 2334 3329 Nonne
2364 3273 2563 3328 anima
2592 3272 2725 3343 plus
2755 3276 2845 3326 est
2873 3287 3051 3342 quam
3083 3287 3235 3338 esca,
3261 3277 3319 3327 et
3347 3290 3560 3345 corpus
3581 3274 3715 3347 plus

2069 3369 2159 3418 est
2187 3379 2366 3434 quam
2397 3359 2861 3418 vestimentum?
2895 3383 2916 3412 »
2955 3361 3118 3424 Quod
3173 3360 3333 3432 dicit,
3383 3361 3721 3422 istiusmodi

2072 3452 2333 3517 estzQui
2363 3455 2584 3523 majora
2613 3449 2901 3522 praestitit,
2936 3449 3140 3520 utique
3195 3454 3253 3506 et
3298 3451 3530 3507 minora
3576 3469 3722 3524 pre-

2075 3542 2274 3596 stabit.

2147 3629 2337 3702 (Vers.
2375 3630 2492 3700 26.)
2535 3651 2555 3678 α
2589 3627 2878 3700 Respicite
2934 3627 3192 3684 volatilia
3233 3628 3384 3698 cmli,
3441 3630 3726 3702 quoniam

2077 3736 2192 3775 non
2227 3723 2448 3787 serunt,
2483 3733 2670 3789 neque
2705 3721 2953 3788 metunt,
2986 3734 3174 3789 neque
3219 3725 3574 3792 congregant
3622 3722 3721 3776 37

2079 3810 2138 3864 in
2188 3808 2434 3863 horrea:
2496 3812 2554 3862 et
2609 3807 2776 3862 Pater
2825 3810 3016 3862 vester
3070 3806 3320 3863 cmlestis
3369 3809 3557 3880 pascit
3605 3809 3722 3869 illa.

2078 3898 2280 3953 Nonne
2310 3913 2410 3952 vos
2434 3895 2621 3967 magis
2645 3894 2831 3967 pluris
2848 3895 2988 3951 estis
3011 3894 3127 3950 illis
3147 3895 3174 3950 ‘2
3199 3917 3225 3945 »
3259 3897 3574 3968 Apostolus
3591 3915 3728 3970 prea-

2081 3986 2220 4058 cipit
2250 3987 2422 4056 (Rom.
2455 4001 2560 4050 x11,
2590 3985 2667 4055 3),
2702 4000 2773 4038 ne
2797 3983 2929 4055 plus
2959 3983 3260 4057 sapiamus
3291 4002 3464 4056 quam
3501 3990 3729 4057 oportet

2082 4091 2304 4147 sapere.
2341 4074 2500 4128 Istud
2533 4071 2934 4128 testimonium
2967 4077 3024 4128 et
3053 4073 3113 4127 in
3151 4075 3422 4144 praesenti
3474 4075 3728 4147 capitulo

2083 4163 2546 4220 conservandum
2575 4165 2682 4217 est.
2730 4162 2880 4216 Sunt
2931 4162 3086 4217 enim
3146 4162 3408 4233 quidam,
3439 4163 3540 4234 qui
3587 4165 3729 4219 dum

2083 4253 2286 4309 volunt
2318 4252 2600 4306 terminos
2632 4254 2865 4322 patrum
2898 4251 3375 4322 excedere_(Prov.
3433 4270 3568 4323 xxu,
3617 4253 3731 4325 28),

2083 4348 2141 4400 et
2169 4343 2242 4398 ad
2273 4341 2391 4396 alta
2426 4339 2694 4408 volitare,
2755 4339 2814 4393 in
2871 4339 2991 4394 ima
3043 4345 3427 4412 merguntur:
3477 4342 3738 4398 volatilia

2084 4433 2343 4488 dicentes
2376 4428 2504 4484 cceli
2538 4426 2777 4500 angelos
2801 4444 2951 4494 esse,
2984 4432 3338 4500 ceterasque
3367 4431 3426 4486 in
3469 4431 3570 4498 Dei
3629 4430 3736 4486 mi-

311 4518 622 4585 amatoris,
653 4518 834 4574 libido
860 4537 872 4575 :
901 4520 1040 4573 Huic
1068 4519 1234 4573 servit
1264 4519 1641 4588 unusquisque
1668 4534 1705 4573 a
1734 4533 1838 4589 quo
1860 4519 1976 4573 vin-
2004 4544 2051 4608 Β
2085 4521 2323 4578 nisterio
2353 4517 2746 4584 fortitudines,
2771 4533 2898 4588 quae
2925 4517 3148 4589 absque
3168 4535 3309 4574 cura
3338 4520 3429 4574 sui
3460 4519 3557 4574 Dei
3577 4518 3738 4573 alan-

315 4609 473 4665 citur
503 4607 577 4680 (II
601 4610 748 4664 Petr.
784 4624 849 4675 II,
893 4608 1004 4678 19).

395 4697 577 4768 (Vers.
602 4699 691 4764 22,
714 4697 832 4769 23.)
865 4720 892 4746 ‹‹
927 4697 987 4752 Si
1028 4695 1235 4753 oculus
1279 4700 1420 4751 tuus
1479 4695 1653 4750 fuerit
1710 4695 1976 4768 simplex,

321 4791 513 4843 totum
543 4803 757 4859 corpus
786 4791 954 4842 tuum
983 4786 1246 4842 lucidum
1277 4785 1404 4841 erit.
1431 4785 1488 4839 Si
1522 4789 1719 4840 autem
1777 4784 1981 4841 oculus

327 4881 467 4930 tuus
493 4875 666 4930 fuerit
687 4879 1162 4947 nequam,totum
1186 4891 1397 4946 corpus
1418 4877 1587 4928 tuum
1608 4874 1982 4930 tenebrosum

325 4963 464 5020 erit.
496 4963 552 5018 Si
585 4980 722 5036 ergo
756 4963 954 5020 lumen
983 4964 1138 5037 quod
1171 4964 1228 5017 in
1262 4968 1316 5018 te
1374 4966 1484 5031 est,
1542 4961 1793 5017 tenebrae
1847 4962 1985 5033 sint,

325 5054 471 5124 ipsae
507 5054 760 5108 tenebrm
791 5057 1025 5124 quantas
1054 5053 1262 5108 erunt!
1304 5075 1330 5100 η
1364 5051 1698 5124 Lippientes
1730 5052 1835 5122 [AL
1860 5052 1984 5107 add.

327 5142 505 5213 oculi)
567 5141 758 5197 solent
816 5141 1086 5198 lucernas
1141 5142 1338 5197 videre
1397 5156 1784 5196 numerosas:
1847 5141 1987 5196 sim-

400 5270 417 5302 ¹
451 5267 619 5324 Unus
650 5266 971 5336 Palatinus,
999 5268 1063 5324 Si
1093 5267 1190 5324 hoc
1217 5265 1355 5338 quod
1383 5267 1651 5336 scriptum
1681 5275 1774 5322 est.

417 5348 436 5380 ²
464 5341 604 5394 Tres
637 5339 887 5395 Palatini
910 5341 1158 5407 codices,
1192 5341 1308 5394 oleo
1339 5339 1742 5393 exsultationis.

419 5408 439 5440 ³
467 5412 811 5484 Amovimus
843 5411 979 5467 hinc
1012 5411 1262 5484 negandi
1298 5408 1861 5484 particulam,quam
1893 5409 1997 5484 ha-

338 5483 544 5538 ctenus
572 5483 715 5538 editi
747 5481 1193 5548 interserebant,
1238 5481 1706 5553 repugnantibus
1747 5481 1995 5553 cunctis,

247 5579 254 5584 -
333 5553 553 5626 quibus
585 5571 695 5611 nos
727 5556 969 5621 utimur,
1003 5572 1146 5611 mss.
1193 5551 1688 5626 libris,g'_alii_sque
1745 5552 2000 5626 duobus,

331 5623 484 5700 quos
515 5625 891 5686 Martiauaeus
921 5628 1139 5688 laudat.
1154 5656 1222 5672 —-
1245 5624 1396 5686 Editi
1417 5623 1552 5682 libri
1575 5623 1799 5682 addunt
1818 5625 2000 5703 partis

2086 4617 2182 4667 tur
2213 4607 2594 4682 providentia.
2627 4605 2686 4662 Si
2715 4605 2824 4661 hoc
2855 4604 2938 4660 ita
2961 4611 3068 4677 est,
3118 4612 3184 4663 ut
3228 4606 3476 4679 intelligi
3513 4606 3741 4677 volunt,

2090 4699 2383 4773 quomodo
2415 4695 2682 4768 sequitur
2714 4695 2933 4750 dictum
2961 4697 3032 4751 ad
3066 4696 3372 4752 homines:
3421 4697 3611 4751 Non-ne
3654 4710 3745 4751 vos

2090 4792 2276 4862 magis
2305 4790 2326 4821 ὐ
2351 4787 2535 4857 pluris
2562 4786 2691 4840 estis
2722 4785 2835 4840 illis
2857 4788 2881 4836 ?
2900 4783 3256 4855 Simpliciter
3280 4800 3415 4854 ergo
3457 4785 3746 4857 accipien-

2094 4881 2234 4935 dum
2269 4903 2282 4945 ;
2315 4875 2470 4947 quod
2502 4875 2550 4930 si
2580 4873 2839 4930 volatilia
2865 4875 3085 4943 absque
3141 4889 3280 4928 cura
3330 4877 3389 4928 et
3446 4874 3746 4940 aerumnis,

2097 4969 2196 5024 Dei
2231 4968 2469 5022 aluntur
2495 4963 2879 5036 providentia,
2909 4979 3034 5033 quae
3064 4963 3238 5018 hodie
3296 4969 3457 5029 sunt,
3511 4969 3568 5019 et
3620 4979 3750 5019 cras

2099 5075 2213 5112 non
2245 5059 2417 5112 erunt
2447 5056 2499 5109 ἐ
2535 5057 2754 5124 quanto
2787 5050 2977 5123 magis
3007 5051 3278 5109 homines
3324 5054 3540 5125 quibus
3587 5057 3752 5109 ester-

2101 5147 2255 5202 nitas
2278 5143 2659 5217 promittitur,
2686 5140 2782 5194 Dei
2813 5146 3098 5211 reguntur
3127 5143 3365 5198 arbitrio
3391 5143 3403 5197 !

2103 5270 2296 5350 gulam
2329 5279 2663 5350 negantem,
2697 5266 2859 5350 huius
2888 5282 3023 5350 cura
3049 5283 3168 5350 non.
3183 5269 3402 5350 penitus
3423 5269 3752 5350 liberamur.

2106 5343 2246 5398 Mss.
2284 5337 2478 5411 autem
2511 5337 2742 5411 codices
2759 5337 2873 5411 duo
2905 5337 3062 5394 idem
3092 5337 3342 5395 retinent
3387 5341 3611 5411 absque
3659 5353 3756 5394 ne-

2106 5415 2359 5487 gatione.
2422 5410 2674 5480 Utraque
2698 5408 3420 5487 __1_ectio__non__repugnat
3468 5408 3532 5468 si‘
3557 5425 3759 5466 curam

2108 5479 2436 5543 sumamus.
2486 5479 2594 5553 pro
2630 5479 3044 5537 sollicitudine.
3076 5479 3258 5538 Mani.

2181 5559 2202 5592 ⁴
2243 5556 2456 5612 Vocem
2488 5553 2662 5624 magis
2694 5556 2813 5626 tres
2853 5554 3291 5626 ms_sﬁ._P_alatini
3325 5553 3618 5626 ignorant.

2183 5629 2203 5667 ⁵
2240 5628 2345 5688 Hic
2375 5623 2606 5703 quoque
2639 5625 2864 5682 addunt
2893 5623 3032 5683 editi
3077 5623 3210 5683 libri
3274 5623 3386 5682 ms'.
3447 5623 3757 5698 quamplu-
