4024 6196
391 367 468 425 ιτ
1632 361 1692 418 S.
1744 356 2049 420 EUSEBII
2095 355 2542 418 HIEHONYMI
3711 363 3795 426 48

461 495 643 566 (Vers.
673 491 763 554 27,
803 490 920 562 28.)
951 514 980 541 «
1011 491 1151 553 Quis
1205 493 1398 545 autem
1453 494 1710 546 vestrum
1769 490 2032 561 cogitans
2058 490 2114 555 Α
2149 494 2379 544 stucam
2409 490 2479 544 de
2501 489 2667 544 oculo
2697 491 2913 556 tuo,est
2934 505 3063 544 ecce
3084 491 3244 545 trabs
3265 491 3429 546 estin
3452 491 3618 548 oculo
3640 498 3742 550 tuo
3768 494 3799 549 ?

385 586 578 655 potest
605 579 857 652 adjicere
887 579 959 635 ad
990 582 1277 634 staturam
1309 595 1477 634 suam
1509 579 1772 634 cubitum
1796 597 1981 634 unum
2002 580 2029 633 ‘?

382 672 450 726 Et
469 671 540 725 de
567 668 934 726 vestimentis
968 667 1108 740 quid
1140 667 1376 722 solliciti
1407 669 1548 723 estis
1579 671 1650 723 ἲ»
1683 669 1845 723 Sicut
1904 668 2027 723 ani-

378 775 537 814 mam
566 757 702 830 plus
733 773 863 814 esse
893 773 1069 829 quam
1101 756 1296 811 cibum
1335 756 1769 828 comparatione
1834 757 2026 813 avium

376 847 822 914 demonstravit,
855 846 938 902 sic
967 861 1178 917 corpus
1209 844 1342 917 plus
1372 862 1500 902 esse
1547 863 1725 917 quam
1783 851 2023 912 vestem,

375 954 443 993 ex
472 934 968 1008 consequentibus
997 934 1171 990 rebus
1200 934 1478 1001 ostendit,
1506 934 1740 990 dicens:

448 1026 628 1096 (Vers.
659 1024 868 1095 28-30.)
898 1046 926 1074 ‹‹
960 1022 1331 1079 Considerate
1371 1021 1496 1078 lilia
1551 1023 1675 1094 agri
1733 1023 2024 1094 quomodo

375 1117 676 1170 crescunt:
711 1130 826 1168 non
857 1112 1125 1168 laborant
1169 1128 1358 1183 neque
1415 1117 1574 1167 nent.
1633 1111 1768 1167 Dico
1827 1118 2022 1167 autem

372 1203 539 1259 vobis
567 1202 848 1275 quoniam
877 1217 981 1256 nec
1008 1200 1282 1256 Salomon
1341 1201 1401 1255 in
1459 1201 1616 1256 omni
1675 1200 1861 1272 gloria
1917 1218 2024 1255 sua

372 1296 682 1363 coopertus
714 1293 823 1361 est,
857 1291 1007 1345 sicut
1038 1305 1221 1344 unum
1256 1305 1324 1343 ex
1355 1289 1504 1344 istis.
1540 1288 1595 1342 Si
1625 1288 1780 1343 enim
1821 1289 2020 1343 fenum

373 1381 498 1454 agri
527 1381 683 1451 quod
713 1378 884 1435 hodie
914 1382 1022 1448 est,
1057 1383 1112 1433 et
1142 1394 1270 1432 cras
1300 1378 1357 1432 in
1389 1378 1685 1432 clibanum
1747 1377 2018 1444 mittitur,

375 1474 523 1526 Deus
549 1469 633 1523 sic
661 1468 834 1524 vestit
861 1486 873 1523 :
907 1471 1126 1539 quanto
1161 1467 1350 1538 magis
1379 1483 1480 1522 vos
1511 1467 1751 1522 modicae
1785 1465 1914 1521 fidei
1941 1466 1951 1519 !
1990 1488 2018 1514 ››

371 1557 440 1612 Et
469 1572 667 1612 revera
696 1556 851 1626 quod
891 1555 1163 1623 sericum,
1197 1572 1323 1626 qua:
1356 1571 1560 1626 regum
1593 1571 1870 1626 purpura,
1893 1571 2018 1625 qua

368 1647 598 1718 pictura
625 1645 938 1718 textricum
969 1649 1162 1715 potest
1192 1643 1434 1699 ﬂoribus
1464 1643 1790 1716 comparari
1817 1643 1844 1697 ?
1870 1643 2015 1707 Quid

369 1715 451 1790 ita
493 1734 662 1789 rubet
688 1715 778 1788 ‘ut
833 1733 1014 1788 rosa?
1071 1733 1218 1797 Quid
1275 1732 1359 1787 ita
1411 1733 1624 1788 candet
1683 1737 1748 1786 ut
1776 1731 2018 1786 lilium?

2144 577 2472 649 Hypocrita,
2503 578 2645 648 ejice
2676 579 2930 649 primum
2964 579 3186 634 trabem
3220 581 3290 634 de
3328 580 3492 637 oculo
3550 587 3673 649 tuo,
3732 587 3795 640 et

2139 671 2278 722 tunc
2307 667 2530 723 videbis
2561 668 2766 739 ejicere
2798 667 3081 723 festucam
3114 669 3184 724 de
3216 669 3381 725 oculo
3412 671 3607 726 fratris
3638 673 3782 728 tui.»

2139 759 2216 810 De
2248 755 2340 810 his
2370 756 2648 828 loquitur,
2682 757 2780 828 qui
2813 774 2946 812 cum
2977 757 3089 828 ipsi
3121 758 3350 813 mortali
3391 760 3637 816 crimine
3695 767 3788 816 te-

2138 850 2386 899 neantur
2440 846 2691 915 obnoxii,
2750 846 2977 901 minora
3034 853 3272 918 peccata
3327 847 3604 904 fratribus
3667 867 3786 906 non

2136 934 2497 989 concedunt:
2531 934 2772 990 culicem
2797 934 3110 1006 liquentes,
3140 940 3196 990 et
3216 935 3504 991 camelum
3536 937 3789 1009 glutien-

2135 1025 2221 1075 tes
2254 1022 2468 1092 (Matth.
2502 1041 2660 1094 χχιιι,
2692 1025 2804 1092 24).
2849 1024 3020 1079 Recto
3079 1041 3215 1096 ergo
3273 1030 3331 1080 et
3386 1025 3483 1080 isti
3537 1026 3786 1082 simula-

2133 1108 2288 1164 tione
2312 1112 2578 1181 justitiaa,
2607 1117 2668 1166 ut
2697 1129 2875 1183 supra
2904 1113 3178 1179 diximus,
3211 1113 3585 1185 appellantur
3605 1115 3786 1187 hypo-

2133 1197 2306 1265 critre,
2339 1200 2437 1271 qui
2472 1217 2572 1271 per
2593 1201 2816 1256 trabem
2847 1200 2996 1255 oculi
3028 1201 3119 1255 sui
3152 1202 3434 1257 festucam
3493 1204 3551 1257 in
3610 1205 3783 1260 oculo

2132 1289 2330 1344 fratris
2361 1290 2451 1344 sui
2484 1289 2792 1360 aspiciunt.

2201 1405 2384 1473 (Vers.
2417 1406 2497 1475 (3.)
2534 1427 2561 1452 ‹‹
2593 1404 2782 1460 Nolite
2813 1409 3081 1460 sanctum
3111 1407 3248 1461 dare
3273 1406 3535 1462 canibus.
3569 1431 3597 1455 »
3630 1412 3782 1464 San-

2130 1498 2309 1563 ctum,
2346 1493 2512 1564 panis
2545 1499 2634 1548 est
2665 1493 2938 1548 filiorum.
2966 1495 3088 1549 Non
3113 1496 3396 1550 debemus
3425 1512 3560 1568 ergo
3577 1497 3781 1554 tollere

2131 1599 2337 1654 panem
2373 1581 2623 1636 filiorum
2653 1587 2708 1636 et
2738 1583 2875 1637 dare
2904 1599 3037 1637 eum
3071 1584 3334 1639 canibus.
3369 1606 3398 1634 «
3430 1585 3628 1657 Neque
3650 1586 3781 1641 mit-

2127 1671 2264 1726 tatis
2297 1670 2643 1742 margaritas
2675 1675 2898 1726 vestras
2931 1678 3066 1726 ante
3098 1690 3322 1744 porcos,
3357 1689 3428 1727 ne
3464 1674 3608 1728 forte
3637 1691 3777 1729 con-

2126 1757 2357 1824 micent
2387 1775 2484 1814 eas
2517 1759 2764 1830 pedibus
2796 1759 2942 1827 suis,
2974 1766 3031 1816 et
3077 1762 3340 1817 conversi
3400 1762 3778 1834 disrumpant

369 1822 544 1922 Υίθιω
575 1837 1086 1922 νθΓΟΡΠῙῬυΓδΠῊ
1118 1820 1277 1920 nu“?
1310 1821 1572 1922 δξῳξῖτίξνί
1606 1820 1845 1922 murice,
1879 1838 2014 1875 ocu"
2046 1858 2092 1921 Β
2123 1865 2244 1902 vos.
2285 1870 2304 1896 ιι
2336 1849 2550 1902 Porcus
2571 1864 2682 1902 non
2709 1848 2913 1920 recipit
2932 1855 3225 1921 ornatum,
3259 1851 3358 1922 qui
3391 1857 3656 1906 versatur
3711 1853 3772 1906 in

365 1911 559 1968 lorum
582 1911 771 1984 magis
805 1927 984 1983 quam
1017 1910 1306 1966 sermonis
1329 1911 1623 1980 judicium
1655 1913 1762 1965 est.

439 2000 628 2070 (Vers.
668 2000 881 2070 31-34.)
913 2022 940 2049 ‹‹
971 1998 1160 2055 Nolite
1207 1998 1440 2054 solliciti
1472 2015 1598 2054 esse
1629 2001 1669 2066 ¹,
1701 1999 1963 2054 dicentes
1997 2015 2010 2052 :

365 2089 514 2153 Quid
547 2088 1058 2159 manducabimus,
1093 2093 1193 2143 aut
1225 2087 1366 2159 quid
1418 2087 1708 2154 bibemus,
1767 2092 1868 2142 aut
1898 2096 2023 2159 quo'

365 2177 744 2250 operiemur?
786 2178 913 2232 Haec
957 2177 1112 2232 enim
1171 2176 1370 2232 omnia
1424 2179 1628 2247 gentes
1686 2175 2010 2247 inquirunt.

364 2266 488 2322 Scit
517 2265 674 2322 enim
705 2264 872 2320 Pater
899 2270 1109 2333 vester,
1135 2265 1274 2336 quia
1293 2265 1385 2320 his
1416 2265 1692 2320 omnibus
1714 2264 2009 2336 indigetis.

359 2355 609 2419 Quaerite
665 2370 801 2426 ergo
858 2353 1115 2424 primum
1174 2369 1417 2426 regnum
1469 2353 1569 2409 Dei
1627 2359 1684 2409 et
1717 2353 2010 2424 justitiam

357 2445 507 2514 ejus,
541 2448 598 2498 et
629 2443 750 2498 haec
781 2442 982 2498 omnia
1010 2443 1360 2514 adjicientur
1389 2443 1575 2498 vobis.
1634 2442 1818 2499 Nolite
1875 2459 2010 2514 ergo

357 2531 591 2588 solliciti
619 2547 750 2587 esse
782 2531 842 2585 in
901 2531 1248 2586 crastinum.
1311 2531 1615 2586 Crastinus
1671 2531 1826 2585 enim
1887 2531 2010 2586 dies

357 2618 643 2676 sollicitus
673 2619 783 2675 erit
817 2618 928 2674 sibi
961 2619 1095 2689 ipsi.
1133 2642 1159 2667 ››
1191 2619 1270 2674 De
1300 2620 1690 2691 praesentibus
1719 2636 1855 2691 ergo
1879 2636 2009 2674 con-

363 2709 540 2765 cessit
565 2709 775 2764 debere
822 2724 951 2764 esse
1007 2707 1287 2764 sollicitos
1345 2708 1442 2780 qui
1502 2709 1699 2764 futura
1741 2709 2010 2781 prohibet

357 2798 630 2870 cogitare.
663 2797 826 2853 Unde
855 2801 913 2853 et
941 2796 1284 2868 Apostolus:
1315 2799 1480 2854 Nocte
1518 2807 1568 2853 et
1624 2797 1731 2865 die,
1792 2798 2006 2869 inquit,

356 2887 618 2943 manibus
647 2888 848 2942 nostris
876 2890 1177 2958 operantes,
1209 2904 1280 2940 ne
1326 2903 1484 2958 quem
1528 2891 1767 2942 vestrum
1814 2905 2010 2956 grava-

357 2993 540 3032 remus
568 2980 624 3046 (Ι
650 2977 820 3032 Thess.
855 2994 919 3042 ιι,
951 2977 1027 3047 9).
1061 2976 1162 3032 88
1194 2976 1334 3031 Cras
1365 2977 1423 3030 in
1475 2977 1795 3048 Scripturis
1848 2977 2003 3032 futu-

357 3082 492 3122 rum
521 3071 753 3138 tempus
784 3063 1150 3136 intelligitur,
1176 3064 1403 3120 dicente
1421 3065 1623 3130 Jacob,
1649 3067 1722 3120 Et
1750 3067 2013 3122 exaudiet

355 3170 444 3210 me
470 3170 596 3209 cras
617 3155 840 3224 justitia
867 3168 992 3207 mea
1023 3153 1174 3224 (Gen.
1209 3171 1342 3219 xxx,
1364 3154 1475 3224 34).
1510 3153 1573 3208 Et
1609 3153 1668 3208 in
1717 3154 2008 3211 Samuelis

354 3205 1452 3314 ῥιᾶαῌιὲέὲιζεὶιξέ’ῥγίιιάιίίέέειιόᾷἆίιῖλῖ
1466 3205 1549 3296 ia
1561 3205 1852 3298 sane“;
1866 3205 2006 3298 ea;
2034 3225 2075 3291 C
2115 3205 2686 3314 gf’iﬁ‘ig‘iﬁfﬁfﬁﬁ

354 3333 465 3388 eris
491 3345 703 3386 mecum
733 3331 783 3398 (ι
809 3331 936 3400 Reg.
970 3345 1166 3399 xxvm,
1204 3329 1311 3400 19),
1347 3353 1374 3380 ‹‹
1408 3329 1638 3384 Sufficit
1668 3331 1782 3385 diei
1829 3331 1999 3385 mali-

352 3421 436 3476 tia
463 3436 649 3477 sua.»
708 3417 812 3472 Hic
867 3416 1161 3488 malitiam,
1219 3433 1335 3472 non
1393 3417 1742 3472 contrariam
1801 3419 1999 3473 virtuti

349 3507 568 3581 posuit,
603 3507 704 3563 sed
735 3506 979 3562 laborem
1015 3515 1065 3560 et
1094 3507 1476 3576 afﬂictionem,
1509 3513 1558 3561 et
1586 3509 1871 3576 angustias
1903 3525 2001 3562 sa:-

352 3597 468 3653 culi
495 3613 508 3652 :
541 3595 835 3668 quomodo
858 3599 913 3650 et
927 3598 1068 3650 Sara
1088 3594 1297 3649 afﬂixit
1314 3597 1469 3667 Agar
1498 3595 1768 3650 ancillam
1830 3613 1997 3652 suam

351 3685 504 3755 (Gen.
535 3701 652 3750 χνι,
681 3685 759 3754 6),
795 3684 949 3755 quod
972 3683 1372 3755 significanter
1398 3689 1590 3740 Graece
1620 3684 1834 3740 dicitur
1881 3683 1996 3738 ἰκὰ-

352 3793 520 3828 κωσεν
555 3771 740 3838 αὗτήν.
776 3771 1004 3828 Sufficit
1023 3788 1159 3845 ergo
1191 3773 1360 3828 nobis
1417 3775 1718 3843 praesentis
1773 3778 1996 3846 tempo-

355 3865 437 3921 ris
465 3863 774 3936 cogitatio:
812 3862 1142 3917 futurorum
1175 3878 1398 3930 curam,
1454 3879 1578 3934 quia
1611 3861 1832 3918 incerta
1885 3867 1994 3932 est,

350 3952 778 4026 relinquamus.

425 4047 578 4114 (Cap.
614 4040 734 4096 VII.
766 4070 836 4080 —
866 4043 1028 4096 Vers.
1065 4041 1113 4105 1,
1162 4040 1242 4109 2.)
1282 4062 1303 4088 ι
1361 4038 1547 4094 Nolite
1595 4039 1880 4110 judicare,
1936 4044 2000 4094 ut

352 4148 468 4188 non
500 4130 860 4202 iudicemini.
896 4130 960 4184 In
990 4144 1104 4200 guo
1127 4129 1282 4184 enim
1302 4127 1526 4199 judicio
1573 4128 1995 4198 judicaveritis,

341 4218 756 4291 judicabimini
785 4236 798 4275 :
831 4223 889 4274 et
918 4217 978 4273 in
1009 4235 1127 4290 qua
1165 4233 1442 4273 mensura
1499 4217 1686 4272 mensi
1744 4217 1992 4286 fueritis,

349 4308 686 4365 remetietur
715 4307 896 4363 vobis.
933 4330 961 4357 ››
984 4308 1045 4362 Si
1067 4306 1333 4378 judicare
1365 4305 1652 4378 prohibet,
1695 4324 1811 4378 qua
1857 4323 1993 4362 con-

347 4397 654 4470 sequentia
680 4396 899 4453 Paulus
928 4397 988 4451 in
1009 4395 1283 4452 Corintho
1323 4396 1552 4468 judicat
1608 4396 1992 4452 fornicantem

345 4488 401 4559 (1
427 4486 546 4542 Cor.
577 4503 632 4552 v,
666 4491 717 4553 3,
753 4487 828 4553 4),
861 4489 918 4541 et
947 4489 1154 4541 Petrus
1183 4486 1472 4540 Ananiam
1530 4490 1586 4539 et
1643 4485 1989 4557 Sapphiram

2122 1935 2442 1991 volutabris
2471 1935 2600 1990 luti.
2631 1937 2697 1991 Et
2721 1938 2889 2007 juxta
2937 1938 3238 1994 Proverbia
3295 1939 3655 1995 Salomonis:
3711 1941 3774 1996 Si

2123 2025 2373 2078 habuerit
2399 2024 2666 2078 circulum
2707 2042 2956 2093 aureum,
3003 2027 3199 2096 [ordior
3247 2029 3528 2083 invenitur
3585 2029 3770 2100 (Prov.

2123 2130 2200 2180 χι,
2231 2114 2342 2184 ‘22).
2376 2115 2622 2179 Quidam
2654 2131 2829 2170 canes
2860 2130 2957 2169 eos
2991 2116 3089 2170 39
3122 2115 3369 2188 intelligi
3394 2116 3615 2188 volunt,
3665 2119 3770 2189 qui

2123 2207 2253 2273 post
2285 2203 2458 2256 fidem
2489 2203 2704 2257 Christi
2737 2207 3108 2260 revertuntur
3137 2205 3208 2260 ad
3247 2206 3530 2261 vomitum
3562 2223 3770 2278 pecca-

2120 2295 2315 2345 torum
2365 2307 2639 2345 suorum:
2702 2308 2909 2363 porcos
2959 2298 3156 2347 autem
3213 2310 3311 2349 eos
3362 2295 3463 2365 qui
3518 2295 3768 2350 necdum

2123 2378 2429 2451 Evangelio
2461 2379 2850 2446 crediderunt,
2881 2386 2936 2435 et
2965 2380 3023 2434 in
3055 2380 3176 2436 luto
3207 2382 3636 2438 incredulitatis
3683 2383 3769 2438 vi-

2122 2466 2334 2538 tiisque
2362 2472 2688 2523 versantur.
2721 2469 2846 2523 Non
2887 2470 3154 2524 convenit
3210 2470 3391 2541 igitur
3436 2471 3771 2529 istiusmodi

2119 2556 2460 2611 hominibus
2492 2557 2604 2612 cito
2635 2557 3031 2628 evangelicum
3065 2560 3297 2615 credere
3356 2561 3766 2632 margaritum,

2119 2661 2190 2700 ne
2222 2644 2562 2700 conculcent
2592 2645 2758 2714 illud,
2785 2651 2841 2701 et
2871 2647 3134 2702 conversi
3166 2664 3273 2702 nos
3302 2647 3588 2721 incipiant
3645 2649 3765 2706 dis-

2118 2751 2329 2804 eiparc.

2189 2849 2374 2918 (Vers.
2406 2851 2586 2920 7-10.)
2619 2872 2646 2899 ‹‹
2675 2851 2877 2920 Petite,
2911 2857 2967 2907 et
2997 2853 3232 2909 dabitur
3260 2854 3460 2914 vobis:
3503 2856 3764 2926 quaerite,

2117 2942 2175 2992 et
2206 2939 2510 2994 invenietis
2546 2958 2558 2994 :
2611 2939 2860 3011 pulsate,
2891 2946 2947 2996 et
2977 2943 3270 3013 aperietur
3320 2943 3501 2999 vobis.
3559 2944 3765 3000 Omnis

2117 3026 2272 3081 enim
2308 3028 2406 3098 qui
2437 3029 2600 3100 petit,
2634 3029 2877 3100 accipit;
2911 3034 2976 3084 et.
2997 3031 3094 3101 qui
3128 3032 3352 3103 quaerit,
3386 3031 3639 3087 invenit:
3705 3038 3765 3090 et

2118 3115 2372 3186 pulsanti
2403 3118 2712 3188 aperietur.
2744 3120 2858 3174 Aut
2901 3120 3034 3190 quis
3083 3125 3171 3176 est
3216 3137 3283 3175 ex
3338 3121 3500 3176 vobis
3559 3121 3759 3190 homo,

2694 3206 2808 3263 lius
2839 3225 2983 3264 suus
3015 3224 3246 3280 panem,
3286 3210 3554 3282 nunquid
3612 3208 3762 3282 lapi-

2113 3292 2244 3356 dem
2278 3293 2533 3366 porriget
2562 3296 2613 3350 ei
2633 3295 2661 3348 ‘I
2689 3300 2806 3350 Aut
2831 3296 2880 3351 si
2911 3297 3128 3368 piscem
3179 3299 3430 3370 petierit,
3488 3300 3758 3372 nunquid

2109 3386 2434 3452 serpentem
2469 3383 2723 3455 porriget
2743 3384 2793 3439 ei
2814 3385 2842 3438 ?
2874 3407 2901 3434 »
2936 3387 3043 3450 Qui
3075 3386 3328 3442 carnalia
3356 3404 3535 3458 supra
3564 3393 3758 3444 vetue-

2109 3474 2199 3523 rat
2229 3471 2533 3541 postulari,
2568 3472 2704 3542 quid
2737 3488 2996 3544 quaerere
3021 3473 3338 3529 debeamus
3368 3475 3650 3531 ostendit.
3694 3475 3756 3530 Si

2108 3559 2323 3628 petenti
2384 3560 2578 3626 datur,
2640 3567 2698 3616 et
2757 3579 3020 3633 quaerens
3076 3561 3318 3624 invenit,
3377 3568 3434 3617 et
3489 3562 3750 3635 pulsanti

2110 3648 2405 3718 aperitur:
2439 3665 2574 3722 ergo
2606 3650 2696 3705 cui
2731 3667 2842 3705 non
2876 3651 3066 3721 datur,
3100 3656 3156 3706 et
3213 3651 3314 3722 qui
3367 3669 3481 3708 non
3515 3654 3754 3721 invenit,

2109 3741 2167 3790 et
2192 3736 2282 3791 cui
2317 3753 2429 3792 non
2464 3739 2744 3810 aperitur,
2777 3744 3018 3811 apparet
3047 3741 3201 3811 quod
3234 3757 3349 3796 non
3381 3741 3527 3797 bene
3585 3743 3756 3813 petie-

2108 3825 2202 3892 rit,
2237 3827 2532 3897 quzesierit
2573 3833 2629 3883 et
2676 3827 3011 3900 pulsaverit.
3072 3830 3378 3887 Pulsemus
3434 3831 3628 3903 itaque
3666 3833 3756 3902 ja-

2110 3931 2287 3969 nuam
2319 3915 2550 3983 Christi,
2587 3918 2656 3972 de
2688 3935 2805 3988 qua
2833 3918 3056 3974 dictum
3083 3925 3209 3976 est:
3250 3923 3384 3976 Haec
3438 3929 3594 3992 porta
3647 3921 3751 3977 Do-

2106 4005 2268 4068 mini,
2301 4006 2440 4071 iusti
2469 4007 2753 4062 intrabunt
2780 4025 2879 4079 per
2906 4025 3027 4064 eam
3057 4010 3207 4078 (Psal
3266 4026 3436 4077 cxvn,
3494 4011 3621 4080 20);
3686 4015 3753 4064 ut

2105 4107 2238 4145 cum
2272 4091 2708 4160 intraverimus,
2741 4096 3080 4166 aperiantur
3109 4096 3278 4150 nobis
3302 4097 3561 4150 thesauri
3615 4097 3750 4152 abs-

2105 4181 2322 4235 conditi
2355 4186 2411 4236 et
2442 4182 2729 4238 tenebrosi
2763 4184 2821 4237 in
2877 4183 3105 4239 Christo
3157 4183 3318 4252 Jesu,
3374 4184 3432 4237 in
3490 4199 3604 4254 quo
3663 4187 3752 4240 est

2107 4268 2300 4323 omnis
2332 4269 2576 4325 scientia
2607 4271 2854 4342 (601033..
2887 4288 2950 4338 ιι,
2981 4272 3055 4342 3).

2173 4392 2352 4463 (Vers.
2412 4395 2498 4462 11;
2558 4395 2672 4463 12.)
2729 4419 2756 4444 ‹‹

2099 4481 2284 4536 nostis
2314 4483 2467 4537 bona
2497 4484 2632 4538 dare
2687 4483 2823 4539 filiis
2851 4483 3079 4552 vestris,
3113 4490 3334 4556 quanto
3365 4485 3550 4558 magis
3584 4487 3750 4543 Pater

2815 4395 2870 4450 Si
2928 4411 3063 4468 ergo
3103 4412 3204 4451 vos
3235 4412 3367 4451 cum
3400 4396 3530 4454 sitis
3587 4397 3747 4470 mali,

344 4575 636 4632 mendacii
668 4574 931 4647 coarguit
960 4575 1097 4645 (Act.
1123 4591 1198 4640 vi,
1240 4576 1388 4642 1-10)
1411 4574 1439 4628 ‘I
1490 4575 1600 4629 Sed
1658 4591 1726 4630 ex
1781 4592 1988 4631 conse-
2020 4596 2066 4660 Β
2097 4575 2285 4660 vester
2315 4571 2414 4642 qui
2446 4573 2504 4627 in
2536 4571 2694 4628 caelis
2721 4577 2827 4640 est,
2862 4574 3022 4629 dabit
3055 4575 3208 4629 bona
3255 4575 3590 4646 petentibus
3644 4577 3743 4632 se!

342 4665 661 4738 quentibus
693 4663 830 4737 quid
864 4663 1246 4736 prohibuerit,
1279 4663 1550 4732 ostendit,
1585 4663 1817 4719 dicens:
1843 4681 1988 4735 quo-

340 4755 516 4811 modo
547 4753 704 4810 enim
728 4751 1155 4824 judicaveritis,
1189 4751 1272 4807 sic
1295 4751 1663 4822 judicabitur
1687 4753 1756 4806 de
1803 4752 1983 4807 vobis.

339 4842 545 4914 Itaque
571 4843 593 4877 ²
624 4859 738 4898 non
771 4841 1378 4914 prohibuitjudicare,
1412 4840 1510 4895 sed
1545 4841 1761 4896 docuit.

409 4930 598 5000 (Vers.
631 4931 781 4998 3-5.)
810 4953 837 4979 «
860 4929 1006 4994 Quid
1030 4935 1225 4984 autem
1247 4929 1408 4985 vides
1432 4931 1714 4985 festucam
1737 4929 1793 4983 in
1819 4927 1985 4984 oculo

335 5019 534 5076 fratris
563 5019 672 5090 tui,
704 5023 759 5074 et
787 5020 1013 5074 trabem
1044 5019 1103 5073 in
1135 5019 1302 5074 oculo
1332 5022 1432 5073 tuo
1490 5035 1602 5074 non
1633 5019 1794 5074 vides
1819 5018 1846 5072 ?
1874 5019 1987 5073 Aut

335 5108 630 5181 quomodo
660 5107 808 5164 dicis
837 5107 1002 5163 fratri
1034 5111 1134 5162 tuo
1161 5124 1173 5162 :
1211 5108 1432 5174 Frater,
1466 5107 1590 5162 sine
1620 5108 1852 5178 ejiciam
1905 5108 1983 5162 fe-

335 5267 450 5320 res,
483 5267 716 5322 quorum
745 5252 934 5306 anima
963 5251 1210 5305 mortalis
1240 5258 1340 5315 est,
1371 5257 1421 5305 et
1461 5265 1586 5322 cum
1640 5266 1751 5305 esse
1804 5265 1982 5304 cessa-

333 5321 534 5391 perint,
565 5339 777 5391 semper
799 5337 912 5378 non
969 5326 1148 5377 erant.
1211 5322 1370 5386 Quod
1432 5321 1697 5376 additum
1757 5322 1984 5376 videtur

334 5391 1129 5466 contextuiHieronymiano,
1183 5394 1282 5463 qui
1343 5393 1468 5448 sine
1525 5391 1644 5466 hac
1690 5395 1984 5466 sententia

334 5467 764 5538 perfectusgest.
801 5463 1068 5538 codicem
1103 5465 1327 5538 itaque_
1347 5463 1736 5538 manuscripti
1797 5465 1982 5519 nostri

334 5535 674 5592 monasterii
709 5538 778 5592 de
809 5538 864 5591 S.
902 5537 1068 5590 Petro
1100 5552 1279 5606 super
1299 5535 1498 5606 Divam
1533 5536 1714 5591 secuti
1750 5551 1978 5590 sumus.

330 5613 511 5664 MART.
545 5639 614 5650 —
645 5608 968 5673 Glossema,
999 5607 1150 5679 quod
1183 5605 1239 5679 et
1269 5605 1498 5679 Vulgati
1556 5611 1688 5662 ante
1746 5608 1979 5661 Martia~

317 5697 522 5752 meum
548 5679 681 5740 libri
713 5677 1117 5758 praferebant,
1149 5677 1464 5750 ejusmodi,
1503 5694 1736 5755 quorum
1790 5679 1983 5740 anima

2099 4659 2305 4714 Omnia
2335 4677 2470 4732 ergo
2503 4677 2865 4733 quiscunque
2889 4663 3069 4718 vultis
3094 4668 3156 4718 ut
3180 4663 3392 4719 faciant
3421 4665 3587 4721 vobis
3638 4664 3749 4720 ho-

2099 4747 2306 4817 mines,
2364 4755 2420 4804 et
2475 4765 2575 4805 vos
2635 4751 2804 4806 facite
2862 4751 3001 4806 illis.
3066 4753 3191 4806 llaec
3221 4757 3309 4808 est
3340 4753 3504 4830 enim
3554 4754 3664 4810 Lex
3693 4758 3750 4812 et

2099 4837 2414 4909 Prophette.
2451 4862 2478 4888 »
2511 4840 2843 4895 Notandum
2877 4841 3030 4912 quod
3064 4841 3358 4913 apostolos
3381 4841 3568 4898 malos
3593 4842 3749 4899 dixe-

2096 4925 2188 4993 rit,
2224 4928 2337 4982 nisi
2372 4929 2516 4984 forte
2548 4930 2657 4984 sub
2687 4929 3086 5002 apostolorum
3119 4948 3370 5002 persona
3409 4948 3580 4987 omne
3641 4933 3746 4989 ho-

2095 5017 2322 5071 minum
2357 5018 2670 5072 damnetur
2703 5035 2908 5090 genus,
2943 5020 3112 5090 cujus
3144 5022 3215 5075 ad
3250 5021 3745 5093 comparationem

2094 5105 2299 5160 divina:
2331 5105 2649 5162 clementia
2679 5108 2750 5163 ab
2783 5108 3030 5164 infantia
3069 5125 3167 5164 cor
3196 5111 3266 5164 ad
3309 5110 3530 5164 malum
3587 5108 3748 5181 posi-

2093 5251 2347 5305 mortalis
2377 5259 2471 5321 est,
2523 5255 2574 5305 et
2615 5267 2738 5306 eum
2797 5266 2912 5306 esse
2966 5252 3588 5321 cessaverint,rsemper
3632 5263 3746 5303 non

2092 5327 2274 5382 erunt.
2309 5323 2422 5376 duo
2455 5319 2484 5376 e
2517 5323 2753 5387 nostris,
2787 5321 3188 5378 Cisterciensis
3233 5327 3290 5376 et
3341 5319 3520 5386 Palat,
3573 5335 3744 5386 mss.,

2095 5391 2405 5464 pluresque
2434 5393 2763 5448 Martianaeo
2789 5394 3054 5463 inspecti,
3080 5393 3173 5447 hic
3201 5392 3471 5464 retinent.

2166 5467 2178 5498 ¹
2219 5466 2277 5518 In
2312 5463 2586 5520 Palatinis
2619 5482 2784 5530 mss.,
2816 5467 3037 5520 solliciti
3068 5480 3183 5519 esse
3230 5463 3292 5518 de
3338 5463 3604 5532 crastino,
3660 5477 3744 5518 re-

2093 5535 2254 5604 liquo
2287 5537 2597 5606 Scriptura:
2627 5541 2780 5589 textu
2820 5536 3226 5606 praetermisso.

2162 5603 2182 5638 ⁵
2215 5607 2316 5691 P‘ro
2349 5603 2530 5691 itaque
2562 5603 2834 5691 adverbio
2855 5608 3029 5691 .quod
3080 5623 3222 5664 mss.
3277 5605 3463 5665 nostri
3519 5603 3739 5666 substi-

2090 5679 2284 5750 tuunt,
2317 5676 2487 5737 antea
2515 5676 2817 5752 legebatur
2843 5676 2962 5744 llic.
