4024 6196
241 303 330 368 ss
827 307 1339 379 commeans.
1388 314 1469 379 IN
1513 315 2028 383 EVANGELIUM
2072 317 2459 385 MATTHEI
2501 323 2649 385 LIB.
2699 321 2870 385 CAP.
2917 322 3053 388 vn.
3381 292 3392 295 ⁷
3575 319 3657 391 eo

246 445 374 540 tum
406 442 701 540 est._L_ege
724 444 1005 540 _Gene_sim
1055 451 1198 522 (cap.
1237 468 1356 540 vm,
1418 469 1560 509 vers.
1626 455 1737 520 21).
1780 455 1894 510 Nec
1923 455 1978 519 Α
2007 453 2335 509 invenerint
2366 455 2466 526 qui
2497 457 2928 540 respondeant;
2956 472 3063 513 nos
3091 454 3435 529 inferamus,
3463 460 3523 517 et
3546 458 3652 518 Ju-

245 532 466 588 mirum
498 532 547 588 si
576 534 848 592 homines
878 537 1055 608 hujus
1086 539 1280 595 saeculi
1313 541 1453 597 dicit
1510 543 1715 610 malos,
1764 560 1898 599 cum

246 627 306 677 et
334 622 553 678 Paulus
577 625 882 694 apostolus
909 633 1189 684 memoret
1214 649 1226 685 :
1288 632 1626 687 Redimentes
1667 641 1896 705 tempus,

245 715 510 782 quoniam
541 713 664 768 dies
693 715 834 770 mali
860 725 989 771 sunt
1018 719 1208 788 (Ephes
1237 736 1291 787 v,
1328 721 1434 791 16).

321 805 508 870 (Vers.
544 803 630 869 13,
668 804 753 873 14)
792 827 812 852 ι
868 805 1086 861 Intrate
1137 825 1240 879 per
1284 814 1598 882 angustam
1643 815 1894 882 portam,

244 889 389 960 quia
417 891 540 945 lata
569 896 735 962 porta
763 897 820 947 et
849 896 1110 965 spatiosa
1141 897 1236 952 via
1290 903 1378 953 est
1435 916 1560 970 qua:
1619 901 1779 956 ducit
1823 902 1894 956 ad

243 979 670 1051 perditionem,
702 986 755 1036 et
785 982 955 1037 multi
1005 990 1144 1040 sunt
1174 987 1274 1057 qui
1332 987 1554 1043 intrant
1612 1007 1712 1061 per
1743 1007 1892 1045 eam.

242 1071 440 1134 Quam
475 1074 716 1141 angusta
750 1076 937 1142 porta,
970 1079 1028 1130 et
1058 1079 1218 1130 arcta
1245 1076 1338 1132 via
1366 1082 1454 1132 est
1484 1096 1610 1150 quae
1633 1079 1795 1135 ducit
1823 1081 1894 1135 ad

244 1155 476 1211 vitam!
508 1161 566 1212 et
593 1159 763 1229 pauci
794 1166 938 1216 sunt
993 1163 1092 1233 qui
1153 1163 1460 1221 inveniunt
1511 1183 1660 1222 eam.
1697 1190 1724 1216 »
1757 1169 1896 1224 Lata

238 1243 342 1298 via
373 1250 462 1300 est
492 1245 690 1301 saeculi
724 1248 1013 1321 voluptas,
1065 1269 1243 1323 quam
1292 1259 1574 1327 appetunt
1604 1256 1891 1313 homines.

241 1334 540 1405 Angusta,
602 1351 731 1405 quis
790 1352 896 1408 per
951 1337 1178 1395 labores
1233 1345 1289 1396 et
1336 1342 1564 1413 jejunia
1595 1344 1890 1415 panditur,

240 1437 429 1492 quam
457 1427 514 1476 et
541 1424 855 1494 Apostolus
886 1426 1188 1498 ingressus
1219 1434 1308 1486 est
1337 1433 1412 1498 (II
1432 1433 1559 1487 Cor.
1592 1449 1669 1498 VI,
1714 1435 1776 1499 5;
1811 1451 1890 1503 x1,

236 1511 353 1564 27:
390 1515 446 1565 et
477 1517 538 1566 ut
569 1513 909 1571 Timotheus
940 1532 1043 1586 per
1093 1535 1222 1573 eam
1282 1519 1661 1592 ingrediatur,
1697 1521 1891 1577 horta-

237 1603 403 1654 tatur
431 1602 480 1671 (I
506 1602 638 1656 Tim.
671 1621 728 1670 ν,
758 1605 868 1675 21).
901 1606 1204 1678 Simulque
1235 1608 1539 1664 considera
1596 1627 1770 1682 quam
1814 1612 1890 1665 si-

239 1694 492 1760 gnanter
517 1691 589 1747 de
622 1696 869 1765 utraque
899 1695 992 1750 via
1018 1696 1250 1754 locutus
1280 1699 1375 1754 sit.
1412 1701 1512 1754 40
1568 1704 1677 1755 Per
1715 1700 1889 1755 latam

238 1777 412 1833 multi
446 1780 774 1879 ambulant,
807 1789 1118 1884 angustam
1150 1788 1316 1885 pauci
1341 1787 1660 1845 inveniunt.
1690 1789 1888 1844 Latam
1923 1825 1970 1889 B

236 1883 360 1922 non
419 1869 765 1938 quaerimus,
826 1889 930 1927 nec
988 1873 1320 1930 inventione
1351 1893 1498 1947 opus
1525 1881 1649 1931 est:
1685 1883 1890 1948 sponte

234 1971 303 2010 se
336 1955 522 2022 offert,
548 1961 605 2013 et
624 1960 949 2016 errantium
980 1962 1072 2017 via
1099 1967 1207 2018 est.
1238 1970 1566 2036 Angustam
1598 1982 1752 2032 vero,
1785 1983 1889 2021 nec

234 2061 447 2100 omnes
477 2046 806 2114 inveniunt,
840 2066 945 2105 nec
975 2051 1075 2121 qui
1133 2052 1480 2119 invenerint,
1538 2055 1741 2110 statim
1797 2056 1889 2110 in-

233 2134 590 2206 grediuntur
611 2153 714 2208 per
734 2154 862 2192 eam
889 2139 1192 2211 Siquidem
1214 2141 1384 2197 multi
1424 2143 1658 2198 inventa
1679 2145 1890 2199 verita-

231 2221 313 2278 tis
357 2223 471 2290 via,
495 2224 650 2297 capti
690 2227 887 2282 saeculi
933 2228 1357 2302 voluptatibus,
1383 2233 1453 2287 de
1475 2232 1664 2287 medio
1686 2233 1891 2289 itinere

233 2318 640 2369 revertuntur.

313 2400 503 2470 (Vers.
540 2405 748 2475 15-18.)
780 2429 809 2455 ‹‹
845 2407 1137 2463 Attendite
1169 2426 1202 2462 a
1245 2407 1405 2464 falsis
1437 2411 1758 2483 prophetis,
1791 2413 1889 2482 qui

232 2489 487 2545 veniunt
519 2491 588 2546 ad
620 2509 721 2548 vos
753 2493 812 2548 in
844 2495 1212 2552 vestimentis
1271 2497 1503 2565 ovium;
1539 2498 1889 2555 intrinsecus

233 2583 438 2635 autem
469 2585 609 2636 sunt
638 2582 764 2654 lupi
794 2601 1054 2656 rapaces.
1079 2588 1124 2640 A
1143 2587 1429 2644 fructibus
1446 2604 1645 2643 eorum
1672 2605 1888 2661 cogno-

236 2668 418 2724 scetis
448 2686 567 2726 eos.
595 2671 873 2744 Nunquid
905 2674 1193 2748 colligunt
1223 2677 1293 2732 de
1352 2678 1537 2748 spinis
1598 2695 1760 2748 uvas,
1789 2682 1890 2733 aut

236 2756 314 2811 de
345 2756 582 2815 tribulis
614 2761 807 2816 ﬁcus?
855 2763 938 2818 sic
999 2765 1193 2821 omnis
1253 2767 1426 2821 arbor
1482 2767 1636 2822 bona
1661 2769 1888 2822 fructus

236 2845 424 2902 bonos
453 2847 591 2904 facit
618 2866 630 2904 :
663 2849 820 2905 mala
849 2856 1043 2908 autem
1103 2855 1275 2909 arbor
1323 2855 1508 2912 malos
1539 2858 1759 2912 fructus
1801 2859 1889 2913 fa-

236 2933 340 2990 cit.
375 2958 403 2984 ››
437 2937 505 2992 Et
534 2938 605 2993 de
627 2939 903 2995 omnibus
934 2941 1169 3013 quidem
1205 2945 1218 2978 ¹
1280 2943 1526 3017 intelligi
1557 2950 1767 3017 potest,
1788 2947 1888 3018 qui

236 3022 404 3079 aliud
434 3024 641 3082 habitu
675 3045 741 3083 ac
772 3045 1040 3085 sermone
1098 3033 1464 3102 promittunt,
1529 3033 1686 3088 aliud
1718 3051 1889 3105 opere

237 3113 670 3170 demonstrant.
706 3117 814 3172 Sed
847 3118 1177 3189 specialiter
1234 3122 1303 3176 de
1351 3121 1635 3177 haereticis
1672 3122 1886 3176 intelli-

236 3203 504 3274 gendum
529 3210 640 3270 est,
666 3206 766 3276 qui
787 3207 1060 3262 videntur
1089 3209 1466 3280 continentia,
1491 3211 1774 3275 castitate,
1799 3211 1886 3280 je-
1920 3190 1962 3255 (ἶ

230 3292 436 3362 junio,
461 3294 631 3363 quasi
664 3295 909 3365 quadam
945 3297 1178 3369 pietatis
1213 3315 1274 3354 se
1306 3304 1462 3356 veste
1506 3299 1888 3366 circumdare,

240 3381 607 3438 intrinsecus
633 3400 762 3439 vero
795 3385 1353 3443 habentesanimum
1367 3393 1741 3458 venenatum,
1758 3389 1893 3444 sim-

241 3467 551 3542 pliciorum
586 3473 834 3528 fratrum
865 3476 1040 3530 corda
1089 3476 1406 3548 decipiunt.
1467 3479 1548 3532 Ex
1603 3478 1892 3533 fructibus

243 3574 382 3630 ergo
415 3561 646 3628 animae,
676 3563 890 3634 quibus
928 3565 1319 3620 innocentiam
1376 3567 1448 3622 ad
1508 3567 1738 3622 ruinam
1770 3571 1892 3623 tra-

243 3647 418 3713 hunt,
448 3649 605 3722 lupis
637 3653 949 3723 rapacibus
978 3661 1410 3726 comparantur.

317 3737 518 3806 (Vers.
557 3742 764 3811 18-20.)
797 3742 978 3797 «Non
1031 3748 1223 3814 potest
1267 3745 1439 3800 arbor
1488 3746 1640 3800 bona
1669 3747 1893 3800 fructus

245 3825 433 3881 malos
470 3827 694 3885 facere:
729 3845 918 3900 neque
936 3831 1106 3887 arbor
1136 3833 1290 3888 mala
1322 3835 1546 3889 fructus
1595 3835 1778 3888 bonos
1809 3834 1893 3888 fa-

245 3931 399 3969 cere.
437 3915 638 3971 Omnis
666 3919 834 3974 arbor
866 3937 990 3991 qua:
1024 3938 1137 3976 non
1161 3921 1303 3986 facit
1359 3922 1614 3977 fructum
1648 3923 1890 3989 bonum,

245 4003 572 4072 excidetur,
599 4011 654 4061 et
676 4007 731 4061 in
753 4007 946 4080 ignem
973 4010 1254 4066 mittetur.
1283 4013 1469 4084 Igitur
1514 4029 1582 4066 ex
1609 4012 1894 4067 fructibus

247 4109 454 4148 eorum
487 4098 846 4164 cognoscetis
875 4115 994 4154 eos.
1034 4122 1060 4146 »
1093 4102 1435 4165 Quaeramus
1465 4102 1536 4156 ab
1586 4101 1892 4164 haereticis,

249 4182 349 4253 qui
387 4183 536 4238 duas
565 4183 721 4239 inter
751 4203 812 4241 se
845 4189 1168 4244 contrarias
1197 4190 1402 4245 dicunt
1455 4207 1583 4246 esse
1633 4194 1892 4256 naturas,

248 4270 299 4326 si
325 4273 498 4342 juxta
532 4272 978 4347 intelligentiam
1011 4293 1234 4346 eorum,
1296 4279 1470 4335 arbor
1526 4279 1679 4333 bona
1710 4277 1895 4334 malos

243 4359 481 4416 fructus
517 4362 702 4418 facere
732 4381 1036 4436 nunquam
1071 4372 1284 4439 potest,
1341 4369 1632 4439 quomodo
1673 4371 1894 4440 Moyses

221 4450 426 4528 arbor
453 4450 607 4506 bona
635 4455 956 4522 peccaverit
997 4455 1068 4509 ad
1126 4459 1348 4526 Aquam
1406 4456 1896 4512 Contradictionis

2011 543 2366 610 dam(Joan.
2423 561 2546 614 xm,
2605 544 2685 615 2),
2741 545 3009 600 arborem
3069 547 3367 618 quondam
3411 548 3650 620 bonam,

2010 631 2216 687 fecisse
2247 633 2471 687 fructus
2505 633 2693 688 malos
2725 638 3037 704 postquam
3095 634 3355 705 prodidit
3386 637 3490 704 [Αῑ.
3532 642 3651 694 tra-‘

2008 720 2240 790 diderit]
2301 720 2701 778 Salvatorem:
2753 727 2809 777 et
2857 721 3100 778 Saulum
3151 722 3418 794 (Philipp.
3478 741 3563 793 III,
3593 726 3649 797 6)

2008 809 2274 865 arborem
2304 811 2520 866 malam
2543 828 2608 867 eo
2632 815 2892 882 tempore
2911 828 3026 883 quo
3058 812 3521 884 persequebatur
3547 816 3643 870 41

2007 897 2320 955 Ecclesiam
2370 899 2604 969 Christi,
2657 900 2864 956 fecisse
2922 905 3124 972 postea
3181 901 3404 957 fructus
3443 901 3647 970 bonos,

2007 989 2239 1058 quando
2271 989 2327 1043 in
2350 1006 2450 1044 vas
2480 989 2782 1046 electionis
2813 991 2883 1045 de
2915 993 3285 1062 persecutore
3324 989 3648 1047 translatus

2005 1081 2095 1132 est
2124 1079 2259 1149 (Art.
2296 1095 2372 1142 1x,
2427 1079 2536 1148 13).
2588 1078 2812 1133 Tandiu
2852 1095 2989 1151 ergo
3020 1079 3174 1135 bona
3220 1079 3394 1136 arbor
3422 1079 3648 1138 fructus

2005 1165 2119 1221 non
2153 1167 2289 1222 facit
2315 1167 2522 1235 malos,
2575 1168 2841 1239 quandiu
2892 1169 2950 1222 in
2983 1167 3258 1224 bonitatis
3290 1168 3486 1225 studio
3517 1185 3647 1241 per-

2003 1262 2261 1312 severat:
2292 1261 2347 1313 et
2377 1257 2532 1312 mala
2562 1258 2735 1313 arbor
2763 1257 2970 1313 tandiu
3001 1261 3200 1313 manet
3249 1257 3308 1312 in
3362 1257 3649 1315 fructibus

2003 1350 2396 1417 peccatorum,
2431 1347 2690 1418 quandiu
2723 1348 2794 1402 ad
2827 1347 3226 1418 paenitentiam
3254 1363 3370 1403 non
3401 1362 3641 1403 conver-

2003 1434 2167 1489 titur.
2193 1435 2374 1490 Nemo
2397 1436 2554 1491 enim
2587 1452 2938 1508 permanens
2969 1435 3028 1490 in
3055 1452 3121 1491 eo
3174 1435 3329 1507 quod
3389 1434 3520 1505 fuit,
3551 1435 3658 1491 in-'

2003 1523 2145 1595 cipit
2168 1523 2224 1578 id
2256 1540 2385 1579 esse
2417 1525 2572 1595 quod
2606 1525 2856 1580 necdum
2888 1524 3146 1596 coeperit.

2072 1612 2234 1667 Vers.
2259 1613 2376 1681 21.)
2408 1635 2435 1662 «
2466 1614 2590 1668 Non
2644 1613 2838 1668 omnis
2868 1613 2968 1685 qui
3016 1613 3161 1669 dicit
3189 1612 3334 1669 mihi
3382 1612 3642 1681 Domine,

1999 1699 2264 1766 Domine,
2295 1701 2538 1756 intrabit
2566 1701 2625 1757 in
2657 1718 2904 1774 regnum
2935 1703 3220 1758 cmlorum
3248 1719 3260 1770 ;
3296 1702 3397 1757 sed
3428 1700 3528 1773 qui
3559 1701 3644 1756 fa-

2001 1790 2080 1844 cit
2123 1788 2480 1846 voluntatem
2531 1791 2720 1846 Patris
2751 1793 2888 1862 mei,
2923 1792 3021 1862 qui
3052 1791 3112 1846 in
3170 1790 3330 1847 caelis
3378 1794 3486 1858 est,
3518 1790 3644 1862 ipse

2000 1878 2244 1934 intrabit
2273 1880 2332 1934 in
2377 1896 2622 1953 regnum
2664 1879 2963 1935 caelorum.
2992 1902 3020 1930 »
3067 1879 3231 1935 Sicut
3275 1896 3454 1952 supra
3481 1879 3642 1935 dixe-

2003 1972 2112 2033 rat,
2147 1984 2244 2024 eos
2275 1969 2375 2040 qui
2407 1969 2690 2024 haberent
2718 1974 2940 2024 vestem
2973 1969 3102 2023 vitae
3133 1969 3317 2038 bonae,
3349 1984 3464 2023 non
3495 1967 3642 2024 reci-

2002 2056 2246 2127 piendos
2277 2060 2514 2128 propter
2562 2058 2904 2128 dogmatum
2956 2055 3316 2128 nequitiam:
3365 2057 3447 2112 ita
3484 2072 3642 2112 nunc

1999 2144 2320 2207 econtrario
2353 2144 2583 2210 asserit,
2616 2162 2687 2200 ne
2712 2144 2804 2200 bis
2823 2145 3058 2215 quidem
3081 2143 3642 2201 accommodandam

1998 2234 2196 2301 ﬁdem,
2216 2233 2316 2303 qui
2348 2249 2481 2287 cum
2535 2231 2791 2304 polleant
2820 2233 3157 2306 integritate
3205 2233 3363 2304 ﬁdei,
3395 2233 3646 2306 turpiter

1997 2321 2220 2387 vivunt,
2235 2326 2292 2376 et
2314 2320 2589 2377 doctrina:
2611 2320 3005 2394 integritatem
3038 2321 3211 2378 malis
3241 2321 3517 2394 operibus
3542 2322 3642 2378 de-

2000 2410 2591 2482 struunt.Utrumque
2611 2411 2767 2466 enim
2790 2412 2889 2466 Dei
2912 2410 3094 2467 servis
3115 2410 3512 2467 necessarium
3533 2415 3641 2480 est,

2001 2505 2061 2554 ut
2095 2503 2152 2554 et
2183 2516 2330 2570 opus
2361 2514 2652 2565 sermone,
2685 2503 2742 2555 et
2771 2516 2963 2555 sermo
3003 2498 3278 2572 operibus
3309 2499 3646 2572 comprobe-

1998 2592 2114 2642 tur.
2174 2588 2320 2643 Huic
2376 2588 2678 2643 sententiae
2731 2593 2923 2660 potest
2973 2588 3119 2644 illud
3175 2588 3357 2644 videri
3413 2593 3644 2645 contra-

1998 2676 2189 2732 rium:
2224 2679 2387 2733 Nemo
2412 2681 2586 2748 potest
2628 2679 2832 2746 dicere,
2888 2680 3152 2735 Dominus
3207 2682 3388 2748 Jesus,
3421 2680 3534 2734 nisi
3581 2680 3644 2734 in

1997 2765 2210 2838 Spiritu
2235 2775 2422 2822 sancto
2452 2769 2499 2837 (I
2523 2767 2643 2821 Cor.
2686 2785 2785 2833 xu,
2818 2769 2896 2837 3).
2955 2767 3067 2822 Sed
3125 2767 3307 2824 moris
3373 2771 3462 2824 est
3491 2767 3642 2824 Scri-

1998 2859 2306 2927 pturarum
2338 2856 2493 2911 dicta
2523 2872 2624 2926 pro
2683 2856 2853 2911 factis
2911 2856 3189 2927 accipere,
3250 2860 3316 2912 ut
3353 2855 3550 2911 statim
3581 2855 3642 2911 in

2000 2943 2492 3015 consequentibus
2514 2945 2890 3015 approbatur,
2924 2943 3165 2998 refutari
3183 2959 3281 2999 eos
3299 2942 3398 3014 qui
3416 2944 3644 3013 jactant

2000 3032 2126 3086 sine
2144 3032 2418 3103 Operibus
2440 3031 2654 3086 habere
2677 3031 2981 3086 scientiam
3013 3029 3265 3098 Domini,
3298 3034 3356 3085 et
3396 3028 3646 3085 audiunt

2003 3136 2036 3174 a
2066 3119 2400 3175 Salvatore:
2463 3119 2732 3174 Discedite
2772 3136 2807 3173 α
2860 3135 2965 3185 me,
3017 3118 3257 3190 operarii
3301 3119 3643 3191 iniquitatis,

2000 3209 2178 3262 nescio
2209 3223 2296 3263 vos
2327 3210 2479 3278 (Luc.
2538 3223 2666 3273 xm,
2707 3208 2821 3279 27).
2883 3207 2953 3261 Et
3009 3205 3318 3280 Apostolus
3375 3206 3435 3261 in
3489 3206 3648 3263 hunc

2002 3312 2244 3352 sensum
2277 3296 2573 3368 loquitur:
2608 3297 2946 3366 Conﬁtentur
2993 3312 3049 3353 se
3094 3312 3258 3352 nosse
3309 3298 3522 3352 Deum:
3553 3296 3647 3369 fa-

1999 3388 2101 3441 ctis
2131 3390 2313 3441 autem
2342 3390 2542 3454 negant
2569 3387 2694 3452 (Tit.
2732 3402 2770 3455 ι,
2805 3385 2915 3456 46).

2071 3475 2258 3545 (Vers.
2273 3477 2387 3542 2‘2.)
2416 3495 2442 3527 α
2464 3473 2840 3529 Multidicent
2859 3472 2998 3528 mihi
3018 3473 3077 3528 in
3101 3472 3206 3528 illa
3227 3473 3319 3528 die
3343 3490 3357 3529 :
3379 3471 3643 3544 Domine,

2001 3563 2267 3632 Domine,
2288 3563 2550 3618 nonnein
2573 3564 2811 3618 nomine
2833 3567 2931 3618 tuo
2959 3560 3465 3634 prophetavimus,
3498 3566 3557 3618 et
3586 3562 3648 3619 in

2002 3652 2238 3707 nomine
2265 3656 2366 3706 tuo
2397 3651 2687 3707 daemonia
2742 3651 3046 3722 ejecimus.
3079 3655 3137 3707 et
3165 3650 3224 3705 in
3281 3651 3520 3707 nomine
3545 3655 3648 3708 tuo

2000 3741 2244 3796 virtutes
2275 3740 2492 3796 multas
2540 3740 2792 3796 fecimus
2813 3744 2838 3794 .9
2868 3739 3243 3812 Prophetare,
3301 3744 3358 3795 et
3403 3739 3647 3796 virtutes
3681 3774 3685 3778 -

2003 3829 2211 3899 facere,
2230 3833 2287 3885 et
2307 3829 2593 3884 daemonia
2623 3829 2852 3899 ejicere,
2875 3828 3172 3884 interdum
3223 3845 3339 3884 non
3373 3829 3501 3899 ejus
3533 3845 3648 3884 me-

2005 3916 2101 3972 riti
2131 3922 2219 3972 est
2248 3918 2348 3989 qui
2382 3923 2674 3990 operatur,
2735 3918 2835 3973 sed
2867 3916 2952 3972 vel
3007 3917 3295 3974 invocatio
3325 3918 3435 3990 [AL
3496 3917 3654 3973 invo-

2005 4006 2250 4077 catione]
2286 4006 2542 4062 nominis
2572 4005 2788 4062 Christi
2822 4006 2932 4060 hoc
2963 4006 3101 4078 agit,
3137 4006 3224 4062 vel
3255 4006 3328 4062 ob
3374 4007 3649 4062 condem-

2008 4097 2304 4152 nationem
2336 4113 2537 4152 eorum
2569 4096 2668 4166 qui
2700 4095 2991 4162 invocant,
3025 4099 3082 4150 et
3109 4094 3415 4151 utilitatem
3447 4111 3650 4151 eorum

2006 4185 2105 4256 qui
2146 4186 2342 4240 vident
2371 4190 2428 4240 et
2457 4185 2726 4249 audiunt,
2759 4184 3130 4239 conceditur:
3167 4188 3231 4238 ut
3283 4182 3421 4239 licet
3466 4182 3652 4240 homi-

2005 4291 2108 4330 nes
2141 4273 2468 4346 despiciant
2498 4273 2668 4346 signa
2698 4272 2998 4342 facientes,
3033 4277 3232 4328 tamen
3268 4273 3449 4328 Deum
3466 4272 3649 4330 hono-

2006 4368 2154 4430 rent,
2180 4364 2251 4418 ad
2286 4363 2456 4432 cujus
2487 4362 2914 4417 invocationem
2965 4362 3116 4417 ﬁunt
3143 4365 3318 4431 tanta
3348 4361 3651 4429 miracula,

2005 4452 2150 4506 Nam
2183 4459 2239 4506 et
2269 4451 2407 4506 Saul
2442 4454 2490 4520 (Ι
2513 4453 2634 4522 Reg.
2689 4468 2747 4516 x,
2792 4452 2828 4504 2
2869 4451 3030 4523 seq.),
3089 4454 3146 4505 et
3203 4449 3436 4506 Balaam
3469 4451 3651 4522 (Num.

243 4539 426 4629 (Deut.
466 4556 644 4609 χχχιι,
673 4542 798 4611 51);
835 4547 892 4598 et
950 4543 1152 4611 David,
1211 4544 1349 4600 Uria
1406 4545 1727 4610 interfecto,
1761 4561 1892 4599 cum
1927 4565 1974 4629 D
2007 4557 2158 4604 xx1v,
2193 4541 2301 4611 17),
2335 4545 2390 4594 et
2409 4539 2854 4611 Caiphas(Joan.
2887 4557 2966 4605 xx,
2998 4540 3090 4629 ὄρ)
3136 4539 3648 4629 prophetaverunt,

241 4625 574 4684 Bethsabee
631 4630 1007 4687 concubuerit
1061 4635 1132 4700 (II
1192 4635 1316 4704 Reg.
1377 4651 1454 4697 ιιι.
1513 4635 1645 4703 27):
1691 4635 1891 4689 Petrus

247 4732 484 4788 quoque
516 4718 574 4772 in
608 4718 886 4776 Passione
915 4722 1140 4776 Domini
1171 4724 1190 4756 ⁵
1223 4723 1472 4796 negarit,
1522 4723 1754 4778 dicens:
1787 4728 1893 4778 Ne-

247 4807 363 4859 scio
419 4806 697 4864 hominem
755 4810 968 4878 (Matth.
1026 4827 1174 4878 xxw,
1205 4813 1312 4865 72:
1376 4816 1476 4866 aut
1533 4828 1650 4882 qua
1694 4827 1892 4866 conse-

2007 4629 2332 4684 nescientes
2378 4629 2516 4700 quid
2552 4629 2848 4684 dicerent:
2883 4632 2940 4684 et
2994 4627 3222 4684 Pharao
3279 4630 3416 4695 (Gen
3444 4643 3555 4694 xu,
3590 4627 3656 4680 17

2002 4718 2138 4790 seq.)
2161 4723 2218 4773 et
2246 4717 2780 4774 Nabuchodonosor
2810 4719 2971 4788 (Dan.
3007 4735 3048 4771 ιι
3103 4717 3174 4770 29
3227 4714 3364 4785 seq.)
3405 4712 3653 4770 somniis

2005 4807 2204 4862 futura
2267 4810 2649 4878 cognoscunt.
2717 4807 2784 4862 Et
2834 4805 2893 4860 in
2960 4804 3195 4860 Actibus
3253 4801 3653 4873 apostolorum

250 4894 497 4964 quentia
522 4895 725 4952 Jethro
757 4915 920 4954 socer
942 4899 1125 4970 Moysi
1157 4899 1328 4954 arbor
1356 4898 1530 4964 mala,
1563 4898 1665 4970 qui
1696 4899 1897 4970 utique
2007 4894 2109 4950 ﬁlii
2159 4895 2350 4951 Scevae
2397 4895 2747 4951 videbantur
2800 4894 3008 4964 ejicere
3056 4890 3346 4946 daemonia
3394 4891 3532 4961 (Act.
3558 4908 3652 4948 xxx

248 4983 313 5037 in
347 4987 526 5038 Deum
588 4985 766 5040 Israel
825 5004 938 5041 non
995 4987 1268 5042 credebat
1323 4987 1547 5043 dederit
1587 4986 1895 5043 consilium

2011 4985 2096 5054 14,
2127 4984 2322 5057 seqq.).
2355 4985 2460 5039 Sed
2492 4988 2548 5039 et
2575 4984 2760 5038 Judas
2793 4979 3091 5053 apostolus
3119 4995 3254 5036 cum
3296 4980 3494 5037 animo
3519 4996 3650 5053 pro-

251 5072 438 5145 Moysi
496 5073 722 5129 bonum
779 5075 970 5146 (Exod.
1034 5094 1226 5144 vam,
1285 5079 1413 5147 24):
1471 5081 1525 5132 et
1575 5077 1786 5132 Achior
1825 5077 1898 5132 ad
2010 5073 2217 5128 ditoris
2241 5073 2427 5128 multa
2458 5073 2627 5145 signa
2664 5072 2815 5127 inter
2853 5073 3091 5126 caeteros
3121 5068 3417 5141 apostolos
3447 5068 3654 5126 fecisse

251 5161 684 5234 Holophernem
717 5163 940 5236 aliquid
973 5166 1112 5221 utile
1143 5166 1221 5222 sit
1249 5165 1480 5222 locutus
1538 5165 1750 5234 (Iudith
1781 5183 1833 5236 v,
1865 5167 1901 5220 5
2009 5165 2301 5217 narratur.

251 5253 462 5322 seqq.):
531 5256 587 5307 et
652 5252 913 5308 comicus
977 5251 1185 5308 dixerit
1247 5254 1423 5324 (quod
1490 5253 1635 5308 bene
1675 5252 1898 5307 dictum

253 5341 566 5410 Apostolus
599 5341 1056 5414 comprobavit):
1097 5342 1463 5414 Corrumpunt
1519 5357 1692 5397 mores
1738 5343 1900 5395 bonos

250 5430 729 5500 confabulationes
757 5432 1008 5502 pessima:
1040 5432 1088 5503 (I
1115 5435 1242 5489 Cor.
1277 5449 1367 5498 xv,
1392 5432 1503 5502 33).
1532 5434 1597 5484 Et
1617 5445 1748 5484 cum
1784 5446 1899 5484 non

2085 5252 2184 5306 42
2219 5254 2406 5319 (Vers.
2455 5251 2572 5321 23.)
2603 5272 2630 5298 «
2682 5249 2748 5303 Et
2794 5251 2934 5304 tunc
2984 5248 3304 5305 confitebor
3360 5245 3478 5302 illis
3515 5245 3654 5319 quia

2013 5355 2318 5411 nunquam
2375 5338 2502 5394 novi
2549 5354 2672 5393 vos.
2730 5359 2758 5386 ››
2805 5336 3114 5410 Signanter
3168 5336 3312 5393 dixit
3339 5334 3652 5406 conﬁtebor,

2014 5427 2153 5498 quia
2196 5427 2381 5482 multo
2426 5431 2558 5482 ante
2606 5430 2868 5498 tempore
2906 5427 3097 5482 dicere
3142 5423 3615 5482 dissimulaverat

325 5575 342 5608 ί
365 5573 654 5647 Yoculam
683 5573 902 5647 quidem
931 5590 1076 5630 mss.
1127 5573 1310 5630 nostri
1333 5571 1630 5647 supplent.
1666 5572 1904 5629 Leviora
1941 5571 2057 5629 alia
2084 5571 2236 5627 infra
2253 5569 2560 5642 castigant.

325 5647 340 5680 ¹
376 5645 604 5703 Raban.
615 5687 630 5716 ,
662 5645 972 5702 Dominum.
