4024 6196
327 377 402 445 si
773 359 776 364 ’
1568 367 1635 438 s.
1678 371 1991 437 ausam
2035 359 2484 438 HIERONYMI
3446 438 3451 444 ,
3662 370 3741 434 52

337 517 458 575 Non
473 515 601 571 novi
627 526 743 569 nos.
779 512 897 569 Fon
927 511 1088 569 novit
1118 509 1399 568 Dominus
1430 525 1530 565 eos
1562 507 1660 580 qui
1712 511 1975 578 pereunt.
2010 509 2065 574 Α
2096 511 2469 564 commutans
2509 507 2862 580 praedicabat
2889 505 2949 564 in
2979 502 3250 580 populos.
3291 507 3359 561 ut
3388 519 3570 576 supra
3597 486 3741 576 quo-

339 607 593 663 Observa
621 606 818 658 autem
850 613 1029 674 quare
1060 600 1348 656 addiderit
1372 617 1383 654 :
1409 602 1704 668 Nunquam
1725 598 1852 651 novi
1869 611 1981 664 vos,

338 696 386 750 si
412 695 583 766 juxta
604 695 893 764 quosdam
925 707 1130 746 omnes
1183 689 1450 744 homines
1489 687 1643 742 inter
1671 685 1985 741 rationabi-

336 783 423 840 les
455 797 685 854 semper
714 781 924 836 versati
951 783 1089 835 sunt
1120 783 1443 834 creaturas.

411 873 600 944 (Vers.
631 871 849 936 23-24.)
883 891 909 918 «
970 866 1262 924 Discedite
1308 884 1342 920 a
1389 879 1482 921 me
1533 864 1633 935 qui
1666 861 1989 935 operamini

341 961 740 1033 iniquitatem.
769 957 978 1013 Omnis
1011 973 1147 1029 ergo
1177 955 1279 1027 qui
1309 954 1472 1010 audit
1499 953 1675 1009 verba
1696 969 1826 1007 mea
1844 951 1984 1018 haec,

343 1056 400 1107 et
429 1049 567 1105 facit
595 1064 680 1117 ea,
701 1045 1126 1103 assimilabitur
1153 1045 1276 1100 viro
1309 1043 1580 1115 sapienti,
1613 1042 1712 1113 qui
1744 1041 1990 1097 aedifica-

342 1140 428 1195 vit
455 1140 697 1194 domum
729 1153 897 1193 suam
933 1151 1113 1207 supra
1159 1138 1407 1206 petram.
1449 1152 1475 1185 ‹‹
1515 1131 1639 1186 Non
1689 1130 1854 1195 dixit,
1889 1131 1993 1198 Qui

345 1230 563 1301 operati
590 1228 718 1282 estis
747 1224 1122 1295 iniquitatem,
1157 1239 1229 1278 ne
1248 1223 1545 1277 videretur
1569 1219 1771 1275 tollere
1803 1218 1991 1290 poeni-

344 1317 613 1388 tentiam,
648 1315 748 1371 sed
789 1315 885 1386 qui
913 1313 1255 1384 operamini,
1291 1310 1399 1366 hoc
1429 1313 1537 1377 est,
1571 1309 1671 1380 qui
1715 1322 1900 1379 usque
1932 1307 1991 1362 in

347 1408 692 1478 praesentem
720 1403 947 1469 horam,
993 1418 1127 1457 cum
1162 1399 1372 1471 judicii
1405 1403 1639 1468 tempus
1670 1394 1989 1462 advenerit,

346 1494 483 1551 licet
530 1500 646 1550 nan
695 1492 960 1548 habeatis
1023 1489 1358 1545 facultatem
1430 1486 1729 1559 peccandi,
1795 1489 1991 1539 tamen

349 1585 540 1640 adhuc
570 1582 800 1638 habetis
831 1582 1124 1636 affectum.

399 1676 608 1742 -(Vers.
657 1671 746 1724 25.
805 1688 832 1721 (ι
883 1669 954 1723 Et
997 1665 1297 1723 descendit
1339 1664 1558 1737 pluvia,
1611 1667 1668 1719 et
1713 1664 1996 1718 venerunt

349 1760 615 1829 ﬂumina,
647 1765 701 1813 et
723 1758 1009 1812 ﬂeverunt
1033 1756 1187 1810 venti
1219 1773 1231 1810 :
1256 1759 1314 1810 et
1343 1755 1644 1809 irruerunt
1668 1752 1726 1807 in
1753 1753 1992 1807 domum

348 1848 534 1915 illam,
568 1852 626 1902 et
675 1863 792 1901 non
839 1845 1070 1901 cecidit.
1103 1865 1128 1895 η
1185 1843 1386 1898 Pluvia
1435 1843 1548 1898 ista
1596 1859 1722 1913 quae
1753 1842 1992 1896 domum

349 1937 683 1993 subvertere
715 1935 942 2002 nititur,
996 1933 1266 1989 diabolus
1315 1936 1424 1988 est.
1468 1930 1759 1997 Flumina,
1793 1945 1998 1985 omnes

348 2024 762 2090 Antichristi‘,
793 2025 893 2096 qui
939 2027 1143 2079 contra
1186 2021 1482 2078 Christum
1529 2020 1785 2091 sapiunt.
1829 2017 1999 2074 Venti

353 2113 690 2188 spiritualia
721 2115 825 2184 [AL
887 2111 1203 2184 spiritales]
1251 2111 1523 2184 nequitiae
1577 2109 1635 2165 in
1664 2107 1999 2165 coelestibus

351 2203 566 2277 (Ephes.
600 2202 699 2261 v1).

397 2294 607 2364 '(Vers.
637 2291 752 2362 26.)
785 2312 814 2340 «
851 2290 1116 2345 Fundata
1146 2288 1302 2344 enim
1349 2291 1474 2344 erat
1527 2302 1705 2358 supra
1751 2289 1996 2357 petram.

348 2383 419 2438 Et
448 2381 640 2437 omnis
672 2379 772 2451 qui
807 2379 972 2435 audit
999 2377 1175 2433 verba
1223 2393 1354 2433 mea
1398 2377 1539 2447 haec,
1601 2381 1657 2431 et
1701 2391 1818 2430 non
1865 2375 2000 2430 facit

349 2487 436 2538 ea,
472 2469 687 2526 similis
723 2469 834 2524 erit
881 2468 1004 2524 viro
1053 2466 1256 2522 stulto.
1291 2486 1315 2517 η
1357 2467 1545 2538 Super
1593 2464 1745 2519 hanc
1777 2471 1998 2534 petram

349 2558 638 2616 Dominus
676 2557 945 2612 fundavit
982 2556 1302 2612 Ecclesiam
1353 2554 1565 2628 (Matth.
1612 2569 1727 2622 xvr,
1767 2555 1892 2621 18):
1926 2554 1998 2608 ab

349 2648 461 2704 hac
509 2651 676 2720 petra
713 2646 1015 2719 apostolus
1067 2649 1276 2701 Petrus
1341 2645 1581 2700 sortitus
1647 2647 1736 2700 est
1788 2657 1998 2698 nomen

352 2737 557 2811 (Ibid)
588 2740 773 2808 Super
803 2733 1212 2806 hujuscemodi
1242 2737 1466 2805 petram
1516 2750 1631 2788 non
1685 2730 1998 2787 inveniun-

351 2831 454 2882 tur
479 2825 765 2898 serpentis
807 2823 1055 2900 vestigia
1103 2825 1269 2894 (Prov
1323 2840 1452 2887 xxx,
1505 2821 1616 2894 19.)
1668 2826 1745 2877 De
1791 2821 1900 2876 hac
1946 2825 2002 2876 et

357 2914 640 2986 propheta
683 2912 955 2985 loquitur
1013 2912 1408 2967 confidenter:
1460 2911 1663 2966 Statuit
1708 2925 1870 2982 super
1897 2913 2000 2980 τρε-

355 3005 498 3056 tram
517 3000 675 3072 pedes
704 3014 854 3055 meos
883 2999 1054 3068 (Psal.
1106 3015 1299 3063 xxxrx,
1347 2999 1424 3070 3).
1481 2999 1549 3052 Et
1595 2998 1653 3052 in
1688 2997 1798 3053 alio
1840 2997 1998 3053 loco:

353 3093 523 3146 Petra
552 3091 830 3159 refugium
859 3089 1162 3158 leporibus,
1195 3087 1318 3143 sive
1341 3087 1644 3142 heri-naciis
1675 3088 1843 3158 (Psal.
1879 3103 2000 3152 cm,

357 3179 468 3249 18).
501 3176 800 3232 Timidum
832 3176 986 3230 enim
1021 3176 1238 3232 animal
1269 3177 1329 3231 in
1389 3181 1564 3249 petrae
1621 3193 1898 3232 cavernas
1937 3191 1999 3231 se

2097 611 2210 666 que
2267 596 2518 670 legimus
2563 616 2574 654 :
2637 600 2852 654 Dictum
2909 600 2986 654 est
3030 597 3328 669 antiquis:

2099 683 2217 740 dico
2240 687 2392 742 vobis
2412 688 2639 758 (Matth.
2662 704 2718 754 v,
2743 689 2835 753 21,
2865 688 2977 758 22).

2171 774 2330 845 (Cap.
2366 775 2513 830 VIII.
2559 806 2625 816 -—
2656 776 2813 832 Vers.
2853 775 3003 848 1,2.)
3040 796 3062 824 ι
3093 774 3235 830 Cum
3276 776 3471 828 autem
3502 774 3746 829 descen-

2101 861 2285 917 disset
2312 863 2487 919 Jesus
2539 866 2612 920 de
2671 869 2889 933 monte,
2944 867 3153 920 secutis
3213 866 3353 918 sunt
3395 878 3529 917 eum
3559 863 3747 920 turba

2098 951 2317 1018 multae,
2352 957 2410 1008 et
2465 969 2596 1009 ecce
2652 953 2920 1026 leprosus
2969 951 3206 1007 veniens
3269 949 3551 1005 adorabat
3580 966 3741 1020 eum,

2097 1039 2316 1096 dicens.
2347 1063 2375 1090 »
2441 1042 2520 1098 De
2586 1048 2784 1098 monte
2851 1041 3098 1098 Domino
3175 1039 3581 1110 descendente,
3651 1057 3749 1096 oc-

2098 1134 2340 1185 currunt
2387 1133 2594 1197 turbae,
2646 1131 2785 1204 quia
2841 1131 2913 1187 ad
2975 1128 3184 1186 altiora
3256 1127 3570 1184 ascendere
3628 1146 3750 1186 non

2096 1216 2426 1274 valuerunt.
2459 1223 2526 1274 Et
2580 1219 2808 1292 primus
2861 1221 2912 1275 ei
2973 1217 3229 1274 occurrit
3276 1215 3566 1289 leprosus.
3599 1217 3751 1274 Nec-

2099 1307 2243 1361 dum
2302 1309 2459 1362 enim
2516 1311 2746 1381 poterat
2804 1324 2938 1362 cum
2979 1306 3142 1378 lepra
3186 1310 3306 1361 tam
3364 1305 3750 1378 multiplicem

2099 1394 2159 1450 in
2179 1400 2374 1452 monte
2389 1397 2705 1453 Salvatoris
2723 1397 2925 1452 audire
2947 1411 3297 1452 sermonem.
3325 1398 3395 1450 Et
3426 1397 3751 1452 notandum

3404 596 3510 666 Ego
3559 599 3744 652 autem

2101 1486 2256 1557 quod
2285 1485 2380 1540 hic
2411 1487 2638 1557 primus
2664 1485 2995 1558 specialiter
3023 1487 3264 1540 curatus
3318 1483 3394 1540 sit
3421 1501 3433 1538 :
3468 1486 3749 1554 secundo,
3852 1476 3858 1481 ’

2102 1590 2247 1645 puer
2317 1575 2723 1631 Centurionis:
2778 1574 2948 1631 tertio
2992 1590 3202 1629 socrus
3258 1572 3431 1640 Petri,
3495 1573 3752 1630 febriens

2102 1663 2208 1735 (At.
2245 1663 2605 1735 febricitans]
2638 1665 2695 1719 in
2728 1663 3139 1736 Capharnaum
3169 1680 3183 1717 :
3213 1665 3420 1734 quarto
3467 1661 3617 1729 loco,
3648 1663 3752 1736 qui

2103 1751 2283 1808 oblati
2304 1758 2444 1808 sunt
2473 1754 2523 1808 ei
2558 1770 2590 1808 a
2620 1753 2906 1808 daemonio
2936 1752 3144 1818 vexati,
3208 1767 3459 1822 quorum
3510 1752 3755 1823 spiritus

2102 1842 2277 1898 verbo
2327 1841 2612 1912 ejiciebat,
2665 1843 2900 1913 quando
2986 1855 3191 1895 omnes
3248 1839 3400 1894 male
3473 1839 3756 1897 habentes

2108 1931 2350 1986 curavit.
2383 1930 2447 1986 Et
2475 1946 2591 1987 ecce
2621 1932 2865 1999 leprosus
2910 1931 3139 1984 veniens
3194 1928 3460 1984 adorabat
3495 1945 3642 1998 eum,
3675 1929 3760 1986 di-

2107 2035 2248 2076 cens.
2285 2019 2460 2076 Recte
2507 2024 2640 2091 post
2695 2017 3166 2091 praedicationem
3207 2021 3380 2089 atque
3430 2018 3758 2074 doctrinam

2109 2108 2263 2180 signi
2296 2109 2534 2164 oﬂ'ertur
2564 2107 2828 2164 occasio:
2881 2112 2946 2162 ut
2994 2123 3099 2178 per
3144 2105 3420 2162 virtutem
3471 2107 3760 2164 miracula

2108 2198 2216 2268 [AL
2246 2197 2522 2252 virtutem
2555 2195 2865 2268 miraculi],
2908 2195 3238 2268 praeteritus
3269 2196 3423 2268 apud
3449 2196 3761 2254 audientes

2110 2302 2301 2341 sermo
2331 2287 2620 2341 ﬁrmetur.
2648 2308 2677 2336 «
2701 2285 2968 2354 Domine,
2999 2283 3047 2338 si
3080 2282 3184 2350 vis,
3239 2288 3403 2356 potes
3454 2301 3546 2341 me
3579 2301 3752 2342 mun-

2111 2374 2270 2429 dare.
2288 2397 2314 2423 »
2330 2374 2437 2438 Qui
2453 2374 2809 2430 voluntatem
2833 2373 3097 2444 rogat,de
3113 2371 3326 2428 virtute
3352 2389 3468 2430 non
3500 2375 3751 2430 dubitat.

2181 2464 2368 2534 (Vers.
2399 2462 2478 2533 3.)
2511 2485 2539 2512 «
2571 2463 2640 2518 Et
2668 2462 2984 2518 extendens
3012 2460 3187 2515 Jesus
3246 2478 3510 2530 manum,
3561 2463 3753 2536 tetigit

2109 2568 2266 2622 eum,
2296 2552 2493 2607 dicens
2517 2570 2529 2608 :
2553 2550 2714 2621 Volo,
2745 2552 3050 2607 mundare.
3112 2552 3181 2606 Et
3237 2552 3544 2608 confestim
3583 2569 3758 2607 mun-

2110 2641 2246 2696 data
2275 2644 2363 2696 est
2392 2640 2552 2712 lepra
2583 2642 2730 2712 ejus.
2766 2663 2793 2690 »
2854 2642 3210 2698 Extendente
3268 2657 3507 2697 manum
3559 2641 3755 2697 Domi-

2111 2747 2205 2796 no,
2237 2730 2435 2785 statim
2469 2729 2628 2802 lepra
2658 2730 2824 2804 fugit.
2875 2732 3182 2804 Simulque
3241 2731 3549 2788 considera
3578 2749 3757 2804 quam

2110 2818 2354 2874 humilis
2385 2819 2578 2874 etsine
2601 2820 2886 2891 jactantia
2929 2820 3254 2892 responsio.
3297 2820 3399 2876 Ille
3431 2821 3675 2889 dixerat,
3708 2822 3762 2877 si

2109 2910 2224 2963 vis:
2289 2908 2572 2963 Dominus
2631 2909 2950 2981 respondit,
3009 2911 3146 2966 volo.
3206 2909 3310 2966 Ille
3373 2910 3759 2981 praemiserat,

2106 3006 2268 3070 potes
2299 3014 2388 3053 me
2405 2998 2712 3053 mundare:
2746 2997 3028 3055 Dominus
3052 2999 3270 3072 jungit,
3303 3003 3358 3054 et
3409 2998 3566 3065 dicit,
3593 3014 3758 3053 mun-

2111 3086 2261 3142 dare.
2312 3087 2437 3142 Non
2483 3103 2619 3159 ergo
2685 3090 2750 3141 ut
2805 3087 3070 3160 plerique
3124 3088 3460 3144 Latinorum
3524 3092 3753 3159 putant,

2120 3176 2492 3248 jungendum
2541 3180 2650 3244 est,
2686 3180 2741 3232 et
2789 3176 3102 3248 legendum
3146 3178 3264 3233 volo
3321 3177 3630 3232 mundare:
3664 3177 3764 3231 sed

357 3265 600 3337 recipit;
632 3269 690 3319 et
719 3265 871 3319 cutis
902 3280 1108 3336 aspera
1137 3269 1194 3319 et
1221 3269 1344 3321 tota
1374 3269 1598 3320 armata
1619 3265 1854 3337 jaculis,
1897 3264 2001 3320 tali
2032 3253 2074 3320 C
2116 3264 2451 3335 separatim,
2486 3270 2551 3319 ut
2583 3265 2842 3336 primum
2902 3267 3076 3335 dicat,
3134 3265 3300 3328 volo;
3333 3267 3542 3322 deinde
3574 3265 3757 3337 impe-

357 3372 419 3410 se
449 3353 806 3427 protectione
847 3356 1098 3408 tutatur.
1152 3353 1313 3408 Unde
1363 3359 1420 3408 et
1457 3353 1638 3423 Moysi
1691 3353 1908 3408 dicitur
1935 3369 2001 3408 eo

359 3447 620 3515 tempore
661 3459 779 3513 quo
830 3441 899 3496 de
947 3442 1190 3514 )Egypto
1243 3443 1492 3514 fugerat,
1553 3445 1610 3496 et
1664 3440 2003 3513 lepusculus

356 3531 592 3588 Domini
623 3535 747 3587 erat
777 3548 790 3586 :
825 3532 920 3585 ςια
949 3533 1009 3585 in
1037 3532 1314 3602 foramine
1362 3535 1556 3598 petrae,
1606 3540 1660 3586 et
1693 3532 2006 3602 posteriora

355 3635 480 3676 mea
507 3619 714 3675 videbis
745 3619 939 3690 (Exod.
971 3633 1170 3686 XXXIII,
1201 3619 1434 3691 22,23).

430 3707 615 3780 (Vers.
663 3708 880 3779 26-28.)
938 3729 966 3760 α
1009 3708 1118 3772 Qui
1169 3707 1475 3764 aediﬁcavit
1543 3709 1784 3765 domum
1835 3724 2004 3763 suam

360 3813 540 3870 super
569 3813 850 3854 arenam:
899 3801 957 3853 et
1004 3798 1306 3854 descendit
1355 3797 1572 3869 pluvia,
1622 3802 1678 3852 et
1724 3801 2009 3852 venerunt

361 3886 628 3954 ﬂumina,
663 3891 718 3942 et
740 3886 1027 3943 {laverunt
1046 3887 1226 3953 venti,
1266 3893 1323 3942 et
1349 3886 1647 3942 irruerunt
1681 3885 1742 3941 in
1764 3887 2005 3942 domum

360 3975 547 4043 illam,
597 3978 654 4031 et
709 3975 951 4031 recidit:
994 3979 1051 4032 et
1107 3976 1218 4031 fuit
1264 3975 1436 4032 ruina
1482 3979 1609 4048 ejus
1656 3991 1889 4048 magna.
1942 3976 2008 4031 Et

364 4067 583 4122 factum
606 4069 696 4122 est
741 4081 875 4121 cum
929 4069 1397 4121 consummasset
1443 4066 1615 4122 Jesus
1661 4066 1839 4121 verba
1866 4065 2005 4135 haec;

365 4154 816 4211 admirabantur
833 4155 1020 4210 turbae
1046 4169 1226 4227 super
1245 4154 1508 4210 doctrina
1528 4156 1673 4224 ejus.
1707 4173 1734 4205 ι
1774 4155 2009 4210 Funda-

365 4249 637 4300 mentum
667 4244 824 4315 quod
846 4243 1160 4316 Apostolus
1200 4243 1552 4299 architectus
1584 4243 1780 4315 posuit
1807 4245 1847 4313 (ι
1882 4243 2006 4299 Cor.

368 4349 452 4400 Ill,
487 4332 601 4402 10),
630 4349 787 4388 unus
816 4335 920 4400 [Αι.
957 4332 1164 4407 unum]
1221 4338 1309 4390 est
1353 4333 1638 4389 Dominus
1685 4337 1882 4389 noster
1916 4333 2011 4389 Je-

367 4433 471 4476 sus
495 4419 784 4476 Christus.
818 4422 1008 4494 Super
1054 4422 1162 4477 hoc
1219 4421 1668 4478 fundamentum
1718 4421 1924 4478 stabile
1954 4426 2011 4477 et

369 4509 630 4578 ﬁrmum,
700 4515 759 4566 et
823 4527 926 4582 per
1009 4527 1071 4566 se
1145 4511 1387 4566 robusta
1449 4509 1605 4566 mole
1678 4511 2009 4578 fundatum,

372 4597 695 4654 aad-ificatur
742 4598 957 4654 Christi
1009 4598 1284 4656 Ecclesia.
1353 4601 1540 4672 Super
1611 4616 1847 4656 arenam
1912 4599 2011 4655 48
2045 4621 2090 4687 D

368 4703 502 4743 vero
531 4703 670 4758 quae
719 4687 904 4742 ﬂuida
950 4691 1058 4755 est,
1110 4691 1167 4743 et
1214 4687 1608 4760 coagmentari
1658 4703 1774 4742 non
1804 4691 2013 4758 potest,

371 4792 476 4832 nec
505 4776 566 4831 in
598 4791 778 4832 unam
815 4776 1086 4848 copulam
1123 4776 1329 4849 redigi,
1377 4777 1568 4832 omnis
1612 4776 2015 4832 haereticorum

359 4871 565 4919 sermo
591 4865 662 4919 ad
693 4865 802 4920 hoc
827 4864 1166 4933 mdiﬁcatur,
1199 4869 1266 4920 ut
1293 4870 1544 4921 corruat.

447 4952 634 5020 (Vers.
664 4954 780 5020 29.)
818 4973 845 5006 α
892 4953 1028 5010 Erat
1065 4954 1222 5010 enim
1270 4954 1482 5010 docens
1531 4969 1629 5010 eos
1670 4953 1825 5009 sicut
1864 4956 2020 5024 pote-

377 5044 590 5097 statem
622 5041 866 5107 habens,
899 5044 1086 5113 etznon
1110 5043 1263 5099 sicut
1299 5043 1511 5099 Scriba;
1551 5049 1608 5098 et
1655 5042 1954 5098 Pharisaei.
1988 5065 2016 5092 »

380 5129 464 5186 Illi
497 5131 654 5186 enim
685 5146 753 5187 ea
774 5133 1061 5188 docebant
1082 5132 1348 5205 populos,
1373 5150 1501 5205 qua:
1534 5132 1753 5204 scripta
1782 5137 1920 5187 sunt
1959 5132 2018 5186 in

377 5219 575 5293 Moyse
603 5224 659 5276 et
678 5221 1004 5293 Prophetis.
1035 5221 1210 5278 Jesus
1248 5238 1403 5290 vero,
1440 5221 1609 5293 quasi
1640 5221 1794 5277 Deus
1825 5225 1881 5276 et
1906 5220 2017 5276 Do-

379 5307 579 5364 minus
610 5309 796 5381 ipsius
829 5310 1033 5382 Moysi,
1084 5327 1187 5382 pro
1233 5310 1498 5366 libertate
1542 5310 1861 5365 voluntatis
1900 5325 2020 5365 suae

377 5397 464 5453 vel
498 5413 566 5453 ea
595 5414 724 5470 qua;
755 5399 954 5455 minus
977 5399 1328 5456 videbantur
1351 5399 1602 5456 addebat
1645 5399 1705 5455 in
1736 5399 1896 5471 lege:
1930 5397 2019 5454 vel

447 5633 462 5666 ¹
497 5631 728 5704 Vulgati
759 5636 929 5689 antea
952 5632 1108 5698 libri,
1147 5633 1386 5705 ﬂumina
1432 5633 1760 5690 Antichristi
1799 5633 2021 5705 absque

376 5719 584 5774 omnes,
618 5703 796 5776 quam
827 5719 1028 5761 vocem
1060 5718 1203 5758 mss.
1239 5703 1613 5760 interserunt.

2113 3357 2278 3407 trans
2309 3352 2482 3423 dicat,
2507 3353 2777 3410 mundare
2805 3353 2914 3424 (Al.
2950 3357 3187 3425 imperet
3211 3355 3524 3423 mundare).

2185 3441 2372 3512 (Vers.
2405 3442 2483 3513 4.)
2517 3465 2545 3492 ‹‹
2579 3443 2646 3497 Et
2675 3444 2755 3499 ait
2781 3447 2992 3498 Jesus:
3026 3443 3170 3499 Vide
3201 3443 3424 3498 nemini
3457 3443 3693 3498 dixeris.
3731 3465 3754 3494 ι

2116 3531 2184 3586 Et
2213 3545 2413 3586 revera
2441 3531 2581 3602 quid
2610 3538 2733 3588 erat
2780 3549 3016 3588 necesse
3067 3537 3133 3586 ut
3180 3547 3449 3587 sermone
3485 3531 3758 3602 jactaret,

2120 3619 2274 3690 quod
2294 3635 2533 3690 corpore
2575 3621 3065 3692 praeferebat?44
3097 3642 3126 3670 «
3167 3621 3274 3676 Sed
3319 3621 3484 3686 vade,
3521 3620 3761 3676 ostende

2114 3711 2170 3763 te
2201 3709 2629 3765 sacerdotibus:
2692 3713 2749 3764 et
2803 3708 2945 3764 offer
3002 3726 3220 3765 munus
3281 3711 3437 3781 quod
3488 3709 3764 3782 praecepit

2117 3797 2344 3869 Moyses
2370 3797 2428 3853 in
2461 3797 2864 3853 testimonium
2920 3797 3118 3853 illis.»
3182 3798 3389 3854 Varias
3447 3799 3520 3854 ob
3551 3815 3763 3854 causas

2117 3886 2296 3941 mittit
2313 3887 2383 3942 ad
2407 3887 2755 3943 sacerdotes.
2781 3886 3067 3958 Primum,
3087 3892 3324 3960 propter
3341 3887 3761 3954 humilitatem,

2120 3979 2182 4030 ut
2213 3975 2615 4032 sacerdotibus
2647 3977 2869 4032 deferre
2925 3976 3208 4034 honorem
3263 3977 3587 4033 videatur'.
3628 3977 3765 4032 Erat

2117 4064 2274 4120 enim
2308 4064 2432 4136 lege
2462 4071 2837 4136 praeceptum,
2871 4069 2936 4120 ut
2983 4065 3084 4136 qui
3145 4066 3410 4122 mundati
3469 4067 3701 4122 fuerant
3729 4083 3765 4120 a

2120 4151 2281 4224 lepra
2310 4152 2582 4207 offerrent
2631 4169 2877 4208 munera
2932 4153 3357 4209 sacerdotibus.
3418 4154 3657 4222 Deinde,
3699 4156 3765 4208 ut

2122 4241 2472 4296 mandatum
2504 4240 2767 4296 videntes
2816 4240 3135 4312 leprosum,
3176 4247 3279 4298 aut
3317 4242 3620 4299 crederent
3638 4241 3764 4299 Sal-

2118 4330 2322 4396 vatori,
2351 4334 2451 4386 aut
2494 4347 2611 4386 non
2660 4331 2979 4387 crederent.
3013 4331 3071 4386 Si
3105 4333 3426 4402 crederent,
3473 4332 3762 4389 salvaren-

2119 4424 2256 4474 tur:
2291 4418 2339 4475 si
2398 4436 2511 4475 non
2571 4421 2902 4491 crederent,
2961 4420 3387 4477 inexcusabiles
3447 4422 3656 4477 forent.
3693 4420 3764 4476 Et

2123 4507 2298 4563 simul
2329 4524 2402 4563 ne
2459 4509 2614 4580 quod
2673 4508 2730 4563 in
2787 4525 2854 4564 eo
2911 4509 3238 4581 saapissime
3277 4507 3766 4578 criminabantur,

2121 4597 2308 4671 legem
2339 4597 2636 4653 videretur
2663 4597 3001 4670 infringere.

2196 4685 2381 4756 (Vers.
2407 4686 2544 4757 5-8.)
2571 4709 2592 4736 ι
2628 4686 2890 4742 Accessit
2922 4688 2992 4742 ad
3044 4704 3179 4744 eum
3232 4690 3515 4761 centurio,
3557 4705 3770 4762 rogans

2126 4791 2259 4831 eum
2321 4779 2377 4830 et
2427 4775 2657 4832 dicens:
2685 4774 2948 4842 Domine,
2973 4791 3118 4847 puer
3138 4791 3306 4833 meus
3320 4777 3479 4848 jacet
3505 4777 3565 4831 in
3597 4778 3770 4833 domo

2127 4864 2505 4937 paralyticus,
2539 4868 2597 4919 et
2629 4863 2779 4919 male
2807 4868 3132 4936 torquetur.
3187 4869 3255 4918 Et
3308 4865 3389 4920 ait
3432 4864 3518 4919 illi
3553 4864 3770 4922 Jesus:

2129 4954 2244 5026 Ego
2266 4952 2519 5018 veniam,
2555 4957 2612 5008 et
2655 4953 2868 5007 curabo
2920 4966 3054 5008 eum
3071 4953 3112 5008 ³.
3146 4953 3214 5008 Et
3244 4953 3604 5026 respondens
3636 4970 3770 5010 cen-

2128 5044 2301 5108 turio,
2334 5042 2454 5096 ait:
2480 5041 2745 5107 Domine,
2770 5056 2884 5095 non
2935 5057 3066 5097 sum
3116 5041 3330 5114 dignus
3354 5046 3418 5098 ut
3449 5042 3630 5098 intres
3659 5042 3772 5097 sub

2129 5135 2345 5186 tectum
2371 5145 2563 5184 meum
2589 5151 2608 5196 ,-
2632 5129 2732 5185 sed
2754 5133 2985 5185 tantum
3014 5127 3106 5185 dic
3155 5130 3350 5196 verbo,
3397 5135 3453 5185 et
3469 5129 3775 5186 sanabitur

2130 5237 2275 5293 puer
2297 5235 2484 5275 meus.
2511 5241 2533 5271 ι
2563 5218 2688 5275 Non
2713 5219 2993 5275 debemus
3007 5219 3304 5288 jactantia:
3318 5217 3771 5292 arguereDomi-

2131 5327 2296 5378 num,
2330 5310 2469 5382 quia
2497 5309 2698 5364 statim
2752 5325 2813 5363 se
2872 5307 3093 5362 iturum
3154 5312 3211 5364 et
3259 5311 3604 5364 sanaturum
3643 5319 3775 5365 esse

2131 5399 2440 5473 promittit,
2462 5398 2666 5455 videns
2689 5395 3049 5453 centurionis
3108 5397 3305 5474 fidem,
3347 5395 3772 5467 humilitatem,

2201 5631 2352 5703 ’Ess.
2382 5625 2652 5697 Palatini,
2685 5627 3054 5703 deferre‘vid”
3087 5602 3309 5703 absque
3335 5627 3627 5688 honorem.

2201 5703 2222 5736 ³
2251 5701 2430 5758 Iidem
2463 5715 2631 5766 mss.,
2670 5715 2723 5756 es
2754 5699 2958 5757 sanabo
2987 5716 3132 5758 eum.
