4024 6196
275 365 360 430 53
805 359 1331 427 COMMENTAR.
1378 361 1457 424 IN
1501 360 1657 425 EVA
1669 358 1946 424 NGELIU

2066 359 2448 424 ΜΑΤἸἫᾹΞῙ
2496 358 2645 424 LIB.
2689 362 2738 424 1.
2785 360 2958 423 CAP.
3002 359 3169 425 VIII.
3630 359 3709 424 54

275 501 333 558 et
367 495 768 572 prudentiam.
796 496 1014 567 Fidem,
1041 496 1098 550 in
1131 514 1197 552 eo
1221 497 1376 569 quod
1399 496 1645 552 credidit
1670 515 1735 552 cx
1758 496 1939 566 genti-
1969 505 2020 560 Α
2052 497 2348 552 confertur
2379 515 2411 552 a
2446 497 2708 566 Domino,
2742 498 2931 552 totum
2956 493 3133 549 simul
3163 492 3372 563 reddit,
3406 509 3513 556 nec
3542 495 3704 553 sufﬁ-

277 590 388 645 bus
421 585 812 660 paralyticum
845 605 878 641 a
924 585 1215 642 Salvatore
1261 603 1432 658 posse
1483 587 1698 641 sanari.
1737 586 1942 640 Humi-

280 677 530 744 litatem,
563 676 721 748 quod
756 692 819 730 se
841 675 1131 746 judicavit.
1154 675 1487 747 indignum,
1521 676 1689 746 cujus
1723 680 1940 729 tectum

281 768 564 823 Dominus
598 766 864 820 intraret.
891 765 1292 831 Prudentiam,
1319 766 1474 838 quod
1506 766 1661 820 intra
1681 765 1942 837 corporis

278 862 516 930 tegmen
611 855 978 909 divinitatem
1063 853 1338 910 latentem
1427 855 1664 920 videret,
1750 853 1942 910 sciens

279 963 398 1002 non
431 945 491 999 id
526 943 637 999 sibi
666 945 1063 1016 profuturum,
1095 945 1250 1015 quod
1305 943 1478 1000 etiam
1522 945 1594 999 ab
1623 943 1940 998 incredulis

275 1035 636 1100 videbatur;
697 1034 792 1089 sed
839 1033 896 1088 id
946 1033 1102 1104 quod
1155 1033 1372 1088 latebat
1423 1033 1800 1089 intrinsecus.
1866 1033 1940 1087 De

276 1141 404 1197 qua
430 1123 738 1196 prudentia
764 1122 873 1177 hoc
901 1123 1085 1178 etiam
1119 1122 1200 1177 ait
1227 1141 1238 1177 :

356 1213 543 1284 (Vers.
577 1213 658 1281 9.)
695 1234 720 1261 κ
753 1211 899 1266 Nam
933 1215 989 1266 et
1014 1227 1118 1282 ego
1150 1211 1328 1266 homo
1350 1229 1482 1266 sum
1513 1211 1624 1266 sub
1656 1214 1941 1281 potestate

272 1301 393 1376 [ΑΙ.
429 1300 668 1356 additur
714 1301 1083 1369 constitutus],
1135 1300 1358 1356 habens
1403 1302 1511 1355 sub
1560 1317 1651 1355 me
1684 1300 1936 1354 milites:

274 1396 337 1448 et
369 1392 500 1446 dico
528 1389 664 1444 huic
699 1394 736 1455 ',
768 1391 933 1457 vade,
987 1395 1042 1444 et
1071 1388 1269 1444 vadit:
1323 1394 1379 1444 et
1428 1389 1544 1454 alii,
1577 1389 1727 1455 veni,
1760 1392 1816 1442 et
1846 1404 1937 1442 ve-

272 1481 408 1537 nit:
443 1484 498 1535 et
529 1496 692 1534 servo
722 1495 872 1544 meo,
907 1479 993 1533 fac
1022 1479 1150 1548 hoc,
1183 1483 1240 1533 et
1262 1478 1418 1533 facit.
1449 1502 1474 1526 ››
1506 1477 1720 1532 Volens
1752 1481 1941 1532 osten-

273 1569 420 1626 dere
453 1569 765 1624 Dominum
820 1585 1054 1640 quoque
1084 1585 1199 1622 non
1235 1585 1334 1640 per
1364 1569 1677 1622 adventum
1709 1571 1936 1622 tantum

276 1657 564 1729 corporis,
599 1656 701 1713 sed
737 1674 839 1729 per
886 1656 1226 1728 angelorum
1269 1656 1595 1712 ministeria
1627 1672 1795 1728 posse
1827 1656 1938 1710 im-

277 1745 442 1820 plere
473 1745 627 1817 quod
660 1744 852 1801 vellet.

2052 587 2129 641 cit
2157 604 2285 642 esse
2317 592 2590 642 Satanam
2615 588 2634 619 ⁴
2659 604 2672 653 ;
2701 586 2803 641 sed
2845 589 2911 640 ut
2950 581 3194 645 ἒπίταστς
3225 584 3585 642 fortitudinis
3619 587 3708 642 in-

2052 677 2296 744 dicetur,
2331 677 2600 732 additum
2631 679 2754 731 est:
2789 698 2816 724 ‹‹
2852 675 2917 729 Et
2939 673 3208 744 surrexit,
3241 677 3298 730 et
3327 674 3702 734 ministrabat

2051 767 2155 823 eis.
2194 790 2222 816 »
2258 766 2363 822 Illa
2392 783 2605 822 manus
2636 764 3026 830 ministrabat,
3059 780 3187 834 quae
3225 766 3283 818 et
3309 766 3464 820 tacta
3488 765 3695 834 fuerat,

2050 862 2106 912 et
2136 843 2361 911 sanata.

2119 949 2306 1013 (Vers.
2343 946 2553 1016 16-18.)
2590 967 2611 993 α
2646 945 2898 1016 Vespere
2929 946 3124 998 autem
3151 942 3323 1010 facto,
3357 941 3703 1001 obtulerunt

2049 1035 2100 1090 ei
2135 1037 2351 1089 multos
2381 1033 2667 1090 daemonia
2699 1033 3018 1088 habentes:
3064 1037 3124 1088 et
3153 1031 3424 1104 ejiciebat
3455 1032 3699 1106 spiritus

2048 1125 2241 1189 verbo,
2275 1128 2332 1178 et
2359 1139 2563 1178 omnes
2599 1122 2750 1177 male
2792 1122 3075 1177 habentes
3105 1122 3330 1177 curavit
3375 1122 3484 1190 [AL
3519 1137 3700 1178 cura-

2049 1214 2191 1284 bat],
2228 1218 2293 1268 ut
2323 1213 2743 1285 adimpleretur
2773 1211 2926 1283 quod
2975 1211 3196 1267 dictum
3232 1216 3322 1266 est
3353 1228 3454 1283 per
3483 1212 3698 1269 Isaiam

2050 1302 2417 1374 prophetam,
2470 1302 2799 1358 dicentem:
2853 1303 2982 1373 Ipse
3038 1300 3410 1356 inﬁrmitates
3469 1305 3703 1358 nostras

2049 1392 2286 1464 accepit,
2321 1396 2379 1447 et
2428 1391 2831 1463 egrotationes
2881 1395 3111 1446 nostras
3161 1391 3430 1462 portavit.
3482 1390 3702 1448 Videas

2049 1487 2242 1537 autem
2272 1481 2445 1537 Jesus
2477 1481 2681 1536 turbas
2711 1479 2930 1536 multas
2955 1479 3175 1534 circum
3206 1496 3288 1544 se,
3313 1479 3499 1550 jussit
3527 1480 3700 1537 disci-

2049 1571 2218 1643 pulos
2252 1571 2333 1626 ire
2363 1576 2526 1625 trans
2576 1570 2809 1625 fretum.
2848 1592 2874 1618 »
2925 1569 3162 1633 Omnes,
3208 1585 3325 1624 non
3355 1585 3548 1635 mane,
3582 1587 3699 1626 non

2050 1660 2311 1725 meridie,
2363 1660 2462 1714 sed
2515 1660 2584 1715 ad
2636 1675 2938 1730 vesperam
2985 1662 3286 1725 curantur,
3337 1659 3572 1731 quando
3611 1658 3698 1714 sol

2048 1750 2422 1806 occubiturus
2478 1753 2601 1804 est:
2664 1749 2900 1820 quando
2956 1763 3208 1820 granum
3263 1747 3438 1803 tritici
3494 1750 3596 1805 40
3633 1748 3694 1804 in

357 1837 547 1907 (Vers.
585 1835 696 1906 10.)
726 1857 754 1884 ‹‹
787 1835 1043 1890 Audiens
1073 1838 1269 1890 autem
1313 1835 1507 1900 Jesus,
1551 1835 1798 1890 miratus
1829 1839 1936 1902 est,
1967 1873 2016 1937 Β
2047 1842 2201 1894 terra
2231 1838 2498 1922 moritur,
2533 1842 2600 1892 ut
2629 1836 2847 1892 multos
2892 1838 3116 1892 fructus
3145 1836 3349 1893 aﬁ‘erat
3375 1838 3559 1908 (Joan.
3591 1855 3697 1907 xu,

278 1925 343 1980 et
373 1923 762 1995 sequentibus
793 1939 855 1978 se
889 1923 1051 1978 dixit.
1090 1946 1117 1972 »
1161 1924 1405 1978 Miratus
1443 1929 1532 1980 est
1561 1926 1582 1958 ²
1612 1925 1766 1995 quod
1797 1925 1942 1979 vidit

282 2013 694 2069 centurionem
727 2029 896 2067 suam
941 2011 1262 2084 intelligere
1291 2015 1680 2083 majestatem.
1716 2013 1940 2069 Pellen-

283 2103 373 2158 daa
407 2103 568 2158 enim
599 2106 764 2162 erant
795 2101 881 2156 vel
916 2101 1290 2158 inﬁrmitates
1341 2119 1673 2174 corporum,
1715 2103 1798 2158 vel
1831 2104 1941 2157 for-

283 2191 575 2247 titudines
623 2191 925 2246 contrariae
975 2189 1191 2261 quibus
1240 2191 1414 2246 homo
1464 2193 1533 2246 ad
1583 2192 1940 2248 debilitatem

285 2296 439 2352 sape
472 2279 829 2346 conceditur,
863 2283 920 2334 et
972 2279 1146 2334 verbo
1197 2279 1451 2345 Domini,
1494 2285 1552 2335 et
1601 2280 1942 2336 ministeriis

284 2368 654 2441 angelorum.
696 2388 717 2415 α
749 2369 931 2423 Amen
960 2369 1088 2423 dico
1120 2368 1305 2439 vobis,
1339 2386 1453 2424 non
1487 2369 1677 2424 inveni
1719 2373 1941 2424 tantam

283 2457 470 2512 ﬁdem
501 2457 558 2510 in
588 2455 781 2512 Israel.
818 2479 845 2504 ››
875 2456 954 2511 De
986 2457 1370 2527 praesentibus
1401 2457 1683 2528 loquitur,
1727 2475 1841 2512 non
1872 2458 1943 2514 de

288 2546 574 2602 omnibus
605 2551 753 2600 retro
803 2545 1154 2617 patriarchis
1202 2547 1298 2601 45
1353 2553 1409 2601 et
1459 2547 1794 2619 prophetis:
1831 2547 1944 2602 nisi

287 2635 439 2690 forte
461 2635 518 2688 in
539 2634 876 2690 centurione
897 2635 1040 2690 fides
1057 2635 1324 2707 gentium
1350 2636 1706 2707 praeponitur
1724 2636 1941 2691 Israeli.

363 2722 549 2793 (Vers.
619 2724 695 2793 1.)
734 2743 756 2771 ι
791 2724 925 2778 Dico
974 2729 1168 2779 autem
1225 2725 1411 2794 vobis,
1463 2727 1616 2797 quod
1669 2725 1838 2781 multi
1872 2727 1944 2781 ab

290 2812 528 2869 Oriente
554 2817 610 2868 et
663 2812 973 2868 Occidente
1022 2813 1273 2885 venient,
1327 2818 1384 2868 et
1432 2815 1774 2870 recumbent
1811 2833 1942 2870 cum

295 2903 616 2968 Abraham,
649 2903 716 2956 Et
752 2904 930 2966 Isaac,
967 2907 1023 2958 et
1056 2903 1256 2971 Jacob,
1292 2903 1349 2958 in
1377 2896 1554 2976 regno
1585 2905 1884 2960 ccelorum.
1917 2928 1944 2954 ››

293 2991 444 3058 Quia
492 2995 644 3046 Deus
688 2991 984 3047 Abraham
1031 2991 1155 3046 caeli
1194 2993 1477 3060 conditor,
1529 2995 1696 3049 Pater
1732 2994 1946 3049 Christi

293 3085 403 3146 est,
441 3081 655 3136 idcirco
713 3080 771 3135 in
832 3096 1008 3152 regno
1060 3080 1335 3136 caelorum
1389 3086 1478 3137 est
1534 3087 1588 3136 et
1628 3083 1944 3149 Abraham,

2047 1929 2159 1999 25).

2122 2018 2305 2089 (Vers.
2342 2020 2428 2083 it),
2476 2017 2590 2086 20.)
2645 2039 2666 2065 α
2721 2016 2789 2070 Et
2818 2016 3100 2070 accedens
3151 2031 3306 2071 unus
3346 2015 3570 2078 Scriba,
3615 2013 3698 2070 ait

2051 2107 2170 2161 illi:
2208 2105 2500 2177 Magister,
2532 2122 2748 2176 sequar
2777 2108 2831 2158 te
2880 2119 3232 2176 quocunque
3269 2102 3427 2159 ieris.
3461 2104 3529 2160 Et
3555 2102 3700 2159 dicit

2051 2197 2102 2251 ei
2133 2196 2342 2251 Jesus:
2379 2194 2588 2266 Vulpes
2637 2195 2830 2249 foveas
2878 2193 3112 2258 habent,
3159 2197 3219 2248 et
3261 2191 3527 2249 volucres
3565 2190 3699 2249 coli

2054 2286 2221 2340 nidos
2248 2301 2260 2340 ε
2294 2283 2473 2339 Filius
2504 2287 2699 2339 autem
2747 2282 3005 2338 hominis
3034 2295 3148 2338 non
3188 2281 3364 2338 habet
3393 2283 3492 2338 ubi
3523 2285 3701 2355 caput

2054 2391 2226 2431 suum
2261 2373 2520 2430 reclinet.
2555 2395 2583 2424 n
2619 2373 2824 2428 Scriba
2849 2371 2958 2427 iste
3001 2370 3166 2444 legis,
3201 2371 3301 2442 qui
3344 2375 3574 2427 tantum
3604 2369 3700 2427 lit-

2054 2471 2309 2520 terarum
2345 2467 2582 2519 noverat
2613 2463 2996 2531 occidentem,
3037 2461 3087 2518 si
3119 2460 3401 2517 dixisset:
3436 2459 3699 2532 Domine,

2055 2571 2270 2626 sequar
2299 2556 2353 2608 tc
2385 2567 2739 2624 quocunque
2787 2551 2946 2616 ieris,
2980 2565 3096 2606 non
3131 2549 3340 2605 fuisset
3367 2549 3639 2622 repulsus
3669 2567 3705 2606 a

2054 2642 2338 2708 Domino;
2373 2643 2472 2697 sed
2524 2641 2664 2711 quia
2715 2640 3063 2712 magistrum
3113 2655 3299 2694 unum
3331 2640 3403 2695 de
3433 2637 3702 2712 pluribus

2055 2732 2401 2796 aestimabat,
2437 2734 2495 2785 et
2548 2730 2834 2785 litterator
2878 2732 3021 2795 erat,
3072 2728 3226 2800 quod
3271 2727 3704 2800 signiﬁcantius

2057 2821 2248 2876 Greece
2280 2819 2511 2885 dicitur,
2545 2815 2919 2892 γραμματεὺς,
2971 2821 3028 2872 et
3074 2833 3189 2872 non
3239 2815 3562 2888 epiritualis
3595 2832 3703 2872 au-

2057 2909 2244 2964 ditor:
2277 2909 2404 2964 ideo
2435 2925 2549 2963 non
2599 2907 2775 2963 habet
2818 2907 3009 2962 locum
3043 2906 3102 2960 in
3151 2922 3267 2976 quo
3311 2905 3499 2976 possit
3526 2905 3702 2962 Jesus

2057 2997 2338 3053 reclinare
2368 3001 2542 3068 caput
2572 3013 2766 3051 suum.
2814 2994 3152 3050 Ostenditur
3197 2997 3392 3048 autem
3421 2992 3614 3060 nobis,
3645 2996 3703 3048 et

2059 3087 2129 3141 ob
2162 3087 2269 3141 hoc
2291 3085 2550 3140 Scribam
2585 3083 2978 3154 repudiatum,
3003 3082 3157 3152 quod
3185 3079 3487 3152 signorum
3505 3079 3730 3138 videns

295 3185 431 3224 cum
457 3186 573 3240 quo
595 3169 946 3224 accubitum
969 3175 1109 3225 sunt
1135 3169 1422 3238 nationes,
1448 3188 1574 3242 qua:
1598 3172 1950 3226 crediderint
1991 3242 2021 3246 _
2061 3173 2552 3246 magnitudinem,
2579 3171 2746 3242 sequi
2771 3169 3019 3226 voluerit
3043 3168 3422 3235 Salvatorem,
3455 3174 3521 3224 ut
3547 3168 3714 3226 lucra

293 3259 352 3313 in
387 3257 693 3312 Christum
723 3259 932 3313 Filium
966 3259 1271 3314 Creatoris.
1325 3261 1390 3314 Et
1421 3259 1515 3314 ille
1564 3261 1780 3331 pariter
1811 3277 1947 3315 sen-
1981 3242 2023 3307 ί)
2062 3280 2129 3318 ex
2159 3242 2401 3335 operum
2452 3259 2752 3315 miraculis
2801 3262 3104 3330 quaereret,
3156 3257 3265 3313 hoc
3294 3256 3450 3313 idem
3483 3257 3712 3314 deside-

293 3365 403 3403 sus
438 3345 733 3419 impletur,
765 3347 832 3402 de
883 3365 996 3419 quo
1031 3364 1210 3419 supra
1264 3347 1540 3418 diximus,
1574 3349 1630 3402 in
1662 3350 1949 3404 centurio-

295 3436 389 3492 nis
425 3437 538 3491 ﬁde
567 3437 830 3508 gentium
855 3437 979 3491 ﬁeri
1011 3437 1452 3510 praerogativam
1482 3455 1494 3491 :
1521 3439 1662 3492 dum
1695 3440 1765 3493 ad
1790 3439 1949 3494 illius

297 3525 705 3581 credulitatem
763 3527 834 3581 de
888 3526 1118 3581 Oriente
1180 3532 1237 3581 et
1307 3527 1617 3583 Occidente
1675 3527 1950 3583 credituri

295 3615 500 3687 populi
533 3619 1089 3670 commemorantur.

373 3703 556 3774 (Vers.
591 3704 704 3775 12.)
737 3728 762 3752 α
800 3703 926 3758 Filii
980 3710 1174 3760 autem
1225 3705 1387 3777 regni
1439 3705 1746 3776 ejicientur
1773 3706 1831 3761 in
1866 3697 1948 3763 tle-

296 3793 512 3848 nebras
534 3793 872 3849 exteriores.
918 3817 938 3843 ι
978 3793 1150 3849 Filios
1181 3794 1342 3866 regni
1367 3795 1605 3851 Judzeos
1631 3797 1950 3868 significat,

297 3882 359 3936 in
394 3898 542 3953 quos
572 3886 704 3936 ante
734 3882 998 3953 regnavit
1043 3887 1214 3949 Deus;
1265 3883 1570 3953 Ejz’cientur
1614 3887 1675 3939 in
1703 3886 1952 3941 tenebras

293 3972 626 4026 exteriores.
674 3972 943 4026 Tenebrae
992 3987 1223 4043 semper
1268 3972 1572 4028 interiores
1627 3979 1783 4041 sunt,
1835 3991 1951 4030 non

295 4058 634 4115 exteriores.
668 4059 776 4114 Sed
811 4059 1088 4130 quoniam
1113 4061 1210 4132 qui
1243 4078 1276 4116 a
1301 4061 1546 4117 Domino
1580 4063 1735 4119 foras
1763 4064 1953 4136 expel-

295 4146 462 4214 litur,
499 4145 696 4203 lumen
728 4147 1044 4220 relinquit;
1099 4149 1312 4204 idcirco
1361 4152 1671 4207 exteriores
1701 4154 1950 4208 tenebrae

294 4237 614 4292 nominatae
637 4243 795 4292 sunt.
821 4260 847 4285 ‹‹
878 4237 958 4293 lbi
979 4237 1089 4292 erit
1110 4238 1278 4294 ﬂetus
1301 4243 1357 4294 et
1373 4240 1590 4295 stridor
1611 4242 1895 4296 dentium.
1923 4265 1950 4290 ››

292 4324 359 4380 Si
392 4325 564 4380 ﬂetus
594 4324 898 4381 oculorum
931 4329 1038 4398 est,
1072 4331 1128 4383 et
1157 4327 1370 4382 stridor
1399 4328 1661 4384 dentium
1696 4347 1830 4385 ossa
1859 4330 1954 4385 de-

296 4419 625 4476 monstrat:
659 4431 792 4470 vera
844 4418 932 4470 est
977 4432 1113 4487 ergo
1163 4432 1470 4487 corporum
1515 4421 1572 4472 et
1609 4419 1946 4474 eorumdem

294 4502 700 4558 membrorum
733 4521 860 4574 quae
890 4504 1219 4560 ceciderant
1248 4506 1614 4583 resurrectio.

371 4592 560 4660 (Vers.
597 4593 680 4662 14,
715 4594 826 4664 15.)
881 4616 901 4641 «ι
940 4593 1007 4648 Et
1053 4610 1186 4649 cum
1235 4595 1490 4649 venisset
1535 4594 1707 4650 Jesus
1752 4595 1808 4649 in
1841 4597 1943 4651 do-
1978 4609 2023 4673 Ι)

297 4697 466 4735 mum
497 4679 668 4747 Petri,
700 4681 844 4736 vidit
873 4699 1106 4738 socrum
1150 4684 1277 4754 ejus
1309 4684 1601 4754 jacentem
1631 4689 1687 4738 et
1719 4686 1947 4741 febrici-

297 4774 524 4824 tantem
557 4771 662 4838 [ΑΙ.
697 4770 1099 4841 febrientem]:
1135 4778 1190 4828 et
1223 4772 1412 4844 tetigit
1444 4789 1683 4828 manum
1717 4774 1866 4843 ejus,
1893 4778 1952 4829 et

299 4857 529 4913 dimisit
557 4875 685 4914 eam
724 4859 922 4915 febris.
946 4880 973 4911 ι
1010 4861 1296 4933 Tangitur
1346 4878 1558 4916 manus
1589 4861 1872 4934 mulieris,
1896 4868 1954 4918 et

301 4947 526 5001 anatis
556 4949 830 5020 cperibus
852 4949 902 5018 ei
914 4966 1000 5013 us,
1035 4953 1404 5018 peccatorum
1433 4949 1744 5005 inﬁrmitas
1778 4952 1944 5024 fugit.

297 5033 524 5092 Natura
569 5035 877 5092 hominum
929 5037 1261 5093 istiusmodi
1292 5042 1399 5104 est,
1455 5045 1519 5093 ut
1565 5045 1699 5111 post
1729 5041 1947 5096 febrem

299 5123 489 5197 magis
519 5123 844 5181 lassescant
870 5127 890 5160 ³
920 5142 1161 5197 corpora
1186 5143 1197 5180 :
1250 5131 1308 5182 et
1338 5126 1649 5199 incipiente
1700 5129 1948 5184 sanitate

298 5213 693 5286 aegrotationis
751 5214 904 5271 mala
963 5215 1235 5270 sentiant.
1286 5216 1500 5271 Verum
1551 5217 1776 5273 sanitas
1819 5236 1945 5290 qua:

352 5409 391 5489 _’
426 5409 679 5490 Rursum
732 5411 908 5468 iidem
958 5429 1124 5469 mss..
1157 5415 1289 5470 Ecce
1333 5429 1432 5483 ego
1459 5430 1584 5471 cum
1629 5417 1736 5471 sim
1763 5417 1946 5490 homo,

295 5479 422 5535 dico
451 5481 594 5549 huic,
627 5487 738 5538 etc.

372 5552 395 5584 ²
421 5551 625 5629 Verba,
658 5557 892 5629 miratus
939 5563 1033 5625 est,
1065 5571 1189 5627 qua:
1239 5556 1297 5611 in
1342 5560 1514 5612 antea
1563 5559 1816 5629 vulgatis
1847 5561 1944 5615 de-

295 5626 489 5697 erant,
514 5625 1234 5697 imperfecto,sensu,ﬁmss
1267 5629 1448 5684 nostri
1479 5625 1800 5686 sufﬁciunt.

369 5696 391 5727 ³
419 5695 704 5768 Corrupte
754 5695 1075 5769 legebatur,
1129 5700 1416 5768 lacessant,
1467 5719 1570 5772 pro
1630 5704 1945 5775 lassescant,

2057 3370 2214 3417 rans,
2249 3351 2404 3423 quod
2463 3354 2520 3406 et
2574 3351 2777 3406 Simon
2812 3348 3018 3420 Magos
3047 3365 3081 3403 a
3113 3347 3274 3402 Petro
3304 3362 3496 3402 emere
3524 3345 3715 3404 volue-

2059 3446 2150 3496 rat
2183 3443 2318 3512 (Act.
2355 3457 2476 3505 vm,
2510 3441 2616 3503 19).
2668 3436 2828 3492 Talis
2858 3452 2994 3508 ergo
3043 3436 3188 3491 ﬁdes
3231 3436 3395 3507 juste
3424 3435 3716 3492 sententia

2062 3530 2168 3601 [Αἱ.
2198 3529 2362 3598 juxta
2392 3526 2769 3594 sententiam]
2801 3523 3034 3580 Domini
3063 3524 3511 3590 condemnatur,
3545 3527 3603 3580 et
3630 3523 3718 3579 di-

2061 3618 2211 3674 citur
2235 3617 2285 3673 ei
2313 3635 2324 3672 :
2357 3617 2505 3681 Quid
2541 3632 2632 3670 me
2682 3619 2918 3686 propter
2962 3613 3195 3668 divitias
3243 3617 3301 3668 et
3325 3611 3524 3668 saeculi
3551 3611 3715 3668 lucra

2062 3707 2227 3778 cupis
2259 3706 2450 3778 sequi,
2481 3720 2614 3760 cum
2647 3707 2821 3759 tantae
2854 3702 2966 3757 sim
3001 3701 3382 3773 paupertatis,
3417 3703 3484 3758 ut
3513 3715 3586 3755 ne
3614 3699 3716 3756 hc-

2062 3795 2362 3868 spitiolum
2394 3794 2632 3866 quidem
2664 3792 2935 3856 habeam,
2959 3796 3018 3846 et
3049 3807 3164 3846 non
3196 3805 3325 3845 meo
3356 3794 3488 3844 utar
3516 3788 3711 3844 tecto?

2135 3887 2318 3958 (Vers.
2352 3885 2468 3950 21.)
2497 3904 2526 3932 ‹‹
2574 3881 2739 3936 Alius
2787 3885 2983 3936 autem
3026 3880 3098 3934 de
3129 3877 3436 3950 discipulis
3471 3877 3602 3949 ejus
3625 3877 3714 3934 ait

2061 3974 2182 4030 illi:
2218 3974 2481 4038 Domine,
2517 3971 2787 4043 permitte
2818 3986 2912 4024 me
2940 3967 3198 4041 primum
3240 3968 3342 4034 ire,
3374 3971 3430 4021 et
3462 3965 3710 4038 sepelire

2061 4069 2284 4136 patrem
2319 4078 2536 4118 meum.
2573 4082 2600 4109 »
2632 4058 2781 4123 Quid
2825 4057 3017 4113 simile
3048 4062 3139 4113 est
3179 4057 3332 4112 inter
3359 4055 3623 4112 Scribam
3650 4059 3711 4112 et

2061 4151 2416 4224 discipulum
2439 4151 2466 4206 ?
2494 4149 2594 4204 Ille
2639 4147 2989 4220 magistrum
3032 4151 3216 4212 vocat,
3268 4144 3363 4200 hic
3392 4144 3706 4201 Dominum

2061 4242 2388 4297 conﬁtetur.
2422 4238 2522 4294 Ille
2555 4243 2789 4310 propter
2823 4235 3054 4310 pietatis
3084 4233 3472 4301 occasionem,
3505 4233 3577 4290 ad
3609 4249 3706 4288 ee-

2060 4331 2393 4403 peliendum
2427 4333 2651 4401 patrem
2675 4329 2758 4382 ire
2787 4326 3118 4384 desiderat:
3145 4323 3253 4379 iste
3283 4327 3623 4379 secuturum
3644 4336 3707 4378 se

2061 4420 2320 4491 quolibet
2352 4433 2480 4474 esse
2521 4416 2826 4489 promittit,
2872 4432 2987 4471 non
3037 4411 3388 4485 magistrum
3417 4427 3706 4484 quaerens,

2059 4509 2159 4564 sed
2191 4525 2259 4564 ex
2289 4507 2570 4579 magistro
2599 4505 2851 4561 lucrum.

2128 4599 2313 4669 (Vers.
2345 4597 2459 4666 22.)
2493 4618 2521 4646 «
2551 4595 2726 4651 Jesus
2769 4599 2962 4650 autem
3011 4591 3093 4648 ait
3122 4591 3204 4646 illi
3232 4609 3246 4647 :
3298 4591 3551 4661 Sequere
3590 4603 3706 4653 me,

2059 4693 2116 4742 et
2135 4687 2365 4741 dimitte
2385 4689 2651 4740 mortuos
2672 4683 2916 4756 sepelire
2934 4685 3198 4738 mortuos
3220 4695 3377 4736 suos.
3399 4700 3428 4726 »
3446 4680 3705 4732 Mortuus

2058 4780 2165 4844 est,
2195 4776 2530 4846 quicunque
2563 4790 2676 4828 non
2709 4771 2911 4828 credit.
2953 4771 3010 4825 Si
3055 4774 3249 4825 autem
3284 4769 3582 4821 mortuum
3613 4781 3704 4820 se-

2060 4863 2198 4935 pelit
2231 4868 2516 4928 mortuus,
2542 4879 2657 4918 non
2687 4862 2971 4917 debemus
2996 4873 3197 4914 curam
3220 4854 3433 4910 habere
3453 4858 3708 4909 mortuo-

2058 4970 2211 5020 rum,
2246 4953 2346 5008 sed
2397 4953 2756 5007 viventium:
2810 4965 2881 5005 ne
2929 4949 3071 5004 dum
3116 4943 3350 5001 solliciti
3398 4959 3608 5000 sumus
3630 4943 3704 4999 de

2059 5041 2326 5109 mortuis,
2362 5059 2468 5096 nos
2498 5056 2733 5111 quoque
2763 5035 2979 5093 mortui
3010 5032 3394 5107 appellamur.

2129 5130 2294 5201 (Vers
2315 5132 2404 5199 23,
2437 5130 2555 5200 2i.)
2588 5153 2614 5178 «
2648 5130 2717 5184 Et
2745 5125 3091 5183 ascendente
3137 5140 3204 5180 eo
3254 5123 3314 5178 in
3370 5121 3698 5178 naviculam

2057 5221 2240 5275 secuti
2274 5223 2413 5276 sunt
2440 5236 2574 5276 eum
2607 5214 2875 5288 discipuli
2899 5215 3065 5286 ejus:
3101 5217 3160 5269 et
3184 5228 3315 5269 ecce
3337 5213 3533 5267 motus
3580 5225 3700 5267 ma-

2057 5434 2231 5491 quem
2264 5421 2320 5474 et
2344 5417 2522 5491 paulo
2580 5415 2849 5486 superius
2904 5426 3158 5468 errorem
3213 5424 3390 5481 penes
3427 5404 3696 5462 Martian.

2055 5490 2143 5546 em
2154 5490 2514 5545 endavimus.

2125 5563 2146 5595 ⁴
2176 5562 2298 5616 1)υο
2351 5576 2517 5614 mss..
2577 5565 2688 5612 tota
2730 5555 2898 5612 simul
2941 5553 3136 5620 reddit,
3189 5567 3288 5607 nec
3341 5549 3545 5621 sufﬁcit
3583 5557 3697 5604 esse

2055 5635 2270 5687 tantum
2298 5639 2566 5686 sanatam.
