4024 6196
321 283 401 384 ss
1209 375 1214 380 '
1565 287 1627 350 s.
1676 285 1988 351 EUSEBII
2034 283 2480 354 HIERONYMI
3663 287 3739 354 se

324 417 479 498 gnus
511 420 697 478 factus
726 423 814 477 est
844 420 901 477 in
942 417 1110 495 mari,
1135 421 1217 479 ita
1248 426 1312 479 ut
1342 421 1608 480 navicula
1647 422 1972 494 operiretur
2001 421 2051 486 Α
2084 437 2411 492 porcorum.
2446 426 2511 480 Et
2544 424 2624 481 ait
2653 423 2769 481 illis
2797 443 2810 481 :
2864 425 2962 481 Ite.
2995 424 3067 480 At
3112 422 3198 480 illi
3245 425 3546 490 exeuntes,
3578 423 3739 481 abie-

325 512 621 570 fluctibus.
657 533 684 560 »
718 512 997 578 Quintum
1030 514 1265 586 signum
1317 513 1468 579 fecit,
1503 512 1736 584 quando
1769 526 1970 566 ascen-

2082 515 2222 566 runt
2254 512 2311 566 in
2346 530 2570 585 porcos.
2606 516 2672 570 Et
2716 532 2847 571 ecce
2879 531 3090 586 magno
3137 515 3358 586 impetu
3403 513 3547 569 abiit
3577 519 3741 570 totus

324 604 470 657 dens
500 617 705 656 navem
749 602 819 657 de
862 602 1299 674 Capharnaum,
1346 601 1532 657 ventis
1581 600 1887 671 imperavit
1917 603 1974 654 et
2082 616 2217 672 grex
2241 619 2342 673 per
2359 620 2611 676 przeceps
2642 604 2701 660 in
2736 622 2915 671 mare,
2955 608 3012 660 et
3049 603 3264 659 mortui
3299 607 3438 658 sunt
3461 603 3521 657 in
3545 603 3742 675 aquis.

326 691 494 748 mari.
555 694 815 757 Sextum,
875 691 1108 761 quando
1145 691 1202 745 in
1262 691 1494 763 regione
1548 693 1971 745 Gerasenorum

325 779 486 836 dedit
516 782 863 850 potestatem
887 778 1249 832 daemonibus
1274 778 1331 831 in
1366 793 1592 844 porcos.
1627 775 1973 846 Septimum,

329 868 564 941 quando
596 870 687 922 47
740 867 1074 939 ingrediens
1117 865 1409 921 civitatem
1461 883 1652 930 suam,
1702 864 1976 936 paralyti~

330 975 465 1015 cum
498 957 819 1014 secundum
877 956 1100 1011 curavit
1150 956 1208 1011 in
1267 955 1478 1010 lectulo
1529 956 1735 1026 (Matth.
1790 971 1865 1020 1x,
1897 955 1974 1024 6).

332 1048 563 1105 Primus
621 1047 775 1102 enim
849 1044 1204 1118 paralyticus
1280 1049 1370 1100 est
1422 1061 1566 1116 puer
1622 1042 1978 1099 centurionis

336 1137 540 1210 (Matth.
575 1151 696 1203 vm,
728 1135 804 1206 6).

401 1226 564 1281 Vers.
596 1225 806 1296 25-25.)
835 1247 862 1273 «
914 1225 1043 1296 Ipse
1091 1240 1224 1279 vero
1275 1221 1619 1278 dormiebat.
1674 1222 1744 1276 Et
1783 1236 1981 1275 acces-

333 1318 539 1372 serunt
587 1315 658 1369 ad
710 1329 866 1380 eum,
918 1317 975 1368 et
1023 1312 1454 1367 suscitaverunt
1500 1327 1633 1365 eum
1685 1309 1980 1364 dicentes:

334 1403 598 1468 Domine,
650 1401 810 1458 salva
856 1419 982 1471 nos,
1033 1402 1314 1472 perimus.
1367 1401 1438 1454 Et
1485 1399 1623 1454 dicit
1663 1397 1747 1454 eis
1770 1398 1981 1454 Jesus:

339 1494 486 1558 Quid
518 1491 711 1547 timidi
737 1492 901 1556 estis,
935 1491 1175 1545 modica:
1222 1490 1352 1545 ﬁdei
1375 1490 1403 1543 ?
1437 1511 1464 1539 ››
1499 1489 1686 1559 Hujus
1717 1487 1868 1560 signi
1900 1492 1986 1560 ty-

338 1599 478 1654 pum
514 1582 571 1636 in
604 1581 752 1636 Jona
782 1580 1033 1653 legimus
1082 1579 1256 1650 (longe
1304 1596 1342 1645 ι,
1385 1579 1462 1648 5),
1507 1579 1740 1649 quando
1767 1577 1988 1633 cmteris

343 1669 832 1744 periclitantibus,
865 1669 988 1741 ipse
1019 1684 1261 1723 securus
1307 1672 1414 1737 est,
1448 1672 1506 1722 et
1536 1667 1773 1732 dormit,
1805 1671 1862 1721 et
1891 1683 1986 1721 su-

2085 689 2354 746 Pastores
2380 699 2575 748 autem
2600 694 2874 764 fugerunt
2902 711 2915 760 ;
2939 700 2996 748 et
3014 693 3312 748 venientes
3334 692 3393 746 in
3415 692 3742 762 civitatem,

2087 780 2504 837 nuntiaverunt
2528 783 2646 837 haec
2669 783 2886 849 omnia,
2912 786 2968 836 et
2991 782 3060 837 de
3092 782 3185 837 his
3209 781 3307 852 qui
3333 781 3621 838 daemonia
3645 781 3746 838 ha-

2087 868 2354 925 buerant.
2392 893 2420 920 »
2471 872 2594 926 Non
2627 871 2783 943 quod
2830 870 3184 927 concesserit
3231 869 3493 926 Salvator
3523 871 3742 926 daemo-

2089 957 2264 1014 nibus
2296 962 2449 1031 quod
2504 961 2801 1032 petebant,
2835 961 2996 1029 dixit,
3051 962 3164 1018 ite:
3197 961 3298 1015 sed
3343 964 3408 1014 ut
3439 977 3539 1031 per
3563 960 3747 1016 inter-

2090 1047 2396 1104 fectionem
2459 1066 2789 1120 porcorum,
2851 1049 3191 1104 hominibus
3252 1047 3460 1104 salutis
3518 1048 3750 1104 occasio

2091 1137 2466 1208 praeberetur.
2501 1139 2769 1193 Pastores
2818 1137 2974 1193 enim
3025 1138 3139 1193 ista
3180 1142 3504 1206 cernentes,
3549 1136 3752 1192 statim

2093 1225 2369 1281 nuntiant
2399 1226 2638 1282 civitati.
2674 1227 2993 1282 Erubescat
3043 1226 3417 1294 Manicbaaus,
3468 1226 3518 1282 si
3552 1227 3622 1282 de
3655 1243 3755 1282 ca-

2094 1314 2227 1368 dem
2272 1315 2596 1383 subtantia,
2658 1319 2714 1370 et
2767 1331 2835 1370 ex
2893 1316 3097 1370 eodem
3161 1319 3394 1371 auctore
3443 1314 3753 1371 hominum

2095 1402 2540 1476 bestiarumque
2571 1409 2710 1460 sunt
2739 1404 2971 1470 animai,
3005 1405 3298 1475 quomodo
3335 1404 3408 1460 ob
3438 1404 3614 1460 unius
3648 1404 3754 1460 bo-

2099 1491 2275 1547 minis
2303 1493 2574 1561 salutem,
2609 1495 2724 1549 duo
2755 1493 2940 1548 millia
2989 1509 3298 1564 porcorum
3344 1493 3757 1548 sufi'ocantur?

2172 1581 2356 1651 (Vers.
2392 1582 2505 1653 34.)
2539 1605 2567 1631 ‹‹
2630 1587 2700 1637 Et
2727 1599 2859 1638 ecce
2915 1587 3036 1637 tota
3092 1581 3295 1638 civitas
3343 1583 3481 1638 exiit
3523 1583 3753 1639 obviam

2099 1671 2257 1738 Jesu,
2278 1675 2334 1725 et
2357 1671 2477 1726 viso
2501 1687 2588 1740 eo,
2613 1671 2899 1742 rogabant
2919 1688 3075 1736 eum,
3102 1675 3167 1725 ut
3183 1671 3461 1727 transiret
3482 1689 3515 1726 a
3536 1671 3756 1728 finibus

343 1760 592 1816 scitatur
619 1775 630 1812 :
659 1767 716 1814 et
746 1757 986 1829 imperio
1012 1774 1078 1812 ac
1111 1761 1475 1813 sacramento
1508 1755 1840 1828 passionnis
1873 1773 1990 1810 suae
2023 1795 2070 1859 B
2101 1774 2326 1814 eorum.
2354 1781 2380 1809 ‹‹
2407 1760 2570 1825 Quod
2604 1764 2811 1831 rogant
2836 1764 2902 1814 ut
2932 1763 3194 1815 transeat
3223 1777 3258 1816 a
3288 1759 3509 1815 finibus
3529 1776 3759 1831 eorum,

343 1848 554 1905 liberat
586 1847 958 1904 suscitantes.

417 1940 596 2010 (Vers.
617 1937 732 2008 26.)
757 1956 778 1984 π
794 1939 958 1992 Tunc
971 1953 1238 2009 surgens,
1256 1935 1561 2008 imperavit
1575 1935 1762 1990 ventis
1777 1939 1834 1989 et
1847 1932 1993 1988 mari

346 2030 404 2084 et
433 2029 584 2083 facta
613 2031 702 2082 est
727 2025 1122 2098 tranquillitas
1171 2041 1404 2097 magna.
1438 2048 1466 2074 ››
1517 2025 1588 2079 Et
1618 2040 1686 2078 ex
1734 2023 1841 2078 hoc
1869 2022 1993 2078 loco

345 2115 729 2188 intelligimus
761 2116 916 2187 quod
947 2130 1152 2170 omnes
1176 2117 1451 2170 creatura:
1485 2112 1738 2169 sentiant
1765 2113 1994 2168 Creato-

346 2222 492 2262 rem.
525 2205 749 2271 Quibus
771 2203 925 2258 enim
955 2203 1288 2274 increpatur
1318 2201 1430 2272 [Αἰ.
1465 2218 1612 2274 quas
1634 2199 1993 2272 increpavit],

347 2299 404 2351 et
430 2294 646 2367 quibus
678 2293 1000 2365 imperatur
1048 2293 1152 2360 [Αἱ.
1207 2291 1555 2363 imperavit],
1595 2291 1856 2346 sentiunt
1888 2289 1996 2344 im-

348 2388 689 2457 perantem;
751 2400 864 2437 non
923 2398 1115 2437 errore
1172 2380 1597 2446 hmreticorum,
1658 2381 1758 2450 qui
1800 2378 2000 2433 omnia

349 2477 560 2546 putant
590 2471 950 2538 animantia;
987 2472 1084 2527 sed
1139 2474 1453 2540 magestate
1497 2467 1836 2536 conditoris,
1871 2483 1997 2538 qua:

349 2562 505 2634 apud
532 2577 638 2616 nos
666 2559 1032 2615 insensibilia
1064 2561 1077 2594 ¹
1105 2558 1190 2613 illi
1219 2557 1522 2614 sensibilia
1550 2562 1710 2612 sunt.

423 2650 603 2722 (Vers.
633 2650 848 2720 27-29.)
875 2672 904 2698 «
938 2665 1108 2722 porro
1158 2647 1427 2703 homines
1472 2646 1669 2702 mirati
1719 2650 1877 2715 sunt,
1913 2644 1999 2699 di-

355 2743 548 2796 centes
574 2756 585 2791 :
611 2737 809 2804 Qualis
839 2742 927 2794 est
956 2737 1071 2806 hic,
1091 2738 1230 2810 quia
1248 2736 1401 2792 venti
1433 2741 1491 2791 et
1533 2752 1692 2791 mare
1721 2735 2004 2790 obediunt

356 2828 408 2884 ei
431 2829 460 2883 ‘I
480 2829 703 2883 Etcum
720 2827 975 2883 venisset
994 2827 1166 2882 Jesus
1184 2831 1346 2882 trans
1367 2827 1610 2881 fretrum
1629 2825 1687 2878 in
1707 2825 2002 2896 regionem

352 2918 800 2988 Gerasenorum)
833 2920 1212 2972 occurrerunt
1240 2915 1291 2971 ei
1330 2916 1445 2970 duo
1474 2914 1757 2970 habentes
1789 2913 2002 2968 daemo-

353 3008 472 3072 nia,
506 3007 576 3062 de
608 3005 1010 3062 monumentis
1058 3010 1357 3072 exeuntes,
1410 3004 1542 3059 saevi
1587 3003 1782 3073 nimis,
1830 3003 1911 3056 ita
1941 3005 2008 3056 ut

351 3113 524 3153 nemo
556 3099 756 3168 posset
782 3095 1033 3151 transire
1082 3111 1182 3167 per
1209 3095 1365 3150 viam
1413 3093 1596 3148 illam.
1632 3094 1702 3148 Et
1731 3109 1862 3149 ecce
1893 3091 2005 3148 cla-

2103 1864 2218 1902 non
2250 1848 2321 1904 de
2377 1848 2651 1920 superbia
2707 1849 2816 1904 hoc
2874 1849 3116 1914 faciunt,
3169 1853 3233 1904 ut
3290 1848 3558 1904 nonnulli
3598 1849 3756 1905 arbi-

2102 1943 2354 2008 trantur,
2387 1938 2489 1993 sed
2514 1937 2584 1993 de
2607 1937 2938 1993 humilitate
2964 1954 3082 2009 qua
3103 1955 3163 1994 se
3185 1939 3494 2010 praesentia
3523 1938 3760 1995 Domini

2105 2027 2376 2099 indignos
2427 2027 2792 2098 judicabant,
2856 2027 3012 2082 sicut
3065 2032 3119 2083 et
3178 2027 3380 2083 Petrus
3426 2027 3485 2082 in
3517 2031 3763 2100 captura.

2105 2115 2354 2187 piscium
2384 2116 2598 2172 cadens
2629 2117 2700 2172 ad
2733 2132 2927 2188 genua
2974 2115 3313 2184 Salvatoris,
3360 2116 3476 2171 ait:
3521 2139 3548 2167 «
3597 2117 3697 2172 Exi
3729 2134 3766 2174 ο.

2107 2222 2219 2270 me,
2252 2204 2515 2272 Domine,
2550 2206 2685 2274 quia
2716 2205 2801 2260 vir
2849 2210 3119 2278 peccator
3166 2221 3298 2260 sum
3337 2227 3363 2254 n
3416 2205 3562 2277 (Luc.
3594 2223 3650 2272 ν,
3681 2207 3762 2276 8).

2176 2293 2339 2364 (Cap.
2393 2294 2480 2349 IX.
2518 2325 2585 2334 ——
2619 2294 2777 2349 Vers.
2813 2295 2863 2357 1,
2915 2294 2994 2365 2.)
3049 2316 3076 2344 ‹‹
3107 2295 3176 2348 Et
3219 2295 3542 2350 ascendens
3586 2295 3765 2351 Jesus

2107 2383 2167 2438 in
2217 2382 2544 2438 naviculam
2596 2383 3015 2449 transfretavit,
3067 2386 3124 2438 et
3153 2381 3308 2437 venit
3365 2382 3424 2436 in
3472 2383 3764 2438 civitatem

2108 2489 2298 2527 suam.
2328 2472 2398 2526 Et
2429 2488 2558 2526 ecce
2589 2471 2908 2527 offerebant
2955 2471 3005 2526 ei
3054 2467 3438 2543 paralyticum
3464 2473 3766 2542 jacentem

2108 2561 2168 2616 in
2200 2560 2368 2616 lecto.
2397 2559 2618 2616 Videns
2651 2565 2847 2615 autem
2894 2564 3068 2616 Jesus
3123 2561 3298 2615 fidem
3329 2559 3583 2631 illorum,
3619 2561 3772 2616 dixit

2110 2648 2467 2722 paralytico:
2517 2649 2775 2718 Conﬁde,
2811 2648 2914 2715 fili,
2969 2649 3354 2704 remittuntur
3391 2649 3496 2704 tibi
3528 2654 3769 2722 peccata

2114 2745 2234 2794 tua.
2271 2760 2298 2787 »
2330 2738 2630 2793 Civitatem
2664 2739 2791 2808 ejus
2825 2755 2940 2793 non
2959 2737 3134 2794 aliam
3167 2737 3552 2811 intelligimus
3582 2755 3765 2811 quam

2117 2827 2584 2895 Nazareth,unde
2612 2831 2669 2884 et
2697 2827 3006 2882 Nazarams
3037 2826 3363 2900 appellatus
3393 2832 3501 2884 est.
3535 2827 3771 2884 Obtule-

2112 2921 2250 2972 runt
2281 2921 2475 2971 autem
2509 2915 2581 2984 ei,
2614 2921 2677 2970 ut
2704 2933 2898 2990 supra
2937 2917 3213 2984 diximus,
3247 2917 3572 2973 secundum
3605 2933 3776 2988 para-

2112 3005 2354 3078 lyticum
2378 3005 2673 3076 jacentem
2705 3003 2764 3059 in
2796 3004 3029 3072 lectulo,
3064 3005 3203 3078 quia
3233 3005 3356 3077 ipse
3394 3005 3616 3077 ingredi
3652 3022 3770 3061 non

2111 3094 2358 3150 valebat.
2391 3093 2608 3150 Videns
2656 3099 2850 3150 autem
2900 3096 3074 3151 Jesus
3122 3111 3236 3149 non
3287 3095 3416 3166 ejus
3463 3095 3638 3149 ﬁdem
3671 3094 3777 3166 qui

351 3167 658 3241 maverunt
683 3185 963 3238 dicentes.
1000 3206 1026 3231 »
1057 3185 1182 3238 Non
1232 3183 1527 3254 discipuli,
1578 3183 1678 3238 sed
1721 3187 1909 3238 nautae
1941 3167 2071 3237 etC
2113 3184 2481 3253 offerebatur,
2513 3184 2614 3239 sed
2660 3200 2863 3239 eorum
2905 3184 3005 3255 qui
3036 3183 3374 3251 offerebant,
3433 3183 3580 3238 dixit
3611 3200 3775 3255 para-

350 3273 540 3330 caeteri
571 3273 671 3344 qui
702 3271 761 3326 in
794 3273 923 3326 navi
973 3277 1159 3341 erant,
1220 3273 1607 3327 mirabantur.
1657 3271 1756 3325 Sin
1807 3275 2000 3326 autem

353 3362 489 3436 quis
510 3361 869 3417 contentiosa
890 3359 1137 3416 voluerit
1155 3377 1252 3416 eos
1279 3361 1379 3432 qui
1412 3360 1798 3429 mirabantur,
1825 3360 2004 3416 fuisse

353 3450 698 3524 discipulos,
712 3449 1196 3522 respondebimus
1212 3453 1365 3504 recte
1378 3448 1647 3504 homines
1660 3447 2000 3520 appellatos,

357 3541 457 3613 qui
491 3542 740 3595 necdum
772 3542 1054 3594 noverant
1083 3538 1403 3609 potentiam
1431 3536 1762 3592 Salvatoris.

431 3629 616 3702 (Vers.
649 3628 868 3700 29-31.)
904 3650 925 3678 α
963 3627 1108 3692 Quid
1139 3627 1307 3682 nobis
1331 3631 1389 3682 et
1418 3626 1544 3695 tibi,
1569 3626 1708 3682 Jesu
1730 3625 1833 3680 Fili
1859 3626 2004 3681 Dei?

359 3719 577 3775 Venisti
611 3717 726 3773 huc
756 3721 888 3774 ante
915 3721 1148 3789 tempus
1179 3721 1452 3789 torquere
1483 3733 1608 3772 nos.
1645 3716 1779 3771 Erat
1808 3720 2002 3770 autem

358 3825 471 3864 non
493 3807 662 3880 longe
680 3807 752 3862 ab
774 3806 892 3862 illis
908 3823 1046 3878 grex
1062 3822 1370 3877 porcorum
1395 3804 1713 3860 multorum
1734 3821 2000 3876 pascens.

356 3897 661 3953 Daemones
711 3901 908 3951 autem
956 3895 1239 3966 rogabant
1285 3911 1440 3963 eum,
1493 3893 1774 3950 dicentes.
1811 3916 1837 3942 »
1880 3893 2003 3948 Non

351 3985 667 4042 voluntatis
699 3985 811 4040 ista
859 3983 1146 4041 confessio
1196 3989 1305 4052 est,
1347 4000 1520 4055 quam
1577 3981 1882 4055 premium
1915 3998 2003 4038 se-

353 4076 553 4149 quitur
600 4074 932 4131 confitentis
989 4074 1086 4130 sed
1141 4072 1506 4129 necessitatis
1556 4072 1828 4140 extorsio,
1876 4088 2003 4143 qua:

354 4166 510 4239 cogit
541 4165 770 4234 invitos,
821 4163 983 4220 velut
1027 4163 1076 4218 si
1125 4163 1275 4219 servi
1308 4161 1536 4234 fugitivi
1590 4165 1720 4234 post
1751 4161 2004 4216 multum

351 4254 634 4326 temporis
666 4252 971 4308 dominum
1017 4269 1191 4308 suum
1233 4251 1487 4316 videant,
1522 4249 1667 4306 nihil
1700 4250 1858 4305 aliud
1894 4249 2007 4306 nisi

357 4345 429 4400 de
460 4342 799 4398 verberibus
847 4343 1253 4414 deprecantur.
1304 4339 1399 4396 Sic
1447 4344 1502 4396 et
1546 4341 1839 4395 daemones
1882 4356 2004 4394 cer-

357 4436 565 4488 nentes
596 4432 910 4486 Dominum
939 4430 996 4484 in
1029 4430 1200 4484 terris
1224 4435 1457 4502 repente
1487 4429 1725 4499 versari,
1754 4429 1824 4482 ad
1850 4428 2008 4499 judi-

2112 3272 2325 3344 lytico:
2379 3271 2615 3342 Conﬁde,
2665 3271 2777 3343 ﬁli,
2837 3275 3198 3328 remittuntur
3245 3274 3350 3328 tibi
3392 3277 3611 3345 peccata
3656 3269 3769 3328 tua.

2112 3361 2155 3416 Ο
2189 3361 2338 3415 mira
2367 3359 2696 3427 humilitas,
2730 3362 3069 3432 despectum
3116 3365 3175 3416 et
3205 3361 3480 3431 debilem,
3519 3362 3772 3432 totisque

2111 3449 2514 3504 membrorum
2548 3449 2931 3521 compagibus
2963 3447 3343 3515 dissolutum,
3366 3450 3549 3519 ﬁlium
3577 3453 3768 3518 vocat,

2113 3554 2288 3610 quem
2323 3537 2650 3594 sacerdotes
2697 3554 2810 3593 non
2866 3537 3262 3609 dignabantur
3313 3538 3616 3610 attingere.
3653 3542 3770 3593 Aut

2114 3632 2269 3683 certe
2325 3628 2452 3683 ideo
2508 3628 2709 3698 ﬁlium,
2771 3625 2911 3696 quia
2985 3625 3365 3680 dimittuntur
3421 3625 3474 3681 ei
3532 3631 3769 3698 peccata

2114 3733 2241 3772 sua.
2299 3716 2476 3772 Juxta
2530 3714 2917 3788 tropologiam
2973 3714 3270 3770 interdum
3331 3714 3532 3770 anima
3562 3716 3770 3785 jacens

2114 3806 2172 3861 in
2207 3822 2446 3878 corpore
2493 3821 2620 3871 suo,
2670 3803 2811 3860 totis
2859 3803 3260 3859 membrorum
3299 3802 3616 3858 virtutibus
3647 3803 3771 3858 dis-

2116 3895 2348 3962 solutis,
2399 3911 2432 3949 a
2482 3895 2734 3967 perfecto
2782 3894 3015 3950 doctore
3064 3893 3306 3948 offertur
3352 3893 3612 3948 curanda
3654 3896 3773 3947 Do-

2118 3984 2297 4054 mino,
2331 3985 2431 4040 49
2463 4000 2591 4055 quae
2624 3983 2672 4038 si
2717 3981 3121 4038 misericordia
3169 3983 3297 4053 ejus
3343 3985 3548 4036 sanata
3575 3981 3773 4052 fuerit,

2119 4078 2347 4130 tantum
2383 4073 2607 4128 roboris
2647 4072 2875 4143 accipit,
2924 4077 2990 4126 ut
3042 4075 3230 4142 portet
3261 4069 3458 4126 statim
3489 4069 3772 4126 lectulum

2120 4180 2316 4219 suum.

2186 4251 2369 4322 (Vers.
2400 4250 2452 4316 3,
2489 4249 2566 4320 4.)
2599 4271 2628 4298 ‹‹
2681 4250 2746 4304 Et
2774 4264 2906 4304 ecce
2954 4247 3197 4320 quidam
3247 4248 3317 4303 de
3362 4247 3581 4303 Scribis
3611 4247 3773 4304 dixe-

2115 4345 2254 4396 runt
2283 4341 2438 4394 intra
2468 4355 2567 4395 se:
2613 4338 2715 4393 Hic
2773 4337 3161 4409 blasphemat.
3225 4338 3290 4392 Et
3348 4353 3484 4392 cum
3528 4337 3776 4392 vidisset

2113 4430 2286 4484 Jesus
2319 4428 2705 4501 cogitationes
2745 4442 2947 4481 eorum
2999 4426 3180 4481 dixit:
3233 4425 3450 4497 thuid
3499 4424 3774 4499 cogitatis

358 4522 578 4578 candos
609 4536 671 4575 se
699 4520 927 4575 venisse
957 4519 1291 4574 credebant.
1329 4517 1638 4574 Praesentia
1667 4517 2003 4574 Salvatoris.
2037 4535 2082 4598 Ι)
2117 4517 2272 4574 mala
2298 4517 2355 4572 in
2387 4517 2663 4572 cordibus
2691 4515 2902 4571 vestris
2923 4515 2951 4570 ?
2984 4536 3011 4565 «
3057 4514 3331 4586 Legimus
3370 4513 3430 4568 in
3466 4513 3775 4586 propheta,

356 4615 650 4668 tormenta
679 4614 816 4665 sunt
844 4609 1198 4664 daemonum.
1234 4607 1608 4679 Ridiculeque
1640 4611 1846 4679 putant
1873 4608 2004 4678 qui-

357 4703 514 4768 dam,
549 4701 844 4756 daemones
869 4699 1016 4754 scire
1068 4697 1278 4752 Filium
1314 4697 1431 4764 Dei,
1483 4701 1541 4752 et
1587 4695 1887 4751 diabolum
1918 4696 2003 4768 ig-

357 4807 602 4858 norare;
637 4806 702 4845 eo
725 4789 878 4861 quod
911 4786 1154 4843 minoris
1176 4785 1410 4842 malitiae
1442 4785 1558 4841 sint
1582 4785 1676 4840 isti
1710 4801 1887 4856 quam
1909 4783 2007 4840 ille

357 4881 527 4952 cujus
559 4877 841 4934 satellites
874 4881 1031 4932 sunt.
1062 4879 1205 4932 Cum
1239 4874 1432 4931 omnis
1473 4873 1718 4930 scientia
1748 4873 2004 4945 discipu-

355 4968 547 5024 lorum
583 4969 654 5022 ad
687 4967 1036 5038 magistrum
1090 4965 1390 5020 referenda
1439 4964 1539 5030 sit,
1567 4968 1624 5018 et
1648 4967 1768 5017 tam
1799 4963 2008 5017 daemo-

357 5075 481 5125 nes,
515 5072 692 5130 quam
742 5054 1010 5110 diabolus
1058 5053 1346 5127 suspicari
1398 5051 1586 5124 magis
1637 5051 1848 5106 Filium
1881 5050 2002 5114 Dei,

356 5148 456 5204 48
489 5161 667 5218 quam
701 5160 872 5200 nosse
916 5142 1278 5215 intelligendi
1324 5146 1464 5198 sunt
1513 5140 1618 5212 [Λι.
1653 5139 1812 5210 sint].
1847 5140 2007 5195 Nemo

355 5238 507 5291 enim
565 5238 782 5290 Patrem
820 5235 991 5302 novit,
1053 5235 1166 5287 nisi
1228 5232 1402 5291 Filius
1432 5232 1453 5265 ²
1486 5233 1579 5302 ,et
1631 5231 1721 5284 cui
1774 5229 2010 5284 vetuerit

352 5326 529 5380 Filius
561 5325 806 5379 revelare
839 5322 1037 5393 (Matth
1065 5338 1142 5383 x1,
1178 5323 1289 5390 27).

426 5413 612 5485 (Vers.
646 5413 863 5482 3l-33.)
889 5435 915 5460 ‹‹
940 5410 998 5465 Si
1024 5410 1187 5480 ejicis
1215 5426 1341 5477 nos,
1367 5409 1532 5465 mitte
1561 5425 1669 5464 nos
1689 5407 1748 5462 in
1771 5423 2006 5479 gregem

427 5557 441 5590 ¹
475 5555 713 5611 Addunt
737 5555 977 5627 quidam
1011 5569 1154 5609 mss.
1184 5552 1476 5608 sensibilia
1503 5568 1661 5618 esse;
1704 5550 1800 5607 alii
1833 5567 2008 5606 econ-

354 5627 534 5685 trario
569 5627 920 5684 insensibilia
949 5641 1083 5682 esse.

2113 4608 2405 4663 dicentem
2439 4607 2623 4662 Deum
2652 4622 2664 4659 :
2700 4606 2808 4674 Ego
2837 4621 2961 4659 sum
3001 4606 3097 4676 qui
3124 4603 3273 4660 deleo
3301 4604 3624 4675 iniquitates
3652 4607 3777 4660 tuas

2115 4698 2242 4768 (Isa.
2277 4713 2438 4764 XLIII,
2467 4697 2609 4764 .25).
2672 4697 3109 4764 Consequenter
3164 4709 3298 4765 ergo
3356 4692 3592 4756 Scribis,
3637 4691 3778 4764 quia

2115 4783 2413 4841 hominem
2447 4784 2750 4857 putabant,
2776 4787 2833 4838 et
2862 4783 3037 4838 verba
3071 4781 3166 4838 Dei
3190 4798 3305 4837 non
3346 4780 3772 4855 intelligebant,

2115 4878 2371 4947 arguunt
2401 4889 2536 4929 eum
2566 4871 2968 4944 blasphemiae.
3004 4871 3115 4926 Sed
3143 4870 3419 4926 dominus
3453 4871 3660 4927 videns
3682 4887 3777 4926 co-

2115 4963 2429 5036 gitationcs
2461 4979 2684 5031 eorum,
2746 4960 3004 5016 ostendit
3059 4974 3122 5016 se
3180 4959 3390 5027 Deum,
3447 4959 3548 5032 qui
3591 4958 3778 5032 possit

2116 5051 2308 5108 cordis
2340 5050 2570 5107 occulta
2600 5065 2968 5121 cognoscere,
3021 5053 3077 5105 et
3107 5049 3542 5121 quodammodo
3572 5051 3776 5102 tacens

2116 5140 2415 5211 loquitur:
2450 5138 2663 5194 Eadem
2707 5139 3013 5208 majestate
3062 5141 3118 5192 et
3164 5136 3420 5208 potentia
3471 5151 3587 5208 qua
3615 5133 3774 5207 cogi-

2115 5228 2368 5284 tationes
2420 5231 2646 5284 vestras
2703 5226 2953 5293 intueor,
3006 5241 3249 5298 possum
3308 5230 3364 5281 et
3429 5223 3775 5280 hominibus

2116 5323 2352 5390 peccata
2381 5315 2692 5373 dimittere.
2743 5317 2825 5371 Ex
2866 5315 3031 5371 vobis
3076 5313 3385 5386 intelligite
3429 5311 3570 5386 quid
3601 5327 3773 5384 para-

2116 5407 2329 5479 lyticus
2359 5410 2776 5478 consequatur.

2188 5551 2209 5583 ²
2240 5551 2606 5606 Interserunt
2629 5549 2745 5604 duo
2776 5545 2957 5602 Palat.
2992 5561 3136 5602 mss.
3171 5544 3322 5600 sacri
3355 5548 3550 5603 textus
3574 5545 3772 5614 verba,

2120 5637 2295 5693 neque
2325 5620 2536 5677 Filium
2565 5622 2691 5692 quis
2720 5621 2890 5685 novit,
2916 5619 3030 5676 nisi
3047 5624 3237 5676 Pater.
