4024 6196
289 331 371 398 39
912 361 918 366 ·
1521 335 1599 400 'S.
1645 332 1959 400 EUSEBII
2004 325 2454 401 HI‘ERONYMI
3619 324 3702 392 δε)

295 463 439 526 tudo
471 468 540 525 ad
571 466 910 541 passionem
941 470 1176 529 Domini
1225 476 1281 530 et
1319 474 1802 530 resurrectionem
1838 488 1940 543 per
1968 470 2019 535 Α
2052 473 2385 542 patiebatur
2413 470 2718 529 duodecim
2746 469 2936 538 annis,
2967 465 3214 526 accessit
3242 465 3480 534 retro,et
3508 463 3701 544 tetigit

294 558 692 615 humilitatem
725 561 915 617 carnis
942 563 1119 631 venit,
1146 569 1208 620 ut
1237 565 1526 636 spirituali
1558 566 1772 637 sagina:
1791 567 1938 637 jeju-

295 647 392 703 nio
424 649 685 720 corporis
717 666 1129 723 prmparemur.
1165 655 1339 710 Juxta
1385 655 1813 728 tropologiam‘
1847 673 1941 710 au-

295 741 414 792 tem
464 738 793 806 sciendum,
827 741 981 813 quod
1029 745 1290 814 quandiu
1341 762 1595 818 sponsus
1635 746 1942 801 nobiscum

297 831 406 894 est,
442 829 582 884 etin
632 828 836 886 laetitia
879 848 1108 899 sumus,
1140 851 1244 890 nec
1291 835 1563 906 jejunare
1603 852 1939 907 possumus,

296 932 405 973 nec
435 916 654 989 lugere.
684 919 828 975 Cum
860 925 1054 976 autem
1097 922 1192 978 ille
1241 929 1476 996 propter
1521 929 1754 996 peccata
1784 941 1818 980 a
1848 942 1943 980 no-

297 1005 389 1061 bis
441 1008 803 1075 recesserit’,
840 1013 976 1064 tunc
1025 1011 1402 1068 indicendum
1442 1014 1735 1086 jejunium
1793 1031 1940 1082 esse,

293 1098 433 1150 tunc
462 1095 656 1152 luctus
689 1098 1077 1170 recipiendus.

367 1185 553 1256 (Vers.
590 1187 796 1258 16-18.)
829 1211 855 1239 «
889 1188 1070 1246 Nemo
1093 1195 1286 1247 autem
1311 1192 1576 1248 immittit
1597 1194 1943 1249 commissu-

294 1289 420 1330 ram
451 1276 628 1347 panni
663 1277 824 1332 rudis
860 1278 919 1334 in
972 1281 1382 1339 vestimentum
1432 1287 1598 1338 vetus
1631 1284 1736 1355 (At.
1769 1282 1942 1338 vesti-

295 1367 491 1420 mento
522 1367 742 1437 veteri].
778 1368 951 1425 Tollit
971 1370 1126 1425 enim
1163 1372 1586 1443 plenitudinem
1610 1375 1738 1444 ejus
1761 1390 1793 1428 a
1819 1389 1942 1427 vcs-

295 1451 564 1522 timento,
601 1460 656 1510 et
686 1457 786 1513 52
818 1459 980 1529 pejor
1037 1459 1294 1516 scissura
1351 1462 1434 1516 ﬁt.
1473 1462 1666 1533 Neque
1702 1461 1943 1517 mittunt

294 1541 494 1597 Vinum
529 1561 742 1600 novum
775 1546 834 1600 in
867 1552 1029 1604 utres
1057 1553 1318 1605 veteres:
1355 1550 1614 1623 alioquin
1665 1568 1942 1623 rumpun-

295 1635 393 1687 tur
425 1637 605 1701 utres,
640 1639 696 1690 et
723 1636 924 1691 vinum
979 1637 1318 1704 effunditur,
1354 1644 1409 1694 et
1467 1644 1626 1695 utres
1675 1644 1937 1712 pereunt.

2053 563 2345 618 ﬁmbriam
2377 562 2706 618 vestimenti
2734 563 2918 633 ejus.»
2936 561 2994 616 In
3029 561 3130 617 53
3155 556 3461 628 Evangelio
3495 571 3702 612 secun-

2053 653 2193 708 dum
2230 654 2437 708 Lucam
2471 653 2764 716 scribitur,
2799 652 2955 724 quod
3011 647 3295 722 principis
3326 645 3447 701 ﬁlia
3477 644 3698 700 duode-

2051 741 2164 797 cim
2197 760 2382 799 annos
2416 744 2656 799 haberet
2685 743 2869 798 aetatis
2898 743 3048 810 (Luc.
3080 756 3203 806 vm,
3240 736 3348 808 t2).
3382 735 3530 790 Nota
3560 749 3698 804 ergo

2053 834 2206 903 quod
2258 850 2322 888 eo
2381 837 2640 904 tempore
2699 832 2819 887 haec
2877 828 3107 897 mulier,
3162 827 3219 881 id
3274 829 3381 890 est,
3433 823 3698 896 gentium

2054 923 2304 994 populus
2354 923 2593 995 coeperit
2648 926 2949 993 aegrotare,
2990 934 3105 990 quo
3165 933 3308 989 gens
3341 915 3446 984 [Αἱ.
3488 918 3696 986 genus]

2049 1013 2384 1068 Judaaorum
2420 1012 2764 1068 crediderat.
2799 1010 2921 1066 Nisi
2953 1009 3110 1065 enim
3161 1025 3230 1062 ex
3261 1003 3700 1075 comparatione

2052 1101 2332 1156 virtutum
2366 1101 2571 1155 vitium
2602 1118 2713 1155 non
2749 1099 3235 1155 ostenditur.Haec
3259 1098 3454 1149 autem
3487 1091 3704 1146 mulier

2052 1190 2338 1262 sanguine
2370 1190 2578 1258 fluens,
2603 1205 2721 1243 non
2751 1188 2811 1242 in
2844 1188 3037 1252 domo,
3068 1201 3181 1240 non
3214 1183 3273 1238 in
3306 1181 3449 1237 urbe
3481 1180 3706 1236 accedit

2051 1280 2122 1334 ad
2153 1279 2482 1349 Dominum,
2515 1279 2845 1349 quiajuxta
2892 1275 3099 1347 Legem
3153 1272 3400 1327 urbibus
3431 1269 3700 1326 exclude-

2051 1369 2226 1423 batur
2257 1369 2449 1438 (Leuit.
2500 1386 2590 1436 xv,
2644 1369 2711 1421 19
2753 1371 2919 1423 Num.
2973 1382 3029 1432 v,
3079 1365 3166 1434 3);
3201 1362 3300 1417 sed
3364 1361 3422 1414 in
3473 1359 3702 1423 itinere,

2053 1456 2393 1512 ambulante
2429 1456 2692 1525 Domino,
2719 1460 2783 1510 ut
2830 1455 2967 1510 dum
3016 1452 3206 1525 pergit
3254 1450 3320 1506 ad
3359 1447 3556 1517 aliam,
3591 1446 3705 1501 alia

2052 1550 2374 1601 curaretur.
2409 1546 2570 1601 Unde
2625 1544 2830 1600 dicunt
2859 1548 2915 1597 et
2961 1540 3249 1614 apostoli:
3293 1539 3445 1596 Vobis
3483 1536 3704 1610 quidem

2051 1635 2328 1706 oportebat
2354 1635 2657 1704 praedicari
2713 1634 2935 1688 verbum
2991 1633 3086 1686 Dei
3104 1648 3124 1691 ;
3153 1629 3244 1685 sed
3299 1627 3559 1700 quoniam
3606 1641 3703 1680 vos

244 1789 248 1793 ,
297 1720 408 1776 Sed
440 1721 642 1778 vinum
676 1741 892 1780 novum
924 1726 984 1780 in
1010 1731 1167 1783 utres
1199 1745 1378 1784 novos
1407 1730 1666 1797 mittunt,
1692 1735 1750 1785 et
1769 1729 1939 1784 ambo
2040 1724 2333 1796 judieastis
2363 1723 2621 1793 indignos
2675 1723 2867 1788 salute,
2899 1718 3341 1791 transgredimur
3389 1714 3458 1771 ad
3507 1719 3702 1788 gentes

297 1816 732 1907 conservantur.
767 1813 896 1907 Iliso
941 1813 1040 1870 illo
1087 1815 1360 1889 loquente
1407 1820 1478 1874 ad
1533 1836 1651 1874 eos.
1687 1840 1714 1869 »
1777 1818 1938 1881 Quod
1972 1842 2019 1907 B
2050 1814 2202 1885 (Act.
2232 1831 2356 1878 xm,
2389 1814 2498 1884 46).

299 1899 458 1968 dicit,
490 1900 600 1956 hoc
631 1905 756 1957 est:
793 1903 983 1959 Donec
1016 1910 1253 1961 renatus
1294 1907 1424 1978 quis
1456 1907 1650 1977 fuerit,
1684 1911 1742 1963 et
1764 1906 1940 1962 veteri

297 1987 534 2044 homine
581 1990 866 2062 deposito,
923 2010 1026 2064 per
1071 1995 1403 2066 passionem
1463 2014 1675 2062 meam,
1729 2013 1941 2052 novum

297 2076 596 2134 hominem
629 2080 907 2149 induerit,
940 2100 1054 2156 non
1105 2089 1296 2156 potest
1335 2086 1622 2141 severiora
1643 2085 1856 2157 jejunii
1888 2089 1944 2141 et

298 2167 666 2223 continentiae
698 2171 1336 2248 sustinerepraecepta,
1373 2192 1443 2230 ne
1492 2191 1596 2248 per
1636 2175 1940 2231 austerita-

297 2258 415 2312 tem
452 2257 718 2326 nimiam,
753 2259 929 2316 etiam
962 2263 1362 2319 credulitatem
1386 2266 1407 2299 3
1439 2282 1616 2337 quam
1649 2283 1804 2320 nunc
1835 2264 1942 2319 ba-

296 2346 435 2402 bere
463 2347 714 2416 videtur,
748 2349 996 2405 amittat.
1030 2351 1167 2407 Duo
1185 2357 1379 2409 autem
1433 2353 1697 2426 exempla
1728 2353 1942 2426 posuit,

298 2439 355 2490 et
391 2435 611 2492 utrium
642 2443 902 2494 veterum
935 2443 991 2495 et
1019 2457 1324 2508 novorum,
1345 2447 1400 2498 et
1427 2443 1945 2498 vestimenti.Vete-

299 2541 392 2579 res
422 2530 582 2581 utres
611 2527 894 2583 debemus
919 2528 1242 2603 intelligere
1262 2532 1491 2587 Scribas
1512 2537 1568 2587 et
1599 2532 1942 2586 Pharisazos.

301 2612 541 2686 Plagula
568 2616 895 2672 vestimenti
921 2619 1073 2685 novi,
1099 2624 1156 2675 et
1178 2621 1379 2676 vinum
1412 2637 1623 2677 novum
1662 2625 1948 2694 prmcepta

301 2703 635 2776 evangelica
661 2707 985 2776 sentienda,
1023 2725 1149 2781 quae
1198 2727 1312 2765 non
1365 2716 1613 2783 possunt
1657 2711 1947 2766 sustinere

297 2791 502 2859 Judaei,
536 2807 607 2848 ne
639 2797 826 2865 major
855 2796 1113 2853 scissura
1143 2799 1262 2853 ﬁat.
1295 2799 1432 2854 Tale
1471 2800 1609 2872 quid
1643 2805 1700 2855 et
1729 2799 1945 2856 Galatae

301 2879 489 2976 facere
521 2882 926 2976 cupiebant,ut
955 2902 1087 2942 cum
1119 2887 1427 2961 Evangelio
1460 2889 1625 2961 legis,
1662 2893 1948 2961 praecepta

301 2969 632 3044 miscerent,
665 2977 721 3028 et
750 2974 808 3029 in
841 2976 1074 3032 utribus
1103 2978 1396 3033 veteribus
1428 2979 1726 3034 mitterent
1745 2977 1945 3032 vinum

302 3071 555 3120 novum:
593 3062 694 3116 sed
741 3062 1056 3134 Apostolus
1087 3066 1158 3120 ad
1212 3082 1311 3121 eos
1360 3066 1655 3139 loquitur:
1691 3067 1730 3122 0
1760 3069 1943 3121 insen-

301 3150 408 3204 sati
433 3149 540 3220 [AL
575 3152 914 3224 insipientes]
949 3154 1158 3212 Galatae
1182 3161 1200 3209 ,ι
1231 3159 1352 3226 quis
1391 3174 1481 3212 vos
1527 3157 1822 3227 fascinavit
1853 3172 1941 3211 ve-
1981 3197 1994 3227 λ

299 3237 458 3293 ritati
510 3251 621 3294 non
677 3240 894 3296 obedire
945 3241 1146 3313 (Galat.
1209 3262 1292 3309 III,
1345 3245 1443 3316 1)?
1517 3250 1717 3300 Sermo
1766 3245 1947 3318 igitur

298 3327 666 3400 evangelicus
696 3329 975 3401 apostolis
1006 3332 1221 3403 potius,
1247 3350 1424 3405 quam
1467 3333 1682 3389 Scribis
1713 3339 1768 3389 et
1799 3333 1945 3388 Pba-

299 3413 484 3471 risaeis
514 3421 603 3472 est
622 3416 1044 3491 infundendus,
1078 3421 1178 3491 qui
1211 3423 1502 3493 majorum
1533 3422 1946 3477 traditionibus

301 3505 1021 3576 depravati,sinceritatem
1045 3516 1465 3582 praeceptorum
1484 3511 1561 3566 Cb
1572 3512 1614 3565 ri
1624 3511 1695 3565 sti
1717 3529 1830 3566 non
1851 3529 1950 3583 po-

305 3597 499 3650 terant
515 3595 960 3653 custodire.Alia
980 3604 1068 3654 est
1082 3599 1238 3655 enim
1261 3601 1486 3671 puritas
1498 3600 1802 3672 virginalis
1819 3600 1947 3655 ani-

304 3699 436 3748 mae,
467 3689 524 3739 et
552 3683 717 3740 nulla
737 3686 947 3758 prioris
966 3687 1086 3743 vitii
1120 3690 1463 3761 contagione
1486 3689 1802 3760 pollutw,et
1822 3689 1949 3744 aliae

302 3773 504 3830 sordes
534 3775 663 3845 ejus
690 3792 820 3847 quae
853 3776 1173 3833 multorum
1199 3778 1432 3833 libidini
1463 3779 1874 3849 subjacuerit‘.

376 3859 562 3934 (Vers.
600 3865 684 3930 18,
718 3863 831 3933 19.)
859 3887 886 3915 «
931 3866 1075 3922 Ecce
1128 3867 1399 3939 princeps
1449 3885 1602 3923 unus
1635 3869 1879 3923 accessit
1907 3868 1948 3935 ⁸,

309 3954 365 4006 et
389 3952 670 4008 adorabat
697 3969 854 4020 eum,
876 3955 1104 4012 dicens:
1140 3956 1284 4011 Filia
1309 3973 1439 4012 mea
1472 3957 1644 4011 modo
1675 3957 1953 4012 defuncta

305 4044 431 4097 est:
465 4043 564 4098 sed
595 4041 744 4114 veni,
768 4043 1003 4115 impone
1026 4061 1264 4100 manum
1296 4051 1458 4101 tuam
1483 4045 1731 4118 [ALtacet
1764 4046 1950 4118 tuam]

308 4142 485 4200 snper
508 4146 658 4202 eam,
682 4135 738 4186 et
765 4131 934 4188 vivet.
969 4133 1035 4188 Et
1081 4151 1327 4208 surgens
1375 4137 1564 4203 Jesus,
1598 4135 1952 4206 sequebatur

308 4233 465 4288 eum,
489 4223 545 4275 et
575 4219 846 4292 discipuli
879 4222 1026 4293 ejus.
1061 4243 1089 4271 »
1140 4222 1418 4278 Octavum
1469 4224 1703 4297 signum
1751 4227 1861 4289 est,
1893 4223 1952 4278 in

309 4321 424 4379 quo
455 4307 727 4381 princeps
759 4311 1032 4366 suscitari
1063 4312 1322 4385 postulat
1344 4312 1525 4368 ﬁliam
1551 4311 1954 4379 suam,nolens

308 4396 380 4451 de
396 4397 670 4470 mysterio
683 4413 827 4453 verae
847 4399 1314 4457 circumcisionis
1344 4401 1571 4456 excludi
1597 4419 1610 4469 ;
1637 4401 1736 4457 sed
1756 4401 1954 4457 subin-

310 4487 426 4541 trat
456 4484 669 4542 mulier
697 4487 984 4559 sanguine
1016 4487 1291 4556 ﬂuens,et
1320 4495 1521 4546 octavo
1546 4489 1952 4559 sanaturloco,

2126 1903 2307 1975 (Vers.
2342 1905 2431 1973 21,
2465 1904 2579 1968 22.)
2614 1923 2641 1952 «
2672 1902 2906 1957 Dicebat
2944 1899 3100 1954 enim
3146 1897 3301 1952 intra
3330 1911 3431 1950 se:
3463 1893 3524 1950 Si
3560 1892 3701 1948 teti-

2052 2007 2190 2065 gero
2220 1997 2450 2048 tantum
2482 1991 2900 2048 vestimentum
2923 1989 3076 2059 ejus,
3107 1985 3267 2042 salva
3287 2001 3404 2040 ero.
3429 1985 3496 2038 At
3520 1983 3696 2040 Jesus

2053 2100 2388 2152 conversus,
2423 2087 2480 2137 et
2507 2082 2711 2136 videns
2743 2095 2893 2150 eam,
2921 2078 3084 2133 dixit.
3119 2098 3148 2126 »
3176 2077 3355 2131 Juxta
3383 2073 3570 2145 legem
3594 2069 3697 2142 qui

2053 2172 2358 2229 mulierem
2392 2174 2816 2227 menstruatam
2838 2172 2939 2223 aut
2959 2168 3232 2222 ﬂuentem
3257 2161 3544 2236 sanguine
3564 2159 3698 2216 teti-

2052 2263 2220 2335 gerit,
2255 2262 2600 2317 immundus
2631 2263 2720 2315 est
2750 2259 2940 2330 (Leuit.
2972 2274 3067 2320 xv,
3102 2255 3210 2325 11).
3256 2254 3375 2309 Ista
3403 2251 3532 2306 ideo
3562 2255 3698 2304 tan-

2053 2352 2138 2424 git
2167 2351 2503 2419 Dominum,
2537 2353 2601 2404 ut
2633 2346 2938 2419 sanguinis
2966 2345 3106 2401 vitio
3157 2344 3330 2400 etiam
3373 2343 3503 2414 ipsa
3532 2355 3698 2394 cura-

2055 2447 2235 2497 retur.

2127 2529 2312 2601 (Vers.
2335 2530 2452 2595 22.)
2483 2551 2510 2578 ‹‹
2557 2526 2832 2596 Conﬁde,
2868 2524 3007 2590 ﬁlia,
3043 2523 3189 2578 ﬁdes
3236 2525 3338 2576 tua
3392 2516 3611 2574 salvam
3644 2519 3700 2570 te

2057 2620 2230 2675 fecit:
2266 2622 2323 2673 et
2353 2616 2513 2672 salva
2542 2616 2693 2672 facta
2721 2619 2811 2670 est
2857 2612 3072 2669 mulier
3118 2627 3187 2667 ex
3214 2608 3317 2665 illa
3364 2607 3528 2663 hora.
3568 2607 3701 2660 Ideo

2057 2709 2196 2776 ﬁlia,
2231 2706 2370 2779 quia
2399 2706 2539 2760 ﬁdes
2567 2710 2668 2760 tua
2697 2707 2753 2760 te
2784 2703 3006 2759 salvam
3039 2700 3190 2756 fecit.
3223 2699 3337 2754 Nec
3368 2696 3532 2761 dixit,
3556 2694 3701 2749 ﬁdes

2055 2802 2159 2853 tua
2186 2802 2242 2852 te
2275 2795 2492 2851 salvam
2525 2794 2752 2850 factura
2799 2796 2906 2858 est,
2942 2791 3041 2847 sed
3087 2788 3307 2845 salvam
3353 2791 3409 2841 te
3448 2784 3599 2840 fecit.
3637 2785 3700 2837 In

2056 2904 2121 2944 eo
2153 2887 2306 2943 enim
2339 2885 2493 2957 quod
2516 2882 2840 2952 credidisti,
2864 2883 2989 2953 jam
3020 2879 3179 2934 salva
3205 2878 3357 2933 facta
3387 2893 3470 2932 es.

2129 2977 2312 3048 (Vers.
2345 2973 2459 3046 23.)
2498 2993 2518 3020 α
2548 2974 2617 3027 Et
2658 2988 2791 3027 cum
2839 2969 3097 3025 venisset
3143 2969 3312 3023 Jesus
3351 2966 3414 3019 in
3459 2964 3701 3019 domum

2057 3063 2374 3138 principis:
2408 3067 2464 3118 et
2492 3061 2732 3118 vidisset
2760 3057 3142 3124 tibicines,.et
3196 3056 3429 3110 turbam
3480 3048 3698 3107 tumul-

2056 3159 2340 3219 tuantem,
2374 3153 2622 3208 dicebat.
2657 3173 2684 3199 ››
2733 3149 2926 3220 Usque
2974 3146 3147 3202 hodie
3191 3144 3384 3216 puella
3428 3144 3584 3214 jacet
3639 3139 3698 3195 in

2059 3246 2232 3300 domo
2264 3240 2545 3315 principis
2571 3243 2830 3304 mortua,»
2857 3242 2914 3292 et
2959 3235 3059 3307 qui
3119 3234 3388 3290 videntur
3433 3229 3704 3302 magistri

2057 3333 2328 3389 tibicines
2371 3334 2528 3396 sunt,
2579 3344 2813 3383 carmen
2873 3325 3123 3398 lugubre
3181 3325 3473 3378 canentes.
3507 3319 3707 3375 Turba

2058 3436 2290 3494 quoque
2319 3420 2654 3475 Iudaeorum
2689 3432 2806 3470 non
2838 3418 2927 3470 est
2967 3413 3140 3468 turba
3179 3409 3565 3478 credentium,
3598 3407 3701 3462 sed

2056 3512 2232 3566 turba
2251 3507 2762 3563 tumultuantium.

2129 3599 2315 3671 (Vers.
2357 3595 2470 3666 24.)
2523 3618 2552 3645 ‹‹
2612 3593 2904 3658 Recedite,
2959 3608 3074 3647 non
3123 3593 3211 3644 est
3255 3587 3411 3644 enim
3470 3589 3708 3641 mortua

2060 3687 2274 3762 puella,
2307 3685 2408 3740 sed
2461 3682 2698 3738 dormit.
2749 3683 2819 3736 Et
2873 3678 3213 3736 deridebant
3269 3691 3425 3731 eum.
3481 3697 3509 3723 »
3560 3673 3708 3737 Quia

2060 3777 2176 3832 Deo
2197 3775 2397 3830 vivunt
2427 3772 2644 3828 omnia.

2132 3865 2318 3938 (Vers.
2351 3863 2466 3934 25.)
2499 3884 2526 3912 «
2559 3861 2628 3917 Et
2660 3876 2794 3914 cum
2854 3859 3036 3928 ejecta
3083 3857 3236 3911 esset
3292 3852 3488 3922 turba,
3520 3851 3704 3906 intra-

2060 3955 2160 4010 vit.
2203 3977 2228 4003 »
2262 3954 2386 4009 Non
2420 3951 2575 4008 enim
2605 3953 2773 4005 erant
2796 3947 2956 4020 digni
2977 3950 3043 4001 ut
3070 3945 3333 4001 viderent
3358 3941 3707 4014 mysterium

2064 4042 2449 4115 resurgentis,
2486 4039 2585 4110 qui
2618 4038 3068 4092 resuscitantem
3115 4030 3377 4104 indignis
3405 4034 3706 4086 contume-

2062 4132 2158 4188 liis
2188 4131 2550 4187 deridebant.

2136 4221 2323 4293 (Vers.
2355 4222 2445 4287 25,
2470 4217 2586 4288 26.)
2621 4239 2648 4268 ‹‹
2675 4217 2745 4271 Et
2785 4213 2974 4271 tenuit
3021 4226 3266 4268 manum
3297 4210 3444 4281 ejus.
3482 4209 3550 4262 Et
3577 4223 3706 4262 sur-

2065 4310 2210 4367 rexit
2241 4293 2436 4381 puella
2468 4324 2481 4361 :
2517 4311 2574 4362 et
2602 4305 2740 4362 exiit
2770 4306 2925 4362 fama
2971 4301 3092 4357 haec
3137 4300 3197 4356 in
3228 4299 3562 4355 universam
3601 4299 3712 4350 ter-

2065 4417 2190 4456 ram
2224 4398 2407 4454 illam.
2436 4420 2463 4446 »
2492 4395 2615 4452 Nisi
2673 4393 2836 4467 prius
2893 4391 3186 4448 mundata:
3238 4388 3455 4444 fuerint
3497 4402 3710 4441 manus

2063 4490 2417 4554 Iudaeorum,
2463 4502 2591 4557 quae
2643 4482 2928 4555 sanguine
2975 4479 3159 4553 plenae
3207 4480 3365 4546 sunt,
3406 4480 3713 4548 Synagoga

314 4580 380 4630 ut
409 4574 691 4648 principis
723 4575 842 4632 ﬁlia
869 4577 939 4632 de
971 4577 1077 4633 hoc
1109 4578 1341 4634 exclusa
1372 4595 1614 4635 numero
1662 4580 1854 4635 veniat
1884 4579 1954 4634 ad
1989 4579 2034 4644 Ι)
2066 4595 2268 4634 eorum
2304 4581 2538 4631 mortua
2562 4590 2677 4628 non
2711 4577 2993 4642 resurget.

312 4666 727 4738 nonum,juxta
755 4665 901 4721 illud
925 4667 1078 4738 quod
1109 4667 1168 4722 in
1202 4667 1449 4724 Psalmis
1471 4668 1720 4724 dicitur:
1752 4669 1958 4723 [Ethio-

315 4760 413 4826 pia
441 4757 548 4830 [ΑΙ.
597 4757 663 4812 de
713 4746 1042 4828 Ethiopia],
1095 4761 1400 4829 prwveniet
1447 4775 1643 4812 manus
1699 4759 1816 4828 ejus
1854 4758 1956 4812 Deo

315 4847 492 4918 (Psat.
527 4863 658 4917 an,
689 4847 800 4918 32).
829 4847 936 4901 Et:
974 4845 1108 4900 Cum
1156 4848 1454 4902 intraverit
1497 4847 1782 4918 plenitudo
1832 4863 1958 4917 gen-

315 4936 476 5007 tium,
507 4939 638 4989 tunc
675 4936 853 4991 omnis
873 4935 1045 4990 Israel
1072 4937 1258 4991 salvus
1285 4937 1375 5008 ﬁet
1406 4937 1577 5008 (Rom.
1612 4953 1686 5005 x1,
1717 4937 1807 5001 25,
1838 4937 1953 5006 26).

385 5025 571 5096 (Vers.
604 5024 720 5092 20.)
751 5024 822 5078 Et
841 5039 970 5080 ecce
992 5025 1206 5082 mulier
1236 5043 1364 5099 qua:
1397 5024 1703 5097 sanguinis
1734 5025 1955 5080 ﬂuxum

384 5265 399 5298 ¹
433 5264 559 5319 Duo
589 5277 758 5329 mss.,
790 5264 960 5318 Juxta
1010 5261 1143 5333 tegis
1190 5265 1375 5318 autem
1403 5261 1759 5332 tropologiam
1784 5277 1802 5314 :
1837 5275 1958 5315 rec-

313 5335 432 5390 tius
464 5333 582 5405 alii,
614 5335 782 5390 Juxta
812 5335 954 5404 leges
978 5343 1162 5390 autem
1192 5334 1506 5404 tropologiz
1534 5333 1954 5400 sciendum,etc.

382 5407 404 5440 ³
436 5407 674 5462 Addunt
703 5411 822 5462 tres
854 5405 1100 5461 Palatini
1132 5421 1276 5460 mss.
1307 5408 1363 5459 et
1393 5405 1726 5460 avolaverit.

383 5479 404 5512 ³
433 5478 651 5534 Vitiose
681 5478 820 5550 legit
847 5478 1220 5550 Martianteus
1249 5476 1652 5532 crudelitatem.

384 5551 407 5584 ⁴
439 5550 663 5606 Placuit
691 5545 841 5628 hanc
872 5567 1015 5628 mss.
1051 5546 1316 5628 omnium
1339 5552 1460 5602 tam
1492 5564 1717 5628 eorum,
1742 5545 1958 5628 quibus

315 5637 443 5689 nos,
476 5638 654 5693 quam
686 5622 905 5693 quibus
934 5620 1302 5693 Martianaaus
1335 5635 1479 5693 usus
1511 5624 1619 5693 est,
1644 5618 1958 5693 electionem

313 5689 581 5772 praeferre
611 5689 749 5750 huic
781 5692 969 5762 alteri,
1003 5707 1130 5762 quae
1158 5689 1216 5746 in
1257 5689 1511 5762 vulgatis
1560 5690 1881 5757 obtinebat,
1911 5695 1960 5743 et

2137 4666 2325 4738 (Vers.
2353 4664 2468 4734 27.)
2525 4662 2654 4716 «Et
2718 4663 3059 4715 transeunte
3117 4656 3253 4712 inde
3307 4655 3474 4720 Jesu,
3519 4651 3711 4708 secuti

2067 4760 2207 4814 sunt
2255 4771 2388 4810 eum
2448 4754 2563 4807 duo
2623 4749 2775 4816 eieci,
2828 4747 3174 4812 clamantes,
3208 4749 3266 4800 et
3321 4743 3584 4799 dicentes
3610 4743 3706 4798 ⁸.»

2064 4846 2424 4900 Transeunte
2445 4858 2545 4914 per
2569 4840 2809 4894 domum
2839 4835 3122 4909 principis
3140 4832 3385 4890 Domino
3413 4834 3516 4890 5-1
3544 4835 3710 4896 Jesu,

2046 4931 2122 4990 ’et
2161 4936 2434 5006 pergente
2465 4930 2536 4985 ad
2569 4929 2809 4982 domum
2843 4942 3034 4995 suam,
3068 4925 3221 4979 sicut
3250 4939 3430 4994 supra
3459 4919 3712 4992 legimus

2065 5024 2228 5095 (vers.
2300 5023 2352 5088 1)
2396 5036 2408 5075 ε
2458 5017 2760 5074 Ascendens
2831 5013 3166 5081 naviculam,
3227 5011 3607 5081 transfretavit
3659 5015 3713 5063 et

2067 5257 2185 5340 otia
2213 5256 2349 5327 ejus,
2381 5268 2501 5324 quae
2529 5251 2836 5307 multarum
2876 5248 3124 5307 sordium
3164 5243 3389 5302 libidini
3427 5241 3712 5313 subjacue-

2066 5336 2162 5482 ":5.
2185 5398 2424 5482 Addunt
2451 5393 2634 5478 nostri
2666 5409 2811 5482 mss.
2845 5391 2918 5482 ad
2936 5391 3116 5448 Iesum
3137 5410 3156 5446 :
3185 5393 3388 5482 estque
3417 5398 3618 5482 revera
3648 5385 3710 5474 in

2071 5470 2292 5540 aliquot
2323 5468 2535 5524 Graecis
2565 5465 3014 5540 exemplaribus,
3049 5456 3709 5540 προσελθὼγετῷλίησοῦ,

2137 5528 2466 5612 6'Supplent
2497 5538 2620 5611 pari
2669 5528 2956 5612 consensu
3005 5528 3167 5612 mss;
3184 5532 3397 5612 nostri“
3415 5528 3708 5612 reliquum

3050 5607 3092 5661 li
3131 5604 3324 5660 David.
3357 5601 3492 5660 Cum
3527 5605 3712 5660 autem

2066 5609 2441 5688 versiculum,
2472 5609 2732 5666 miserere
2758 5609 2953 5688 nostri,
3003 5609 3092 5688 ﬁli
3131 5609 3332 5688 David._

3047 5693 3172 5736 eum
3197 5689 3351 5733 ίσεεσῑ.

2065 5687 2293 5744 venisset
2317 5685 2559 5750 domum,
2581 5683 2920 5738 accesserunt
2947 5694 2979 5735 a
