4024 6196
307 374 385 438 δι
889 371 1405 437 COMMENTAR.
1451 373 1533 438 IN
1576 368 2095 439 EVANGELIUM
2139 367 2520 435 MAT'I‘HIEI
2564 371 2712 434 LIB.
2758 370 2808 433 ι.
2855 371 3029 435 CAP.
3073 367 3150 432 χ.
3207 416 3212 419 .
3311 330 3316 336 ’
3643 368 3723 434 62

305 512 469 567 venit
499 508 557 563 in
590 506 1060 576 civitatemsuam,
1094 509 1561 565 clamabantduo
1584 510 1718 564 caeci
1766 509 1961 562 dicen-
1994 509 2048 574 Α
2080 525 2244 579 quam
2289 510 2368 562 sic
2425 509 2686 578 apparuit
2742 508 2803 562 in
2852 504 3039 562 Israel.
3092 505 3153 559 In
3211 505 3385 561 turba
3429 505 3720 563 confessio

305 598 714 656 teszMiserere
746 600 940 668 nostri,
970 596 1062 668 ﬁti
1092 598 1390 654 David:et
1447 604 1642 655 tamen
1701 615 1814 654 non
1863 615 1970 652 cu-

315 694 528 743 rantur
553 687 612 742 in
675 687 902 752 itinere,
963 704 1078 742 non
1127 689 1484 756 transitorie,
1528 693 1592 742 ut
1641 689 1966 760 putabant;

315 779 422 834 sed
456 781 769 849 postquam
801 777 958 831 venit
988 777 1048 832 in
1083 778 1323 833 domum
1357 795 1549 845 suam,
1585 777 1868 834 accedunt
1898 776 1969 831 ad

312 884 474 936 eum,
507 866 916 921 etintroeunt:
970 869 1028 920 et
1078 867 1337 938 primum
1397 884 1598 922 eorum
1653 865 1970 922 discutitur

314 956 490 1022 ﬁdes,
545 959 609 1009 ut
661 954 742 1010 sic
795 971 945 1009 verae
1003 954 1138 1010 fidei
1181 956 1378 1012 lumen
1430 956 1736 1029 accipiant.
1791 955 1967 1011 Priori

319 1045 503 1116 signo
536 1044 685 1116 quod
716 1043 1096 1115 exposuimus
1144 1045 1214 1100 de
1273 1044 1554 1117 principis
1602 1044 1742 1115 ﬁlia,
1793 1049 1850 1099 et
1898 1045 1970 1100 de

325 1131 767 1188 hamorrhousa
799 1133 906 1200 [Αἱ.
942 1133 1234 1204 morbosa]
1286 1133 1548 1203 muliere,
1609 1149 1968 1204 consequen-

316 1227 411 1279 ter
437 1222 544 1277 hoc
566 1221 870 1292 jungitur:
899 1225 964 1276 ut
993 1222 1144 1293 quod
1207 1222 1287 1276 ibi
1342 1239 1502 1278 mors
1561 1226 1617 1276 et
1670 1222 1968 1289 debilitas,

313 1310 411 1367 hic
444 1311 676 1366 cecitas
705 1311 1160 1365 demonstraret.
1195 1309 1449 1383 Uterque
1510 1310 1666 1366 enim
1715 1311 1969 1384 populus

316 1417 506 1456 caicus
538 1402 682 1465 erat,
714 1399 962 1455 Domino
995 1416 1095 1472 per
1125 1401 1235 1456 hoc
1265 1401 1546 1456 saeculum
1606 1405 1967 1467 transeunte,

319 1495 382 1545 et
411 1488 676 1560 cupiente
706 1488 914 1544 reverti
939 1489 1010 1543 ad
1033 1490 1275 1544 domum
1308 1507 1497 1546 suam.
1525 1489 1631 1556 Qui
1669 1489 1781 1545 nisi
1832 1506 1968 1544 con-

316 1577 457 1634 fessi
483 1577 784 1645 fuerint,et
813 1577 1100 1633 dixerint:
1129 1581 1380 1634 Miserere
1412 1579 1589 1634 nostri
1631 1579 1720 1650 ﬁli
1775 1578 1966 1633 David.

314 1671 374 1723 et
398 1667 801 1738 interrogante
821 1666 982 1734 Jesu,
1019 1667 1251 1724 Creditis
1286 1671 1415 1739 quia
1435 1685 1657 1740 possum
1693 1673 1790 1724 hoc
1816 1670 1967 1739 [ace-

315 1759 413 1813 re?
443 1751 858 1828 responderint
887 1756 937 1811 ei
964 1774 975 1811 :
1016 1759 1208 1828 Utique
1236 1758 1479 1828 Domine,
1512 1757 1712 1813 lumen
1769 1757 1966 1830 pristi-

315 1863 462 1901 num
486 1863 600 1900 non
627 1846 928 1917 recipient.
955 1847 1016 1901 In
1045 1847 1157 1902 alio
1183 1847 1557 1919 evangelista,
1595 1865 1751 1903 unus
1782 1865 1967 1904 caecus
2003 1881 2048 1946 Β

312 1934 615 2001 scribitur,
664 1934 866 1991 scissis
912 1935 1194 2003 vestibus,
1249 1941 1305 1992 et
1354 1937 1412 1990 in
1459 1936 1692 1992 Jericho
1735 1937 1965 2004 sedens,

313 2024 414 2096 qui
449 2025 519 2078 ab
551 2023 834 2095 apostolis
864 2023 1209 2096 prohibetur
1239 2023 1527 2093 clamare;
1584 2025 1684 2081 sed
1726 2043 1828 2098 per
1866 2025 1971 2080 im-

315 2112 663 2184 pudentiam
696 2113 901 2186 recipit
932 2112 1244 2170 sanitatem
1278 2115 1464 2185 (Marc.
1496 2133 1549 2170 x.
1599 2115 1812 2186 50—52).
1861 2115 1969 2178 Qui

316 2201 484 2257 locus
516 2201 749 2274 proprie
779 2203 850 2257 ad
883 2201 1146 2274 gentium
1174 2202 1460 2275 populum
1513 2205 1780 2275 pertinet,
1823 2208 1881 2260 et
1910 2203 1970 2258 in

325 2307 436 2347 suo
466 2292 846 2362 exponendus
877 2296 966 2346 est
995 2291 1310 2348 volumine.

395 2383 581 2448 (Vera.
613 2381 833 2449 27-30.)
871 2403 890 2429 α
926 2381 1196 2437 Miserere
1227 2381 1431 2448 nostri,
1453 2381 1532 2436 ﬁli
1570 2381 1767 2438 David.
1824 2381 1970 2437 Cum

320 2472 526 2524 autem
553 2470 803 2524 venisset
837 2471 872 2540 ',
901 2470 960 2524 in
993 2470 1259 2536 domum,
1287 2475 1659 2527 accesserunt
1716 2473 1786 2527 ad
1835 2489 1969 2527 eum

326 2558 487 2625 caeci,
521 2563 576 2614 et
607 2559 748 2614 dixit
777 2557 861 2614 eis
891 2558 1092 2614 Jesus:
1127 2559 1394 2630 Creditis,
1429 2561 1566 2632 quia
1594 2561 1702 2616 hoc
1732 2578 1970 2633 possum

321 2648 514 2703 facere
541 2647 751 2703 vobis?
781 2647 996 2702 Dicunt
1054 2648 1175 2703 eis:
1223 2648 1452 2721 Utique,
1485 2648 1750 2706 Domine.
1807 2652 1971 2706 Tunc

322 2737 520 2809 tetigit
575 2735 773 2792 oculos
811 2753 1036 2808 eorum,
1088 2737 1316 2794 dicens:
1373 2737 1710 2794 Secundum
1793 2740 1969 2796 ﬁdem

316 2831 570 2882 vestram
607 2826 709 2880 ﬁat
736 2825 922 2881 vobis.
956 2826 1024 2880 Et
1059 2827 1241 2898 aperti
1291 2831 1431 2882 sunt
1481 2827 1632 2882 oculi
1689 2844 1968 2883 eorum.»

322 2915 582 2970 Audiant
611 2914 870 2970 Marcion
885 2919 940 2970 et
961 2915 1336 2982 Manicheus,
1375 2920 1431 2972 et
1469 2917 1658 2972 caeteri
1690 2917 1969 2986 hazretici,

329 3005 432 3077 qui
451 3004 633 3059 Vetus
664 3002 892 3060 laniant
937 3005 1404 3060 Instrumentum
1433 3023 1445 3060 :
1481 3010 1537 3061 et
1583 3006 1814 3062 discant
1842 3006 1973 3062 Sal-

320 3098 586 3149 vatorem
619 3091 898 3166 appellari
931 3091 1118 3147 ﬁlium
1169 3093 1382 3163 David;
1435 3095 1482 3149 si
1533 3095 1688 3150 enim
1739 3112 1853 3150 non
1886 3100 1975 3151 est

324 3181 504 3237 datus
537 3181 594 3234 in
627 3196 821 3244 carne,
853 3181 1413 3252 quomodovocatur
1444 3180 1599 3236 ﬁlius
1631 3183 1811 3238 David
1834 3183 1861 3236 ?

402 3269 593 3342 (Vers.
623 3270 714 3336 30,
749 3240 912 3341 31:).-
950 3270 1017 3324 Et
1048 3270 1426 3325 commitatus
1475 3274 1564 3325 est
1610 3270 1727 3326 illis
1773 3271 1969 3340 Jesus,
2003 3240 2047 3308 Ο

326 3357 568 3414 dicens:
601 3357 798 3413 Videte
828 3375 898 3413 ne
929 3359 1064 3430 quis
1099 3359 1262 3414 sciat.
1298 3357 1385 3413 Illi
1437 3364 1630 3415 autem
1676 3365 1968 3434 exeuntes,

321 3448 778 3504 diii'amaverunt
808 3463 942 3503 eum
976 3447 1034 3501 in
1067 3451 1187 3503 tota
1207 3453 1362 3503 terra
1391 3447 1510 3504 illa.
1541 3471 1567 3497 »
1597 3449 1668 3504 Et
1693 3449 1972 3506 Dominus

319 3541 560 3610 propter
588 3535 985 3591 humilitatem
1009 3537 1239 3609 fugiens
1255 3537 1550 3607 jactantiaa
1571 3538 1840 3610 gloriam,
1862 3539 1972 3595 hoc

319 3630 710 3699 praeceperat:
743 3629 800 3680 et
828 3622 913 3680 illi
947 3630 1180 3698 propter
1209 3627 1554 3682 memoriam
1603 3629 1803 3699 gratiae
1856 3646 1972 3685 non

323 3719 576 3786 possunt
604 3718 798 3770 tacere
818 3714 1188 3770 beneﬁcium.
1213 3715 1363 3770 Nota
1392 3732 1528 3788 ergo
1551 3716 1774 3788 aliquid
1821 3717 1974 3774 inter

329 3819 393 3858 se
414 3804 655 3874 jussum
685 3805 708 3837 ¹
741 3819 868 3859 esse
907 3803 1286 3859 contrarium.
1319 3805 1461 3860 Caeci
1513 3804 1611 3861 isti
1653 3805 1712 3860 in
1745 3806 1971 3864 decimo

323 3896 608 3948 curantur
636 3891 785 3948 loco.

403 3980 582 4052 (Vers.
619 3981 708 4047 32,
739 3980 857 4053 33.)
891 4003 911 4030 ι
951 3981 1216 4054 Egressis
1238 3986 1435 4038 autem
1460 3981 1600 4052 illis,
1622 4000 1753 4040 ecce
1801 3985 1972 4040 obtu-

326 4069 521 4124 lerunt
537 4069 588 4124 ei
611 4067 910 4126 hominem
934 4074 1165 4126 mutum
1187 4071 1228 4140 3,
1254 4071 1608 4127 damonium
1631 4071 1970 4129 habentem:

326 4166 379 4214 et
409 4157 510 4216 55
539 4159 723 4229 ejecto
755 4159 1062 4226 daemonio,
1121 4159 1351 4216 locutus
1397 4164 1485 4217 est
1532 4166 1753 4217 mutus.
1781 4185 1809 4212 ››
1855 4163 1971 4218 Un-

327 4248 594 4302 decimus
616 4247 1092 4321 mutuslinguam
1116 4248 1970 4322 recipitadloquendum.Quod

327 4340 524 4392 autem
548 4335 741 4392 Graece
770 4337 985 4392 dicitur
1011 4336 1215 4414 κωφόν,
1247 4339 1434 4411 magis
1463 4340 1667 4394 tritum
1714 4345 1804 4395 est
1851 4357 1972 4397 ser-

327 4441 500 4480 mone
534 4427 858 4494 communi,
890 4431 956 4482 ut
984 4427 1184 4482 surdus
1216 4428 1407 4501 magis
1437 4446 1615 4501 quam
1654 4433 1841 4485 mutus
1888 4430 1973 4484 in-

327 4511 646 4586 telligatur.
678 4515 785 4570 Sed
817 4516 994 4572 moris
1026 4519 1114 4572 est
1160 4517 1595 4589 Scripturarum
1646 4516 1828 4594 κωφόν
1883 4519 1972 4573 in-

2081 599 2383 654 nationum
2410 602 2517 653 est.
2551 597 2824 652 Pharisei
2859 599 3052 651 autem
3105 595 3242 666 quia
3287 595 3563 652 virtutem
3618 596 3712 651 Dei

2080 706 2292 761 negare
2313 707 2428 744 non
2452 692 2736 760 poterant,
2762 703 2936 758 opera
2954 683 3386 742 calumniantur
3398 690 3452 740 et
3475 685 3714 741 dicunt:

2079 781 2140 834 In
2167 780 2415 850 principe
2446 779 2852 834 dazmon-iorum
2879 776 3030 848 ejicit
3056 774 3358 831 daemones:
3391 790 3491 845 per
3547 791 3716 830 suam

2079 867 2435 923 calumniam
2477 883 2664 938 usque
2693 865 2867 926 hodie
2922 863 3258 921 Judaaorum
3311 861 3718 920 inﬁdelitatem

2080 957 2569 1012 demonstrantes.

2153 1047 2333 1118 (Vers.
2367 1046 2481 1117 35.)
2510 1069 2536 1096 ‹‹
2571 1049 2638 1100 Et
2675 1045 2958 1102 circuibat
2985 1045 3158 1100 Jesus
3206 1059 3411 1099 omnes
3460 1041 3722 1098 civitates

2079 1139 2137 1191 et
2157 1135 2395 1191 castella
2423 1136 2636 1191 docens
2667 1135 2726 1191 in
2750 1135 3063 1210 synagogis
3120 1149 3345 1199 eorum,
3400 1135 3457 1187 et
3509 1130 3719 1203 praedi-

2080 1242 2220 1280 cans
2249 1223 2629 1297 Evangelium
2661 1223 2846 1296 regni,
2869 1229 2926 1278 et
2953 1238 3166 1279 curans
3199 1237 3432 1277 omnem
3483 1219 3722 1292 languo-

2079 1332 2202 1371 rem
2235 1319 2291 1370 et
2320 1331 2552 1370 omnem
2578 1312 3005 1368 inﬁrmitatem.
3035 1335 3063 1362 ››
3096 1310 3294 1366 Cernis
3326 1310 3481 1383 quod
3524 1327 3717 1382 aequa-

2077 1404 2208 1458 liter
2239 1409 2295 1459 et
2323 1403 2497 1474 villis,
2534 1406 2590 1458 et
2619 1401 2885 1468 urbibus,
2950 1406 3005 1455 et
3053 1399 3331 1468 castellis,
3391 1397 3449 1453 id
3503 1403 3611 1465 est,
3664 1401 3722 1453 et

2080 1492 2313 1564 magnis
2334 1496 2389 1546 et
2410 1490 2602 1565 parvis
2624 1489 2999 1563 Evangelium
3024 1487 3443 1562 prmdicaverit,
3482 1491 3546 1541 ut
3605 1503 3720 1543 non

2079 1581 2476 1637 consideraret
2529 1579 2816 1635 nobilium
2872 1579 3211 1651 potentiam,
3289 1577 3389 1632 sed
3469 1575 3719 1631 salutem

2079 1671 2463 1726 credentium.
2497 1670 2791 1727 Circuibat
2822 1668 3102 1735 civitates,
3135 1666 3246 1721 hoc
3275 1666 3498 1721 habens
3529 1663 3720 1738 cperis

2079 1759 2234 1831 quod
2258 1759 2635 1814 mandaverat
2656 1759 2852 1813 Pater:
2878 1761 2934 1812 et
2955 1757 3104 1812 hanc
3130 1756 3403 1822 esuriem,
3428 1755 3493 1809 ut
3512 1753 3722 1809 doctri-

2080 1866 2155 1904 na
2180 1865 2288 1904 sua
2319 1848 2509 1904 salvos
2537 1847 2749 1902 faceret
2777 1845 3064 1903 inﬁdeles.
3121 1845 3372 1900 Docebat
3418 1847 3612 1899 autem
3661 1841 3721 1896 in

2079 1939 2394 2011 synagogis
2425 1942 2481 1994 et
2507 1937 2662 1994 villis
2688 1936 3064 2008 Evangelium
3098 1935 3258 2007 regni
3285 1939 3342 1990 et
3396 1937 3529 2006 post
3579 1950 3721 2006 pra:-

2081 2029 2430 2084 dicationem
2461 2032 2635 2099 atque
2665 2027 2992 2082 doctrinam
3025 2025 3266 2081 curabat
3310 2038 3545 2078 omnem
3596 2022 3722 2076 lan-

2079 2134 2341 2189 guorem,
2373 2122 2429 2173 et
2453 2134 2686 2173 omnem
2713 2115 3146 2181 inﬁrmitatem;
3181 2118 3247 2168 ut
3286 2112 3501 2184 quibus
3532 2126 3724 2166 sermo

2081 2224 2197 2263 non
2247 2212 2533 2274 suaserat,
2588 2221 2764 2278 opera
2812 2203 3250 2276 persuaderent.
3324 2201 3404 2258 De
3479 2198 3724 2256 Domino

2080 2297 2310 2370 proprie
2333 2296 2578 2353 dicitur:
2613 2295 2836 2350 Curans
2867 2309 3103 2350 omnem
3135 2291 3478 2364 languorem
3511 2293 3568 2346 et
3597 2306 3731 2370 om-q

2080 2403 2214 2443 nem
2257 2387 2687 2451 inﬁrmitatem,
2720 2382 2864 2440 nihil
2895 2383 3111 2455 quippe
3139 2381 3190 2437 ei
3223 2377 3589 2452 impossibile
3613 2380 3721 2433 est.

2154 2477 2336 2543 (Vers.
2370 2478 2458 2544 36,
2493 2476 2607 2548 37.)
2640 2498 2666 2524 «
2700 2474 2924 2530 Videns
2947 2477 3142 2529 autem
3173 2463 3396 2540 turbas,
3450 2467 3725 2524 misertus

2081 2570 2169 2623 est
2199 2567 2303 2633 eis,
2338 2565 2478 2639 quia
2509 2570 2676 2622 erant
2705 2563 2914 2629 vexati,
2972 2567 3030 2619 et
3077 2562 3342 2632 jacentes
3393 2558 3547 2614 sicut
3592 2572 3728 2636 oves

2081 2673 2195 2711 non
2217 2656 2497 2712 habentes
2517 2658 2828 2727 pastorem.
2851 2655 3014 2709 Tunc
3037 2651 3178 2707 dicit
3197 2647 3506 2722 discipulis
3527 2646 3670 2703 suis.
3698 2668 3725 2693 »

2083 2745 2318 2802 Vexatio
2341 2745 2535 2817 gregis
2552 2749 2610 2800 et
2633 2744 2832 2800 ovium
2857 2747 3032 2814 atque
3053 2741 3382 2804 turbarum,
3423 2740 3725 2810 pastorum

2083 2835 2277 2906 culpa,
2310 2839 2367 2890 et
2391 2834 2598 2890 vitium
2632 2833 3052 2906 magistrorum
3086 2834 3192 2886 est.
3219 2829 3384 2884 Unde
3426 2826 3720 2898 sequitur:

2154 2925 2342 2995 (Vers,
2375 2926 2463 2986 37,
2497 2923 2612 2994 38.)
2643 2945 2672 2973 «
2711 2921 2918 2978 Messis
2951 2919 3191 2992 quidem
3241 2916 3430 2973 multa
3478 2911 3728 2987 operarii

2085 3017 2280 3069 autem
2313 3011 2502 3083 pauci.
2561 3011 2779 3082 Rogata
2829 3025 2964 3081 ergo
3016 3007 3329 3063 Dominum
3373 3003 3605 3066 messis,
3663 3005 3729 3055 ut

2084 3102 2280 3156 mittat
2296 3099 2591 3171 operarios
2620 3098 2680 3152 in
2714 3113 2967 3152 messem
2999 3111 3189 3151 suam.
3227 3116 3254 3142 »
3285 3091 3492 3148 Messis
3541 3089 3728 3144 multa

2085 3188 2434 3262 pepulorum
2468 3187 2758 3257 signiﬁcat
2789 3176 3267 3240 multitudinem:
3295 3173 3416 3239 '56
3473 3177 3724 3252 operarii

2086 3277 2278 3350 pauci,
2304 3276 2610 3348 penuriam
2631 3273 3065 3348 magistrorum.
3086 3273 3156 3327 Et
3177 3271 3503 3344 imperatut
3526 3271 3729 3341 rogent

2084 3366 2397 3422 Dominum
2419 3365 2651 3431 messis,
2679 3368 2744 3418 ut
2766 3364 2959 3418 mittat
2982 3362 3003 3396 ‘
3033 3361 3329 3435 operarios
3359 3360 3417 3415 in
3469 3374 3720 3414 messem

2083 3472 2276 3511 suam.
2312 3455 2416 3509 Isti
2447 3457 2587 3509 sunt
2617 3451 2888 3525 cperarii,
2919 3452 2988 3508 de
3013 3452 3228 3524 quibus
3262 3448 3519 3521 loquitur
3578 3446 3733 3502 Psal-

2083 3545 2278 3615 mista,
2298 3543 2530 3599 dicens.
2568 3543 2675 3611 Qui
2701 3543 2973 3598 seminant
3005 3543 3062 3595 in
3095 3539 3378 3612 lacrymis,
3413 3540 3470 3593 in
3520 3535 3728 3606 gaudio

2081 3638 2301 3690 metent.
2331 3623 2567 3700 'Euntes,
2601 3633 2772 3698 ibant,
2822 3634 2872 3687 et
2910 3632 3139 3702 ﬂebant,
3183 3633 3462 3702 portantes
3510 3627 3729 3682 semina

2079 3740 2199 3779 sua.
2240 3723 2518 3779 Venientes
2555 3726 2753 3777 autem
2785 3721 3002 3776 venient
3035 3736 3160 3775 cum
3197 3717 3552 3786 exulta-tione,
3597 3731 3726 3788 por-

2081 3817 2258 3869 tantes
2275 3810 2587 3882 manipulos
2606 3825 2730 3866 suos
2752 3809 2929 3881 (Psat.
2954 3825 3115 3876 cxxv,
3151 3809 3206 3879 5,
3237 3809 3314 3875 6).
3347 3807 3418 3861 Et
3457 3810 3521 3860 ut
3568 3819 3727 3874 aper-

2082 3902 2204 3958 tius
2233 3897 2458 3971 loquar,
2491 3899 2703 3954 messis
2728 3897 2933 3964 multa,
2958 3897 3151 3953 omnis
3165 3897 3337 3952 turba
3361 3892 3724 3950 credentium

2085 3994 2194 4046 est.
2229 3987 2490 4061 Operarii
2530 3993 2725 4043 autem
2762 3988 2954 4059 pauci,
3006 3990 3063 4042 et
3112 3984 3380 4057 apostoli,
3433 3989 3490 4038 et
3535 3981 3728 4037 imita-

2078 4083 2241 4135 tores
2272 4093 2475 4133 eorum
2507 4075 2608 4148 qui
2631 4075 2946 4131 mittuntur
2974 4075 3046 4130 ad
3071 4089 3345 4129 messem.

2154 4168 2315 4240 (Cap.
2350 4167 2414 4221 X.
2439 4198 2507 4207 -‹
2540 4169 2703 4221 Vers.
2740 4167 2814 4232 1.)
2848 4187 2875 4214 ‹‹
2909 4164 2978 4219 Et
3033 4160 3364 4218 convocatis
3416 4158 3724 4214 duodecim

2083 4256 2386 4329 discipulis
2438 4255 2585 4324 suis,
2627 4254 2785 4310 dedit
2832 4251 2950 4308 illis
3004 4254 3349 4324 potestatem
3409 4248 3724 4320 spirituum

2081 4346 2547 4414 immundorum,
2581 4346 2645 4398 ut
2672 4343 2950 4415 ejicerent
2977 4357 3093 4407 eos,
3127 4345 3183 4395 et
3199 4344 3470 4396 curarent
3491 4354 3726 4394 omnem

2079 4435 2422 4507 languorem
2454 4438 2512 4490 et
2537 4449 2770 4489 omnem
2799 4431 3228 4487 inﬁrmitatem.
3259 4448 3283 4480 ι
3321 4428 3617 4503 Benignus
3670 4431 3728 4483 et

2083 4525 2340 4580 clemens
2373 4523 2653 4578 Dominus
2684 4539 2749 4577 ac
2782 4521 3078 4594 magister,
3116 4537 3230 4576 non
3282 4519 3503 4574 invidet
3543 4516 3726 4573 servis

326 4603 684 4673 dili'erenter,
705 4604 795 4660 vel
816 4609 1027 4661 mutum
1059 4605 1146 4660 vel
1167 4607 1397 4661 surdum
1439 4607 1647 4662 dicere.
1697 4607 1976 4680 Spiritua-
2005 4614 2052 4679 Ι)
2085 4618 2259 4686 atque
2290 4611 2596 4684 discipulis
2626 4611 2871 4667 virtutes
2903 4627 3062 4666 suas.
3093 4611 3164 4665 Et
3203 4609 3356 4665 sicut
3395 4608 3519 4678 ipse
3550 4622 3722 4660 cura-

328 4691 463 4747 liter
483 4695 679 4749 autem
705 4694 857 4750 sicut
877 4694 1010 4750 caeci
1034 4694 1234 4751 lumen
1259 4695 1567 4767 recipiunt,
1610 4696 1693 4752 sic
1720 4701 1776 4752 et
1824 4697 1973 4754 muti

329 4780 398 4834 ad
427 4779 794 4852 loquendum
825 4781 1028 4856 lingua
1057 4783 1306 4852 laxatur,
1339 4790 1404 4839 ut
1435 4785 1785 4842 confiteatur
1814 4804 1973 4852 eum,

333 4884 505 4940 quem
537 4875 710 4926 antea
738 4871 1082 4943 denegabat.

405 4957 588 5028 (Vers.
623 4957 716 5028 33,
744 4961 857 5031 34.)
892 4983 919 5010 «
935 4960 1004 5016 Et
1036 4961 1256 5016 miratae
1282 4965 1423 5018 sunt
1441 4961 1648 5028 turbae,
1674 4963 1932 5020 dicentes
1959 4982 1972 5019 :

330 5043 646 5119 Nunquam
678 5049 950 5120 apparuit
980 5049 1063 5106 sic
1093 5049 1150 5105 in
1183 5049 1381 5106 Israel.
1444 5048 1719 5107 Pharisaei
1779 5056 1974 5110 autem

329 5135 635 5194 dicebant:
669 5137 732 5193 In
765 5137 1028 5211 principe
1073 5137 1498 5196 daemoniorum
1545 5141 1708 5211 ejicit
1760 5141 1974 5198 daemo-

329 5239 452 5280 nes.
485 5246 515 5275 n
547 5225 746 5282 Turba
795 5227 894 5283 Dei
925 5243 1100 5300 opera
1147 5227 1476 5297 conﬁtetur,
1509 5233 1565 5284 et
1599 5229 1770 5286 dicit:
1822 5235 1976 5288 Nun-

397 5347 547 5405 ‘Hic
591 5363 726 5427 vero
761 5354 979 5427 totam,
1027 5367 1154 5427 qua:
1200 5351 1338 5408 hinc
1385 5353 1788 5427 subsequitur,
1840 5355 1976 5411 Cum

331 5427 524 5550 Ἠ
537 5423 790 5494 venisset,
806 5428 941 5492 eto.,
955 5424 1262 5496 Scriptura
1281 5423 1610 5497 pericopeni
1625 5425 1804 5482 iidem
1826 5444 1970 5483 mss.

256 5631 262 5639 ‘
327 5633 365 5642 _
397 5561 546 5642 {Pro
566 5564 808 5636 jussum,
843 5571 959 5624 tres
1015 5579 1161 5623 mss.
1209 5568 1423 5639 justum
1482 5565 1708 5640 legunt,
1769 5569 1975 5642 sicque

327 5633 626 5692 Babulus.

393 5707 416 5741 ³
474 5706 930 5768 Vetustissimus
991 5709 1347 5768 Veronensis
1400 5709 1770 5770 Bibliotheca:
1824 5711 1971 5770 liber

2086 4706 2247 4758 verat
2275 4717 2510 4758 omnem
2541 4700 2883 4773 languorem
2914 4703 2972 4755 et
3009 4715 3242 4754 omnem
3302 4695 3725 4759 inﬁrmitatem,

2087 4790 2366 4865 apostolis
2398 4805 2631 4861 quoque
2657 4791 2782 4844 suis
2814 4788 3020 4844 tribuit
3049 4790 3416 4859 potestatem,
3451 4789 3517 4840 ut
3564 4800 3727 4840 cura-

2085 4883 2215 4936 rent
2243 4893 2475 4935 omnem
2511 4877 2876 4950 languorem,
2899 4882 2955 4932 et
2985 4891 3216 4931 omnem
3241 4874 3641 4929 inﬁrmitatem
3665 4871 3726 4929 in

2087 4969 2272 5040 plebe.
2331 4968 2443 5023 Sed
2504 4967 2690 5022 multa
2735 4964 3019 5020 distantia
3068 4967 3157 5019 est
3205 4962 3359 5019 inter
3406 4962 3619 5019 habere
3671 4966 3729 5018 et

2083 5057 2360 5124 tribuere,
2389 5057 2608 5111 donare
2632 5061 2689 5111 et
2718 5054 2994 5125 accipere.
3017 5053 3133 5108 Iste
3151 5053 3541 5125 quodcunque
3582 5051 3725 5125 agit,

2085 5149 2372 5219 potestate
2405 5144 2635 5200 Domini
2667 5143 2818 5215 agit:
2853 5141 2959 5210 illi,
2993 5142 3044 5199 si
3075 5143 3216 5214 quid
3267 5141 3510 5212 faciunt,
3538 5141 3722 5197 imbe-

2085 5234 2384 5290 cillitatem
2417 5248 2585 5289 suam
2638 5235 2696 5287 et
2749 5231 3026 5287 virtutem
3083 5231 3317 5288 Domini
3350 5231 3722 5300 confitentur,

2084 5355 2526 5426 Evangeliorum
2553 5355 2737 5424 addit,
2760 5363 2814 5410 et
2838 5355 3096 5410 surdum:
3145 5360 3457 5427 utramque
3503 5353 3728 5411 scilicet

2085 5429 2244 5510 vocis
2261 5430 2450 5504 κωφοῦ
2474 5427 3035 5510 interpretationem.

2154 5501 2329 5556 ‘Duc
2360 5495 2543 5571 'mss.,
2593 5495 2799 5570 eiiciat,
2851 5516 2954 5570 pro
3004 5499 3218 5554 mittat:
3283 5499 3487 5571 sicque
3545 5495 3718 5570 paulo

2083 5577 2232 5644 post,
2267 5576 2328 5626 in
2365 5569 2710 5627 exultatione
2757 5569 2978 5636 metent,
3039 5587 3138 5640 pro
3195 5569 3420 5642 gaudio.
3474 5569 3559 5624 Et
3589 5583 3725 5624 mox
3812 5599 3822 5609 -

2080 5647 2354 5702 mittente:
2378 5645 2612 5713 semina,
2638 5659 2741 5717 pro
2771 5651 3072 5716 portantes.
