4024 6196
287 291 366 360 ea
1389 381 1396 390 ί
1527 298 1594 361 s.
1637 295 1953 362 ansaan
1996 293 2448 361 BIERONYMI
3613 292 3693 360 cs

291 430 587 490 dicentes:
639 428 702 484 In
751 430 978 487 nomine
1024 431 1150 489 Jesu
1177 447 1356 504 surge,
1407 436 1459 488 et
1513 433 1743 489 ambula
1799 434 1934 501 (Act.
1970 431 2022 496 Α
2053 432 2315 488 civitates
2393 431 2900 491 Samaritanorum
2981 448 3054 489 ne
3135 428 3518 488 intraveritis:
3587 430 3690 488 sed

292 539 355 589 ιι,
378 523 455 592 6).
488 520 818 576 Notandum
851 524 1046 576 autem
1089 522 1243 593 quod
1293 521 1352 576 in
1409 522 1759 577 duodecimo
1810 522 1934 576 loco

289 615 552 684 potestas
588 609 891 682 signorum
926 611 1206 683 apostolis
1239 612 1610 666 concedatur.

359 699 548 770 (Vers.
599 700 655 766 2,
719 706 796 771 ".)
852 701 1238 756 «Duodecim
1290 705 1485 756 autem
1536 699 1932 772 apostolorum

288 788 531 844 nomina
563 793 703 843 sunt
732 789 873 844 htBC.
911 813 931 840 ι
974 789 1284 862 Catalogus
1325 789 1719 860 apostolorum
1770 788 1933 860 poni-

286 881 404 942 tur,
439 883 505 932 ut
533 883 695 933 extra
726 877 834 933 hos
867 878 966 950 qui
1019 879 1495 950 pseudoapostoli
1543 879 1723 933 futuri
1775 886 1933 944 sunt,

288 965 696 1023 excludantur.
733 991 760 1016 «
797 967 1030 1022 Primus
1059 968 1280 1034 Simon,
1317 968 1417 1039 qui
1449 969 1666 1023 dicitur
1704 972 1934 1035 Petrus,

289 1060 346 1111 et
375 1056 638 1111 Andreas
670 1057 850 1111 trater
881 1057 1043 1127 ejus:
1077 1057 1334 1112 Jacobus
1365 1058 1644 1123 Zebedazi,
1677 1062 1735 1113 et
1765 1059 1934 1111 Joan-

293 1161 397 1200 nes
457 1146 636 1200 frater
693 1147 856 1215 ejus:
945 1145 1251 1218 Philippus
1331 1151 1386 1202 et
1461 1147 1934 1211 Bartholomaeus,

293 1235 552 1290 Thomas
582 1239 639 1290 et
675 1235 978 1290 Matthaius
1011 1235 1380 1307 publicanus,
1437 1241 1493 1290 et
1541 1236 1791 1291 Jacobus
1839 1234 1935 1288 Al-

295 1325 469 1396 phasi,
517 1330 574 1380 et
631 1323 1031 1379 Thaddaaus.»
1081 1325 1359 1380 Ordinem
1420 1325 1816 1396 apostolorum
1883 1328 1941 1378 et

295 1414 570 1469 meritum
596 1413 1083 1486 uniuscujusque,
1121 1414 1284 1470 illius
1307 1413 1414 1468 fuit
1436 1414 1808 1484 distribuere,
1839 1413 1937 1484 qui

296 1503 488 1559 cordis
518 1519 733 1559 arcana
781 1503 1049 1558 rimatur.
1111 1503 1343 1559 Primus
1393 1503 1667 1559 scribitur
1713 1503 1937 1568 Simon,

294 1596 681 1665 cognomento
739 1592 973 1648 Petrus:
1051 1594 1121 1648 ad
1183 1592 1622 1649 distinctionem
1700 1591 1939 1647 alterius

294 1681 570 1747 Simonis,
607 1681 705 1751 qui
731 1681 1059 1752 appellatur
1094 1681 1478 1749 Chananaeus,
1504 1683 1574 1736 de
1599 1682 1719 1736 vico
1742 1681 1942 1735 Chana

294 1769 562 1834 Galilaeai,
619 1769 717 1824 ubi
778 1787 994 1840 aquam
1052 1771 1336 1826 Dominus
1394 1770 1565 1826 vertit
1624 1771 1682 1824 in
1737 1771 1936 1824 vinum
1972 1804 2018 1867 Β

295 1859 472 1930 (Joan.
509 1859 679 1930 11,8).
728 1860 1008 1914 Iacobum
1058 1876 1291 1930 quoque
1349 1859 1603 1931 appellat
1660 1861 1938 1924 Zebedzni,

295 1948 434 2019 quia
471 1953 528 2002 et
578 1946 729 2002 alius
781 1948 1051 2020 sequitur
1097 1948 1350 2004 Jacobus
1394 1948 1635 2020 Alphaai.
1687 1950 1757 2004 Et
1803 1965 1938 2020 apo-

299 2037 584 2092 stolorum
614 2036 934 2109 pariajuga
964 2037 1260 2093 consociat
1290 2040 1328 2091 ¹.
1356 2037 1562 2110 Jungit
1592 2041 1826 2092 Petrum
1887 2042 1944 2092 et

295 2117 590 2180 Andream
625 2127 850 2192 fratres,
876 2141 990 2181 non
1015 2132 1135 2182 tam
1169 2144 1342 2182 carne
1373 2144 1549 2198 quam
1575 2128 1667 2184 57
1708 2125 1940 2198 spiritu.

293 2213 579 2270 Jacobum
613 2218 668 2269 et
696 2214 1004 2285 Jeannem,
1047 2216 1146 2286 qui
1193 2221 1417 2284 patrem
1469 2216 1727 2287 corporis
1767 2215 1941 2270 relin-

295 2307 540 2374 quentes
571 2319 774 2358 verum
797 2307 1025 2358 Patrem
1067 2304 1251 2359 secuti
1296 2308 1454 2359 sunt.
1505 2303 1838 2376 Philippum
1888 2308 1942 2358 et

295 2391 810 2457 Bartholomzeum,
865 2392 1152 2448 Thomam
1208 2409 1441 2465 quoque
1489 2399 1547 2448 et
1607 2393 1940 2447 Matthzsum

296 2478 698 2551 publicanum.
761 2481 960 2536 Caeteri
1000 2480 1368 2552 evangelista:
1418 2481 1478 2535 in
1531 2480 1942 2552 conjunctione

300 2569 631 2634 nominum,
659 2570 919 2641 primum
951 2574 1177 2642 ponunt
1207 2569 1539 2625 Matthaeum
1569 2588 1581 2637 ;
1630 2575 1687 2625 et
1743 2575 1945 2643 postea

299 2655 610 2726 Thomam,
669 2673 773 2713 nec
815 2658 1115 2731 publicani
1176 2675 1389 2714 nomen
1476 2659 1777 2715 ascribunt
1835 2661 1940 2728 [Αἱ.

299 2746 658 2816 ascribitur],
683 2763 753 2802 ne
784 2747 1034 2819 antiquis
1065 2749 1524 2804 conversationis
1574 2749 1946 2804 recordantes

299 2833 578 2906 sugillare
620 2834 1035 2908 evangelistam
1087 2837 1442 2892 viderentur.
1506 2839 1617 2894 Iste
1667 2854 1799 2892 vero
1857 2840 1946 2908 (ut

302 2940 483 2994 supra
514 2923 791 2997 diximus)
823 2929 880 2980 et
904 2929 1036 2998 post
1063 2925 1350 2981 Thomam
1401 2943 1463 2981 se
1513 2926 1693 2998 ponit,
1741 2932 1797 2981 et
1845 2944 1947 2998 pu-

303 3011 604 3067 blicanum
636 3013 910 3086 appellat,
937 3019 1001 3069 ut
1014 3016 1112 3071 ubi
1129 3016 1435 3071 abundavit
1449 3017 1733 3088 iniquitas,
1765 3032 1948 3088 super-

303 3101 545 3156 abundet
570 3107 621 3158 et
650 3105 834 3174 gratia
865 3103 1038 3174 (Rom.
1072 3121 1127 3172 ν,
1156 3106 1268 3176 20).

2043 521 2237 590 potius
2296 523 2372 578 ite
2417 526 2487 578 ad
2527 541 2659 579 oves
2710 542 2836 596 quae
2872 524 3171 596 perierunt
3193 523 3404 578 domus
3425 519 3626 578 Israel.
3662 544 3690 571 »

2043 610 2164 664 Non
2200 618 2288 666 est
2311 614 2640 668 contrarius
2701 613 2864 669 locus
2919 613 3030 668 iste
3089 613 3139 667 ei
3190 616 3470 684 praecepto
3523 611 3678 683 quod

2046 708 2248 770 postea
2279 702 2522 757 dicitur:
2556 705 2755 758 Euntes
2804 703 2980 758 docete
3035 718 3222 757 omnes
3268 709 3474 770 gentes,
3511 701 3688 771 bapti-

2045 799 2232 844 zantes
2289 807 2374 846 eos
2432 795 2491 846 in
2526 794 2750 846 nomine
2796 793 3001 861 Patris,
3053 799 3103 845 et
3149 790 3300 859 Fitii,
3358 793 3408 843 et
3455 788 3692 859 Spiritus

2045 881 2451 950 saneti(lllatth.
2485 899 2678 951 xxvm,
2749 881 2849 951 19).
2906 879 3052 943 Quia
3104 879 3212 934 hoc
3257 882 3390 933 ante
3442 893 3694 932 resurre-

2045 967 2469 1033 ctionem,illud
2495 975 2626 1040 post
2648 969 3132 1024 resurrectionem
3159 970 3511 1039 praeceptum
3535 971 3624 1021 est
3648 967 3688 1020 ‘.

2048 1055 2114 1109 Et
2136 1059 2438 1126 oportebat
2468 1061 2726 1130 primum
2777 1059 3092 1113 adventum
3147 1055 3361 1111 Christi
3413 1055 3688 1111 nuntiare

2045 1143 2286 1213 Judmis,
2320 1149 2629 1218 nejustam
2663 1149 2945 1203 haberent
2974 1145 3434 1214 excusationem,
3497 1145 3694 1199 dicen-

2047 1239 2133 1290 tes
2165 1237 2294 1292 ideo
2325 1253 2387 1292 se
2417 1237 2732 1292 Dominum
2767 1236 3055 1307 rejecisse,
3089 1235 3227 1306 quia
3251 1234 3323 1288 ad
3381 1240 3586 1306 gentes
3634 1238 3695 1288 et

2049 1326 2119 1379 ad
2154 1326 2556 1382 Samaritanos
2587 1326 2884 1399 apostolos
2933 1325 3172 1379 miserit.
3217 1324 3392 1378 Juxta
3438 1322 3693 1394 tropolo-

2049 1414 2205 1486 giam
2266 1431 2399 1470 vero
2457 1415 2792 1487 praecipitur
2839 1414 3009 1468 nobis
3069 1413 3168 1484 qui
3217 1411 3432 1467 Christi
3491 1427 3691 1465 cense-

2051 1519 2186 1556 mur
2213 1503 2470 1568 nomine,
2505 1504 2661 1558 nein
2721 1504 2812 1557 via
2860 1502 3124 1574 gentium
3175 1505 3231 1556 et
3288 1499 3692 1554 haereticorum

2050 1591 2426 1648 ambulemus
2448 1609 2663 1660 errore,
2688 1597 2751 1647 ut
2779 1607 3029 1663 quorum
3063 1589 3262 1662 religio
3285 1591 3555 1661 separata
3580 1593 3692 1657 est,

2051 1687 2352 1752 separetur
2380 1686 2436 1736 et
2464 1683 2600 1737 vita.

2121 1769 2307 1840 (Vers.
2353 1773 2489 1842 7-8.)
2524 1794 2550 1820 ‹‹
2599 1772 2816 1826 Euntes
2866 1774 3059 1824 autem
3111 1768 3441 1840 praedicata,
3495 1767 3693 1820 dicen-

2049 1862 2174 1914 tes:
2210 1859 2347 1930 quia
2380 1858 2868 1931 appropinquavit
2899 1874 3143 1930 regnum
3178 1855 3478 1921 caalorum,
3531 1855 3696 1909 inﬁr-

2053 1964 2178 2004 mos
2209 1949 2309 2005 58
2344 1954 2565 2015 curate,
2609 1953 2868 2003 mortuos
2899 1947 3198 2015 suscitate,
3221 1945 3482 2016 leprosos
3524 1961 3696 1998 mun-

2051 2037 2204 2107 date,
2236 2038 2529 2093 daemones
2549 2037 2757 2107 ejicite.
2795 2060 2821 2085 »
2863 2036 2942 2091 Ne
2991 2035 3334 2090 hominibus
3384 2032 3699 2088 rusticanis

2047 2129 2103 2180 et
2127 2127 2348 2197 absque
2376 2126 2592 2197 eloquii
2620 2131 2921 2182 venustate
2978 2123 3232 2180 indoctis
3277 2128 3332 2178 et
3384 2121 3699 2177 illitteratis

2052 2231 2222 2270 nemo
2249 2216 2528 2282 crederet,
2578 2215 2994 2287 pollicentibus
3044 2231 3222 2287 regna
3270 2211 3547 2268 caelorum
3600 2212 3700 2267 dat

2054 2309 2400 2378 potestatem
2448 2306 2714 2360 inﬁrmos
2779 2321 3003 2372 curare,
3070 2303 3334 2375 leprosos
3392 2301 3700 2366 mundare,

2053 2396 2344 2450 daemones
2375 2395 2604 2465 ejicere,
2641 2399 2705 2450 ut
2753 2393 3221 2466 magnitudinem
3275 2389 3697 2462 promissorum

2054 2484 2259 2556 probet
2303 2484 2648 2556 magnitudo
2720 2483 3045 2556 signorum.
3130 2482 3195 2536 Et
3261 2479 3400 2550 quia
3468 2494 3700 2549 semper

2053 2572 2207 2628 dona
2260 2571 2589 2643 spiritualia
2640 2572 2711 2642 (si
2775 2588 2996 2626 merces
3054 2569 3245 2624 media
3315 2568 3412 2638 sit)
3497 2565 3700 2622 viliora

2059 2661 2229 2730 ﬁunt,
2292 2660 2639 2733 adjungitur
2695 2660 2947 2716 avaritia
3007 2657 3438 2714 condemnatio.
3495 2676 3516 2703 ι
3552 2657 3700 2712 Gra-

2052 2750 2128 2806 tis
2176 2751 2508 2822 accepistis,
2566 2750 2749 2821 gratis
2823 2749 2975 2804 date.
3031 2770 3058 2798 »
3111 2748 3228 2820 Ego
3289 2746 3571 2818 magister
3643 2749 3704 2800 et

2057 2839 2338 2895 Dominus
2387 2840 2608 2911 absque
2684 2839 2867 2910 pretio
2945 2837 3052 2892 hoc
3129 2837 3293 2892 vobis
3359 2835 3560 2900 tribui,
3640 2840 3698 2889 et

2054 2945 2156 2984 vos
2189 2927 2314 2983 sine
2334 2928 2516 3000 pretio
2550 2929 2702 2996 date,
2737 2945 2808 2982 ne
2849 2925 3140 2998 Evangelii
3191 2924 3378 2998 gratia
3439 2940 3699 2980 corrum-

2055 3023 2246 3089 patur.

2131 3105 2314 3175 (Vers.
2347 3106 2402 3171 9,
2440 3107 2551 3176 10.)
2583 3128 2610 3156 ‹‹
2641 3103 2830 3160 Nolite
2886 3103 3184 3176 possidere
3231 3117 3462 3168 aurum,
3511 3115 3700 3172 neque

371 3189 558 3260 (Vers.
593 3191 668 3261 4.)
704 3211 731 3239 ι(
762 3191 964 3245 Simon
997 3191 1424 3249 Chananeus.»
1459 3196 1585 3266 Ipse
1617 3198 1705 3249 est
1736 3192 1834 3264 qui
1887 3192 1945 3247 in
1977 3171 2021 3238 C
2059 3198 2388 3266 argentum,
2467 3211 2657 3266 neque
2731 3193 3040 3266 pecuniam
3107 3192 3166 3246 in
3230 3191 3390 3246 zonis
3463 3189 3696 3244 vestris.

301 3277 414 3333 alio
455 3277 811 3350 evangelista
860 3280 964 3350 [AL
1011 3280 1342 3353 Evangelio]
1394 3282 1670 3337 scribitur
1743 3283 1944 3337 Zelotes

303 3367 455 3437 (Luc.
504 3383 579 3434 vr,
643 3368 750 3438 15).
813 3366 1000 3422 Charta
1044 3368 1259 3440 quippe
1312 3371 1460 3425 zelus
1506 3370 1940 3441 interpretatur.

303 3454 662 3512 Thaddeum
687 3455 1036 3528 apostolum,
1060 3458 1454 3514 ecclesiastica
1480 3458 1658 3513 tradit
1701 3457 1946 3514 historia

303 3543 554 3601 missum
584 3547 842 3602 Edessan
874 3549 896 3582 ²
938 3549 1008 3603 ad
1060 3548 1361 3621 Abgarum
1408 3563 1601 3620 regem
1654 3548 1944 3612 Osroente,

306 3632 405 3702 qui
464 3634 536 3689 ab
596 3635 949 3708 evangelista
1005 3636 1160 3691 Luca
1220 3636 1402 3691 Judas
1459 3636 1660 3691 Jacobi
1729 3636 1947 3692 dicitur

306 3721 464 3788 (Ibid.
499 3724 625 3794 16):
661 3730 719 3780 et
749 3724 887 3780 alibi
919 3724 1247 3798 appellatur
1292 3726 1545 3796 Lebbeus,
1579 3726 1734 3796 quod
1767 3726 1945 3780 inter-

305 3815 573 3882 pretatur
654 3815 957 3870 corculum.
1045 3814 1530 3886 Credendumque
1611 3821 1700 3869 est
1811 3830 1944 3870 eum

308 3898 491 3956 fuisse
542 3901 915 3958 trinomium:
969 3903 1123 3959 sicut
1173 3903 1398 3970 Simon,
1444 3905 1655 3970 Petrus,
1717 3908 1772 3958 et
1843 3901 1947 3957 filii

310 3989 585 4057 Zebedaei,
630 3992 935 4064 Boanerges
995 3991 1104 4064 [ΑΙ.
1139 3991 1452 4062 Banerges],
1486 4008 1554 4046 ex
1584 3991 1856 4046 firmitate
1895 3994 1951 4047 et

311 4080 720 4152 magnitudine
777 4081 910 4138 ﬁdei
977 4080 1264 4136 nominati
1342 4084 1502 4136 sunt.
1541 4103 1568 4129 »
1628 4082 1696 4135 Et
1766 4080 1950 4136 Judas

313 4167 660 4225 Ischariotes
681 4170 722 4238 ³,
785 4171 885 4242 qui
937 4174 994 4226 et
1049 4168 1291 4225 tradidit
1348 4185 1552 4224 eum.»
1605 4167 1699 4225 Vel
1741 4185 1774 4224 a
1827 4169 1949 4225 vico

311 4260 414 4310 aut
444 4258 587 4312 urbe
617 4258 678 4312 in
710 4275 824 4330 quo
856 4264 1019 4314 ortus
1048 4263 1155 4324 est,
1217 4258 1303 4314 vel
1357 4275 1426 4314 ex
1470 4258 1627 4313 tribu
1686 4258 1952 4314 Issachar

308 4343 658 4400 vocabulum
682 4347 965 4420 sumpsit:
999 4352 1065 4402 ut
1085 4347 1340 4419 quodam
1371 4345 1640 4402 vaticinio
1706 4346 1764 4401 in
1815 4364 1951 4402 con-

309 4433 748 4490 demnationem
780 4435 871 4490 sui
904 4440 1076 4490 natus
1109 4436 1204 4490 sit.
1265 4437 1421 4506 (Cen.
1481 4453 1631 4502 xmx,
1699 4437 1784 4501 14,
1841 4437 1948 4508 15).

2054 3283 2178 3336 Non
2242 3299 2440 3354 peram
2492 3283 2550 3337 in
2607 3283 2718 3353 via,
2781 3298 2969 3353 neque
3018 3282 3166 3335 duas
3209 3281 3462 3344 tunicas,
3514 3294 3703 3350 neque

2053 3369 2457 3438 calciamenta,
2518 3389 2707 3443 neque
2759 3372 2983 3443 virgam
3015 3372 3052 3424 ⁵.
3110 3369 3330 3441 Dignus
3384 3373 3472 3423 est
3532 3367 3692 3420 enim

2053 3460 2355 3531 operarius
2386 3461 2512 3516 cibo
2547 3477 2672 3516 suo.
2704 3484 2724 3510 »
2762 3461 3200 3531 Consequenter
3243 3456 3364 3510 hec
3398 3457 3499 3510 dat
3544 3471 3692 3526 pra-

2054 3554 2224 3620 cepta
2279 3549 2838 3622 evangelizatoribus
2920 3547 3200 3612 veritatis,
3273 3544 3491 3617 quibus
3563 3547 3699 3598 ante

2055 3637 2315 3694 dixerat:
2350 3642 2533 3695 Gratis
2580 3641 2887 3710 accepistis,
2913 3638 3084 3706 gratis
3119 3635 3259 3690 date.
3304 3633 3361 3688 Si
3406 3632 3563 3688 enim
3613 3632 3699 3686 sic

2059 3728 2400 3797 praedicant,
2420 3734 2485 3782 ut
2505 3729 2757 3800 pretium
2789 3744 2904 3783 non
2937 3725 3244 3798 accipiant,
3269 3722 3569 3795 superflua
3608 3726 3699 3776 est

2059 3817 2186 3871 auri
2217 3818 2559 3888 argentique
2589 3823 2646 3872 et
2675 3832 3056 3872 nummorum
3088 3814 3399 3886 possessio.
3451 3811 3597 3865 Nam
3647 3808 3697 3864 si

2056 3905 2402 3962 habuissent
2424 3923 2634 3961 aurum
2668 3913 2724 3962 et
2777 3910 3105 3977 argentum,
3167 3902 3523 3956 videbantur
3582 3915 3698 3954 non

2063 4011 2244 4050 causa
2276 3995 2488 4050 salutis
2536 3995 2866 4062 hominum,
2919 3993 3020 4048 sed
3079 4007 3256 4046 causa
3302 3989 3450 4045 lucri
3491 3987 3699 4061 praedi-

2071 4101 2221 4140 care.
2250 4086 2431 4156 Neque
2477 4100 2554 4140 aes
2587 4087 2645 4138 in
2673 4082 2931 4139 saeculis.
2966 4082 3074 4147 Qui
3106 4079 3339 4135 divitias
3389 4079 3699 4134 detrunca-

2060 4175 2308 4244 rat[.41.
2370 4173 2722 4245 detruncat];
2773 4172 3198 4244 propemodum
3254 4173 3311 4224 et
3368 4165 3701 4222 necessaria

2055 4262 2186 4317 vitae
2218 4266 2504 4334 amputat,
2539 4268 2602 4316 ut
2624 4260 2870 4334 apostoli
2901 4260 3164 4314 doctores
3190 4273 3332 4312 veras
3379 4253 3697 4328 religionis,

2066 4352 2166 4423 qui
2197 4351 2587 4407 instituebant
2617 4351 2738 4423 [Αι.
2797 4347 3187 4418 instruebant]
3217 4348 3237 4380 ⁶
3263 4345 3463 4401 omnia
3508 4343 3699 4416 provi-

2060 4441 2256 4496 dentia
2302 4441 2403 4496 Dei
2456 4438 2792 4513 gubernari,
2842 4437 3067 4508 seipsos
3123 4435 3496 4490 ostenderent
3553 4431 3698 4487 nihil

309 4524 570 4579 Issachar
591 4524 748 4580 enim
779 4523 1195 4596 interpretatur
1221 4540 1445 4591 merces,
1478 4529 1543 4579 ut
1591 4524 1953 4597 significetur
1981 4541 2028 4605 D
2059 4531 2312 4602 cogitare
2343 4531 2413 4584 de
2462 4527 2737 4584 crastino.
2795 4529 2910 4582 Non
2952 4541 3142 4597 peram
3186 4525 3247 4577 in
3295 4524 3404 4578 via.
3465 4525 3546 4576 Ex
3592 4520 3701 4576 hoc

310 4613 564 4684 pretium
596 4611 933 4686 proditoris.

380 4702 571 4772 (Vers.
598 4704 652 4774 5,
684 4703 763 4775 6.)
797 4725 824 4751 «
857 4701 919 4758 In
953 4701 1104 4757 viam
1139 4700 1403 4774 gentium
1438 4718 1509 4758 ne
1567 4701 1862 4758 abieritis:
1899 4707 1955 4758 et

324 4897 334 4907 ο
386 4828 609 4882 ‘Antea
663 4832 807 4914 erat,
842 4831 1104 4914 ‘jugaque
1142 4846 1160 4881 :
1197 4827 1288 4914 lin
1357 4843 1473 4883 uno
1538 4826 1788 4914 alterove
1837 4845 1948 4900 ms,

303 4900 446 4968 juga
474 4913 719 4969 queque.
754 4900 922 4967 Rab.,
990 4900 1122 4955 aria
1149 4902 1379 4971 utroque
1409 4901 1700 4954 consociat.

338 4970 404 5050 H'
427 4970 490 5023 In
523 4969 864 5026 Erasmiana
893 4918 1150 5050 etfitipne
1181 4971 1490 5050 depravata
1540 4970 1840 5050 legimus._
1873 4968 1954 5050 Ad

312 5040 629 5109 Abagarum
673 5057 846 5111 regem
884 5040 1276 5108 Chosdroenaz}
1326 5041 1385 5096 in
1437 5040 1746 5096 Marianaea
1794 5040 1952 5096 simi-

313 5115 420 5180 ter,
493 5111 564 5166 ad
624 5112 934 5182 Abagarum
993 5131 1174 5182 regem
1258 5113 1589 5170 Chosideuw.
1667 5113 1952 5167 Neutrum

307 5199 510 5255 verum
569 5187 682 5250 est;
745 5183 1030 5255 necgscio
1099 5185 1394 5255 quodnam
1455 5184 1630 5240 fuerit
1706 5199 1950 5255 regnum

306 5254 770 5320 Chosdroenum,
804 5254 886 5309 vel
919 5254 1304 5311 Chosidenum.
1336 5257 1486 5312 Vera
1540 5257 1738 5325 itaque
1779 5254 1951 5310 lectio

307 5325 430 5381 haec
461 5331 550 5382 est
579 5341 756 5397 quam
788 5342 995 5382 omnes
1039 5343 1180 5382 mss.
1241 5328 1466 5383 codices
1523 5327 1810 5382 retinent:
1872 5327 1955 5382 Ad

306 5398 579 5469 Abgarum
630 5413 810 5467 regem
858 5397 1129 5454 Osroenae.
1181 5398 1315 5452 Erat
1354 5416 1523 5469 porro
1587 5397 1952 5469 Osroenevel

311 5467 597 5541 Osdroene,
641 5469 799 5541 regio
838 5469 1012 5541 Syriae
1063 5471 1122 5524 in
1166 5467 1593 5541 Mesopotamiae
1643 5467 1894 5541 confinio
1935 5486 1950 5522 :

308 5540 372 5612 in
405 5557 521 5611 qua
575 5540 794 5612 Edessa
835 5540 1340 5612 etiNicephoriam
1393 5541 1586 5611 urbes,
1629 5543 1801 5612 juxta
1849 5540 1954 5612 Eu-

308 5611 574 5686 phratem
613 5611 1041 5686 flumentilnde
1062 5611 1261 5686 populi
1284 5612 1508 5669 0sroeni
1536 5611 1690 5686 apud
1716 5611 1954 5686 Stepha-

311 5683 478 5753 num,
509 5684 698 5743 Mser.
729 5713 798 5728 —
837 5683 1020 5754 Olim,
1063 5683 1389 5758 ‘Ab'agarum
1442 5683 1630 5754 regem
1662 5683 1954 5742 Chosidene

2062 4621 2346 4690 praecepto
2371 4617 2565 4690 arguit
2586 4614 2986 4688 philosophos,
3010 4612 3111 4685 qui
3141 4611 3314 4684 vulgo
3333 4609 3704 4683 appellantur

2061 4705 2464 4779 Bactroperitae
2485 4743 2529 4776 δ,
2561 4706 2714 4778 quod
2745 4706 3174 4774 contemptores
3207 4698 3404 4756 saeculi
3427 4704 3485 4755 et
3507 4698 3706 4756 omnia

2060 4830 2424 4887 Vid.Euseb.
2457 4830 2496 4885 l.
2533 4849 2570 4896 1,
2605 4847 2656 4885 c.
2691 4831 2778 4884 15.

2131 4904 2153 4938 ³
2183 4903 2538 4958 Concinnius
2560 4894 2745 4958 nostri
2808 4914 2978 4963 mss.,
3030 4894 3172 4952 Iuda
3222 4902 3405 4950 autem
3445 4895 3703 4950 Schario-

2064 4975 2275 5056 testae!
2304 4992 2337 5029 α
2366 4976 2480 5056 uico
2512 4975 2570 5027 in
2597 4989 2712 5056 quo.
2730 4976 2884 5027 ortus
2908 4972 3005 5036 est,
3027 4968 3110 5023 vel
3139 4967 3406 5056 ex‘tribu,
3436 4971 3546 5022 etc.

2130 5047 2153 5080 ‘
2178 5046 2474 5101 Victorius
2504 5044 2722 5100 omittit
2752 5058 2971 5110 vocem,
3003 5047 3346 5111 praeceptum.

2132 5119 2153 5150 ⁵
2180 5117 2420 5172 Addunt
2452 5117 2690 5189 quidam
2725 5130 2868 5169 mss.
2901 5115 2967 5169 in
2993 5127 3186 5166 manu.
3220 5111 3372 5164 Tum
3428 5120 3705 5163 mercena-

2061 5191 2179 5243 rius
2208 5205 2309 5260 pro
2338 5187 2900 5260 operarius,ilegunt.

2131 5261 2152 5333 9
2183 5248 2395 5333 Vitiose
2418 5277 2593 5333 penes
2622 5248 2965 5333 'Vict’orium,
2997 5255 3428 5333 Βέλβινςνρειςοιιιπιτξζ
3481 5248 3702 5333 Nomen

2062 5347 2095 5404 ρ.
2124 5330 2331 5386 baculo
2361 5320 2586 5404 et.pera
2615 5329 2802 5404 sortiti
2834 5320 2991 5384 sunt.
3025 5320 3373 5404 Paschasius
3391 5320 3704 5404 Ratber‘tus

2063 5390 2565 5458 huncferelodum
2616 5419 2684 5458 ex
2732 5401 3084 5473 Hieronymo
3133 5393 3485 5473 ex_s_c_riben_s.
3517 5414 3546 5440 «
3580 5390 3706 5473 Gut

2066 5473 2205 5546 lam,
2241 5474 2449 5546 inquit,
2500 5474 2749 5546 cohibet,
2799 5465 3554 5546 et,_arguit_philosoph_os‘,
3603 5465 3705 5544 qui

2064 5536 2345 5619 dicuntur
2384 5536 2928 5619 Bachalonitas__(At.
2957 5536 3082 5619 ead,
3117 5536 3545 5619 B‘actropeoritaa)
3605 5536 3704 5605 qui

2062 5615 2259 5690 omnia
2290 5618 2495 5673 mundi
2527 5633 2629 5690 pro
2661 5609 2844 5671 nihilo
2876 5615 3176 5681 ducentes,
3210 5609 3454 5668 cellaria)
3506 5619 3702 5665 secum

2061 5688 2343 5748 ferebant.
