4024 6196
324 349 403 409 66
904 340 1421 406 COMMENTAR.
1468 347 1544 406 IN
1592 344 2109 408 EVANGELIUM
2154 341 2536 406 MAT'I‘HIEI
2580 345 2732 406 LIB.
2777 345 2824 405 Ι.
2871 343 3040 405 CAP.
3085 345 3158 406 X.
3653 347 3733 410 66

321 497 428 554 pro
472 478 658 535 nihilo
719 479 1021 548 ducentes,
1053 477 1354 533 cellarium
1413 496 1612 534 secum
1669 479 1978 534 vehebant.
2010 486 2065 549 Α,
2093 483 2182 534 est
2215 479 2322 549 [Αἰ.
2358 478 2464 550 ﬁt],
2499 483 2563 532 ut
2604 477 2790 550 magis
2820 493 2882 532 se
2913 477 3134 532 noverit
3164 479 3421 551 accipere
3452 481 3726 554 gratiam,

319 571 514 641 Neque
573 568 740 641 duas_
775 569 1006 622 tunicas.
1069 568 1133 621 In
1187 567 1417 623 duabus
1483 568 1698 622 tunicis
1755 567 1978 623 videtur

325 637 474 713 mihi
504 637 1056 730 duplex-ostendere
1080 655 1515 712 vestimentum.
1561 657 1686 711 Non
1745 674 1859 728 quo
1916 656 1977 711 in

321 748 468 804 locis
498 746 747 819 Scythiae
778 751 834 800 et
862 744 1093 817 glaciali
1129 746 1256 800 nive
1299 746 1627 818 rigentibus
1669 763 1787 800 una
1844 745 1978 817 quis

319 836 520 892 tunica
552 836 759 890 debeat
787 851 916 889 esse
947 839 1257 889 contentus
1287 852 1299 889 :
1335 835 1434 890 sed
1493 851 1606 905 quo
1664 834 1724 888 in
1781 834 1979 888 tunica

314 925 732 981 vestimentum
765 921 1204 994 intelligamus:
1264 939 1334 978 ne
1376 922 1486 978 alio
1546 923 1760 990 vestiti,
1819 922 1975 978 aliud

318 1013 499 1069 nobis
533 1013 853 1066 futurorum
903 1011 1110 1066 timore
1161 1028 1480 1066 servemus.
1541 1012 1721 1082 Neque
1768 1011 1978 1065 calcia-

323 1106 531 1156 menta.
567 1100 631 1154 Et
661 1099 820 1154 Plato
852 1099 1124 1171 praecepit
1155 1099 1301 1155 duas
1325 1099 1583 1172 corporis
1607 1100 1978 1154 summitates

325 1207 441 1245 non
474 1205 602 1244 esse
621 1187 918 1257 velandas,
953 1202 1058 1241 nec
1093 1188 1396 1242 assueﬁeri
1448 1189 1656 1242 debere
1714 1186 1977 1243 mollitiei

323 1277 533 1349 capitis
565 1281 622 1332 et
649 1277 887 1348 pedum.
923 1275 1066 1330 Cum
1099 1275 1220 1331 hac
1242 1275 1399 1331 enim
1432 1275 1748 1331 habuerint
1794 1276 1976 1330 firmi-

319 1372 525 1436 tatem,
582 1369 790 1420 caatera
846 1364 1178 1419 robustiora
1235 1369 1392 1419 sunt.
1452 1365 1634 1438 Neque
1716 1367 1972 1434 virgam:

321 1455 434 1521 Qui
463 1454 689 1509 Domini
722 1454 1009 1508 habemus
1041 1453 1348 1519 auxilium,
1381 1454 1576 1509 baculi
1636 1453 1975 1525 praesidium

320 1561 428 1599 cur
456 1560 788 1615 queramus
815 1547 837 1597 Ρ
863 1543 964 1599 59
994 1543 1058 1596 Et
1099 1543 1237 1614 quia
1293 1543 1726 1614 quodammodo
1785 1543 1975 1596 nudos

312 1639 369 1688 et
403 1633 704 1704 expeditos
738 1632 808 1686 ad
863 1632 1303 1702 praedicandum
1361 1631 1658 1703 apostolos
1715 1631 1972 1701 miserat,

310 1727 368 1777 et
431 1723 582 1776 dura
629 1721 939 1776 videbatur
995 1736 1122 1775 esse
1198 1721 1452 1775 conditio
1530 1720 1971 1792 magistrorum,

2086 584 2262 639 quam
2294 568 2455 622 dare.

2157 657 2340 727 (Vers.
2377 657 2465 722 12,
2502 657 2610 727 13.)
2642 679 2670 705 ‹‹
2714 655 3008 711 latrantes
3062 660 3256 711 autem
3317 658 3579 729 domum,
3636 677 3729 716 sa-

2087 745 2270 800 lutate
2297 761 2446 800 eam.
2481 746 2548 799 Et
2579 744 2870 816 siquidem
2905 744 3077 799 fuerit
3108 745 3318 800 domus
3375 745 3479 801 illa
3533 749 3726 819 digna,

2085 825 2408 905 veniet
2438 839 2630 890 vestra
2659 851 2836 906 super
2865 850 3031 889 eam:
3067 833 3156 888 sin
3215 838 3413 889 autem
3475 852 3587 890 non
3629 839 3731 892 60

2087 924 2261 978 fuerit
2316 925 2512 995 digna,
2567 940 2677 994 pax
2736 928 2926 977 vestra
2990 923 3062 977 ad
3142 939 3243 978 vos
3327 929 3664 980 revertetur.
3702 948 3730 975 »

2086 1011 2320 1067 Occulte
2385 1011 2795 1067 salutationem
2859 1011 3076 1066 Hebraei
3134 1029 3200 1067 ac
3258 1012 3384 1084 Syri
3443 1015 3733 1070 sermonis

2085 1100 2389 1172 expressit.
2441 1100 2602 1164 Quod
2673 1100 2828 1154 enim
2891 1099 3083 1155 Graece
3138 1100 3372 1170 dicitur,
3434 1099 3616 1176 χαῖρε,
3676 1107 3734 1160 et

2087 1190 2309 1256 Latine,
2334 1205 2450 1257 ave,
2485 1189 2593 1244 hoc
2652 1188 2931 1264 Hebraico
2973 1189 3246 1264 Syroque
3306 1207 3573 1246 sermone
3627 1209 3734 1264 ap-

2084 1277 2338 1348 pellatur
2367 1295 2550 1362 SALOM
2591 1293 2728 1332 LACll
2761 1261 2856 1362 (πί)
2899 1261 3082 1348 D1513)
3111 1277 3231 1332 sive
3258 1295 3442 1334 SALOM
3466 1261 3734 1336 summa”

2085 1367 2237 1452 (ητα-πῃ
2304 1353 2507 1438 515w),
2568 1367 2623 1420 id
2682 1378 2767 1421 est
2813 1353 2935 1436 'pax
3003 1375 3200 1420 tecum.
3290 1368 3454 1432 Quod
3531 1374 3730 1427 autem

2085 1455 2366 1526 praecipit,
2430 1456 2544 1511 tale
2599 1459 2729 1510 est:
2793 1456 3160 1510 lntroeuntes
3210 1455 3474 1524 domum,
3527 1476 3729 1529 pacem

2084 1544 2489 1615 imprecamini
2521 1544 2758 1616 hospiti,
2819 1550 2875 1599 et
2931 1549 3220 1615 quantum
3278 1544 3337 1599 in
3395 1546 3558 1602 vobis
3618 1553 3730 1616 est,

2084 1631 2385 1687 discordiae
2445 1632 2598 1687 bella
2645 1634 2860 1688 sedate.
2923 1633 3023 1688 Sin
3089 1639 3285 1688 autem
3356 1639 3480 1689 orta
3561 1637 3736 1693 fuerit

2083 1722 2484 1786 contradictio,
2525 1739 2626 1777 vos
2681 1722 3005 1778 mercedem
3066 1723 3354 1778 habebitis
3411 1725 3480 1778 de
3538 1726 3734 1782 oblata

314 1812 685 1866 severitatem
719 1809 989 1881 praecepti
1022 1809 1287 1880 sequenti
1332 1808 1625 1864 sententia
1682 1813 1973 1880 tempera-
2009 1853 2054 1917 Β
2086 1826 2225 1881 pace
2259 1828 2271 1870 ;
2307 1809 2388 1864 illi
2423 1810 2664 1879 bellum,
2698 1811 2798 1882 qui
2831 1810 2936 1883 [Αι.
2973 1812 3150 1883 quod]
3175 1811 3388 1868 habere
3417 1813 3729 1885 voluerint,

317 1899 421 1968 vit,
455 1899 657 1954 dicens
687 1917 699 1953 :
735 1900 956 1968 Dignus
987 1902 1064 1952 est
1090 1899 1377 1970 operarius
1402 1899 1520 1952 cibo
1550 1913 1666 1952 suo.
1700 1897 1976 1960 Tantum,

325 1988 542 2058 inquit,
573 1987 840 2058 accipite,
875 1991 1161 2059 quantum
1185 1987 1242 2041 in
1266 1987 1422 2042 victu
1456 1992 1512 2041 et
1544 1987 1753 2042 vestitu
1813 1986 1977 2040 vobis

327 2076 729 2132 necessarium
791 2081 902 2131 est.
961 2075 1123 2130 Unde
1206 2081 1263 2130 et
1321 2075 1637 2146 Apostolus
1695 2074 1972 2146 replicat:

325 2166 599 2220 Habentes
647 2167 851 2220 victum
905 2173 957 2219 et
1032 2167 1308 2232 vestitum,
1359 2165 1447 2219 his
1508 2165 1754 2219 contenti
1806 2166 1978 2218 simus

326 2254 373 2324 (I
402 2254 538 2308 Tim.
571 2270 649 2319 v1,
678 2253 753 2324 8).
788 2256 854 2306 Et
885 2253 943 2306 in
992 2252 1104 2306 alio
1153 2253 1276 2307 loco
1303 2270 1315 2307 :
1379 2253 1744 2308 Communicet
1790 2255 1976 2306 autem

326 2345 373 2396 is
399 2345 495 2412 qui
525 2343 891 2397 calechizatur
946 2343 1149 2397 verbo'
1208 2343 1259 2396 ci
1314 2345 1412 2412 qui
1457 2358 1512 2396 se
1569 2341 1865 2396 catechixat
1915 2341 1974 2394 in

323 2434 482 2486 omni
541 2431 669 2486 bono
721 2430 919 2501 (Galat.
976 2448 1051 2497 vr,
1109 2431 1200 2501 6):
1273 2435 1338 2484 ut
1395 2448 1643 2503 quorum
1701 2429 1975 2501 discipuli

325 2524 562 2575 metunt
591 2519 938 2591 spiritualia,
985 2525 1284 2575 consortes
1342 2537 1439 2575 eos
1494 2520 1711 2575 faciant
1765 2536 1974 2574 carna-

323 2607 472 2663 lium
507 2625 749 2664 suorum
778 2627 789 2662 :
827 2625 940 2664 non
973 2608 1032 2662 in
1065 2609 1304 2678 avarita,
1341 2610 1441 2664 sed
1483 2609 1542 2663 in
1601 2609 1969 2664 necessitate.

323 2701 456 2752 Haec
485 2697 758 2753 historice
789 2698 1068 2753 diximus.
1119 2701 1401 2753 Caeterum
1451 2698 1778 2752 secundum
1834 2713 1973 2751 ana-

323 2802 535 2859 gogen,
565 2803 680 2842 non
722 2786 857 2842 licet
914 2785 1211 2858 magistris
1269 2803 1476 2842 aurum
1534 2791 1591 2842 et
1642 2790 1971 2859 argentum,

324 2880 383 2931 et
416 2876 722 2947 pecuniam
756 2893 882 2948 quae
922 2875 980 2930 in
1014 2875 1174 2931 zonis
1207 2880 1313 2947 est,
1372 2875 1688 2946 possidere.
1749 2877 1972 2929 Aurum

325 2980 477 3036 saepe
526 2963 800 3035 legimus,
858 2981 961 3036 pro
1022 2981 1237 3032 sensu;
1301 2969 1626 3036 argentum,
1692 2980 1792 3036 pro
1849 2980 1973 3018 ser-

325 3069 538 3120 mone;
585 3071 686 3120 εεε,
745 3070 848 3124 pro
904 3070 1080 3122 voce;
1141 3054 1262 3108 bene
1316 3054 1486 3108 nobis
1539 3071 1654 3107 non
1713 3053 1847 3107 licet
1902 3053 1974 3106 ab

323 3142 458 3197 aliis
518 3143 796 3214 accipere,
869 3144 969 3198 sed
1039 3144 1176 3198 data
1243 3160 1276 3198 a
1340 3143 1586 3198 Domino
1654 3142 1969 3213 possidere.

2086 1899 2488 1970 possidebunt.

2158 1992 2342 2054 (Vers.
2384 1989 2487 2058 Μ.)
2523 2011 2550 2037 ‹‹
2586 1989 2653 2042 Et
2710 1988 3043 2060 quicunque
3101 2006 3214 2044 non
3269 1992 3549 2062 receperit
3602 2011 3726 2063 vos,

2087 2092 2271 2146 neque
2303 2075 2553 2130 audierit
2584 2092 2884 2131 sermones
2932 2081 3178 2144 vestros,
3240 2084 3516 2136 exeuntes
3574 2081 3730 2140 foras

2084 2165 2155 2218 de
2194 2165 2392 2231 domo,
2422 2165 2511 2220 vel
2541 2165 2792 2232 civitate,
2826 2166 3075 2221 excutite
3109 2167 3401 2238 pulverem
3442 2171 3514 2226 de
3568 2173 3729 2243 pedi-

2085 2252 2196 2307 bus
2238 2254 2462 2309 vestris.
2530 2277 2551 2303 ι
2616 2255 2810 2309 Pulvis
2861 2256 3154 2311 excutitur
3210 2258 3280 2312 de
3339 2259 3607 2331 pedibus,
3667 2263 3728 2318 in

2082 2341 2486 2398 testimonium
2518 2341 2735 2398 laboris
2767 2344 2880 2412 sui,
2910 2345 3063 2416 quod
3099 2345 3347 2418 ingressi
3404 2347 3522 2402 sint
3590 2349 3728 2405 civi-

2084 2433 2284 2499 tatem,
2341 2439 2397 2486 et
2469 2432 2800 2502 praedicatio
2846 2433 3168 2504 apostolica
3224 2436 3294 2491 ad
3349 2435 3482 2493 illos
3541 2455 3728 2510 usque

2083 2520 2424 2590 pervenerit.
2459 2521 2587 2576 Sive
2615 2522 2904 2576 excutitur
2934 2522 3146 2594 pulvis:
3194 2528 3258 2578 ut
3315 2525 3460 2581 nihil
3518 2528 3590 2582 ab
3643 2529 3727 2584 eis

2084 2608 2382 2679 recipiant,
2419 2627 2491 2665 ne
2522 2610 2593 2664 ad
2627 2610 2847 2666 victum
2881 2611 3120 2683 quidem
3154 2615 3572 2682 necessarium,
3623 2617 3726 2688 qui

2082 2696 2456 2769 Evangelium
2491 2699 2831 2770 spreverint.

2154 2786 2338 2854 (Vere.
2374 2787 2483 2858 12.)
2520 2791 2757 2843 «Amen
2789 2789 2917 2844 dico
2943 2789 3129 2857 vobis,
3196 2790 3561 2848 tolerabilius
3618 2795 3729 2850 erit

2083 2878 2245 2928 terrm
2275 2875 2663 2932 Sodomorum
2695 2882 2752 2932 et
2781 2877 3286 2935 Gomorrbzeorum
3310 2881 3368 2936 in
3391 2881 3483 2936 die
3494 2883 3726 2952 judicii,

2083 2979 2258 3033 quam
2291 2963 2377 3017 illi
2408 2965 2644 3020 civitati.
2685 2987 2711 3012 ››
2742 2965 2800 3019 Si
2830 2965 3192 3022 tolerabilius
3241 2968 3349 3022 erit
3403 2974 3569 3024 terra:
3629 2972 3730 3026 So-

2086 3050 2395 3106 domorum
2480 3057 2537 3107 et
2597 3053 3104 3108 Gomorrbaorum
3162 3055 3270 3125 [ΑΙ.
3330 3056 3724 3131 Gomorrheis]

2085 3156 2261 3210 quam
2295 3139 2376 3194 illi
2407 3140 2621 3195 civitati
2654 3157 2777 3210 qua:
2810 3157 2923 3196 non
2985 3144 3267 3214 receperit
3323 3145 3726 3219 Evangelium,

318 3230 524 3302 Neque
553 3231 954 3286 haereticorum
981 3237 1037 3286 et
1057 3231 1538 3303 philosophorum
1575 3245 1973 3302 perversaque
2004 3219 2046 3284 C
2085 3234 2140 3282 et
2171 3228 2384 3283 idcirco
2411 3228 2794 3298 tolerabilius,
2831 3230 2968 3302 quia
2998 3230 3267 3287 Sodomis
3297 3237 3354 3288 et
3387 3235 3728 3292 Gomorrhis

319 3319 606 3373 doctrinae
639 3320 931 3391 suscipere
980 3319 1342 3390 disciplinas,
1402 3336 1515 3374 non
1575 3317 1766 3374 saeculi
1829 3335 1970 3390 pon-

323 3408 460 3462 dere
518 3406 726 3478 premi,
788 3425 977 3480 neque
1033 3408 1251 3480 duplici
1309 3425 1436 3464 esse
1504 3408 1723 3472 animo,
1786 3423 1974 3479 neque

324 3496 502 3568 pedes
574 3500 807 3551 nostros
867 3496 1186 3552 mortiferis
1247 3496 1496 3552 vinculis
1555 3495 1804 3567 alligari,
1871 3497 1971 3551 sed

322 3589 587 3640 sanctam
622 3590 835 3639 terram
869 3585 1283 3656 ingredientes,
1333 3603 1459 3641 esse
1512 3586 1742 3651 nudos;
1786 3601 1974 3656 neque

319 3673 534 3728 habere
563 3672 787 3745 virgam
823 3691 949 3745 quae
982 3678 1241 3728 vertatur
1295 3674 1355 3728 in
1415 3675 1718 3728 colubrum
1777 3672 1969 3742 (Exod.

317 3778 402 3826 IV,
431 3762 487 3829 2,
518 3762 614 3833 3);
646 3779 837 3833 neque
864 3762 923 3817 in
963 3762 1158 3834 aliquo
1205 3762 1471 3834 praesidio
1529 3762 1720 3817 carnis
1778 3761 1972 3827 inniti,

320 3850 460 3921 quia
489 3851 828 3904 istiusmodi
857 3851 1019 3922 virga
1063 3855 1120 3906 et
1178 3851 1421 3906 baculus
1474 3850 1832 3905 arundineus
1886 3854 1976 3905 est

322 3939 416 4003 (IV
450 3939 570 4008 Reg.
603 3954 761 4000 xvm,
810 3941 920 4005 21;
973 3941 1074 3994 Isa.
1125 3957 1318 4004 xxxw,
1363 3940 1442 4010 6),
1491 3956 1663 4010 quem
1715 3940 1764 3994 si
1831 3956 1972 4010 pau—

323 4025 513 4081 lulum
547 4027 848 4099 presseris,
891 4028 1195 4100 frangitur,
1242 4033 1300 4083 et
1358 4045 1599 4083 manum
1661 4027 1975 4083 transforat

320 4116 744 4171 incumbentis.

393 4206 583 4276 (Vers.
617 4207 729 4276 11.)
762 4229 789 4255 ‹‹
825 4205 886 4260 In
920 4223 1330 4278 quamcunque
1362 4206 1518 4261 enim
1550 4206 1840 4261 civitatem
1874 4209 1975 4260 aut

321 4293 632 4350 castellum
670 4294 1023 4350 intraveritis
1051 4296 1404 4368 interrogate
1426 4295 1556 4366 quis
1588 4295 1645 4348 in
1674 4311 1740 4350 ea
1759 4295 1974 4366 dignus

323 4383 419 4446 sit,
451 4389 509 4438 et
539 4384 619 4438 ibi
654 4389 907 4449 manete,
941 4385 1125 4440 donec
1184 4385 1405 4440 exeatis
1490 4406 1517 4432 ››
1576 4385 1763 4456 Super
1819 4384 1973 4438 ordi-

323 4472 562 4527 natione
632 4472 890 4545 episcopi
963 4478 1020 4529 et
1095 4473 1324 4529 diaconi
1398 4464 1626 4528 Paulus.
1689 4472 1972 4544 loquitur,

324 4564 552 4632 Oportet
583 4567 766 4617 autem
795 4578 879 4618 eos
909 4567 961 4617 et
993 4564 1366 4618 testimonium
1405 4562 1603 4624 habere
1662 4563 1865 4617 bonum
1907 4561 1974 4617 ab

323 4650 407 4704 his
437 4653 534 4721 qui
570 4654 707 4722 foris
744 4660 872 4706 sunt
910 4652 955 4720 (Ι
985 4653 1116 4706 Tim.
1175 4670 1259 4719 ιιι,
1310 4652 1398 4724 7).
1451 4650 1710 4723 Apostoli
1765 4668 1973 4706 novam

322 4738 688 4796 introeuntes
721 4741 947 4806 urbem,
981 4740 1130 4796 scire
1161 4758 1274 4795 non
1307 4744 1575 4811 poterant
1606 4739 1739 4810 quis
1783 4738 1975 4810 qualis

327 4834 496 4884 esset.
561 4830 711 4901 Ergo
775 4829 990 4901 hospes
1049 4831 1205 4885 fama
1260 4829 1564 4901 eligendus
1625 4833 1714 4883 est
1753 4828 1972 4898 populi,

329 4921 386 4971 et
422 4918 641 4987 judicio
697 4917 1043 4985 vicinorum,
1104 4935 1175 4973 ne
1235 4915 1663 4990 praedicationis
1719 4917 1976 4988 dignitas

326 5005 701 5078 suscipientis
759 5007 1002 5062 infamia
1062 5007 1421 5078 deturpetur.
1484 5011 1626 5060 Cum
1687 5005 1975 5060 universis

323 5093 571 5149 debeant
601 5095 934 5166 praedicare,
970 5096 1178 5167 hospes
1210 5112 1364 5150 unus
1403 5094 1661 5166 eligitur,
1695 5110 1810 5148 non
1871 5094 1973 5147 tri-

322 5181 507 5238 buens
543 5185 892 5239 beneficium
924 5185 974 5240 ei
1005 5185 1105 5256 qui
1165 5185 1316 5256 apud
1375 5200 1437 5239 se
1491 5200 1805 5238 mansurus
1865 5187 1971 5254 est,

324 5272 422 5326 sed
453 5271 772 5344 accipiens,
799 5273 907 5327 hoc
937 5273 1093 5328 enim
1133 5273 1371 5341 dicitur,
1405 5272 1538 5343 quis
1570 5272 1628 5326 in
1660 5288 1727 5327 ea
1761 5271 1974 5343 dignus

400 5451 411 5482 ¹
445 5449 716 5506 Martian.
749 5467 946 5507 vocem
974 5451 1136 5507 verba
1167 5450 1638 5522 przetermisera‘t.

395 5521 416 5595 ξ
445 5522 564 5576 Non
599 5523 1003 5595 improbarim,
1036 5521 1190 5594 quod
1225 5522 1406 5578 nostri
1453 5521 1770 5595 praeferunt
1796 5538 1968 5595 _mss.

323 5591 707 5677 ἕᾳέαηξαιξιρίξξ
771 5591 1279 5677 ,ίιμρτηαάιῖιοβιξω
1366 5591 1470 5677 ekf.
1505 5593 1564 5677 ίιξ
1624 5609 1748 5677 υρο.
1793 5593 1972 5677 Regio

318 5665 425 5723 240
483 5665 711 5724 Latinis
768 5664 972 5726 itidem
1031 5667 1316 5740 scriptum
1387 5664 1595 5722 litteris
1653 5664 1973 5724 Cotelerius

2082 3333 2193 3371 non
2226 3317 2335 3372 fuit
2366 3318 2768 3390 praedicatum,
2803 3318 2939 3374 huic
2971 3324 3168 3375 autem
3200 3322 3578 3392 praedicatum
3628 3324 3725 3394 sit,

2082 3409 2137 3458 et
2161 3410 2357 3460 tamen
2418 3423 2531 3461 non
2593 3407 2872 3478 receperit
2929 3408 3342 3480 Evangelium:
3403 3427 3537 3483 ergo
3577 3413 3730 3469 inter

2082 3500 2410 3565 peccatores
2443 3496 2670 3551 diversa
2701 3495 2992 3567 supplicia
3021 3501 3178 3553 sunt.

2152 3583 2338 3652 (Vers.
2375 3585 2486 3655 16.)
2520 3608 2547 3635 ‹‹
2581 3589 2721 3639 Ecce
2751 3601 2855 3658 ego
2908 3585 3078 3641 mitto
3107 3603 3208 3642 vos
3271 3588 3424 3644 sicut
3475 3607 3610 3647 oves
3666 3593 3727 3649 in

2082 3673 2272 3727 medio
2313 3672 2607 3743 luporum.
2668 3696 2694 3723 n
2759 3673 2966 3745 Lupos,
3003 3675 3237 3730 Scribas
3290 3681 3348 3731 et
3403 3677 3727 3737 Pbarisaeos

2080 3765 2265 3824 vocat,
2300 3760 2398 3832 qui
2432 3764 2568 3816 sunt
2596 3761 2786 3816 clerici
2817 3762 3173 3818 Judaeorum.

2154 3848 2338 3919 (Vers.
2394 3851 2602 3917 16-18.)
2656 3873 2681 3898 ‹‹
2742 3850 2938 3906 Estote
2995 3868 3130 3921 ergo
3197 3853 3514 3924 prudentes
3575 3855 3729 3912 sicut

2083 3942 2400 4009 serpentes,
2460 3943 2516 3993 et
2573 3938 2873 4009 simplices
2952 3939 3105 3995 sicut
3161 3941 3463 3997 columbae.
3523 3944 3728 4000 Cavete

2083 4031 2276 4081 autem
2306 4027 2377 4081 ab
2409 4026 2783 4089 hominibus;
2819 4028 3052 4082 tradent
3081 4029 3236 4083 enim
3269 4047 3370 4085 vos
3417 4031 3474 4085 in
3533 4033 3727 4088 conci-

2083 4115 2197 4182 liis,
2233 4115 2374 4170 etin
2408 4115 2718 4188 synagogis
2747 4115 2872 4171 suis
2921 4116 3300 4189 ﬂagellabunt
3355 4135 3478 4185 vos,
3540 4125 3597 4175 et.
3652 4121 3726 4177 ad

2083 4205 2360 4276 przesides
2393 4209 2449 4259 et
2471 4221 2634 4276 reges
2663 4205 2957 4259 ducemini
3008 4211 3242 4277 propter
3271 4222 3383 4275 me,
3443 4208 3501 4263 in
3560 4209 3725 4264 testi-

2083 4293 2346 4348 monium
2379 4291 2582 4347 illiset
2628 4293 2921 4364 gentibus.
2983 4315 3011 4343 ››
3069 4293 3142 4350 Ut
3197 4311 3300 4366 per
3355 4298 3726 4368 prudentiam

2083 4382 2338 4437 devitent
2395 4381 2660 4448 insidias,
2718 4397 2820 4453 per
2873 4381 3306 4453 simplicitatem
3368 4401 3485 4440 non
3512 4386 3730 4442 faciant

2085 4470 2303 4525 malum
2335 4472 2373 4524 ³.
2401 4471 2694 4542 Serpentis
2729 4471 2946 4525 astutia
2975 4471 3212 4544 ponitur
3239 4473 3298 4528 in
3350 4474 3684 4546 exemplum
3711 4492 3724 4530 :

2005 4583 2050 4648 D
2083 4559 2223 4631 quia
2249 4563 2372 4627 toto
2403 4575 2640 4630 corpore
2670 4559 2691 4592 ⁴
2723 4560 2973 4616 occultat
2997 4567 3194 4633 caput,
3226 4567 3283 4618 et
3313 4563 3457 4618 illud
3505 4564 3564 4619 in
3614 4580 3755 4640 quo.

2083 4648 2200 4704 vita
2231 4653 2336 4714 est,
2373 4648 2641 4720 protegit.
2678 4649 2759 4704 Ita
2790 4654 2847 4704 et
2878 4667 2983 4705 nos
3031 4655 3150 4706 toto
3210 4651 3467 4722 periculo
3526 4668 3730 4724 corpo-

2084 4736 2164 4792 ris
2197 4741 2370 4808 caput
2402 4741 2690 4804 nostrum,
2724 4738 2825 4808 qui
2855 4738 3119 4794 Christus
3159 4745 3266 4807 est,
3301 4741 3727 4798 custodiamus.

2085 4825 2441 4898 Simplicitas
2473 4825 2878 4881 columbarum
2911 4844 2979 4882 ex
3009 4827 3262 4898 Spiritus
3293 4828 3478 4883 sancti
3537 4831 3729 4903 specie

2085 4916 2537 4969 demonstratur.
2585 4913 2746 4969 Unde
2803 4914 2944 4969 dicit
3001 4920 3059 4969 et
3103 4915 3455 4986 Apostolus:
3515 4917 3731 4976 Malitia

2079 5003 2304 5076 parvuli
2333 5005 2493 5057 estote
2515 5003 2563 5073 (Ι
2589 5003 2712 5058 Cor.
2747 5020 2862 5071 xw,
2894 5003 3007 5073 20).

2156 5092 2341 5162 (Vers.
2376 5091 2467 5160 19,
2501 5091 2613 5160 20.)
2647 5112 2674 5138 ‹‹
2708 5089 2852 5144 Cum
2884 5096 3078 5146 autem
3113 5093 3343 5148 tradent
3371 5109 3493 5164 vos,
3551 5091 3730 5149 nolite

2085 5181 2338 5252 cogitare
2369 5180 2463 5233 (η
2502 5177 2795 5250 quomodo
2831 5182 2930 5233 aut
2960 5179 3099 5250 quid
3147 5180 3493 5253 loquamini.
3551 5181 3730 5236 Dabi-

2081 5275 2180 5324 tur
2207 5268 2365 5324 enim
2394 5266 2558 5322 vobis
2587 5265 2646 5319 in
2678 5264 2778 5320 illa
2808 5266 2950 5323 hora
2997 5268 3137 5340 quid
3195 5269 3540 5343 loquamini.
3597 5269 3727 5326 Non

2084 5453 2436 5608 ingélgehtius
2508 5520 2663 5572 tacet
2747 5517 2889 5572 Rab.
2975 5520 3205 5589 malum,
3290 5520 3581 5591 refertque
3655 5516 3728 5588 ad

2082 5593 2565 5722 miulihﬁrserunt
2594 5662 2708 5719 duo
2741 5678 2882 5720 mss.
2917 5661 3162 5724 Palatini
3191 5664 3558 5744 periclitante,
