4024 6196
315 321 409 380 ,67
1579 312 1644 373 s.
1691 310 2008 374 ausaau
2053 310 2502 374 HIERONYMI
3657 315 3736 386 es

336 453 492 511 enim
553 449 694 505 estis
724 463 824 502 vos
858 445 959 518 qui
1018 443 1327 517 loquimini
1368 445 1467 500 sed
1509 445 1762 517 Spiritus
1793 444 1980 500 Patris
2008 455 2063 520 Α
2095 461 2344 499 sensus:
2381 445 2567 500 Nolite
2597 444 2801 500 timere
2834 449 3273 518 persecutorum
3317 446 3616 517 saevitiam,
3675 454 3734 504 et

337 542 512 599 vestri
554 537 654 610 qui
694 536 956 608 loquitur
992 535 1052 589 in
1091 533 1277 589 vobis.
1350 557 1377 584 ››
1444 539 1630 606 Supra
1691 535 1914 590 dixerat
1963 549 1975 584 τ

341 631 565 700 Tradent
593 629 741 684 enim
770 642 861 682 vos
887 627 946 681 in
977 624 1249 690 conciliis,
1293 629 1349 678 et
1407 625 1465 678 in
1521 625 1816 695 synagogis
1870 625 1982 678 sui:

334 720 689 794 ﬂagellabant
720 733 834 784 vos,
865 719 916 770 et
945 714 1014 770 ad
1067 712 1332 786 praesides
1388 720 1443 767 et
1491 728 1639 781 reges
1697 713 1985 768 ducemz'ni

309 815 678 884 ~propterme.
711 810 850 860 Cum
885 819 1019 875 ergo
1062 806 1297 876 propter
1348 801 1640 856 Christum
1698 802 1985 856 ducamur

335 902 406 958 ad
423 898 678 972 judices,
710 893 1068 949 voluntatem
1091 896 1322 946 tantum
1351 895 1608 946 nostram
1633 906 1735 962 pro
1757 889 1983 945 Christo

335 991 616 1046 debemus
648 984 871 1040 oﬁ'erre.
943 985 1223 1036 Caeterum
1287 980 1411 1052 ipse
1477 979 1744 1035 Christus
1784 978 1883 1050 qui
1925 978 1982 1035 in

336 1077 508 1135 nobis
547 1073 791 1143 habitat,
830 1071 1106 1142 loquetur
1145 1086 1248 1141 pro
1287 1085 1373 1136 se,
1415 1073 1471 1124 et
1509 1069 1763 1142 Spiritus
1797 1066 1984 1124 sancti

336 1165 523 1239 gratia
553 1164 610 1218 in
643 1159 1046 1232 respondendo
1079 1157 1528 1213 ministrabitur.

405 1256 593 1326 (Vers.
626 1252 718 1317 21,
747 1249 861 1315 22.)
895 1270 922 1295 «
956 1247 1168 1301 Tradet
1200 1250 1398 1300 autem
1433 1245 1608 1299 frater
1647 1243 1884 1298 fratrem
1923 1242 1982 1297 in

338 1347 608 1408 mortem,
650 1344 706 1394 et
736 1341 898 1408 pater
924 1335 1132 1403 ﬁlium,
1158 1338 1214 1390 et
1243 1334 1551 1406 insurgent
1568 1331 1670 1386 ﬁlii
1699 1333 1756 1386 in
1785 1347 1986 1403 paren-

333 1437 440 1499 tes,
476 1437 533 1485 et
554 1433 736 1484 morte
766 1442 864 1481 eos
895 1422 1170 1479 afﬁcient.
1204 1423 1272 1479 Et
1297 1421 1457 1477 eritis
1515 1420 1646 1476 odio
1707 1420 1985 1475 omnibus

335 1525 569 1594 propter
601 1532 810 1571 nomen
842 1529 1059 1568 meum.
1107 1533 1134 1560 »
1176 1511 1295 1565 Hoc
1353 1511 1410 1564 in
1483 1505 1984 1581 persecutionibus

335 1609 457 1664 ﬁeri
489 1608 690 1662 crebro
721 1604 1024 1667 videmus;
1057 1617 1157 1656 nec
1186 1598 1343 1654 ullus
1383 1603 1472 1654 est
1511 1599 1664 1652 inter
1694 1614 1792 1653 eos
1831 1597 1986 1652 ﬁdus

334 1698 602 1762 affectus,
653 1708 903 1764 quorum
963 1690 1192 1746 diversa
1228 1689 1373 1743 ﬁdes
1414 1691 1521 1742 est.
1571 1710 1590 1734 α
1638 1687 1744 1749 Qui
1785 1691 1982 1741 autem

332 1780 787 1859 perseveraverit
835 1795 1021 1850 usque
1059 1778 1117 1832 in
1161 1778 1357 1844 ﬁnem,
1400 1775 1496 1830 hic
1537 1774 1732 1832 salvus
1790 1774 1918 1829 erit.
1956 1795 1977 1824 ι

332 1875 457 1929 Non
488 1873 644 1928 enim
679 1869 943 1942 coepisse,
976 1868 1073 1924 sed
1106 1866 1415 1938 perfecisse
1446 1864 1680 1920 virtutis
1709 1867 1818 1919 est.

404 1962 586 2033 (Vers.
619 1960 835 2029 23-26.)
877 1981 903 2007 ‹‹
933 1961 1074 2011 Cum
1105 1959 1297 2010 autem
1332 1957 1752 2026 persequentur
1787 1967 1890 2007 vos
1921 1951 1982 2007 in

333 2051 566 2106 civitate
598 2050 731 2119 ista,
768 2047 948 2118 fugite
972 2046 1028 2098 in
1053 2044 1251 2099 aliam.
1284 2045 1463 2096 Amen
1499 2041 1628 2096 dico
1657 2040 1841 2106 vobis,
1867 2057 1981 2096 non

333 2137 821 2196 consummabitis
853 2134 1114 2190 civitates
1150 2130 1342 2198 lsrael,
1379 2133 1560 2186 donec
1589 2130 1780 2186 veniat
1802 2129 1982 2185 Filius

332 2229 608 2284 hominis.
653 2227 774 2282 Non
808 2228 896 2280 est
919 2221 1246 2294 discipulus
1278 2237 1459 2292 supra
1483 2220 1852 2293 magistrum,
1878 2234 1982 2274 nec

334 2334 537 2376 servus
569 2332 744 2387 super
775 2313 1077 2369 dominum
1113 2327 1307 2365 suum.
1343 2308 1572 2365 Sufﬁcit
1601 2307 1888 2380 discipulo
1917 2313 1981 2363 ut

335 2407 411 2462 sit
441 2407 591 2461 sicut
624 2403 903 2475 magister
932 2401 1099 2470 ejus;
1132 2405 1189 2453 et
1233 2415 1417 2469 servo,
1487 2398 1640 2452 sicut
1705 2396 1980 2452 dominus

329 2495 479 2565 ejus.
517 2516 544 2543 »
577 2497 696 2548 Hoc
723 2491 795 2546 ad
827 2489 971 2544 illud
995 2492 1226 2558 tempus
1258 2487 1625 2542 referendum
1667 2489 1774 2551 est,
1843 2501 1978 2540 cum

332 2583 403 2638 ad
432 2580 900 2655 prmdicationem
935 2575 1180 2648 apostoli
1214 2575 1615 2645 mittebantur,
1670 2573 1885 2645 quibus
1923 2579 1980 2628 et

335 2671 566 2743 proprie
597 2669 844 2724 dicitur:
879 2669 940 2722 In
965 2668 1114 2721 viam
1145 2667 1390 2736 gentium
1418 2679 1486 2718 ne
1515 2663 1787 2729 abieritis,
1839 2671 1889 2717 et
1917 2664 1979 2717 in

333 2762 580 2818 civitate:
609 2759 1096 2814 Samaritanorum
1124 2771 1194 2809 ne
1224 2755 1588 2818 inb'averitis,
1635 2752 1789 2824 quod
1849 2768 1977 2823 per-

335 2849 696 2906 secutionem
728 2846 932 2901 timere
983 2861 1096 2900 non
1165 2843 1414 2899 debeant
1453 2842 1558 2912 [AL
1588 2846 1644 2896 et
1683 2841 1973 2911 debeant],

335 2939 432 2994 sed
466 2935 777 2993 declinare.
803 2934 962 2998 Quod
995 2933 1232 3005 quidem
1263 2931 1529 2986 videmus
1560 2931 1664 3002 [AL
1698 2929 1976 2999 vidimus]

332 3025 392 3084 in
431 3025 716 3100 principio
757 3023 962 3082 fecisse
1001 3021 1336 3078 credentes:
1371 3019 1603 3091 quando
1635 3023 1761 3074 orta
1814 3019 1976 3074 Jero-

332 3115 574 3188 solymis
607 3115 1027 3187 persecutione,
1061 3111 1311 3184 dispersi
1353 3113 1494 3165 sunt
1531 3109 1592 3163 in
1641 3107 1975 3163 universam

2012 1825 2060 1889 B

2090 531 2626 604 blasphemantium
2658 534 2899 602 rabiem,
2925 536 3063 606 quia
3091 535 3282 590 veniet
3325 535 3449 592 dies
3499 535 3730 607 judicii,

2091 620 2149 678 in
2181 638 2296 693 quo
2328 626 2384 676 et
2412 627 2603 678 vestra
2634 622 2839 695 virtus,
2874 627 2931 678 et
2959 640 3162 679 eorum
3195 623 3454 696 nequitia
3492 624 3734 680 demon-

2091 709 2389 766 strabitur.

2163 799 2356 868 (Vers.
2396 801 2511 868 27.)
2545 823 2572 850 ‹‹
2603 801 2763 864 Quod
2798 801 2924 856 dico
2957 801 3119 857 vobis
3151 801 3208 856 in
3241 802 3519 870 tenebris,
3564 803 3738 860 dicite

2092 888 2151 942 in
2182 887 2440 958 lumine;
2480 894 2536 946 et
2558 891 2709 962 quod
2738 890 2798 944 in
2822 907 2960 946 aure
2991 891 3209 948 auditis
3232 891 3539 964 praadicate
3563 910 3740 966 super

2090 978 2259 1032 tecta.
2296 999 2322 1027 ››
2357 978 2517 1043 Quod
2550 979 2798 1035 audistis
2828 979 2886 1034 in
2920 980 3216 1052 mysterio,
3249 981 3508 1052 apertius
3530 981 3741 1053 praedi-

2093 1069 2251 1120 cate:
2286 1066 2438 1138 quod
2497 1066 2786 1122 didicistis
2843 1068 3179 1124 abscondite
3237 1069 3340 1134 [AL
3405 1069 3736 1142 absconse],

2092 1153 2324 1226 publice
2352 1153 2698 1226 loquimini:
2735 1157 2889 1228 quod
2945 1173 3046 1212 vos
3102 1157 3324 1213 erudivi
3385 1157 3443 1212 in
3499 1160 3739 1232 parvulo

2091 1241 2304 1298 Judazze
2335 1243 2482 1313 loco,
2512 1243 2569 1298 in
2589 1243 2876 1300 universis
2899 1246 3168 1314 urbibus,
3189 1251 3246 1301 et
3277 1246 3334 1301 in
3366 1251 3486 1303 toto
3518 1250 3740 1306 mundo

2101 1332 2377 1387 audacter
2405 1331 2611 1388 edicite
2643 1333 2746 1403 [AL
2781 1333 3002 1404 dicite].

2162 1419 2347 1490 (Vers.
2381 1420 2495 1485 28.)
2541 1424 2606 1475 Et
2659 1419 2838 1477 nolite
2897 1423 3104 1478 timere
3159 1439 3258 1479 eos
3308 1425 3408 1496 qui
3468 1425 3742 1485 occidunt

2092 1525 2324 1581 corpus,
2361 1509 2616 1564 animam
2650 1517 2844 1566 autem
2876 1527 2991 1566 non
3025 1517 3272 1584 possunt
3299 1513 3578 1570 occidere.
3618 1539 3646 1565 »
3677 1517 3740 1573 Si

2094 1597 2193 1670 qui
2215 1614 2426 1670 corpus
2442 1597 2737 1665 occidunt,
2757 1600 3017 1655 animam
3042 1616 3154 1655 non
3174 1607 3422 1672 possunt
3443 1603 3735 1661 occidere:

2093 1703 2229 1758 ergo
2255 1687 2454 1742 anima
2482 1687 2794 1743 invisibilis
2835 1693 2892 1743 et
2923 1687 3304 1762 incorporalis
3361 1697 3470 1759 est,
3529 1710 3740 1750 secun-

2094 1775 2234 1829 dum
2267 1775 2611 1831 crassiorem
2646 1777 2773 1832 dico
2809 1778 2990 1832 nostri
3025 1780 3282 1851 corporis
3322 1782 3738 1839 substantiam.

2091 1863 2191 1918 Vel
2221 1880 2285 1919 eo
2318 1868 2472 1921 certe
2502 1868 2760 1937 tempore
2787 1866 3081 1938 punietur,
3113 1873 3171 1923 et
3196 1867 3485 1942 supplicia
3507 1872 3740 1942 sentiet,

2093 1953 2326 2026 quando
2360 1953 2672 2025 pristinum
2703 1971 2914 2027 corpus
2954 1957 3254 2029 receperit,
3313 1963 3377 2013 ut
3431 1976 3563 2014 cum
3619 1978 3737 2033 quo

2092 2043 2367 2114 peccavit,
2401 2043 2678 2116 cumipso
2705 2049 2761 2099 et
2789 2045 3091 2116 puniatur.
3128 2070 3147 2094 ι
3183 2048 3290 2102 Sed
3321 2048 3516 2119 potius
3536 2050 3740 2106 timete

2091 2147 2224 2185 cum
2249 2130 2349 2201 qui
2382 2134 2574 2202 potest
2603 2135 2659 2186 et
2687 2131 2968 2202 animam,
3001 2137 3057 2187 et
3112 2150 3324 2206 corpus
3379 2136 3616 2206 perdere
3675 2138 3736 2192 in

2089 2219 2436 2292 gehennam.
2475 2241 2501 2267 ››
2533 2219 2752 2274 Nomen
2809 2221 3094 2291 gehennae,
3121 2222 3178 2276 in
3227 2223 3520 2280 veteribus
3567 2225 3741 2282 libris

2089 2325 2204 2363 non
2237 2307 2546 2378 invenitur,
2581 2309 2679 2363 sed
2722 2310 2978 2380 primum
3037 2328 3071 2365 a
3125 2310 3418 2367 Salvatore
3476 2314 3736 2385 ponitur.

2089 2399 2426 2462 Quaeramus
2456 2414 2591 2471 ergo
2621 2415 2751 2470 quae
2794 2399 2872 2454 sit
2919 2401 3208 2456 sermonis
3255 2401 3436 2472 hujus
3481 2403 3732 2461 occasio.

2087 2485 2312 2540 Idolum
2355 2487 2487 2541 Baal
2541 2487 2724 2542 fuisse
2771 2489 2941 2558 juxta
2997 2489 3323 2546 Jerusalem
3379 2492 3448 2546 ad
3510 2492 3735 2548 radices

2088 2576 2304 2630 montis
2336 2575 2537 2643 Moris,
2572 2576 2631 2630 in
2659 2577 2875 2647 quibus
2904 2576 3055 2634 Siloe
3087 2578 3232 2644 ﬂuit,
3268 2597 3382 2635 non
3413 2581 3592 2636 semel
3650 2581 3732 2638 le-

2086 2664 2284 2735 gimus
2313 2663 2407 2734 (III
2434 2666 2556 2734 Reg.
2594 2681 2706 2733 xvr,
2737 2666 2848 2733 3|).
2885 2667 3011 2721 Haec
3039 2666 3206 2724 vallis
3237 2671 3294 2724 et
3321 2669 3481 2740 parvi
3542 2670 3736 2743 campi

2088 2752 2402 2824 planities',
2438 2753 2659 2824 irrigua
2687 2757 2809 2809 erat
2837 2760 2893 2809 et
2924 2772 3250 2823 nemorosa,
3291 2757 3581 2832 plenaque
3635 2761 3736 2816 de-

2084 2841 2255 2906 liciis,
2287 2846 2343 2897 et
2369 2841 2538 2898 lucus
2568 2841 2626 2896 in
2667 2859 2731 2898 ea
2761 2841 2915 2898 idolo
2956 2851 3351 2901 consecratus.
3389 2847 3450 2902 In
3507 2852 3733 2905 tantam

2086 2935 2279 2986 autem
2315 2931 2668 2985 dementiam
2701 2930 2953 3002 populus
2985 2932 3160 2988 lsrael
3204 2940 3458 3003 venerat,
3522 2941 3586 2992 ut
3627 2938 3730 2992 de-

2086 3024 2243 3076 serta
2272 3019 2476 3092 templi
2507 3019 2720 3075 vicinia
2749 3019 2830 3075 ibi
2862 3019 3083 3077 hostias
3115 3023 3466 3096 immolaret,
3501 3029 3556 3080 et
3578 3025 3733 3099 rigo-

2086 3126 2207 3164 rem
2267 3109 2564 3180 religionis
2620 3108 2835 3163 deliciae
2894 3110 3211 3180 vincerent,
3270 3113 3536 3186 ﬁliosque
3589 3131 3732 3170 suos

329 3204 612 3272 Judzeam,
649 3208 710 3257 ut
767 3200 1165 3255 tribulationis
1229 3199 1456 3254 occasio
1485 3199 1646 3252 ﬁeret
1685 3194 1978 3268 Evangelii
2008 3195 2050 3260 C
2087 3198 2390 3252 daemoniis
2419 3198 2791 3253 incenderent
2813 3198 3311 3256 velinitiarent.Et
3330 3201 3734 3275 appellabatur

332 3293 735 3350 seminarium.
765 3287 1157 3361 Spiritualiter
1185 3292 1382 3342 autem
1405 3302 1720 3357 possumus
1745 3285 1935 3338 dicere
1959 3299 1972 3337 :

329 3386 471 3438 Cum
503 3379 790 3452 persecuti
823 3394 928 3433 nos
959 3375 1174 3430 fuerint
1205 3375 1262 3428 in
1295 3390 1413 3428 una
1441 3372 1691 3440 civitate,
1730 3371 1836 3426 hoc
1867 3375 1974 3438 est,

331 3470 389 3525 in
423 3486 538 3525 uno
571 3469 1004 3539 Scripturarum
1034 3464 1181 3519 libro
1209 3462 1296 3517 vel
1334 3460 1692 3527 testimonio,
1735 3475 1840 3514 nos
1883 3461 1975 3512 lu-

329 3558 560 3634 giamus
593 3559 665 3613 ad
699 3556 842 3612 alias
875 3555 1158 3618 civitates,
1192 3552 1246 3607 id
1279 3557 1387 3619 est,
1422 3550 1491 3606 ad
1517 3548 1630 3604 alia
1657 3547 1972 3603 volumina.

329 3647 607 3710 Quamvis
638 3645 1038 3702 contentiosus
1071 3642 1244 3698 fuerit
1273 3643 1627 3713 persecutor,
1667 3643 1800 3692 ante
1832 3654 1974 3708 pra:-

326 3735 544 3791 sidium
573 3733 889 3791 Salvatoris
920 3731 1206 3795 adveniet,
1240 3746 1356 3801 qua
1393 3726 1740 3783 adversariis
1798 3725 1972 3780 victo-

326 3825 414 3880 ria
480 3824 852 3880 concedatur.
937 3845 955 3870 α
1004 3821 1060 3875 Si
1104 3816 1588 3893 patremfamilias
1654 3814 1973 3870 Beelzebub

325 3918 696 3979 vocaverunt,
730 3915 950 3984 quanto
993 3909 1181 3981 magis
1227 3906 1579 3962 domesticos
1647 3905 1771 3974 ejus
1801 3904 1828 3957 ?
1893 3904 1974 3960 Ne

324 4019 460 4075 ergo
500 4002 816 4058 timueritis
855 4016 973 4055 eos.
1020 4021 1046 4046 ››
1090 3996 1409 4052 Beelzebub
1452 3993 1675 4049 idolum
1715 3998 1803 4048 est
1843 3995 1971 4048 Aca-

325 4109 454 4158 ron,
494 4092 649 4162 quod
701 4095 943 4145 vocatur
1009 4088 1067 4141 in
1126 4091 1348 4158 Regum
1415 4083 1710 4139 volumine
1767 4083 1973 4138 idolum

321 4196 526 4238 musca:
557 4181 644 4249 (IV
672 4181 798 4250 Reg.
837 4178 897 4249 1).
934 4176 1086 4247 Beel,
1131 4177 1254 4248 ipse
1293 4180 1381 4229 est
1429 4175 1544 4239 Bel,
1605 4173 1724 4227 sive
1792 4174 1972 4228 Baal:

320 4269 498 4324 Zebub
529 4273 724 4324 autem
755 4283 942 4322 musca
971 4265 1203 4321 dicitur.
1272 4265 1372 4320 0‘2
1440 4263 1764 4334 Principem
1835 4279 1971 4336 ergo

321 4357 744 4414 dwmoniorum
775 4374 844 4413 ex
871 4354 1237 4428 spurcissimi
1276 4351 1412 4408 idoli
1447 4352 1820 4424 appellabant
1875 4369 1970 4407 vo-

321 4446 552 4521 cabulo,
585 4447 685 4518 qui
722 4463 926 4502 musca
955 4444 1191 4508 dicitur,
1227 4447 1464 4514 propter
1506 4441 1970 4510 immunditiam,

323 4553 450 4609 qua:
480 4535 823 4592 exterminat
855 4533 1204 4590 suavitatem
1237 4531 1346 4586 olei
1379 4531 1572 4602 (Eccle.
1607 4531 1685 4601 Χ).

293 4651 299 4658 ο
393 4628 579 4698 (Vers.
611 4625 724 4696 26.)
762 4645 789 4674 «
832 4622 988 4681 Nihil
1027 4622 1184 4677 enim
1225 4625 1491 4692 opertum
1532 4624 1620 4675 est
1661 4620 1814 4691 quod
1855 4635 1970 4675 non

322 4713 690 4779 revelabitur,
722 4717 779 4769 et
811 4711 1105 4767 occultum
1149 4710 1302 4782 quod
1344 4725 1457 4763 non
1516 4709 1748 4765 scietur.
1817 4732 1844 4758 »
1905 4709 1973 4764 Et

321 4803 614 4874 quomodo
653 4802 711 4857 in
754 4801 1019 4873 praesenti
1063 4798 1274 4856 saeculo
1314 4798 1633 4854 multorum
1691 4798 1833 4855 vitia
1872 4815 1971 4854 ne-

322 4891 636 4947 sciuntur?
675 4891 786 4945 Sed
811 4891 880 4945 de
905 4890 1099 4944 futuro
1125 4893 1385 4960 tempore
1435 4889 1538 4957 [AL
1574 4887 1804 4958 saeculo]
1829 4885 1969 4942 scri-

320 4980 502 5046 bitur,
536 4981 769 5052 quando
793 4979 1086 5050 judicabit
1117 4982 1267 5033 Deus
1298 4975 1524 5032 occulta
1569 4977 1666 5032 Al.
1725 4978 1968 5032 abscon-

322 5069 462 5138 dita]
503 5068 810 5124 hominum
843 5069 881 5134 ¹,
925 5071 981 5123 et
1019 5065 1377 5138 illuminabit
1415 5065 1666 5120 latebras
1707 5066 1970 5121 tenebra-

321 5173 476 5229 rum,
509 5162 566 5213 et
596 5157 906 5213 manifesta
932 5154 1098 5212 faciet
1126 5154 1370 5211 consilia
1404 5152 1689 5209 cordium.
1749 5154 1818 5208 Et
1881 5158 1969 5210 est

395 5357 410 5390 ¹
448 5359 530 5413 Ita
559 5358 760 5430 legunt
789 5355 1017 5430 codices
1050 5371 1192 5410 mss.
1265 5351 1664 5430 quamplures,
1707 5354 1817 5430 _i_d_
1859 5359 1967 5430 est,

323 5425 996 5485 Beccensis'monasterii
1039 5443 1213 5491 unus,
1260 5427 1404 5480 alter
1459 5425 1964 5498 SylvzewMajoris,

325 5517 480 5556 unus
520 5500 861 5557 monasterii
932 5501 1110 5554 Beata:
1176 5497 1364 5552 Maria:
1434 5495 1610 5568 super
1649 5495 1870 5562 Divam,
1913 5495 1969 5554 et

323 5577 569 5653 quartus
600 5572 866 5653 Ecclesiae
897 5568 1314 5653 Narbonensis.
1347 5568 1500 5653 E'diti
1527 5568 1747 5653 legunt,
1779 5569 1843 5626 de
1871 5569 1968 5645 fu-

321 5639 444 5708 t'uro
470 5645 691 5716 saeculo,
724 5649 780 5703 et
805 5646 1006 5720 postea
1034 5641 1289 5700 retinent
1341 5639 1657 5702 abscondita
1713 5639 1816 5718 pro
1871 5639 1968 5705 'oc-

2087 3285 2248 3340 locus
2280 3287 2376 3340 ille
2404 3286 2723 3357 gehennam,
2759 3287 2815 3341 id
2848 3292 2955 3355 est,
2984 3289 3152 3343 vallis
3180 3288 3435 3345 ﬁliorum
3468 3289 3573 3364 [Αι.
3596 3291 3724 3362 ﬁlii]

2085 3379 2340 3428 Hennon.
2403 3375 2520 3429 Hoc
2565 3375 2785 3447 Regum
2843 3375 3118 3432 volumen
3175 3378 3266 3448 (IV
3321 3380 3446 3448 Reg.
3499 3396 3661 3446 XXIII,
3696 3381 3730 3434 4

2084 3479 2227 3533 seqq.
2262 3467 2316 3518 et
2355 3462 2833 3534 Paralipomenon
2886 3471 2942 3520 et
3000 3465 3285 3522 Jeremias
3343 3468 3570 3537 (Jerem.
3629 3484 3726 3537 vn,

2083 3552 2189 3619 32;
2223 3569 2338 3621 x1x,
2369 3553 2424 3622 6)
2469 3552 2735 3608 scribunt
2789 3552 3146 3625 plenissime.
3203 3555 3271 3608 Et
3334 3557 3732 3612 comminatur

2083 3640 2252 3696 Deus.
2271 3657 2331 3696 se
2363 3641 2553 3696 locum
2587 3641 2780 3714 ipsum
2805 3643 3182 3715 impleturum
3214 3645 3596 3702 cadaveribus
3625 3647 3728 3703 68

2085 3735 2472 3798 mortuorum,
2489 3736 2551 3786 ut
2569 3748 2939 3804 nequaquam
2961 3739 3200 3789 vocetur
3215 3734 3470 3806 Trophet
3485 3740 3540 3792 et
3560 3733 3728 3807 Baal;

2083 3819 2182 3874 sed
2213 3824 2450 3875 vocetur
2479 3821 2897 3890 Polyandrium,
2931 3823 2988 3877 id
3031 3826 3138 3892 est,
3194 3824 3435 3879 tumulus
3487 3832 3728 3880 mortuo-

2082 3924 2225 3962 rum.
2259 3908 2476 3963 Futura
2530 3925 2665 3981 ergo
2723 3910 3010 3982 supplicia
3067 3917 3124 3966 et
3181 3929 3362 3983 pmnae
3417 3917 3729 3986 perpetua,

2082 3996 2296 4068 quibus
2329 4001 2656 4068 peccatores
2690 3999 2986 4053 cruciandi
3021 4005 3178 4070 sunt,
3212 4002 3389 4072 hujus
3421 4001 3529 4056 loci
3561 4017 3729 4057 voca-

2080 4085 2216 4140 bulo
2250 4086 2620 4141 denotantur.
2655 4087 2956 4158 Duplicem
2987 4093 3180 4143 autem
3213 4105 3340 4142 esse
3375 4089 3729 4159 gehennam,
3811 4117 3815 4122 τ

2082 4175 2246 4229 nimii
2278 4175 2429 4246 ignis
2459 4179 2516 4230 et
2545 4175 2798 4248 frigoris,
2834 4175 2892 4228 in
2921 4176 3033 4230 Job
3081 4174 3420 4247 plenissime
3479 4177 3733 4250 legimus

2082 4265 2220 4332 [Ιοὺ.
2256 4280 2404 4332 xxxv,
2440 4264 2546 4328 19).

2151 4352 2336 4424 (Vers.
2371 4352 2584 4422 29-33.)
2617 4375 2644 4401 «
2689 4351 2889 4408 Nonne
2948 4353 3063 4408 duo
3121 4369 3391 4426 passeres
3448 4373 3578 4412 asse
3632 4373 3731 4414 ve-

2082 4445 2281 4508 neunt,
2317 4445 2372 4495 et
2402 4457 2554 4495 unus
2585 4457 2654 4495 ex
2684 4439 2798 4495 illis
2823 4459 2937 4496 non
2961 4443 3129 4499 cadet
3157 4461 3333 4516 super
3357 4449 3573 4501 terram
3604 4446 3732 4504 sine

2003 4557 2050 4622 Β
2087 4531 2249 4586 Patre
2279 4529 2512 4585 vestro?
2534 4529 2722 4585 Vestri
2757 4536 2954 4586 autem
2987 4536 3043 4588 et
3073 4532 3267 4605 capilli
3299 4533 3505 4606 capitis
3527 4551 3731 4592 omnes

2083 4618 2371 4672 numerati
2407 4621 2564 4674 sunt.
2584 4617 2771 4674 Nolite
2801 4635 2935 4690 ergo
2965 4621 3193 4690 timere,
3228 4621 3432 4680 multis
3483 4624 3734 4696 passeri-

2081 4708 2191 4762 bus
2223 4706 2491 4762 meliores
2521 4707 2664 4764 estis
2683 4725 2804 4766 vos.
2825 4709 3029 4767 Omnis
3058 4728 3193 4784 ergo
3228 4713 3328 4784 qui
3359 4713 3732 4771 conﬁtebitur

2081 4813 2173 4851 me
2201 4813 2396 4851 coram
2429 4795 2792 4865 hominibus,
2827 4800 3148 4855 conﬁtebor
3177 4807 3232 4856 et
3274 4818 3380 4874 ego
3438 4819 3574 4859 eum
3631 4820 3726 4860 co-

2080 4902 2203 4940 ram
2239 4886 2400 4941 Patre
2431 4903 2559 4942 meo
2587 4887 2686 4958 qui
2717 4888 2774 4942 in
2807 4888 2967 4944 ccelis
2999 4894 3106 4946 est.
3135 4889 3242 4956 Qui
3290 4895 3484 4948 autem
3548 4909 3724 4965 nega-

2079 4975 2224 5030 verit
2257 4992 2350 5031 me
2381 4992 2576 5031 coram
2621 4977 2984 5047 hominibus,
3037 4981 3260 5052 negabo
3317 4985 3374 5036 et
3425 4999 3530 5055 ego
3590 4998 3725 5040 eum

2079 5081 2273 5120 coram
2331 5065 2499 5120 Patre
2555 5082 2682 5120 meo
2737 5067 2836 5138 qui
2889 5069 2945 5122 in
3005 5068 3164 5126 caelis
3195 5074 3302 5126 est.
3339 5093 3366 5118 »
3400 5074 3584 5124 Haeret
3613 5070 3728 5125 sibi

2079 5170 2268 5210 sermo
2300 5153 2660 5220 Dominicus,
2691 5159 2748 5210 et
2795 5159 3101 5228 sequentia
3148 5158 3403 5231 pendent
3441 5175 3509 5212 ex
3555 5175 3730 5234 supe-

2075 5356 2225 5410 culta
2255 5355 2562 5425 hominum,
2594 5360 2650 5409 et
2679 5356 3060 5426 manifestabit
3082 5372 3184 5427 pro
3207 5353 3507 5427 manifesta
3535 5357 3725 5426 faciet.

2141 5444 2266 5480 Αητ.

2080 5427 2390 5554 M"Nostri
2433 5514 2575 5570 mss.
2632 5501 2688 5570 et
2751 5498 2992 5570 quidam
3059 5513 3236 5570 penes
3302 5497 3726 5568 Martianssum,

2078 5569 2336 5643 olimque
2365 5569 2507 5626 editi
2537 5568 2690 5639 libri,
2723 5568 2979 5644 et'parva
3020 5568 3200 5653 cglnpi
3239 5570 3545 5653 planities:
3601 5574 3730 5632 tum

2075 5641 2368 5702 numerosa
2393 5656 2498 5715 pro
2529 5641 2813 5702 nemorosa
2839 5659 3015 5720 penes
3044 5641 3394 5706 Victoriam.
