4024 6196
327 315 406 374 69
893 305 1408 369 COMMEN'I‘AR.
1455 304 1533 366 IN
1581 303 2096 369 EVANGELI'UM
2139 301 2523 366 MATTHIEI
2569 305 2718 364 LlB.
2767 306 2815 365 l.
2861 306 3035 366 CAP.
3080 307 3158 369 X.
3655 314 3736 374 70

325 443 600 501 rioribus.
638 440 903 496 Prudens
951 437 1149 505 lector,
1183 453 1318 491 cave
1349 453 1580 509 semper
1610 435 1977 508 superstitio-
2009 438 2064 503 Α
2093 436 2313 491 nabant
2343 434 2494 506 (Gen.
2528 453 2607 505 x1,
2639 439 2715 504 8),
2751 453 2852 509 per
2902 453 3080 508 quam
3128 439 3254 495 coeli
3305 439 3427 502 alta
3463 447 3731 513 penetra-

325 549 450 589 sam
486 529 977 602 intelligentiam;
1013 531 1076 581 ut
1107 543 1221 581 non
1252 529 1352 581 tuo
1394 524 1592 580 sensui
1624 530 1976 594 attemperes

2086 530 2236 593 rent,
2279 525 2482 582 fecisse
2532 527 2809 582 scribitur
2858 531 3032 597 Deus,
3062 532 3126 581 ut
3171 529 3450 587 divideret
3499 532 3730 606 linguas

327 622 684 692 Scripturas,
721 617 823 673 sed
848 615 1168 686 Scripturis
1189 615 1410 686 jungas
1427 631 1665 669 sensum
1699 619 1890 683 tuum,
1923 619 1981 670 et
2087 631 2310 670 eorum.
2331 614 2493 672 Unde
2524 621 2579 672 et
2611 618 2668 671 in
2705 615 2930 672 Psalmo
2951 615 3125 671 David
3157 625 3424 688 precatur
3451 639 3462 676 :
3495 625 3734 696 Dissipa,

331 709 625 782 intelligas
676 707 818 778 quid
863 708 1160 775 sequatur.
1212 703 1400 774 Supra
1447 702 1670 758 dixerat
1730 719 1741 756 :

328 802 502 856 linere
553 813 640 854 eos
687 796 784 867 qui
823 793 1074 850 occidunt
1102 808 1314 863 corpus,
1349 794 1594 847 animam
1642 797 1827 848 autem
1873 808 1985 848 non

327 893 558 963 possunt
614 885 857 944 occidere
917 901 930 938 :
987 898 1142 937 nunc
1201 881 1460 952 loquitur
1538 886 1982 957 consequenter,

331 981 529 1036 Nonne
577 975 683 1031 duo
722 987 974 1045 passeres
1022 986 1139 1026 asse
1184 977 1436 1034 veneunt,
1485 972 1537 1024 et
1564 986 1710 1024 unus
1757 985 1826 1024 ea:
1873 969 1988 1024 illis

333 1085 450 1125 non
494 1065 648 1123 cadet
685 1078 850 1135 super
897 1065 1104 1116 terram
1145 1060 1265 1114 sine
1314 1065 1484 1114 Patre
1530 1061 1751 1114 vestro?
1779 1062 1845 1112 Et
1902 1076 1994 1129 est

335 1172 553 1214 sensus
584 1171 598 1208 :
629 1151 688 1220 Si
715 1167 894 1223 parva
924 1146 1204 1203 animalia
1232 1152 1290 1203 et
1320 1146 1456 1203 vilia
1487 1147 1709 1217 absque
1742 1147 1856 1202 Deo
1888 1165 1988 1203 au-

331 1252 490 1302 ctore
523 1260 641 1298 non
674 1239 970 1308 decidunt,
1006 1241 1063 1292 et
1096 1237 1154 1292 in
1187 1235 1464 1292 omnibus
1491 1241 1579 1290 est
1608 1237 1988 1308 providentia,

331 1340 388 1391 et
418 1350 548 1404 quae
579 1331 642 1386 in
672 1330 766 1385 his
799 1328 1058 1400 peritura
1087 1328 1246 1391 sunt,
1271 1325 1396 1380 sine
1419 1325 1520 1380 Dei
1549 1323 1843 1379 voluntate
1876 1343 1989 1381 non

334 1426 584 1498 pereunt
616 1438 628 1474 :
662 1435 764 1474 vos
810 1416 910 1488 qui
943 1414 1143 1470 interni
1175 1414 1343 1479 estis,
1376 1431 1490 1468 non
1524 1413 1748 1468 debetis
1788 1414 1993 1470 timere

336 1511 492 1584 quod
523 1511 742 1579 absque
773 1504 875 1561 Dei
905 1504 1113 1558 vivatis
1147 1501 1527 1574 providentia.
1556 1503 1667 1558 Iste
1697 1520 1907 1559 sensus
1937 1508 1994 1559 et

336 1617 518 1672 supra
558 1599 756 1653 dictus
802 1599 891 1650 est
919 1593 1061 1664 (cap.
1094 1609 1171 1657 v1,
1222 1607 1360 1647 vers.
1394 1593 1482 1659 26,
1515 1592 1606 1663 28,
1637 1593 1727 1662 30)
1761 1609 1774 1646 :
1811 1592 1992 1664 Respi-

334 1693 439 1746 cite
486 1688 739 1743 volatilia
785 1683 924 1749 caeli,
956 1683 1212 1754 quoniam
1259 1679 1392 1736 non'
1421 1685 1629 1749 serunt,
1660 1697 1834 1752 neque
1880 1697 1992 1736 me-

335 1781 483 1843 tunt,
531 1791 706 1848 neque
749 1779 1085 1843 congregant
1128 1772 1190 1825 in
1236 1771 1472 1831 horrea;
1516 1778 1565 1824 et
1612 1772 1777 1825 Pater
1823 1775 1995 1826 vester
2027 1809 2072 1872 Β

338 1867 570 1925 ccclesiis
599 1864 773 1936 pascit
823 1862 945 1916 illa.
990 1860 1180 1915 Nonne
1207 1875 1298 1914 vos
1343 1859 1468 1930 plus
1511 1860 1643 1914 estis
1674 1859 1686 1890 ¹
1724 1859 1838 1914 illis
1860 1863 1885 1913 .9
1915 1867 1996 1915 Ac

343 1959 618 2026 deinceps
656 1972 669 2009 :
706 1950 1056 2008 Considerate
1107 1949 1232 2003 lilia
1270 1950 1395 2017 agri
1422 1949 1687 2019 quomodo
1734 1957 1998 2018 crescunt,

343 2052 402 2104 et
430 2045 674 2116 reliqua.
709 2041 767 2097 Si
816 2048 998 2095 autem
1040 2039 1232 2108 fenum
1275 2038 1400 2105 agri
1432 2037 1575 2108 quod
1621 2037 1777 2093 hodie
1825 2047 1920 2108 est,
1952 2053 2004 2104 et

345 2152 472 2193 eras
521 2135 581 2189 in
632 2133 909 2186 clibanum
960 2128 1221 2193 mittitur,
1256 2126 1396 2180 Deus
1447 2128 1524 2180 sic
1571 2128 1746 2191 vestit,
1799 2136 2003 2197 quanto

347 2227 523 2296 magis
553 2237 665 2290 vos,
700 2219 931 2274 modici?
969 2216 1098 2286 ﬁdei
1118 2221 1136 2270 .’
1169 2215 1414 2280 Quidam
1470 2220 1665 2271 coacte
1696 2216 1842 2272 duos
1869 2233 2003 2288 pas-

349 2330 534 2378 seres,
566 2310 823 2365 animam
856 2311 914 2362 et
960 2321 1172 2376 corpus
1222 2304 1702 2374 interpretantur.
1736 2303 2004 2376 Quinque

351 2415 590 2474 quoque
608 2412 896 2470 passeres,
919 2393 1246 2450 secundum
1272 2393 1490 2446 Lucam
1513 2395 1660 2463 (Luc.
1685 2410 1786 2459 xu,
1805 2394 1880 2464 6),
1901 2394 2002 2465 qui

349 2491 587 2546 duobus
627 2486 860 2542 assibus
909 2487 1183 2550 veneunt,
1219 2481 1290 2536 ad
1321 2497 1532 2536 sensus
1586 2483 1861 2537 referunt.
1895 2483 2003 2538 Sed

349 2578 649 2652 quomodo
681 2575 783 2629 illa
812 2571 1196 2644 intelligentia
1223 2575 1344 2626 toto
1369 2571 1683 2643 evangelici
1716 2572 2005 2627 sermonis

348 2667 580 2740 corpori
613 2668 933 2736 coaptetur,
954 2679 1070 2716 non
1102 2678 1287 2732 parvae
1310 2660 1673 2716 difﬁcultatis
1705 2666 1809 2716 est.
1835 2662 2006 2716 Vestri

349 2762 538 2813 autem
568 2763 618 2810 et
646 2753 839 2825 capilli
879 2751 1076 2822 capitis
1121 2766 1304 2804 omnes
1341 2752 1620 2804 numerati
1647 2755 1793 2804 sunt.
1827 2752 2023 2812 Nolite

350 2863 481 2918 ergo
539 2847 730 2900 timere
771 2859 791 2902 ;
847 2840 1036 2895 multis
1077 2839 1396 2909 passeribus
1442 2839 1691 2894 meliores
1735 2841 1863 2894 estis
1915 2856 2005 2896 vos

351 2935 516 3007 (Ibid.
575 2934 651 3004 7).
705 2928 1073 2986 Manifestius
1123 2927 1387 2998 superior
1435 2932 1646 2982 nostra
1695 2929 2004 3000 expositio-

354 3024 451 3080 nis
500 3038 711 3079 sensus
758 3034 1066 3090 expressus
1119 3021 1252 3072 est:
1289 3017 1443 3087 quod
1491 3016 1696 3071 timere
1747 3034 1861 3072 non
1903 3018 2005 3072 64

353 3113 610 3170 debeant
655 3126 754 3165 eos
804 3107 902 3185 qui
935 3109 1182 3178 possunt
1229 3104 1489 3160 occidere
1535 3121 1766 3176 corpus,
1800 3110 1856 3160 et
1885 3106 2007 3161 ani-

1805 703 1984 758 Nolite
2089 705 2333 768 Domine,
2361 709 2544 774 gentes
2577 723 2694 776 quae
2726 705 2870 760 bella
2902 705 3093 760 volunt
3124 706 3298 774 (Psal.
3333 725 3483 764 vau
3513 712 3621 782 31).

2166 792 2350 863 (Vers.
2383 794 2472 858 35,
2504 793 2615 864 36.)
2671 816 2698 843 ‹‹
2749 794 2891 850 Veni
2939 795 3094 849 enim
3141 811 3412 866 separare
3439 797 3737 858 hominem

2096 881 2375 937 adversus
2403 885 2624 953 patrem
2653 899 2850 949 suum,
2882 887 2937 937 et
2969 881 3149 938 ﬁliam
3181 885 3460 942 adversus
3492 892 3739 950 matrem

2098 986 2288 1036 suam,
2313 975 2369 1024 et
2399 987 2609 1024 nurum
2629 972 2911 1027 adversus
2942 988 3174 1026 socrum
3196 989 3364 1029 suam
3393 993 3406 1041 ;
3435 979 3492 1032 et
3519 975 3745 1034 inimici

2099 1058 2374 1125 hominis,
2407 1059 2708 1115 domestici
2742 1061 2889 1130 ejus.
2925 1082 2953 1108 »
2991 1061 3090 1116 [lic
3121 1062 3286 1118 locus
3319 1079 3496 1137 prope
3521 1066 3743 1124 eisdem

2099 1147 2291 1202 verbis
2319 1147 2376 1201 in
2410 1147 2648 1202 Michaea
2693 1149 2974 1219 propheta
3021 1151 3301 1206 scribitur
3330 1154 3508 1224 (illieh.
3536 1171 3635 1225 νη,
3665 1156 3743 1228 6).

2101 1237 2166 1292 Et
2197 1237 2518 1291 notandum
2553 1237 2890 1308 ubicunque
2937 1239 3007 1293 de
3039 1238 3228 1296 Veteri
3259 1241 3631 1300 Testamento
3661 1250 3747 1300 te-

2101 1325 2444 1381 stimonium
2494 1327 2749 1397 ponitur,
2785 1331 2984 1381 utrum
3037 1345 3245 1386 sensus
3284 1333 3535 1401 tantum,
3568 1351 3642 1389 an
3691 1338 3749 1392 et

2102 1431 2294 1469 sermo
2326 1415 2649 1470 consentiat
2680 1417 2720 1468 ².

2175 1504 2358 1576 (Vers.
2392 1504 2506 1575 37.)
2541 1526 2567 1553 «
2600 1505 2706 1569 Qui
2739 1508 2896 1561 amat
2933 1510 3156 1576 patrem
3188 1513 3289 1562 aut
3335 1512 3580 1566 matrem
3615 1512 3748 1583 plus

2104 1610 2281 1665 quam
2315 1609 2427 1655 me,
2461 1610 2575 1649 non
2609 1599 2696 1648 est
2736 1609 2826 1648 me
2858 1593 3094 1666 dignus.
3127 1595 3196 1649 Et
3243 1596 3342 1668 qui
3373 1603 3531 1653 amat
3561 1599 3749 1658 ﬁlium

2105 1686 2206 1737 aut
2259 1680 2436 1736 tiliam
2487 1698 2663 1754 super
2695 1697 2806 1751 me,
2857 1698 2971 1737 non
3018 1688 3108 1738 est
3156 1701 3248 1739 me
3291 1686 3589 1758 dignus.»
3641 1689 3750 1756 Qui

2103 1775 2238 1825 ante
2276 1771 2296 1802 ³
2346 1770 2749 1842 praemiserat:
2801 1770 2916 1825 Non
2963 1773 3090 1827 veni
3139 1789 3328 1842 pacem
3359 1757 3612 1846 mittere,
3656 1757 3754 1838 sed

2108 1860 2380 1929 gladium,
2415 1863 2470 1913 ct
2502 1859 2756 1914 dividere
2787 1858 3054 1914 homines
3099 1863 3408 1919 adversum
3442 1872 3664 1937 patrem
3697 1872 3756 1926 et

2112 1953 2379 2013 matrem,
2411 1951 2468 2003 et
2499 1965 2752 2014 socrum,
2784 1965 2855 2004 ne
2887 1948 3021 2020 quis
3049 1949 3325 2020 pietatem
3357 1954 3624 2026 religioni
3653 1975 3754 2013 an-

2109 2037 2361 2106 teferret,
2415 2037 2666 2106 subjecit
2713 2037 2912 2092 dicens
2960 2053 2972 2091 :
3033 2039 3140 2106 Qui
3185 2045 3333 2096 amat
3390 2044 3486 2101 65
3534 2053 3756 2116 patrem

2111 2135 2207 2181 aut
2235 2137 2466 2180 matrem
2503 2126 2627 2196 plus
2669 2142 2840 2196 quam
2870 2143 2980 2183 me.
3021 2126 3090 2181 Et
3130 2129 3187 2183 in
3237 2130 3472 2188 Cantico
3502 2131 3760 2208 legimus

2113 2215 2470 2270 canticorum
2496 2231 2508 2268 :
2547 2215 2806 2270 Ordinate
2831 2217 2889 2270 in
2915 2233 3001 2272 me
3030 2217 3352 2275 charitatem
3376 2223 3567 2292 (Cant.
3591 2243 3654 2292 ιι,
3678 2226 3752 2297 4).

2111 2305 2215 2358 Hic
2248 2305 2384 2358 ordo
2420 2303 2474 2357 in
2508 2304 2665 2358 omni
2688 2303 2895 2359 aﬁ'ectu
2927 2308 3295 2363 necessarius
3325 2314 3431 2364 est.
3456 2313 3601 2368 Ama
3622 2319 3757 2385 post

2114 2393 2296 2448 Deum
2333 2393 2578 2460 Patrem,
2616 2410 2748 2448 ama
2780 2398 3047 2464 matrem,
3081 2412 3216 2452 ama
3243 2397 3416 2455 ﬁlios.
3460 2400 3519 2456 Si
3560 2407 3756 2458 autem

2115 2483 2430 2538 necessitas
2473 2483 2712 2549 venerit,
2747 2486 2810 2536 ut
2858 2499 3021 2538 amor
3050 2490 3359 2555 parentum
3408 2505 3474 2544 ac
3506 2489 3759 2547 filiorum

2113 2571 2213 2627 Dei
2263 2571 2446 2626 amori
2499 2577 2891 2640 comparetur,
2943 2577 3000 2628 et
3042 2591 3157 2630 non
3216 2577 3401 2646 possit
3442 2584 3760 2652 utrumque

2115 2661 2349 2727 servari,
2393 2661 2590 2715 odium
2624 2661 2680 2714 in
2714 2678 2872 2727 suos,
2901 2661 3165 2733 pietasin
3191 2670 3368 2720 Deum
3388 2668 3463 2722 sit
3494 2669 3597 2738 (At.
3628 2672 3761 2742 est].

2114 2751 2239 2806 Non
2271 2767 2407 2821 ergo
2441 2749 2741 2821 prohibuit
2768 2767 2964 2805 amare
2990 2757 3211 2822 patrem
3236 2760 3338 2809 aut
3365 2763 3634 2822 matrem,
3660 2759 3762 2814 sed

2115 2839 2413 2912 signanter
2467 2838 2693 2894 addidit
2735 2855 2748 2891 :
2783 2840 2889 2907 Qui
2928 2849 3086 2896 amat
3111 2846 3343 2912 :patrem
3390 2848 3492 2899 aut
3528 2855 3764 2902 matrem

2113 2931 2234 2999 plus
2267 2944 2432 2999 quam
2460 2944 2565 2982 me.

2187 3017 2369 3087 (Vers.
2395 3016 2483 3080 38,
2515 3014 2630 3086 39.)
2658 3038 2684 3064 (ι
2718 3016 2784 3069 Et
2811 3015 2908 3086 qui
2943 3032 3057 3070 non
3091 3017 3301 3088 accipit
3327 3035 3558 3076 crucem
3590 3038 3762 3078 suam

2117 3111 2174 3160 et
2207 3105 2475 3174 sequitur
2504 3120 2617 3166 me,
2651 3119 2765 3157 non
2797 3107 2886 3158 est
2932 3098 3040 3158 md’
3057 3105 3290 3177 dignus.
3325 3107 3433 3171 Qui
3480 3111 3768 3167 invenerit

354 3218 521 3259 mam
566 3216 682 3254 non
732 3173 1001 3269 possunt,
1034 3194 1309 3267 quoniam
1361 3193 1411 3248 si
1443 3194 1570 3249 sine
1617 3194 1720 3248 Dei
1752 3173 2007 3250 scientia
2038 3173 2080 3238 C
2118 3193 2224 3264 (Al.
2269 3173 2512 3262 invenit)
2543 3190 2805 3246 animam
2852 3209 3048 3259 suam,
3074 3173 3279 3264 perdet
3329 3195 3530 3265 illam;
3565 3204 3623 3255 et
3662 3200 3764 3271 qui

356 3307 543 3364 parva
573 3302 801 3359 quoque
821 3283 1098 3342 animalia
1116 3300 1231 3338 non
1261 3282 1560 3346 decidunt,
1577 3287 1796 3354 quanto
1818 3283 2006 3356 magis

354 3380 560 3448 homo,
594 3377 694 3448 qui
717 3373 1035 3447 apostolica
1065 3371 1245 3426 fultus
1272 3371 1646 3442 sitdignitate
1672 3372 1684 3426 l
1717 3373 1878 3436 Quod
1904 3390 2006 3427 au-

355 3475 476 3525 tem
508 3468 591 3522 ait
623 3484 636 3521 :
677 3464 850 3520 Vestri
890 3472 1076 3518 autem
1120 3466 1173 3516 et
1200 3460 1399 3531 capilli
1424 3463 1620 3532 capitis
1661 3478 1848 3516 omnes
1883 3479 2008 3517 mu-

358 3558 569 3614 merati
591 3561 741 3623 sunt,
771 3553 1118 3608 immensam
1151 3549 1250 3604 Dei
1290 3565 1424 3621 erga
1456 3549 1723 3606 homines
1753 3551 2010 3606 ostendit

358 3643 809 3719 providentiam,
842 3645 899 3696 et
927 3638 1278 3698 inetfabilem
1300 3638 1496 3708 signat
1527 3639 1819 3710 affectum,
1854 3641 2007 3711 quod

363 3733 509 3789 nihil
540 3738 811 3788 nostrum
836 3730 1011 3784 lateat
1032 3727 1214 3782 Deum
1249 3731 1306 3782 et
1331 3727 1505 3782 etiam
1539 3745 1715 3800 parva
1743 3731 1797 3783 et
1826 3729 2010 3785 otiose

366 3825 519 3879 dicta
547 3822 679 3892 ejus
711 3818 1013 3875 scientiam
1045 3834 1158 3872 non
1205 3816 1451 3888 fugiant.
1485 3817 1762 3874 Derident
1793 3818 2010 3874 intelli-

369 3911 626 3983 gentiam
656 3906 1118 3965 ecclesiasticam
1149 3904 1206 3960 in
1238 3904 1348 3960 hoc
1397 3904 1542 3970 loco,
1574 3906 1674 3977 qui
1706 3907 1902 3962 carnis
1931 3924 2014 3962 re-

373 3997 788 4056 surrectionem
820 3999 1056 4068 negant,
1081 3994 1249 4065 quasi
1281 4011 1386 4049 nos
1413 3998 1469 4048 et
1502 3995 1742 4066 capillos
1774 3997 1873 4067 qui
1903 4013 2011 4051 nu-

369 4088 573 4144 merati
621 4092 781 4154 sunt,
816 4090 871 4141 et
902 4101 936 4139 a
989 4089 1226 4139 tonsore
1262 4083 1464 4150 decisi,
1497 4099 1702 4140 omnes
1748 4085 2014 4141 dicamus

369 4192 694 4248 resurgere,
726 4191 861 4229 cum
883 4171 1148 4230 Salvator
1173 4189 1285 4226 non
1311 4172 1517 4227 dixerit
1551 4190 1562 4227 :
1597 4172 1786 4230 Vestri
1818 4179 2013 4229 autem

369 4273 425 4323 et
452 4264 649 4338 capilli
695 4262 905 4334 capitis
941 4277 1144 4317 omnes
1191 4259 1453 4316 salvandi
1483 4265 1642 4332 sunt,
1675 4262 1776 4317 sed
1809 4279 2016 4317 nume-

368 4355 479 4412 rati
554 4357 712 4409 sunt.
775 4351 881 4408 Ubi
949 4366 1230 4405 numerus
1304 4353 1413 4416 est,
1471 4350 1719 4406 scientia
1787 4352 2018 4407 numeri

372 4446 827 4505 demonstratur,
854 4457 969 4496 non
1001 4440 1266 4510 ejusdem
1299 4439 1528 4495 numeri
1565 4439 1943 4495 conservatio.

2116 3281 2434 3353 perdiderit
2480 3280 2740 3336 animam
2799 3297 2971 3337 suam
3050 3287 3288 3354 propter
3345 3302 3456 3356 me,
3518 3287 3768 3345 inveniet

2116 3388 2265 3427 eam.
2300 3392 2326 3418 »
2363 3370 2424 3424 In
2457 3369 2570 3425 alio
2598 3368 2906 3441 Evangelio
2937 3371 3251 3427 scribitur:
3289 3375 3395 3441 Qui
3421 3391 3532 3431 non
3562 3379 3770 3448 accipit

2115 3477 2330 3516 crucem
2348 3476 2505 3514 suam
2526 3459 2933 3530 quotidie(Luc.
2961 3476 3035 3525 Ix,
3057 3461 3170 3530 23).
3190 3461 3271 3517 Ne
3293 3463 3473 3519 semel
3494 3471 3768 3538 putemus

2119 3551 2388 3606 ardorem
2419 3549 2549 3603 fidei
2569 3565 2740 3619 posse
2761 3549 3048 3616 sufficere,
3073 3567 3304 3623 semper
3323 3569 3464 3609 crux
3483 3555 3771 3626 portanda

2117 3644 2224 3710 est,
2259 3643 2323 3693 ut
2351 3653 2584 3709 semper
2614 3654 2721 3693 nos
2752 3637 3048 3693 Christum
3081 3657 3280 3697 amare
3324 3643 3660 3702 doceamus.

2191 3729 2377 3800 (Vers.
2411 3728 2526 3796 4ο.)
2559 3749 2587 3776 ‹‹
2621 3726 2729 3791 Qui
2775 3726 2982 3798 recipit
3010 3745 3113 3783 vos
3165 3745 3256 3784 me
3305 3732 3549 3803 recipit;
3582 3739 3639 3788 et
3657 3713 3770 3805 {qui

2121 3833 2213 3871 me
2244 3815 2466 3886 recipit,
2502 3815 2706 3886 recipit
2735 3832 2867 3870 eum
2909 3815 3009 3886 qui
3043 3833 3134 3873 me
3176 3818 3354 3874 misit.
3392 3844 3418 3869 ››
3459 3822 3612 3877 Ordo
3645 3822 3770 3894 pul-

2121 3904 2467 3960 cherrimus.
2521 3904 2608 3958 Ad
2661 3904 3131 3974 praedicationem
3180 3906 3381 3978 mittit,
3415 3910 3580 3965 docet
3627 3913 3773 3981 peri-

2123 3992 2252 4048 cula
2269 4009 2383 4048 non
2403 3991 2680 4053 timenda,
2697 3991 2970 4048 affectum
2989 3995 3227 4065 subjicit
3249 3996 3534 4069 religioni.
3552 4005 3772 4054 Aurum

2124 4098 2302 4153 supra
2333 4081 2568 4146 tulerat,
2589 4097 2666 4135 ass
2698 4081 2769 4135 de
2796 4098 2942 4136 zona
2969 4089 3322 4139 excusserat.
3347 4086 3504 4142 Dura
3523 4103 3776 4159 evange-

2123 4170 2392 4226 listarum
2426 4169 2702 4224 conditio.
2728 4169 2890 4224 Unde
2921 4187 3056 4243 ergo
3078 4178 3376 4244 sumptus,
3401 4176 3556 4230 unde
3585 4176 3776 4233 victus

2125 4259 2503 4316 necessaria?
2534 4258 2949 4313 Austeritatem
2984 4261 3392 4318 mandatorum
3422 4281 3526 4336 spe
3551 4269 3774 4338 tempe-

2127 4353 2217 4404 rat
2264 4347 2712 4420 promissorum,
2743 4349 2855 4416 Qui
2901 4350 3115 4420 recipit,
3167 4351 3460 4422 inquiens,
3517 4371 3629 4420 vos,
3685 4371 3776 4410 me

2127 4439 2366 4509 recipit:
2398 4441 2451 4492 et
2481 4436 2574 4508 qai
2600 4452 2686 4490 me
2713 4438 2930 4508 recipit,
2961 4440 3166 4509 recipit
3195 4456 3318 4496 eum
3363 4444 3462 4514 qui
3487 4460 3575 4498 me
3602 4445 3771 4513 misit,

442 4532 628 4604 (Vers.
662 4531 774 4601 34.)
827 4552 854 4579 ‹‹
888 4527 1074 4584 Nolite
1123 4527 1415 4596 arbitrari,
1448 4527 1588 4599 quia
1633 4529 1763 4584 veni
1813 4545 2016 4600 pacem
2049 4545 2094 4610 D
2128 4532 2192 4582 ut
2219 4527 2278 4581 in
2318 4525 2710 4596 suscipiendis
2760 4525 3062 4599 apostolis,
3097 4532 3506 4602 unusquisque
3535 4531 3776 4586 creden-

369 4621 603 4678 mittere
632 4621 690 4675 in
745 4624 963 4675 terram
999 4634 1011 4672 :
1049 4617 1172 4674 Non
1203 4615 1333 4671 veni
1381 4633 1584 4686 pacem
1633 4617 1881 4687 mittere,
1915 4617 2018 4673 sed
2125 4617 2275 4672 tium
2305 4615 2602 4670 Christum
2636 4631 2698 4670 se
2729 4616 3058 4688 suscepisse
3089 4619 3422 4674 arbitretur.

371 4709 657 4784 gladium.
692 4731 720 4758 »
750 4712 939 4778 Supra
966 4707 1186 4762 dixerat
1219 4705 1418 4780 :Quod
1445 4705 1563 4762 dico
1589 4707 1738 4761 vobis
1780 4707 1841 4761 in
1872 4716 2019 4762 tene-

375 4801 506 4866 bris,
530 4798 696 4854 dicite
723 4799 784 4854 in
817 4797 1066 4861 lumine;
1097 4804 1148 4850 et
1179 4795 1316 4865 quod
1355 4797 1418 4850 in
1448 4811 1583 4850 aure
1611 4794 1838 4861 auditis,
1870 4811 2016 4866 prae-

377 4889 550 4945 dicate
583 4903 750 4959 super
778 4894 933 4942 tecta.
984 4884 1148 4939 Nunc
1181 4884 1354 4940 infert
1403 4884 1540 4955 quid
1574 4888 1706 4954 post
1754 4885 2020 4955 praedica-

377 4979 590 5033 tionem
641 4980 944 5048 sequatur.
992 4974 1078 5029 Ad
1124 4973 1297 5028 fidem
1357 4972 1589 5038 Christi,
1647 4978 1805 5029 totus
1861 4975 2020 5029 orbis

374 5072 577 5122 contra
607 5082 670 5122 se
717 5065 940 5120 divisus
971 5068 1100 5118 est:
1142 5078 1510 5133 unaquaeque
1556 5062 1768 5118 domus
1810 5067 1865 5118 et
1894 5062 2022 5118 inﬁ-

374 5157 530 5212 deles
561 5154 766 5210 habuit
795 5159 852 5208 et
881 5153 1200 5216 credentes,
1221 5156 1278 5205 et
1303 5156 1609 5222 propterea
1628 5151 1847 5207 bellum
1877 5151 2021 5207 mis-

376 5263 506 5301 sum
558 5249 650 5300 est
700 5245 944 5312 bonum,
979 5247 1043 5296 ut
1091 5244 1459 5310 rumperetur
1507 5258 1617 5312 pax
1666 5241 1840 5296 mala.
1883 5241 2021 5297 Tale

379 5334 532 5404 quod
563 5337 620 5388 et
647 5332 707 5387 in
741 5331 950 5388 Genesi
999 5331 1279 5385 adversus
1328 5328 1570 5384 rebelles
1602 5329 1890 5401 homines,
1922 5330 2021 5402 qui

382 5423 519 5478 moti
555 5423 785 5477 fuerant
804 5421 875 5475 de
906 5420 1158 5486 Oriente,
1193 5423 1248 5473 et
1277 5422 1497 5473 turrem
1531 5423 1826 5474 exstruere
1858 5419 2020 5475 festi-

453 5568 469 5640 ξ
503 5564 630 5640 Duo
669 5562 939 5640 Palatini,
971 5579 1083 5640 pos
1109 5563 1294 5634 magis
1330 5560 1510 5640 pluris
1551 5562 1715 5640 estis;
1747 5565 1804 5619 et
1852 5561 2023 5640 paulo

381 5635 649 5707 inferius,
679 5637 924 5695 minimae
953 5634 1102 5709 ﬁdei,
1132 5631 1236 5709 pro
1264 5631 1516 5703 modicis,
1549 5635 1656 5691 etc.

2199 4704 2524 4776 (Vers./il.)
2556 4725 2583 4753 «
2633 4703 2741 4767 Qui
2787 4705 2992 4776 recipit
3041 4707 3386 4777 prophetam
3427 4708 3486 4762 in
3536 4708 3776 4771 nomine

2128 4793 2440 4866 prophetae,
2502 4793 2830 4848 mercedem
2879 4794 3170 4866 prophetae
3219 4795 3482 4868 accipiet.
3551 4797 3621 4853 Et
3673 4797 3773 4869 qui

2129 4884 2332 4954 recipit
2369 4884 2604 4954 justum
2653 4882 2709 4937 in
2760 4883 2997 4938 nomine
3041 4883 3212 4953 justi,
3256 4885 3582 4941 mercedem
3623 4887 3772 4957 justi

2130 4973 2392 5044 accipiet.
2431 4993 2460 5020 ››
2491 4971 2597 5035 Qui
2646 4970 2991 5042 prophetam
3042 4972 3246 5043 recipit
3291 4978 3357 5029 ut
3403 4975 3768 5048 prophetam,

2128 5067 2185 5118 et
2215 5060 2491 5133 intelligit
2522 5076 2654 5114 eum
2687 5059 2756 5114 de
2790 5059 3000 5114 futuris
3032 5059 3388 5134 loquentem,
3425 5063 3517 5119 hic
3549 5079 3772 5119 merce-

2132 5152 2260 5206 dem
2320 5149 2613 5220 prophetaa
2673 5148 2936 5218 accipiet.
2990 5150 3177 5222 Igitur
3219 5152 3406 5208 Judaei
3463 5151 3774 5209 carnaliter

2131 5239 2443 5313 prophetas
2501 5235 2912 5309 intelligentes,
2975 5241 3298 5297 mercedem
3357 5242 3770 5314 prophetarum

2131 5347 2247 5385 non
2271 5327 2573 5398 accipient.
2600 5324 2781 5382 Aliter
2805 5345 2816 5382 :
2846 5328 2904 5382 In
2929 5330 3087 5385 omni
3111 5330 3466 5402 professione
3482 5331 3771 5388 zizanium

2133 5419 2380 5474 mixtum
2413 5422 2501 5472 est
2539 5415 2754 5472 tritico.
2788 5417 3178 5475 Praemiserat:
3198 5422 3303 5490 Qui
3333 5423 3528 5494 recipit
3554 5438 3666 5494 vos,
3688 5437 3777 5483 me

2203 5564 2224 5598 ²
2254 5559 2432 5618 Palat.
2466 5559 2656 5626 codd.,
2687 5577 2760 5616 an
2789 5569 2839 5618 et
2864 5563 3023 5622 verba
3051 5566 3406 5625 consentiant.

2203 5636 2224 5671 ³
2253 5634 2458 5702 Iidem,
2494 5633 2635 5708 Quia
2672 5636 2825 5694 ante.
