4024 6196
288 347 361 426 7i
1531 359 1596 419 s.
1643 357 1958 420 EUSEBII
2004 357 2449 420 HIERONYMI
3611 358 3691 422 72

288 499 490 569 recipit
521 514 539 550 :
570 499 620 552 et
649 498 746 567 qui
771 509 856 549 me
883 492 1096 562 recipit,
1130 492 1324 563 recipit
1353 507 1477 544 eum
1514 492 1610 561 qui
1637 507 1725 545 me
1755 491 1924 544 misit.
1959 491 2012 557 Α
2043 505 2274 561 quoque
2323 489 2620 557 seandalo,
2653 489 2854 546 dicens
2906 508 2918 546 :
2974 490 3080 559 Qui
3125 493 3321 562 recipit
3363 493 3579 563 justum
3630 495 3690 550 in

286 588 370 643 Ad
403 585 831 658 susceptionem
863 581 1278 652 magistrorum
1311 579 1630 650 discipulos
1663 595 1932 652 provoca-
2044 580 2267 633 nomine
2295 580 2458 650 justi,
2490 580 2786 636 mercedem
2806 581 2951 649 justi
2991 582 3238 651 accipiet.
3273 585 3496 637 Rursus
3527 589 3689 653 pote-

286 680 464 732 verat.
498 675 722 729 Poterat
754 670 854 724 66
885 669 1112 724 occulta
1133 685 1263 724 esse
1294 668 1649 723 credentium
1686 685 1931 740 respon-
2042 671 2130 722 rat
2161 666 2312 724 alius
2343 669 2571 723 causari
2604 674 2662 723 et
2710 670 2899 725 dicere
2932 687 2945 726 :
2981 669 3323 742 Paupertate
3355 671 3688 743 prohibeor,

287 766 373 822 sio
398 784 410 833 ;
444 777 579 834 ergo
609 765 665 814 et
686 757 1225 831 pseudoprophetas
1247 762 1303 812 et
1331 757 1544 813 Judam
1572 758 1928 830 proditorem
2041 756 2296 812 tenuitas
2328 773 2420 812 me
2451 757 2678 827 retinet,
2713 762 2776 811 ut
2805 757 3116 829 hospitalis
3139 773 3266 814 esse
3295 775 3409 814 non
3441 760 3684 831 possim.

284 855 563 910 debemus
607 848 877 918 recipere,
911 852 967 902 et
1017 846 1132 902 illis
1182 845 1522 901 alimoniam
1574 845 1926 901 ministrare.
2037 845 2106 898 Et
2136 844 2284 900 hanc
2317 846 2749 901 excusationem
2772 845 3066 902 levissimo
3089 851 3374 919 praecepto
3397 846 3592 916 diluit,
3625 853 3690 906 ut

281 943 398 997 Hoc
458 937 737 995 Dominus
785 941 916 992 ante
966 953 1289 1009 procurans
1349 934 1509 1001 dicit,
1563 952 1679 991 non
1729 952 1925 1006 perso-
2037 932 2276 990 calicem
2335 951 2495 1006 aquae
2554 933 2777 1006 frigida;
2857 939 2975 991 toto
3034 935 3230 991 animo
3291 937 3686 1009 porrigamus.

280 1049 386 1086 nas
435 1027 838 1099 suscipiendas
892 1043 1038 1093 esse,
1092 1026 1191 1081 sed
1242 1025 1484 1080 nomina
1535 1041 1546 1079 :
1597 1029 1654 1080 et
1711 1040 1926 1080 merce-
2037 1023 2300 1094 Frigidzn,
2334 1023 2543 1095 inquit,
2577 1041 2760 1095 aquae,
2795 1041 2910 1079 non
2942 1023 3162 1093 calidze,
3199 1041 3269 1080 ne
3319 1029 3374 1080 et
3405 1026 3464 1080 in
3499 1026 3689 1085 calida

277 1121 409 1174 dem
480 1133 595 1171 non
667 1115 906 1186 perdere
974 1112 1384 1186 suscipientes,
1444 1111 1578 1167 licet
1644 1112 1923 1185 indignus
2033 1112 2396 1183 paupertatis
2442 1117 2500 1167 et
2528 1113 2782 1184 penuriae
2831 1113 3428 1185 lignorum‘occasio
3461 1131 3687 1187 quaere-

280 1208 458 1263 fuerit
489 1205 589 1277 qui
620 1207 930 1275 susceptus
961 1202 1054 1258 sit.
2032 1203 2209 1254 retur.
2241 1199 2377 1255 Tale
2408 1200 2547 1271 quid
2570 1205 2628 1256 et
2645 1201 2959 1272 Apostolus
2988 1201 3074 1272 (ut
3095 1207 3228 1257 ante
3247 1203 3374 1272 jam
3404 1203 3684 1277 diximus)

345 1297 526 1365 (Vers.
559 1294 675 1364 48.)
708 1317 733 1342 ‹‹
769 1294 836 1346 Et
865 1291 1205 1363 quicunque
1236 1294 1437 1363 potum
1472 1289 1693 1345 dederit
1723 1291 1822 1344 uni
1853 1307 1922 1346 ex
2030 1289 2100 1344 ad
2125 1287 2361 1343 Galatas
2386 1290 2658 1361 praecepit
2685 1306 2697 1342 :
2725 1291 3100 1345 Communicet
3121 1295 3305 1346 autem
3337 1293 3383 1346 is
3410 1295 3508 1364 qui
3537 1297 3687 1350 cate-

273 1385 536 1441 minimis
579 1382 730 1447 istis,
781 1380 1020 1436 calicem
1070 1397 1232 1452 aquae
1291 1379 1511 1450 frigidae
1562 1384 1812 1446 tantum,
1859 1379 1917 1434 in
2027 1378 2281 1432 chizatur
2309 1378 2469 1434 verba
2506 1380 2559 1433 ei
2586 1380 2683 1449 qui
2717 1395 2771 1434 se
2813 1379 3112 1434 catechizat
3143 1381 3202 1434 in
3231 1381 3484 1436 omnibus
3530 1384 3686 1439 bonis

270 1475 506 1530 nomine
527 1470 822 1543 discipuli,
843 1486 1013 1525 amen
1040 1470 1166 1524 dico
1189 1469 1374 1535 vobis,
1399 1484 1512 1522 non
1538 1468 1740 1539 perdet
1765 1483 1916 1522 mer-
2024 1465 2228 1547 (Galat.
2257 1484 2332 1532 v1,
2364 1467 2440 1536 6),
2475 1471 2532 1522 et
2587 1467 2910 1540 discipulos
2961 1469 3031 1523 ad
3066 1469 3486 1541 magistrorum
3517 1473 3684 1528 refri-

268 1565 469 1620 cedem
519 1578 774 1618 suam.»
829 1559 1104 1631 Legimus
1136 1558 1192 1612 in
1249 1557 1529 1628 propheta
1579 1555 1800 1612 David:
1835 1557 1918 1611 Ad
2025 1556 2186 1628 geria
2234 1555 2592 1611 cohortatur.
2644 1557 2792 1622 Quia
2819 1561 3046 1629 poterat
3095 1557 3342 1629 quilibet
3369 1560 3684 1618 obtendere

266 1653 608 1710 excusandas
655 1650 1030 1705 excusationes
1063 1649 1122 1701 in
1165 1648 1413 1717 peccatis
1445 1646 1615 1716 (Psal.
1650 1663 1776 1712 CXL,
1810 1645 1910 1716 4):
2025 1648 2454 1716 paupertatem,
2507 1648 2564 1700 et
2615 1650 2966 1717 praiceptum
3027 1645 3282 1716 eludere,
3335 1649 3684 1722 priusquam

265 1743 419 1814 quod
451 1740 621 1796 multi
655 1741 1023 1810 peccatorum
1055 1752 1296 1791 suorum
1349 1734 1513 1806 quasi
1538 1735 1733 1806 justas
1764 1751 1912 1805 praa-
2025 1732 2124 1788 ille
2183 1737 2491 1804 proponat,
2563 1733 2969 1790 imminentem
3038 1735 3208 1791 solvit
3277 1738 3682 1809 quaestionem,

261 1832 507 1887 tendant
531 1828 887 1893 occasiones,
922 1830 985 1880 ut
1015 1826 1168 1897 quod
1213 1823 1509 1880 voluntate
1539 1822 1908 1897 delinquunt,
1944 1873 1991 1937 Β
2024 1822 2258 1877 dicens:
2284 1821 2465 1877 Nolite
2501 1839 2710 1890 errare,
2741 1825 2876 1880 Deus
2914 1840 3019 1879 non
3053 1825 3338 1880 irridetur.
3367 1827 3493 1894 Qum
3525 1830 3683 1884 enim

300 1921 310 1932 ο
338 1923 351 1937 ι
473 1925 486 1937 ι
542 1935 562 1937 η
623 1915 959 1937 _._A-__!L_L-
1013 1930 1248 1937 ..---,..-
1289 1930 1300 1937 .
1361 1912 1639 1937 Π-.νιζ..---
1691 1917 1879 1937 ---..ι-
2029 1913 2378 1937 ,λιμμα-⁸-.ηιιρμίι
2441 1911 2590 1937 ιαμ..-
2651 1914 2762 1937 ιη..-
2810 1917 2851 1937 ..ι
2901 1918 3058 1937 Α---ι-ι
3105 1914 3243 1937 ΙΙΙ..⁸,.1
3289 1916 3324 1937 ’Ὗ
3376 1916 3408 1937 ο
3439 1920 3453 1937 \
3491 1917 3550 1937 m1
3601 1923 3676 1937 --ι

261 1921 569 1975 videantur
621 1915 964 1972 necessitate
1013 1930 1251 1985 peccare
1289 1930 1300 1968 :
1360 1912 1640 1968 Dominus
1690 1917 1912 1967 scruta-
1944 1911 1991 1937 υ
2023 1913 2379 1967 seminaverit
2433 1911 2610 1982 homo,
2645 1914 2762 1968 haec
2801 1917 2851 1967 et
2898 1918 3058 1968 metet
3102 1914 3261 1984 (Ibid.
3289 1916 3342 1969 7.
3375 1916 3455 1984 8.)
3486 1917 3554 1971 Et
3591 1923 3681 1974 est

261 2015 353 2064 tor
375 2008 566 2064 cordis
589 2010 645 2062 et
669 2020 898 2071 renum,
924 2004 1150 2058 futuras
1176 2002 1558 2074 cogitationes
1584 2001 1639 2056 in
1664 2001 1915 2073 singulis
2027 2016 2236 2055 sensus
2269 2016 2280 2054 :
2316 2000 2534 2055 frustra
2563 2001 2824 2056 causaris
2875 2001 3130 2073 inopiam
3165 2021 3178 2070 ;
3212 2019 3348 2058 cum
3381 2003 3539 2060 aliud
3573 2005 3679 2062 ha-

260 2103 586 2155 contuetur.
623 2096 856 2151 Dixerat
889 2111 900 2148 :
937 2095 1042 2162 Qui
1069 2094 1264 2164 recipit
1294 2108 1406 2152 vos,
1438 2107 1522 2144 me
1552 2093 1763 2171 recipit.
1801 2091 1910 2147 Sed
2024 2087 2156 2143 beat
2185 2089 2542 2144 conscientia
2571 2093 2672 2143 tua
2702 2090 2724 2123 ³
2759 2107 2772 2146 :
2806 2107 2900 2145 me
2930 2096 3092 2162 potes
3142 2091 3340 2148 fallere
3375 2093 3677 2150 cohortan-

253 2188 363 2244 hoc
394 2189 747 2259 praeceptum
773 2181 943 2236 multi
981 2180 1500 2253 pseudoprophetaa
1531 2184 1587 2234 et
1617 2179 1747 2235 talsi
1770 2197 1910 2251 prae-
2020 2182 2135 2231 tem
2168 2177 2222 2244 8;
2253 2178 2354 2232 sed
2387 2178 2530 2233 scito
2575 2179 2730 2250 quod
2780 2184 3304 2253 quantumcunque
3352 2184 3672 2241 seminave-

247 2276 535 2331 dicatores
586 2274 852 2344 poterant
903 2269 1187 2340 impedire
1217 2287 1230 2336 ;
1265 2267 1590 2324 medicatus
1641 2272 1731 2323 est
1771 2267 1907 2322 huic
2018 2265 2118 2337 ris,
2150 2269 2377 2320 tantum
2409 2271 2466 2321 et
2495 2283 2800 2323 messurus
2830 2269 2933 2323 sis.

321 2438 335 2470 ί
368 2431 687 2500 Victorius,
717 2446 790 2484 ex
817 2429 1056 2499 penuria
1085 2429 1393 2500 lignorum,
1427 2431 1571 2500 etc._
1623 2496 1635 2500 _
2011 2427 2208 2496 fallere
2235 2430 2630 2500 cohortantem.
2669 2429 2782 2482 [loc
2813 2428 2985 2483 modo
3035 2428 3221 2485 multa
3251 2431 3496 2487 restituo
3529 2433 3665 2489 abs-

317 2507 339 2539 ²
367 2504 648 2574 Voculam
667 2496 762 2556 tua
783 2496 1057 2572 ignorant
1077 2498 1526 2574 Cisterciens:_et
1543 2496 1722 2552 Palat.
1753 2513 1898 2553 mss.
2013 2499 2333 2574 que_notis,
2365 2499 2504 2568 quia
2554 2497 2994 2574 longum__esset
3042 2501 3308 2574 singulas
3361 2508 3667 2562 contextus

316 2578 337 2609 ³
369 2575 522 2630 Editi
550 2572 733 2628 alium
783 2568 1026 2627 simsum
1059 2569 1327 2638 retinent,
1359 2569 1601 2636 scilicet,
1634 2585 1702 2624 ne
1738 2578 1899 2640 putes
2010 2568 2407 2624 restitutiones
2440 2568 2755 2626 recensere.
2789 2571 2976 2626 MART.

1441 2896 1769 2980 LIBER
1830 2892 2466 2984 SECUNDUS.

309 3228 404 3282 61
444 3228 601 3298 (Cap.
636 3231 734 3282 XI.
767 3255 836 3265 -—-
883 3224 1044 3280 Vers.
1086 3228 1136 3296 1,
1167 3226 1222 3296 2)
1256 3230 1297 3279 ι.
1349 3247 1376 3274 ‹‹
1413 3226 1482 3279 Et
1529 3213 1746 3279 factum
1795 3228 1957 3293 estC
1994 3226 2306 3297 praebuisti)
2356 3223 2726 3280 testimonium
2753 3224 2823 3279 ad
2867 3226 3189 3292 Iordanem,
3223 3240 3339 3282 ecce
3386 3226 3649 3298 discipuli

236 3331 371 3372 cum
427 3317 896 3370 consummasset
942 3314 1135 3378 Jesus,
1185 3312 1528 3384 pracipiens
1580 3311 1888 3368 duodecim
2000 3317 2118 3383 ejus
2169 3314 2471 3384 baptizant,
2502 3318 2551 3368 et
2600 3329 2790 3368 omnes
2840 3314 2862 3346 ³
2911 3315 3142 3369 veniunt
3189 3314 3259 3368 ad
3301 3331 3428 3370 eum
3475 3317 3649 3387 (Joan.

237 3404 567 3476 discipulis,
589 3403 828 3459 transiit
858 3401 994 3456 inde
1025 3406 1088 3456 ut
1118 3401 1349 3456 doceret
1379 3404 1434 3454 et
1462 3399 1797 3470 praedicaret
1828 3400 1888 3453 in
2000 3420 2086 3468 ιιι,
2120 3404 2233 3471 ‘26),
2264 3402 2430 3474 quasi
2463 3401 2715 3456 dixerint
2749 3419 2761 3455 :
2797 3402 2911 3457 Nos
2944 3402 3290 3469 deserimur,
3317 3403 3410 3458 hic
3441 3404 3651 3460 raritas

237 3493 572 3548 civitatibus
595 3507 865 3547 eorum.»
891 3491 1018 3547 Non
1041 3487 1211 3561 quasi
1239 3486 1885 3560 ignoransinterrogat;
2000 3496 2107 3557 est,
2133 3492 2203 3544 ad
2239 3490 2406 3544 illum
2439 3491 2611 3545 turba
2641 3492 2954 3545 concurrit.
3153 3485 3156 3489 ’

235 3583 360 3653 ipse
415 3581 573 3636 enim
623 3578 842 3634 caeteris
894 3577 1304 3650 ignorantibus
1364 3576 1883 3644 demonstraverat,
2070 3579 2252 3648 (Vers.
2308 3580 2387 3650 3.)
2429 3602 2454 3627 ‹‹
2509 3580 2593 3633 Tu
2641 3595 2703 3634 es
2747 3579 2847 3651 qui
2895 3584 3176 3635 venturus
3207 3596 3288 3644 es,
3340 3597 3413 3636 an
3466 3581 3647 3638 alium

231 3669 435 3745 diceps
464 3687 476 3724 :
507 3671 636 3724 Ecce
656 3669 839 3736 Agnus
861 3668 975 3732 Dei,
999 3683 1116 3722 ecce
1141 3668 1240 3737 qui
1270 3666 1412 3720 tollit
1431 3669 1651 3736 peccata
1683 3664 1888 3718 mundi
1996 3672 2400 3738 exspectamus
2425 3668 2452 3720 ‘?
2497 3689 2517 3716 ι
2569 3667 2693 3722 Non
2745 3668 2844 3737 ait,
2876 3673 2937 3722 tu
2988 3685 3049 3724 es
3098 3669 3197 3740 qui
3241 3669 3473 3740 venisti,
3522 3671 3646 3738 sed,

228 3760 405 3826 (Joan.
433 3777 472 3828 1,
494 3757 586 3828 29)
621 3775 634 3812 ;
668 3762 723 3811 et
748 3757 928 3812 Patris
958 3771 1157 3811 vocem
1190 3755 1474 3824 audierat,
1507 3753 1832 3807 intonantis
1868 3770 1881 3808 :
1994 3763 2052 3810 tu
2080 3772 2132 3810 es
2164 3757 2260 3826 qui
2299 3759 2559 3810 venturus
2589 3771 2662 3811 es.
2700 3757 2766 3810 Et
2812 3761 2902 3812 est
2949 3773 3159 3813 sensus
3193 3775 3204 3813 :
3234 3758 3442 3814 Munda
3475 3759 3642 3827 mihi,

225 3849 327 3902 llic
354 3856 430 3902 est
462 3847 642 3902 Filius
688 3861 839 3900 meus
886 3845 1132 3914 dilectus,
1166 3845 1224 3898 in
1253 3859 1356 3915 quo
1405 3842 1546 3897 mihi
1573 3843 1883 3912 complacui
1995 3844 2133 3915 quia
2163 3845 2234 3898 ad
2267 3844 2494 3898 inferna
2521 3845 2910 3900 descensurus
2959 3862 3114 3913 sum,
3149 3851 3348 3901 utrum
3381 3851 3436 3902 te
3468 3851 3524 3902 et
3552 3846 3642 3901 in-

225 3937 435 4007 (Matth.
471 3953 554 4001 Ill,
621 3936 677 4007 7)
712 3953 724 3989 :
760 3935 862 3989 sed
906 3933 1198 4006 quomodo
1230 3931 1499 3987 Salvator
1537 3931 1877 4001 interrogat,
1994 3933 2130 3986 feris
2179 3933 2422 3988 debeam
2473 3934 2765 4000 nuntiare,
2800 3933 2916 4004 qui,
2943 3935 3200 3991 nuntiari
3247 3935 3525 4007 superis?
3555 3937 3643 3990 An

233 4031 296 4079 ut
327 4025 404 4080 sit
434 4023 660 4089 positus
692 4029 940 4079 Lazarus
980 4023 1158 4093 (Joan.
1200 4039 1279 4087 x1,
1311 4023 1424 4090 34),
1461 4025 1524 4074 ut
1555 4021 1652 4091 qui
1687 4019 1878 4074 locum
1993 4038 2105 4076 non
2140 4022 2444 4076 conveniat
2465 4021 2606 4077 Filio
2638 4023 2759 4090 Dei,
2780 4028 2845 4076 ut
2865 4027 3061 4094 gustet
3083 4029 3429 4091 mortem,et
3457 4024 3642 4080 alium

227 4114 480 4186 sepulcri
502 4114 858 4179 indicabant,
879 4111 1086 4168 saltem
1109 4111 1190 4167 sic
1214 4115 1561 4181 pararentur
1585 4110 1653 4162 ad
1682 4109 1876 4176 fidem,
1991 4109 2061 4163 ad
2093 4109 2211 4164 haec
2243 4116 2612 4166 sacramenta
2641 4112 2934 4166 missurus
2964 4127 3026 4166 es
3047 4112 3073 4165 ‘t

224 4207 282 4257 et
311 4204 575 4258 viderent
613 4207 906 4258 mortuum
939 4205 1339 4272 resurgentem
1376 4216 1388 4254 :
1425 4198 1506 4254 sic
1538 4203 1594 4253 et
1625 4198 1879 4254 Joannes
2061 4198 2248 4270 (Vers.
2284 4200 2335 4265 4,
2385 4200 2464 4271 5.)
2515 4223 2541 4248 ‹‹
2594 4201 2664 4254 Et
2709 4199 3071 4271 respondens
3115 4200 3308 4271 Jesus,
3340 4199 3422 4254 ait
3474 4199 3589 4256 illis
3623 4217 3637 4255 :

223 4291 662 4346 interﬁciendus
694 4291 766 4345 ab
799 4290 1040 4359 Herode,
1065 4281 1390 4360 discipulos
1421 4304 1560 4342 suos
1595 4287 1776 4341 mittit
1804 4287 1877 4342 ad
1990 4287 2204 4342 Euntes
2236 4287 2335 4341 68
2370 4287 2702 4342 renuntiate
2731 4287 2941 4342 Joanni
2974 4304 3101 4358 quae
3132 4288 3384 4344 audistis
3415 4293 3473 4344 et
3501 4288 3644 4344 vidi-

220 4379 540 4445 Christum,
575 4384 639 4433 ut
670 4396 772 4450 per
816 4379 967 4434 hanc
998 4377 1366 4433 occasionem
1398 4375 1660 4431 videntes
1709 4376 1878 4446 signa
1987 4376 2114 4431 stis.
2150 4376 2291 4430 Caici
2340 4377 2561 4443 vident,
2595 4375 2787 4430 claudi
2836 4374 3166 4443 ambulant,
3201 4375 3416 4448 leprosi
3465 4394 3639 4432 mun-

224 4472 400 4538 atque
440 4468 710 4534 virtutes,
743 4467 1048 4522 crederent
1093 4466 1152 4520 in
1183 4482 1342 4529 eum,
1375 4469 1431 4519 et
1480 4464 1756 4536 magistro
1786 4463 1874 4519 in-
1986 4465 2221 4533 dantur,
2257 4465 2420 4521 surdi
2470 4465 2737 4531 audiunt,
2773 4465 2988 4519 mortui
3039 4469 3373 4538 resurgunt.
3409 4489 3436 4515 »
3466 4466 3641 4522 Joan-

220 4559 578 4628 terrogante,
608 4555 720 4610 sibi
751 4552 1242 4616 discerent.Quod
1276 4557 1472 4606 autem
1506 4552 1876 4624 superbirent
1905 4599 1953 4662 D
1987 4569 2090 4608 nes
2135 4554 2590 4624 interrogaverat
2620 4568 2722 4624 per
2769 4552 3091 4626 discipulos
3126 4572 3138 4609 :
3174 4555 3245 4608 Tu
3273 4571 3330 4610 es
3379 4557 3476 4627 qui
3503 4570 3638 4610 ven-

239 4645 276 4662 ι·
328 4645 366 4662 -⁸
459 4643 495 4662 1⁸
537 4644 587 4662 τί
615 4661 621 4662 κ
698 4643 765 4662 .3,
818 4643 1089 4662 -J4_--_-_-_
1139 4641 1445 4662 n_‘-:____-
1507 4647 1556 4662 ,Α
1592 4641 1871 4662 L_L-_-_L
1983 4645 2140 4662 1””-.-
2183 4659 2225 4662 __
2293 4658 2356 4662 ___
2399 4642 2563 4662 -l.'-_-__
2599 4648 2958 4662 _-‘--_‘_‘_--_-.-
2985 4648 3006 4662 ο
3038 4643 3110 4662 Πὶ.
3130 4643 3291 4662 κεκιηγ
3341 4643 3493 4662 ς3-ηκ
3548 4645 3599 4662 J—

222 4643 497 4718 discipuli
528 4643 773 4700 Joannis
812 4643 1094 4698 adversus
1138 4641 1474 4708 Dominum,
1503 4647 1560 4695 et
1591 4641 1876 4697 haberent
1905 4641 1953 4662 ν
1982 4645 2141 4696 turus
2169 4659 2247 4711 es,
2281 4658 2362 4697 an
2391 4642 2570 4696 alium
2588 4648 2960 4713 exspectamus
2982 4648 3006 4696 .9
3037 4643 3304 4699 Christus
3335 4643 3506 4716 signa
3535 4645 3634 4700 de-

223 4732 444 4804 aliquid
477 4731 877 4789 mordacitatis
926 4747 994 4786 ex
1023 4729 1200 4786 livore
1250 4734 1306 4784 et
1337 4730 1575 4799 invidia,
1608 4731 1875 4802 superior
1984 4735 2289 4800 monstrat,
2325 4745 2440 4784 non
2471 4730 2542 4784 ad
2575 4746 2643 4786 ea
2675 4733 3032 4804 respondens
3080 4749 3207 4804 quae
3239 4733 3633 4805 interrogatus

220 4838 453 4893 quoque
511 4820 888 4893 interrogatio
944 4821 965 4853 ²
1013 4819 1458 4885 demonstravit,
1517 4819 1874 4891 evangelista
1982 4820 2190 4885 fuerat,
2223 4821 2322 4876 sed
2365 4819 2434 4874 ad
2469 4819 2810 4876 scandalum
2867 4821 3209 4877 nuntiorum
3245 4839 3257 4876 :
3292 4823 3386 4888 Ite,
3419 4821 3629 4894 inquit,

221 4912 506 4965 referente
540 4927 552 4965 :
589 4911 732 4965 Tunc
778 4915 1121 4964 accesserunt
1149 4907 1218 4962 ad
1245 4924 1373 4962 eum
1418 4907 1681 4978 discipuli
1707 4910 1870 4963 Joan-
1980 4915 2032 4962 et
2059 4907 2223 4963 dicite
2257 4910 2464 4963 Joanni
2490 4911 2660 4981 signa
2706 4925 2832 4980 quae
2860 4911 3089 4965 cernitis
3138 4926 3318 4965 caecos
3347 4910 3632 4978 videntes,

217 5001 328 5066 nis,
360 4999 601 5054 dicentes
633 5016 652 5054 :
683 4999 864 5066 Quare
890 5014 987 5053 nos
1015 5001 1064 5052 et
1105 4997 1390 5053 Pharisaei
1419 4997 1732 5067 iejunamus
1758 5000 1870 5068 fre-
1980 5002 2037 5050 et
2065 4996 2304 5052 claudos
2331 4997 2722 5065 ambulantes,
2757 5005 2815 5054 et
2844 4999 3086 5071 reliqua.
3122 5000 3189 5053 Et
3219 5000 3375 5071 quod
3398 4998 3490 5054 his
3514 5015 3630 5054 non

219 5092 466 5158 quenter,
516 5087 782 5158 discipuli
827 5089 1011 5141 autem
1055 5087 1139 5140 tui
1192 5100 1303 5139 non
1350 5085 1611 5155 jejunant
1660 5085 1866 5154 (Matth.
1980 5085 2177 5140 minus
2209 5087 2340 5140 est‘
2373 5103 2385 5139 :
2417 5087 2757 5157 «Pauperes
2779 5087 3273 5160 evangelizantur.
3297 5110 3324 5138 ››
3361 5086 3460 5142 Vel
3483 5102 3627 5158 pau-

216 5193 294 5244 1x,
329 5177 417 5248 14)
439 5175 466 5230 ‘?
497 5176 564 5230 Et
595 5174 734 5231 alibi
769 5191 780 5231 :
834 5175 1107 5245 Magister,
1139 5175 1230 5227 cui
1276 5181 1337 5227 tu
1382 5172 1720 5244 perhibuisti
1748 5173 1863 5245 (Al.
1978 5191 2146 5247 peros
2190 5173 2423 5246 spiritu,
2453 5174 2540 5231 vel
2571 5181 2724 5231 certe
2775 5176 2988 5248 opibus
3019 5178 3121 5242 [Αἰ.
3157 5175 3453 5248 operibus]
3484 5189 3627 5246 pau-

291 5394 306 5426 ¹
340 5395 449 5446 Pro
479 5390 766 5464 impressa
814 5391 1124 5463 Scriptura
1173 5387 1441 5461 pericope
1490 5388 1641 5464 hanc
1672 5391 1868 5462 praefe-
2046 5395 2067 5427 ²
2096 5393 2262 5458 Rab.,
2295 5393 2690 5464 interpretatio.

216 5468 354 5519 runt
386 5480 527 5520 mss.
564 5462 781 5536 nostri:
800 5462 1034 5536 Joannes
1063 5462 1685 5536 autemrcumaudisset
1702 5477 1866 5536 opera
2049 5469 2157 5519 Pro
2213 5462 2626 5536 omnes,‘quod
2674 5464 2836 5536 ethin
2890 5464 3082 5536 Grmco
3117 5467 3362 5536 resonat
3409 5478 3622 5536 πᾳντες,

219 5537 451 5601 Christi,
485 5536 705 5590 mittens
733 5535 865 5590 duos
910 5535 976 5589 de
1002 5534 1290 5604 discipulis
1335 5534 1470 5596 suis,
1503 5535 1585 5586 ait
1623 5535 1713 5587 illi
1741 5552 1760 5588 :
1795 5535 1867 5588 Tu
1974 5537 2033 5592 in
2068 5536 2350 5591 Palatinis
2383 5533 2525 5590 mss.
2555 5540 2620 5590 ut
2649 5540 2706 5590 et
2732 5535 2967 5592 Victorii
2991 5533 3243 5590 editione
3270 5537 3380 5603 est,
3413 5534 3622 5604 plures.

212 5625 270 5664 es
298 5609 394 5680 qui
423 5615 681 5680 venturus
725 5623 801 5673 es,
826 5623 910 5680 _an
967 5607 1144 5680 alium
1183 5612 1535 5680 expectamus
1558 5604 1864 5680 ‘t_Quidam
2043 5611 2064 5642 ³
2096 5609 2233 5664 Mss.
2269 5607 2518 5662 Palatini
2569 5608 2889 5662 continenti
2942 5606 3109 5670 serie,
3141 5610 3192 5680 et
3222 5605 3363 5678 quod
3394 5604 3477 5661 his
3513 5619 3625 5659 non

213 5683 270 5747 et
299 5675 432 5764 post
458 5679 699 5740 verbum
729 5678 990 5751 audisset,
1022 5675 1269 5743 addunt,
1300 5675 1364 5731 in
1391 5676 1657 5738 vinculis.
1972 5683 2157 5738 minus
2191 5683 2292 5748 est,
2324 5693 2591 5752 pauperes
2617 5681 3038 5753 euangelizatos.
3076 5679 3168 5738 Vel
3191 5675 3479 5752 pauperes,
3509 5679 3618 5734 sto.
