4024 6196
260 250 344 347 7S
813 241 1331 304 COMMENTAB.
1376 242 1455 302 IN
1503 242 2012 302 EVANGELIUM
2064 244 2439 308 MATTH/El
2491 250 2636 308 LIB.
2685 250 2760 310 ll.
2811 251 2982 310 CAP.
3031 251 3133 312 ΧΙ.
3597 261 3674 316 Ἠ

267 395 459 452 peres,
520 379 588 431 ut
636 373 801 430 nulla
842 373 994 428 inter
1039 372 1263 428 nobiles
1310 377 1368 428 et
1413 370 1720 445 ignobiles,
1770 371 1922 427 inter
1949 383 2006 448 Α
2037 375 2163 442 viri,
2213 381 2271 432 et
2319 395 2433 434 non
2485 379 2536 435 ei
2583 380 2683 450 qui
2733 384 2908 435 natus
2955 396 3024 435 ex
3070 380 3327 452 Virgine,
3359 387 3418 439 et
3462 386 3680 457 Spiritu

266 467 480 523 divites
511 468 571 520 et
600 479 836 536 egenos,
863 462 920 516 in
945 461 1350 532 praedicatione
1373 461 1654 517 distantia
1675 460 1771 515 sit.
1802 461 1928 516 Haec

265 554 538 629 magistri
570 553 846 624 rigorem,
873 550 993 605 haec
1023 550 1391 622 praeceptoris
1423 550 1810 622 comprobant
1833 565 1926 604 ve-

265 646 524 714 ritatem,
559 641 795 714 quando
827 639 1022 694 omnis
1054 639 1208 710 apud
1241 655 1378 694 eum
1428 638 1529 710 qui
1581 637 1793 693 salvari
1827 653 1932 708 po-

268 738 410 806 test,
444 729 686 804 aequalis
718 733 826 802 est.
861 728 1022 790 Quod
1051 732 1248 783 autem
1281 727 1360 783 ait
1393 743 1405 781 :

351 821 540 894 (Vers.
572 819 650 890 6.)
681 841 708 867 ‹‹
743 818 811 872 Et
841 817 1048 872 beatus
1079 816 1178 887 qui
1222 833 1335 870 non
1371 816 1544 870 fuerit
1576 813 1933 870 scandaliza-

273 917 377 967 tus
405 911 470 965 in
501 925 614 965 me.
653 930 679 956 »
710 905 1109 963 Internuntios
1141 904 1409 976 percutit,
1444 903 1597 959 sicut
1624 903 1684 958 in
1727 917 1935 958 conse-

271 998 600 1072 quentibus
629 992 1146 1051 demonstrabitur.

349 1088 531 1158 (Vers.
563 1087 641 1153 7.)
672 1107 700 1134 ‹‹
733 1082 854 1139 Illis
887 1087 1084 1138 autem
1115 1081 1493 1146 abeuntibus,
1544 1080 1720 1150 cmpit
1763 1080 1933 1134 Jesus

269 1179 469 1233 dicere
499 1175 571 1231 ad
599 1173 806 1228 turbas
837 1173 908 1227 de
938 1174 1161 1226 Joanne
1196 1188 1208 1225 :
1243 1169 1390 1234 Quid
1426 1169 1625 1224 existis
1657 1168 1715 1223 in
1740 1169 1934 1223 deser-

267 1273 401 1322 tum
430 1262 668 1319 videre?
697 1260 1045 1316 arundinem
1073 1263 1240 1314 vento
1274 1257 1595 1330 agitatam?
1631 1256 1740 1310 Sed
1791 1256 1931 1327 quid

271 1353 481 1411 existis
523 1350 756 1407 videre?
787 1347 1084 1404 hominem
1130 1345 1405 1401 mollibus
1442 1343 1758 1400 vestitum?
1788 1344 1932 1399 Ecce

271 1443 382 1515 qui
413 1440 687 1497 mollibus
717 1436 1064 1505 vestiuntur,
1089 1436 1144 1489 in
1181 1434 1454 1490 domibus
1487 1449 1694 1505 regum
1716 1436 1872 1488 sunt.
1901 1454 1928 1481 ››

266 1532 331 1587 Si
362 1529 630 1602 superior
659 1526 949 1583 sententia
979 1530 1180 1580 contra
1207 1524 1493 1580 Joannem
1524 1521 1749 1593 prolata
1803 1523 1930 1576 fue-

270 1625 384 1686 rat,
416 1624 483 1674 ut
512 1616 777 1689 plerique
809 1613 1187 1677 arbitrantur,
1213 1613 1273 1667 in
1303 1628 1370 1667 eo
1404 1612 1560 1682 quod
1591 1611 1705 1665 ait:
1736 1611 1930 1664 Beatus

2047 471 2248 520 sancto
2302 485 2314 522 :
2367 484 2706 539 quanquam
2757 468 2818 524 in
2868 485 2931 524 eo
2986 469 3138 539 quod
3193 471 3338 526 dixit
3370 490 3382 527 :
3418 473 3534 529 Non
3561 491 3682 530 sur-

2045 555 2192 608 rexit
2220 557 2398 628 major
2444 559 2589 612 inter
2635 565 2789 612 natos
2835 555 3143 612 mulierum
3182 560 3392 616 Joanne
3420 563 3684 633 Baptista,

2046 658 2160 696 non
2212 645 2432 700 caeteris
2480 645 2780 716 prophetis
2830 650 2888 700 et
2939 645 3305 718 patriarchis,
3347 651 3692 723 cunctisque

2045 729 2382 788 hominibus
2410 733 2694 788 Joannem
2727 733 2997 805 praetulit,
3045 735 3145 790 sed
3192 735 3404 791 Joanni
3453 743 3688 795 caeteros

2046 821 2365 891 exzequavit
2393 823 2432 877 ³.
2463 822 2587 877 Non
2634 824 2790 877 enim
2845 822 3044 878 statim
3095 824 3380 896 sequitur,
3415 830 3479 880 ut
3511 827 3559 882 si
3589 827 3687 882 alii

2046 909 2296 978 majores
2330 925 2395 965 eo
2426 928 2541 966 non
2574 916 2731 978 sunt,
2779 911 2878 966 ille
2926 912 3115 982 major
3160 911 3410 968 aliorum
3443 913 3519 970 sit
3549 932 3562 969 :
3595 932 3690 970 ve-

2043 1013 2176 1050 rum
2208 1001 2272 1052 ut
2301 998 2690 1070 aequalitatem
2722 1015 2856 1054 cum
2906 999 3127 1055 caeteris
3181 1001 3402 1056 sanctis
3456 1002 3693 1060 habeat.

2043 1106 2070 1132 «
2106 1084 2212 1148 Qui
2245 1090 2438 1142 autem
2472 1087 2663 1142 minor
2711 1092 2800 1143 est
2842 1087 2900 1141 in
2952 1104 3126 1160 regno
3165 1089 3467 1159 ccelorum,
3502 1093 3691 1162 major

2043 1179 2130 1227 est
2158 1173 2278 1229 illo.
2310 1197 2336 1223 »
2371 1174 2536 1230 Multi
2585 1176 2656 1230 de
2702 1175 2996 1231 Salvatore
3042 1176 3149 1231 hoc
3200 1177 3447 1250 intelligi
3486 1179 3691 1235 volunt

2043 1262 2194 1330 quod
2227 1263 2324 1333 qui
2353 1263 2544 1319 minor
2573 1269 2663 1319 est
2692 1267 2972 1335 tempore,
3022 1266 3210 1335 major
3261 1265 3339 1322 sit
3381 1266 3687 1339 dignitate.

2043 1349 2158 1406 Nos
2185 1350 2382 1405 autem
2417 1351 2779 1423 simpliciter,
2813 1351 3214 1424 intelligamus
3247 1371 3259 1409 :
3297 1357 3453 1426 quod
3499 1357 3693 1412 omnis

2041 1444 2300 1505 sanctus,
2335 1440 2434 1510 qui
2460 1441 2585 1510 jam
2619 1457 2753 1495 cum
2787 1441 2901 1496 Deo
2933 1446 3040 1511 est,
3074 1443 3264 1512 major
3315 1443 3393 1497 sit
3438 1443 3540 1499 illo
3589 1445 3693 1516 qui

2039 1526 2230 1582 adhuc
2264 1527 2534 1583 consistit
2561 1527 2621 1582 in
2653 1528 2870 1600 praelio.
2903 1529 3074 1585 Aliud
3107 1534 3196 1586 est
3224 1531 3381 1587 enim
3413 1548 3689 1589 coronam

2038 1614 2287 1670 victoriae
2319 1616 2636 1687 possidere,
2675 1619 2772 1672 70
2805 1616 2962 1672 aliud
3013 1618 3205 1674 adhuc
3252 1619 3312 1675 in
3358 1621 3478 1676 acie
3524 1620 3697 1676 dimi-

269 1714 350 1765 est
401 1709 497 1780 qui
540 1721 654 1762 non
699 1705 870 1774 fuerit
914 1700 1321 1758 scandalizatus
1369 1702 1431 1754 in
1481 1714 1590 1764 me,
1636 1698 1928 1770 quomodo
1961 1747 2009 1812 B
2038 1719 2188 1758 care.
2214 1704 2463 1767 Quidam
2498 1705 2888 1760 novissimum
2912 1706 3189 1778 angelum
3220 1706 3280 1762 in
3312 1707 3471 1764 caelis
3505 1710 3697 1764 Domi-

463 1795 485 1812 τ
627 1810 704 1812 .-κ
735 1791 909 1812 L__L:_
935 1790 1208 1812 I____‘I:L-__
1242 1787 1764 1812 ___J:--A.-_0QA.I
1797 1786 1928 1812 -..δη
2043 1808 2108 1812 μ-
2149 1792 2573 1812 __:__:_4,_,,A-_-
2611 1793 2896 1812 ,s,_l!,s,,,,
3012 1794 3048 1812 ,l
3147 1800 3156 1812 ι
3319 1797 3328 1807 -
3627 1797 3662 1812 ι-

271 1814 434 1854 nunc
454 1795 711 1852 Joannes
733 1791 912 1848 tantis
935 1790 1211 1846 laudibus
1241 1787 1634 1860 praedicatur?
1656 1787 1767 1842 Sed
1794 1786 1935 1858 quia

271 1886 450 1940 turba
461 1878 1334 1950 circumstansinterrogationis
1352 1875 1696 1948 mysterium
1718 1875 1934 1930 nescie-

271 1976 400 2038 bat,
434 1975 488 2028 et
519 1970 764 2044 putabat
789 1971 1070 2024 Joannem
1106 1967 1373 2021 dubitare
1396 1965 1466 2019 de
1494 1964 1931 2034 Christo,quem

272 2063 405 2134 ipse
436 2061 862 2115 monstraverat
893 2056 1092 2128 digito,
1129 2059 1193 2109 ut
1221 2053 1611 2125 intelligerent
1645 2052 1932 2106 Joannem

274 2167 398 2205 non
432 2149 542 2204 sibi
568 2148 980 2218 interrogasse,
1023 2145 1125 2200 sed
1181 2141 1490 2213 discipulis
1529 2142 1652 2196 suis
1702 2155 1715 2196 :
1758 2139 1932 2207 Quid,

273 2238 492 2310 inquit,
525 2236 725 2292 existis
757 2235 814 2289 in
847 2232 1184 2288 desertum?
1221 2229 1519 2301 Numquid
1567 2230 1639 2284 ob
1690 2229 1820 2296 hoc,
1870 2232 1934 2282 nt

274 2326 583 2382 hominem
612 2323 888 2379 videretis
936 2320 1160 2376 calamo
1193 2319 1293 2374 ϐυ
1326 2317 1600 2383 similem,
1640 2317 1741 2387 qui
1772 2315 1933 2371 omni

271 2420 456 2470 vento
511 2413 934 2477 circumfertur,
977 2413 1033 2465 et
1078 2408 1309 2464 levitate
1359 2407 1573 2462 mentis
1603 2407 1673 2460 de
1704 2421 1770 2460 eo
1804 2422 1932 2459 am-

272 2504 510 2576 bigeret
531 2518 702 2573 quem
726 2505 898 2555 antea
924 2496 1303 2570 praedicaret?
1333 2501 1422 2550 An
1454 2495 1697 2551 forsitan
1732 2495 1933 2549 stimu-

271 2591 352 2647 lis
378 2596 581 2647 contra
628 2605 722 2644 me
765 2586 995 2642 invidiae
1045 2585 1291 2657 cogitur,
1341 2588 1397 2639 et
1445 2581 1775 2654 praedicatio
1805 2583 1932 2652 ejus

273 2697 492 2735 vanam
542 2682 796 2735 sectatur
840 2674 1104 2748 gloriam,
1150 2677 1214 2728 ut
1251 2689 1318 2728 ex
1357 2687 1425 2727 ea
1469 2675 1687 2743 quaerat
1733 2669 1936 2725 lucra?

275 2768 401 2823 Cur
429 2767 662 2823 divitias
715 2763 933 2835 cupiat,
984 2767 1049 2817 ut
1095 2762 1296 2816 affluat
1342 2760 1634 2832 dapibus?
1671 2758 1934 2814 Locustis

273 2857 556 2923 vescitur,
589 2860 646 2910 et
676 2853 848 2908 melle
880 2850 1152 2906 silvestri.
1187 2853 1272 2904 An
1301 2853 1366 2903 ut
1397 2847 1675 2903 mollibus
1729 2845 1934 2902 vestia-

276 2945 418 3000 tur?
445 2944 552 2999 Pili
583 2941 939 2998 camelorum
961 2943 1194 3010 tegmen
1225 2939 1354 3008 ejus
1383 2941 1542 2992 sunt.
1567 2935 1742 2990 Istius
1774 2933 1933 2989 modi

277 3035 452 3090 cibus
503 3037 558 3087 et
601 3031 778 3086 vestis
827 3027 1074 3084 carceris
1124 3026 1378 3097 hospitio
1436 3025 1819 3096 recipiuntur,
1877 3027 1935 3077 et

2043 1808 2116 1846 no
2149 1792 2582 1848 ministrantem
2611 1793 2909 1849 meliorem
2961 1794 3165 1850 volunt
3213 1797 3474 1868 accipere
3505 1797 3693 1869 quoli-

2041 1881 2138 1935 bet
2168 1881 2358 1952 primo
2389 1881 2646 1948 homine,
2681 1883 2780 1952 qui
2810 1887 3075 1938 versetur
3103 1884 3163 1937 in
3194 1885 3387 1939 terris.

2112 1969 2297 2038 (Vcrs.
2336 1970 2444 2033 12.)
2478 1992 2504 2018 ‹‹
2542 1975 2586 2022 Α
2631 1970 2838 2025 diebus
2888 1975 3082 2025 autem
3131 1971 3375 2027 Joannis
3422 1972 3693 2043 Baptistae

2040 2072 2230 2127 usque
2258 2072 2414 2110 nunc
2446 2072 2692 2127 regnum
2725 2057 3004 2112 caelorum
3034 2057 3152 2121 vim
3186 2058 3425 2129 patitur,
3461 2064 3519 2114 et
3565 2061 3692 2116 vio-

2041 2144 2185 2199 lenti
2217 2145 2454 2215 rapiunt
2483 2143 2648 2199 illud.
2684 2167 2712 2193 ››
2745 2145 2805 2200 Si
2836 2146 3063 2216 primus
3093 2147 3369 2216 Joannes,
3413 2152 3478 2202 ut
3511 2165 3694 2220 supra

2042 2233 2321 2305 diximus,
2355 2233 2752 2304 paenitentiam
2803 2235 3035 2306 populis
3084 2236 3391 2302 nuntiavit,
3437 2236 3638 2293 dicens
3675 2255 3689 2292 :

2047 2323 2437 2376 Paenitentiam
2498 2323 2674 2392 agite;
2747 2325 3208 2394 appropinquavit
3264 2327 3416 2380 enim
3463 2342 3694 2398 regnum

2043 2410 2306 2463 cwlorum
2362 2410 2576 2479 (Matth.
2641 2427 2721 2476 ιιι,
2774 2411 2852 2481 2),
2913 2417 3337 2484 consequenter
3393 2431 3428 2469 a
3483 2415 3693 2471 diebus

2042 2497 2203 2552 illius
2262 2514 2507 2568 regnum
2568 2497 2846 2553 caelorum
2894 2500 3011 2555 vim
3062 2501 3303 2571 patitur,
3351 2508 3408 2557 et
3453 2502 3693 2558 violenti

2042 2585 2325 2658 diripiunt
2357 2586 2522 2641 illud.
2557 2586 2808 2642 Grandis
2837 2588 2993 2644 enim
3025 2593 3114 2644 est
3143 2589 3438 2656 violentia,
3463 2590 3698 2646 interra

2044 2691 2150 2729 nos
2201 2691 2328 2729 esse
2385 2681 2690 2746 generatos
2739 2681 2796 2730 et
2843 2675 3121 2732 oculorum
3173 2677 3371 2733 sedem
3412 2695 3693 2750 quaerere,

2043 2763 2342 2834 possidere
2391 2778 2494 2834 per
2545 2763 2840 2833 virtutem,
2888 2765 3043 2835 quod
3093 2782 3208 2820 non
3258 2765 3558 2822 tenuimus
3587 2783 3696 2838 per

2042 2855 2338 2906 naturam.

2113 2939 2298 3010 (Vers.
2334 2940 2444 3010 13.)
2477 2962 2504 2988 ‹‹
2541 2939 2755 2994 Omnes
2785 2939 2941 2994 enim
2973 2939 3266 3010 prophetae
3291 2945 3347 2995 et
3371 2940 3484 2994 Lex
3507 2956 3694 3011 usque

2042 3029 2115 3083 ad
2137 3029 2422 3082 Joannem
2450 3027 2959 3097 prophetaverunt.
2983 3049 3010 3074 »
3028 3027 3152 3081 Non
3177 3029 3334 3097 quod
3358 3032 3487 3099 post
3507 3029 3689 3083 Joan-

278 3121 620 3195 prasdicatio
648 3119 910 3173 veritatis
959 3115 1073 3171 tale
1121 3114 1297 3170 habet
1343 3113 1766 3168 habitaculum.
1820 3111 1923 3174 Qui
1959 3109 2001 3174 C
2040 3132 2172 3171 nem
2203 3115 2473 3170 excludat
2501 3115 2832 3186 prophetas.
2861 3114 3136 3186 Legimus
3169 3115 3323 3170 enim
3357 3115 3415 3170 in
3448 3117 3690 3172 Actibus

280 3215 485 3266 autem
514 3207 840 3263 adulatores
871 3208 1027 3273 sunt,
1061 3209 1118 3258 et
1147 3207 1446 3258 sectantiJr
1470 3201 1652 3268 lucra,
1680 3204 1737 3254 et
1774 3215 1931 3269 qua:-

281 3302 425 3354 rnnt
443 3296 696 3360 divitias,
713 3300 768 3349 et
788 3292 1010 3348 deliciis
1033 3292 1303 3357 affluunt,
1319 3294 1377 3344 et
1393 3288 1669 3344 mollibus
1683 3286 1937 3344 vestiun-

280 3392 400 3452 tur,
435 3385 535 3440 isti
565 3385 624 3438 in
658 3382 930 3437 domibus
963 3395 1167 3452 regum
1197 3383 1353 3433 sunt.
1389 3379 1466 3432 Ex
1515 3395 1628 3448 quo
1679 3375 1933 3432 ostendi-

285 3480 384 3531 tur
413 3473 664 3544 rigidam
691 3471 872 3525 vitam
905 3476 960 3524 et
991 3474 1287 3524 austeram
1328 3465 1820 3538 praedicationem,
1850 3463 1936 3518 vi-

285 3570 412 3620 tare
459 3562 669 3617 debere
717 3557 884 3614 aulas
940 3573 1166 3630 regum,
1218 3560 1275 3611 et
1323 3553 1588 3610 mollium
1634 3553 1934 3609 hominum

281 3650 510 3726 palatia
538 3649 852 3705 declinare.

357 3743 550 3810 (Vers.
580 3739 660 3809 9.)
683 3759 712 3786 «
738 3737 851 3792 Sed
883 3735 1023 3806 quid
1056 3733 1256 3790 existis
1285 3731 1525 3787 videre?
1555 3729 1939 3802 prOphetam?

282 3830 479 3884 Etiam
513 3828 639 3882 dico
663 3826 849 3891 vobis,
882 3828 939 3880 et
968 3823 1282 3895 plusquam
1311 3820 1675 3893 praphetam.
1714 3841 1740 3867 »
1763 3821 1825 3872 In
1875 3833 1941 3872 eo

281 3922 555 3973 Joannes
585 3913 878 3985 prophetis
909 3911 1131 3967 caeteris
1177 3911 1364 3980 major
1411 3915 1518 3974 est,
1569 3908 1724 3979 quod
1765 3921 1941 3978 quem

284 4007 377 4062 illi
406 4004 859 4078 praedicaverant
888 4016 1015 4057 esse
1044 4005 1375 4066 venturum,
1397 3998 1490 4052 hic
1510 3997 1737 4053 venisse
1760 3995 1941 4067 digito

285 4093 738 4157 demonstravit,
790 4091 988 4145 dicens
1039 4106 1052 4143 :
1103 4091 1244 4144 Ecce
1292 4089 1475 4158 Agnus
1524 4087 1640 4152 Dei,
1686 4100 1803 4140 cccc
1850 4084 1945 4154 qui

287 4182 444 4240 tollit
469 4185 691 4254 peccata
719 4181 926 4235 mundi
957 4180 1132 4250 (Joan.
1192 4195 1231 4243 1,
1282 4176 1393 4246 29).
1445 4176 1511 4229 Et
1558 4174 1696 4245 quia
1722 4175 1793 4228 ad
1825 4172 1942 4244 pri-

285 4272 572 4344 vilegium
603 4267 941 4342 prOphetale
989 4267 1164 4322 etiam
1209 4265 1478 4336 Baptistae
1525 4263 1770 4319 accessit
1799 4278 1942 4333 prce-

285 4361 595 4429 mium,ut
624 4355 940 4413 Dominum
973 4371 1147 4410 suum
1195 4357 1211 4388 ¹
1259 4351 1602 4424 baptizaret,
1650 4350 1786 4404 inde
1835 4349 1942 4416 [Αἰ.

287 4449 475 4512 unde]
508 4447 683 4502 infert
712 4445 1057 4500 meritorum
1110 4439 1322 4512 αῧξῃσιν
1370 4443 1412 4508 ²,
1444 4440 1661 4494 faciens
1707 4439 1777 4493 de
1825 4438 1945 4492 Ma-

287 4535 490 4592 lachia
518 4533 946 4600 testimonium,
976 4531 1038 4586 in
1070 4547 1184 4602 quo
1216 4529 1391 4584 etiam
1445 4527 1688 4600 angelus
1734 4525 1946 4597 praedi-

292 4629 465 4680 catur
513 4623 779 4693 (Malach.
832 4638 916 4688 III,
973 4621 1046 4688 1).
1094 4618 1385 4690 Angelum
1448 4622 1642 4672 autem
1691 4616 1785 4670 hic
1833 4614 1947 4669 dici

293 4715 588 4769 Joannem
616 4728 730 4766 non
753 4715 1033 4782 putemus
1055 4710 1277 4762 natura:
1306 4705 1606 4771 societate,
1642 4705 1742 4760 sed
1774 4703 1948 4759 ofﬁcii

300 4802 605 4872 dignitate,
640 4800 698 4854 id
729 4804 819 4854 est
847 4797 1146 4862 nuntium,
1190 4796 1344 4867 quod
1393 4798 1704 4849 venturum
1753 4792 1946 4847 Domi-

302 4905 452 4944 num
483 4888 786 4944 nuntiarit.

378 4977 562 5048 (Vers.
592 4978 705 5046 Η.)
743 4999 763 5023 ι
797 4978 980 5030 Amen
1031 4973 1159 5028 dico
1208 4971 1392 5038 vobis,
1427 4988 1539 5026 non
1573 4968 1825 5025 surrexit
1862 4969 1950 5022 in-

299 5072 390 5123 ter
419 5071 591 5121 natos
622 5064 936 5119 mulierum
970 5062 1157 5131 major
1185 5060 1406 5115 Joanne
1439 5059 1717 5130 Baptista.
1741 5080 1768 5107 »
1796 5062 1953 5111 Inter

301 5161 492 5224 natos,
526 5153 740 5226 inquit,
770 5151 1105 5207 mulierum.
1139 5149 1242 5203 His
1272 5165 1407 5220 ergo
1440 5148 1743 5219 praefertur
1763 5145 1949 5201 homi-

300 5245 499 5310 nibus,
534 5242 637 5314 qui
668 5243 739 5297 de
765 5239 1107 5296 mulieribus
1129 5238 1250 5293 nati
1273 5241 1432 5302 sunt,
1462 5239 1518 5290 et
1547 5237 1618 5291 de
1640 5233 1951 5290 concubitu

383 5404 396 5436 ¹
431 5402 681 5467 Rhabb.,
715 5405 766 5458 et
795 5401 886 5454 cui
910 5398 982 5454 ad
1004 5398 1294 5469 fastigium
1317 5397 1637 5468 prophetale
1657 5397 1824 5452 etiam
1844 5400 1953 5452 Ba-

291 5476 484 5550 ptistz
511 5475 715 5550 accepit
743 5472 1118 5550 privilegium,
1151 5477 1214 5524 ut
1241 5485 1421 5550 suum,
1455 5473 1564 5550 etc.

375 5548 397 5582 ⁸
426 5546 488 5602 In
523 5537 694 5602 codd.
719 5537 863 5598 mss.
914 5537 1239 5598 meritorum
1269 5537 1589 5610 «campum
1622 5542 1730 5608 est,
1753 5541 1960 5597 auctio-

591 5671 859 5736 Puaon.
904 5667 1114 5734 XXVI.

2044 3204 2460 3276 apostolorum,
2519 3208 2576 3258 et
2629 3203 2894 3274 Agabum
2952 3204 3333 3274 prophetasse
3405 3209 3544 3277 (cap.
3607 3222 3689 3276 x1,

2042 3309 2178 3348 vers.
2211 3292 2325 3362 28),
2358 3295 2414 3346 et
2453 3295 2704 3362 quatuor
2744 3291 3000 3362 virgines
3048 3291 3199 3347 filias
3248 3292 3496 3365 Philippi
3551 3296 3693 3366 (cap.

2044 3399 2160 3447 xxi,
2195 3397 2329 3436 vers.
2383 3384 2491 3448 Ix);
2545 3381 2646 3434 sed
2704 3380 2859 3450 quod
2920 3381 3033 3436 Lex
3087 3385 3144 3436 et
3201 3381 3499 3452 Propheta
3549 3399 3697 3454 quos

2050 3470 2300 3541 scriptos
2360 3467 2632 3539 legimus,
2703 3467 2983 3537 quidquid
3060 3468 3573 3540 prophetaverunt,
3630 3469 3701 3526 de

2051 3558 2292 3612 Domino
2322 3555 2621 3611 vaticinati
2653 3561 2813 3611 sunt.
2848 3557 3089 3620 Quando
3121 3573 3256 3629 ergo
3289 3557 3544 3613 dicitur:
3573 3559 3698 3613 0m-

2047 3662 2142 3700 nes
2190 3644 2474 3715 Propheta:
2503 3653 2554 3698 et
2586 3649 2698 3698 Leo:
2729 3660 2903 3715 usque
2933 3645 3003 3698 ad
3041 3646 3312 3701 Joannem
3335 3647 3705 3716 prophetaue-

2048 3741 2200 3802 runt,
2233 3731 2449 3787 Christi
2483 3737 2717 3802 tempus
2749 3732 3096 3803 ostenditur,
3129 3737 3192 3788 ut
3223 3750 3396 3805 quem
3429 3734 3514 3789 illi
3547 3735 3705 3789 dixe-

2051 3825 2188 3877 runt
2225 3837 2353 3876 esse
2399 3824 2735 3887 venturum,
2767 3820 3025 3876 Joannes
3073 3821 3302 3878 venisse
3351 3823 3701 3878 ostenderet.

2122 3909 2302 3980 (Vers.
2361 3909 2441 3975 14,
2477 3910 2587 3978 15.)
2620 3931 2647 3958 ‹‹
2682 3909 2749 3962 Et
2789 3909 2838 3962 si
2885 3908 3063 3964 vultis
3114 3909 3387 3980 recipere,
3439 3910 3564 3981 ipse
3619 3919 3706 3966 est

2050 3997 2204 4054 Elias
2236 3996 2336 4068 qui
2367 4001 2649 4051 venturus
2686 4002 2793 4051 est.
2840 3996 2946 4060 Qui
2980 3997 3154 4052 habet
3202 4014 3370 4052 aures
3403 3999 3699 4066 audiendi,

2053 4087 2272 4142 audiat.
2311 4109 2330 4133 υ
2372 4087 2485 4140 Hoc
2516 4085 2669 4154 quod
2695 4085 2917 4139 dictum
2963 4089 3051 4140 est
3084 4101 3096 4138 :
3129 4086 3190 4140 Si
3220 4086 3388 4140 vultis
3438 4090 3700 4157 recipere,

2054 4178 2166 4246 ipse
2196 4179 2273 4230 est
2303 4175 2472 4240 Elias,
2508 4172 2821 4243 mysticum
2853 4189 2980 4227 esse
3010 4177 3068 4228 et
3096 4189 3261 4245 egere
3291 4173 3699 4245 intelligentia,

2053 4279 2305 4334 sequens
2353 4278 2545 4317 sermo
2596 4260 2823 4315 Domini
2872 4262 3258 4327 demonstrat,
3315 4262 3560 4318 dicens:
3601 4265 3706 4331 Qui

2053 4352 2210 4406 habet
2242 4366 2406 4405 aures
2435 4349 2724 4412 audiendi,
2759 4348 2969 4403 audiat.
3002 4349 3061 4404 Si
3093 4349 3250 4404 enim
3291 4350 3504 4422 planus
3553 4355 3707 4406 esset

2057 4456 2287 4507 sensus,
2346 4443 2402 4493 et
2450 4438 2765 4493 manifesta
2813 4438 3122 4506 sententia,
3157 4440 3297 4510 quid
3331 4455 3566 4495 necesse
3597 4439 3706 4492 fuit

2059 4545 2165 4583 nos
2197 4529 2267 4583 ad
2299 4527 2458 4581 illius
2488 4526 2941 4598 intelligentiam
2974 4527 3330 4598 praparari?
3377 4528 3533 4582 Elias
3575 4542 3711 4597 ergo

2056 4619 2311 4673 Joannes
2342 4616 2701 4682 dicitur,non
2737 4617 3063 4671 secundum
3099 4616 3308 4671 stultos
3333 4614 3730 4686 philosophos.

2058 4711 2115 4761 et
2145 4705 2432 4777 quosdam
2463 4704 2787 4770 haereticos,
2819 4705 2919 4777 qui
2971 4702 3393 4776 μετεμψὺχωσιν
3445 4703 3716 4758 introdu-

2059 4799 2199 4849 cunt
2233 4812 2244 4849 :
2281 4793 2380 4848 sed
2412 4793 2568 4863 quod
2594 4794 2767 4864 juxta
2800 4793 2958 4847 aliud
2993 4792 3398 4847 testimonium
3422 4789 3714 4862 Evangelii

2057 4882 2279 4939 venerit
2307 4883 2367 4936 in
2401 4882 2615 4952 spiritu
2663 4887 2720 4936 et
2766 4882 2979 4935 virtute
3011 4880 3166 4950 Eliae,
3203 4880 3468 4935 eamdem
3524 4880 3714 4935 sancti

2059 4971 2310 5042 Spiritus
2341 4970 2424 5024 vel
2450 4971 2698 5042 gratiam
2721 4969 3010 5035 habuerit,
3041 4970 3129 5023 vel
3153 4969 3632 5024 mensuram.Sed
3658 4973 3716 5024 et

2059 5061 2185 5114 vitae
2199 5059 2511 5113 austeritas
2535 5059 2804 5130 rigorque
2825 5058 3036 5112 mentis
3059 5057 3191 5112 Eliae
3206 5058 3521 5113 etJoannis
3542 5073 3712 5129 pares

2061 5147 2328 5204 sunt.llle
2344 5147 2497 5202 enim
2526 5147 2585 5200 in
2609 5145 2936 5210 eremo,isle
2958 5146 3014 5200 in
3038 5163 3230 5201 eremo
3257 5162 3269 5202 :
3293 5145 3389 5202 ille
3411 5163 3556 5201 zona
3584 5145 3706 5218 pel-

2062 5237 2208 5292 licea
2237 5235 2662 5307 cingebatur,et
2693 5235 2800 5288 iste
2833 5234 3024 5291 simile
3049 5234 3256 5290 habuit
3275 5234 3711 5307 cingulum.llle

2067 5413 2195 5452 nem
2221 5396 2448 5466 faciens.
2484 5393 2668 5466 MART.

2136 5469 2157 5502 ³
2189 5464 2305 5521 Ηοο
2337 5467 2509 5519 modo
2540 5464 2741 5537 legunt
2789 5481 2991 5520 omnes
3039 5481 3182 5537 mss.
3217 5465 3275 5521 in
3308 5471 3481 5523 antea
3510 5465 3709 5536 editis,

2066 5539 2157 5598 sed
2183 5540 2446 5597 Joannem
2475 5536 2687 5595 caeteris
2716 5539 3047 5610 exagitavit.
3078 5536 3265 5594 MART.

3397 5664 3434 5724 3
