4024 6196
346 336 423 391 '75
1595 326 1660 384 S.
1707 323 2021 384 EUSEBII
2067 323 2510 384 HIERONYMI
3671 324 3752 384 '76

348 461 623 533 quoniam
654 471 850 528 regem
876 454 1065 511 Achab
1090 458 1146 509 et
1166 454 1396 510 Jezabel
1417 454 1737 527 impietatis
1770 453 1984 523 arguit,
2016 455 2071 521 Α
2102 454 2208 522 [ΑΙ.
2260 458 2396 509 tacet
2452 454 2574 524 Dei]
2625 452 2942 526 jejunium,
3002 456 3058 507 et
3114 452 3481 508 saturitatem
3527 452 3753 524 pariter

345 538 543 622 fugere
596 544 935 617 compulsus
984 547 1073 599 est
1113 544 1218 615 (III
1258 545 1389 615 Reg.
1445 560 1563 610 xIx,
1593 544 1678 613 3);
1707 543 1818 597 iste
1854 541 1991 613 quia

340 635 584 694 Herodis
614 638 670 689 et
691 632 1031 688 Herodiadis
1074 632 1309 688 illicitas
1360 632 1554 704 arguit
1600 631 1857 702 nuptias,
1893 646 1987 684 ca-

342 724 459 798 pite
488 726 798 778 truncatur
825 720 1033 789 (Matth.
1067 736 1184 791 xlv,
1217 720 1550 791 3-11).Sunt
1580 718 1679 790 qui
1721 721 1988 790 pr0pter-

340 828 409 869 ea
435 811 743 879 Joannem,
775 807 960 863 Eliam
990 808 1180 863 vocari
1220 812 1451 879 putant,
1505 808 1661 879 quod
1693 806 1988 877 quomodo

339 900 401 955 in
418 898 677 955 secundo
698 896 1016 954 Salvatoris
1039 897 1290 952 adventu
1304 897 1474 967 juxta
1488 894 1985 966 Malachiam(cap.

341 989 419 1054 iv,
469 1000 609 1043 vers.
659 987 715 1058 5)
764 998 1158 1056 praecessurus
1205 989 1294 1041 est
1339 984 1517 1050 Elias,
1554 986 1646 1039 71
1684 988 1742 1040 et
1779 987 1988 1039 ventu-

340 1086 472 1132 rum
494 1075 756 1147 judicem
800 1074 1182 1130 nuntiaturus
1229 1089 1243 1129 :
1291 1074 1377 1128 sic
1419 1074 1677 1129 Joannes
1708 1072 1768 1126 in
1799 1071 1987 1144 primo

340 1165 592 1222 adventu
639 1164 871 1231 fecerit;
905 1168 961 1218 et
990 1166 1238 1234 uterque
1268 1163 1345 1218 sit
1384 1162 1626 1218 nuntius
1673 1159 1761 1217 vel
1812 1160 1986 1232 primi

342 1255 624 1311 adventus
656 1252 905 1333 Domini,
939 1252 1027 1308 vel
1061 1252 1323 1308 secundi.

406 1427 924 1504 (Vers.16-19.)Cui
953 1430 1149 1484 autem
1189 1426 1444 1483 similem
1476 1426 1778 1481 aestimabo
1809 1441 1982 1499 gene-

334 1520 617 1576 rationem
639 1519 815 1575 istam
831 1518 859 1573 ?
878 1517 1099 1573 Similis
1122 1520 1210 1573 est
1231 1516 1428 1588 pueris
1447 1515 1786 1571 sedentibus
1803 1515 1864 1570 in
1896 1515 1980 1570 fo-

335 1609 527 1680 ro,qui
542 1608 863 1664 clamantes
877 1604 1268 1676 coaequalibus
1282 1603 1408 1659 suis
1421 1602 1980 1659 dicunt:Cecinimus

330 1696 580 1768 vobis,et
598 1713 712 1751 non
738 1694 998 1750 saltastis
1022 1710 1034 1747 :
1061 1692 1514 1748 lamentavimus
1533 1692 1697 1747 vobis
1726 1695 1839 1761 ‘,et
1862 1708 1978 1747 non

334 1785 662 1858 planxistis.
681 1782 855 1838 Venit
882 1782 1037 1838 enim
1067 1782 1345 1852 Joannes,
1369 1797 1557 1853 neque
1589 1782 1972 1849 manducans,

332 1889 521 1945 neque
550 1872 778 1943 bibens,
810 1874 868 1927 et
897 1871 1099 1925 dicunt
1126 1886 1140 1925 :
1173 1870 1538 1925 Do'emonium
1581 1869 1775 1925 habet.
1808 1869 1978 1925 Venit

331 1962 513 2017 Filius
544 1960 823 2026 hominis,
857 1959 1223 2015 manducans
1271 1963 1328 2014 et
1374 1958 1606 2027 bibens,
1638 1961 1696 2013 et
1724 1958 1928 2013 dicunt
1960 1976 1973 2014 :

330 2049 472 2106 Ecce
520 2049 696 2105 homo
742 2064 937 2116 vorax,
983 2052 1039 2102 et
1083 2051 1313 2119 potator
1343 2046 1482 2114 vini,
1526 2046 1974 2119 publicanorum

328 2143 386 2195 et
415 2142 783 2211 peccatorum
816 2137 1061 2192 amicus.
1095 2136 1162 2191 Et
1181 2136 1507 2207 justiﬁcata
1523 2140 1613 2191 est
1633 2135 1921 2208 sapientia
1941 2153 1975 2191 a

328 2227 468 2284 {iliis
498 2226 642 2283 suis.
678 2248 707 2276 »
738 2225 944 2281 Pueris
973 2224 1032 2279 in
1060 2224 1182 2280 foro
1214 2225 1555 2280 sedentibus
1605 2229 1663 2279 et
1711 2224 1970 2280 claman-

321 2315 483 2372 tibus
530 2318 705 2386 atque
751 2311 1078 2368 dicentibus
1127 2310 1200 2366 ad
1252 2311 1573 2383 coaequales
1604 2328 1743 2367 suos
1776 2327 1789 2365 :
1825 2311 1972 2367 Ceci-

325 2407 514 2460 nimus
540 2403 710 2470 vobis,
742 2405 795 2457 et
821 2416 932 2457 non
968 2400 1207 2455 saltastis
1255 2417 1274 2454 :
1327 2401 1616 2455 lamentati
1662 2416 1872 2470 sumus,
1918 2406 1971 2455 et

324 2508 437 2548 non
476 2492 795 2564 planxistis,
846 2492 1221 2560 comparatur
1272 2488 1567 2560 generatio
1613 2489 1968 2554 Iudaeorum,

323 2580 623 2653 Scriptura
668 2579 935 2634 dicente:
969 2578 1078 2634 Cui
1109 2577 1349 2632 similem
1400 2577 1681 2632 aestimabo
1730 2592 1965 2650 genera-

325 2671 531 2726 tionem
558 2669 755 2723 istam?
785 2666 997 2721 Similis
1044 2669 1124 2720 est
1167 2668 1354 2737 pueris
1381 2666 1690 2721 Sedenlibus
1723 2669 1781 2719 in
1820 2667 1964 2739 foro,

322 2762 381 2815 et
411 2757 639 2830 reliqua
684 2756 837 2828 (Luc.
882 2773 985 2823 v11,
1033 2755 1122 2825 31,
1172 2755 1284 2823 32).
1330 2753 1456 2812 Non
1497 2770 1632 2826 ergo
1665 2755 1834 2809 nobis
1862 2756 1965 2810 tri-

324 2847 530 2904 buitur
572 2846 759 2901 libera
805 2842 1209 2915 intelligentia,
1259 2846 1316 2897 et
1362 2842 1964 2914 allegoriminterpre-

320 2935 464 2992 tatio
514 2934 840 3008 passiva’:
889 2932 989 2989 sed
1040 2931 1325 3003 quidquid
1372 2929 1585 2985 dicturi
1635 2947 1846 2986 sumus
1894 2931 1965 2987 de

320 3025 540 3098 pueris,
572 3024 646 3078 ad
675 3020 1124 3078 similitudinem
1156 3018 1548 3092 generationis
1590 3021 1678 3075 est
1710 3019 1964 3075 referen-

319 3114 482 3168 dum.
515 3111 686 3166 Pueri
744 3110 842 3166 isti
891 3110 993 3180 qui
1047 3109 1252 3165 sedent
1303 3109 1361 3162 in
1410 3107 1556 3173 foro,
1603 3108 1661 3163 hi
1711 3112 1846 3164 sunt
1891 3109 1962 3165 de

2100 541 2453 613 spreveritis.
2532 543 2628 599 72
2682 542 2739 597 Si
2791 542 3086 613 jejunium
3151 541 3320 597 vobis
3379 540 3589 614 placet,
3650 550 3758 597 cur

2097 632 2348 687 Joannes
2391 630 2730 703 displicuit?
2786 630 2846 686 Si
2904 629 3205 697 saturitas,
3265 646 3368 685 cur
3415 629 3599 685 Filius
3643 629 3754 686 ho-

2099 720 2276 797 minis
2331 719 2671 792 displicuit?
2729 722 2985 785 Quorum
3051 718 3321 786 alterum,
3393 718 3750 775 daemonium

2098 805 2407 863 habentem
2465 809 2617 875 (Luc.
2668 825 2769 879 v11,
2819 808 2931 876 33),
2982 805 3256 876 alterum,
3316 810 3646 863 voratorem
3696 811 3754 863 et

2097 893 2326 950 ebrium
2374 897 2729 969 nuncupatis
2768 896 2875 965 [Αἰ.
2924 893 3356 966 nuncupastis].
3408 894 3557 968 Ergo
3607 896 3751 967 quia

2094 999 2196 1038 vos
2228 983 2500 1040 noluistis
2529 989 2840 1055 utramque
2870 984 3126 1055 recipere
3146 982 3548 1055 disciplinam,
3573 981 3751 1054 justi-

2098 1072 2268 1127 ficata
2293 1076 2383 1128 est
2410 1073 2699 1145 sapientia
2727 1089 2761 1128 a
2782 1072 2920 1128 ﬁliis
2950 1072 3075 1128 suis
3103 1090 3116 1127 :
3152 1072 3208 1127 id
3242 1076 3351 1140 est,
3374 1071 3477 1128 Dei
3507 1072 3746 1145 dispen-

2097 1160 2245 1216 satio
2276 1165 2451 1232 atque
2481 1161 2761 1217 doctrina.
2801 1162 2869 1216 Et
2899 1177 3005 1233 ego
3037 1160 3139 1233 qui
3170 1177 3304 1216 sum
3335 1160 3437 1217 Dei
3466 1161 3655 1218 virtus
3693 1165 3751 1219 et

2097 1250 2193 1304 Dei
2227 1249 2518 1321 sapientia
2547 1249 2600 1320 (Ι
2624 1248 2749 1306 Cor.
2786 1250 2899 1319 24),
2928 1250 3089 1320 juste
3118 1249 3331 1305 fecisse
3361 1248 3433 1305 ab
3466 1248 3757 1321 apostolis

2096 1338 2242 1393 meis
2300 1336 2440 1394 filiis
2497 1338 2911 1410 comprobatus
2986 1353 3145 1407 sum,
3209 1337 3424 1410 quibus
3476 1337 3753 1396 revelavit

2091 1426 2279 1495 Pater,
2328 1444 2456 1498 quae
2508 1444 2543 1482 a
2588 1426 2952 1499 sapientibus
3004 1427 3391 1483 absconderat
3419 1425 3633 1498 (Matth.
3664 1440 3750 1498 x1,

2090 1514 2202 1587 25),
2230 1520 2286 1570 et
2316 1516 2706 1587 prudentibus
2737 1516 2890 1587 apud
2922 1515 3269 1587 semetipsos
3291 1515 3463 1587 (Rom.
3498 1532 3598 1585 x11,
3634 1515 3743 1588 16).

2090 1604 2153 1658 In
2204 1604 2555 1676 quibusdam
2603 1603 2930 1678 Evangeliis
2978 1603 3191 1678 legitur
3239 1621 3251 1659 :
3299 1605 3606 1676 Justiﬁcata
3662 1608 3755 1661 est

2087 1694 2360 1765 sapientia
2388 1693 2454 1748 ab
2507 1693 2760 1765 operibus
2784 1694 2899 1748 suis
2927 1692 3082 1764 (Luc.
3126 1709 3226 1762 vn,
3275 1693 3387 1764 35).
3441 1692 3753 1765 Sapientia‘

2089 1782 2306 1854 quippe
2332 1798 2447 1837 non
2479 1781 2685 1854 quaerit
2700 1781 2858 1837 vocis
2879 1781 3307 1853 testimonium,
3339 1781 3442 1837 sed
3471 1798 3738 1854 operum.

2156 1870 2342 1942 (Vers.
2375 1870 2491 1942 20.)
2530 1890 2552 1919 ι
2586 1871 2751 1926 Tunc
2799 1869 2971 1942 coepit
3016 1871 3365 1942 exprobrare
3394 1870 3734 1928 civitatibus

2084 1959 2144 2013 in
2176 1960 2391 2031 quibus
2438 1963 2579 2015 sunt
2619 1960 2780 2014 factae
2822 1954 3086 2032 plurimis
3132 1958 3378 2016 virtutes
3407 1959 3560 2029 ejus,
3590 1960 3731 2031 quia

2084 2065 2198 2104 non
2231 2048 2489 2120 egissent
2516 2048 2985 2119 paenitentiam.»
3021 2048 3396 2121 Exprobratio
3428 2047 3731 2105 civitatum

2081 2136 2376 2207 Corozain,
2424 2139 2481 2192 et
2528 2135 2848 2192 Bethsaida
2898 2140 2956 2192 et
3000 2136 3432 2208 Capharnaum,
3484 2135 3727 2209 capituli

2082 2224 2260 2296 hujus
2311 2223 2479 2280 titulo
2537 2225 2833 2297 panditur.
2884 2225 3046 2290 Quod
3104 2224 3232 2281 ideo
3290 2223 3729 2298 exprobraverit

2080 2313 2184 2383 eis,
2217 2314 2356 2385 quia
2386 2317 2518 2385 post
2551 2313 2730 2369 factas
2760 2314 3007 2370 virtutes
3055 2317 3114 2370 et
3159 2315 3329 2387 signa
3356 2312 3725 2387 quampluri-

2082 2419 2197 2474 ma,
2228 2419 2345 2458 non
2375 2402 2599 2475 egerint
2628 2400 3051 2473 paenitentiam.

2150 2492 2337 2563 (Vers.
2386 2492 2475 2562 21,
2523 2492 2638 2562 22.)
2699 2512 2727 2542 ‹‹
2773 2490 2868 2545 Vae
2916 2491 3045 2562 tibi,
3099 2490 3409 2560 Corozain;
3462 2509 3543 2548 vss
3591 2491 3722 2562 tibi,

2077 2580 2393 2636 Bethsaida
2426 2597 2439 2634 :
2472 2581 2612 2651 quia
2640 2579 2689 2636 si
2721 2579 2781 2634 in
2813 2580 2963 2652 Tyro
2993 2582 3050 2635 et
3077 2579 3291 2636 Sidone
3323 2579 3489 2637 facta;
3526 2585 3725 2638 essent

2076 2668 2317 2724 virtutes
2367 2685 2493 2740 quae
2525 2668 2685 2723 factae
2733 2672 2873 2724 sunt
2927 2669 2987 2723 in
3035 2668 3219 2737 vobis,
3271 2668 3414 2724 olim
3445 2669 3504 2725 in
3533 2668 3722 2726 cilicio

2074 2754 2133 2813 et
2163 2756 2355 2813 cinere
2378 2755 2777 2828 paenitentiam
2819 2759 3097 2830 egissent.
3144 2756 3561 2814 Verumtamen
3591 2758 3722 2815 dico

2072 2844 2238 2900 vobis
2269 2861 2282 2899 :
2310 2845 2460 2916 Tyro
2491 2848 2548 2899 et
2574 2843 2775 2899 Sidoni
2805 2842 3112 2899 remissius
3137 2843 3248 2899 erit
3277 2843 3337 2899 in
3368 2843 3461 2900 die
3482 2844 3717 2917 judicii,

2074 2949 2251 3005 quam
2281 2932 2468 2988 vobis.
2498 2955 2526 2985 »
2559 2931 2877 2988 Chorozain
2924 2935 2981 2987 et
3028 2930 3361 3001 Bethsaida,
3393 2933 3567 2988 urbes
3599 2933 3718 2989 Ga-

2072 3021 2254 3094 lilaeae,
2290 3039 2323 3078 a
2360 3021 2655 3078 Salvatore
2707 3020 3085 3093 planguntur,
3147 3021 3302 3093 quod
3362 3024 3495 3093 post
3556 3024 3719 3078 tanta

2073 3110 2241 3184 signa
2268 3114 2441 3183 atque
2488 3110 2733 3166 virtutes
2782 3126 2897 3165 non
2945 3109 3172 3181 egerint
3201 3108 3622 3180 paenitentiam,
3655 3114 3718 3166 et

318 3199 533 3271 quibus
592 3197 771 3253 Isaias
828 3196 1091 3266 loquitur
1137 3216 1153 3249 :
1201 3198 1337 3252 Ecce
1379 3213 1482 3268 ego
1526 3206 1578 3252 et
1618 3198 1786 3269 pueri
1825 3200 1957 3267 mei,
1990 3187 2033 3254 C
2068 3199 2455 3271 praeferuntur
2483 3198 2567 3254 eis
2595 3199 2779 3270 Tyrus
2821 3201 2878 3253 et
2920 3197 3121 3265 Sidon,
3153 3197 3327 3254 urbes
3373 3196 3715 3254 idololatria

316 3303 450 3360 quos
477 3285 629 3343 dedit
657 3285 799 3339 mihi
825 3284 966 3340 Deus
1013 3283 1139 3354 (Isa.
1187 3300 1312 3350 v111,
1365 3284 1475 3355 18).
1523 3285 1589 3338 Et
1627 3285 1687 3339 in
1737 3286 1961 3342 decimo

314 3380 517 3434 octavo
572 3372 800 3447 psalmo
867 3371 1029 3443 (vers.
1088 3373 1142 3438 8)
1207 3387 1220 3425 :
1288 3372 1685 3425 Testimonium
1744 3370 1965 3428 Domini

315 3464 492 3536 ﬁdele,
550 3461 875 3534 sapientiam
929 3466 1200 3531 praestans
1251 3459 1521 3530 parvulis.
1555 3459 1622 3514 Et
1661 3458 1800 3515 alibi
1835 3479 1847 3516 :
1880 3463 1964 3516 Ea:

314 3570 406 3609 ore
435 3554 741 3625 infantium
770 3558 822 3607 et
858 3550 1177 3605 lactentium
1210 3549 1492 3620 perfecisti
1533 3549 1748 3604 laudem
1779 3549 1958 3619 (Psat.

314 3658 441 3714 vm,
474 3642 551 3714 3).
586 3640 687 3697 lsti
717 3656 853 3712 ergo
903 3639 1068 3711 pueri
1118 3637 1396 3694 sederunt
1445 3638 1504 3692 in
1553 3638 1698 3705 foro,
1755 3638 1874 3695 sive
1906 3636 1957 3693 ἐν

322 3731 515 3805 ἀγορᾷ,
588 3730 745 3802 quod
827 3726 1255 3800 signiﬁcantius
1315 3726 1509 3782 Graece
1564 3726 1798 3795 dicitur,
1858 3729 1959 3784 ubi

316 3820 504 3876 multa
530 3816 755 3875 venalia
805 3821 962 3872 sunt.
1004 3819 1071 3870 Et
1125 3815 1264 3887 quia
1312 3815 1565 3887 populus
1616 3816 1955 3875 Judaaorum

317 3909 519 3967 audire
566 3906 819 3978 nolebat,
852 3922 968 3962 non
1024 3904 1075 3960 ei
1133 3909 1363 3959 tantum
1416 3904 1593 3961 locuti
1643 3912 1802 3974 sunt,
1852 3910 1953 3964 sed

309 3998 502 4072 plenis
549 3995 817 4052 faucibus
863 3993 1324 4049 inclamaverunt
1376 4012 1388 4048 :
1444 3993 1750 4050 Cecinimus
1806 3997 1955 4052 vobis

307 4091 360 4143 et
414 4102 526 4143 non
578 4084 861 4149 saltastis;
921 4081 1361 4154 provocavimus
1434 4086 1497 4136 ut
1561 4083 1631 4138 ad
1686 4088 1951 4139 nostrum

306 4164 599 4232 canticum
650 4174 803 4229 bona
864 4187 1035 4244 opera
1085 4170 1371 4239 faceretis,
1424 4174 1481 4225 et
1529 4169 1820 4228 saltaretis
1877 4172 1950 4228 ad

301 4267 564 4319 nostram
588 4261 816 4328 tibiam,
837 4260 989 4317 sicut
1010 4257 1244 4316 saltavit
1272 4263 1329 4314 et
1379 4257 1554 4315 David
1597 4262 1731 4314 ante
1752 4276 1949 4317 arcam

297 4340 530 4408 Domini
578 4351 652 4422 (ιι
695 4354 825 4420 Reg.
876 4366 956 4417 VI,
1014 4349 1121 4420 14),
1171 4352 1227 4403 et
1270 4347 1561 4403 noluistis.
1620 4349 1947 4405 Lamentati

301 4457 533 4511 sumus,
554 4442 611 4494 et
637 4455 740 4494 vos
770 4438 842 4492 ad
872 4437 1274 4509 paenitentiam
1305 4436 1763 4508 provocavimus,
1788 4442 1845 4493 et
1874 4455 1945 4495 ne

297 4531 409 4587 hoc
438 4528 678 4617 quidem
709 4526 896 4581 facere
925 4524 1213 4617 voluistis,
1249 4530 1608 4617 spernentes,
1634 4530 1944 4617 utramque
1977 4552 2024 4617 Β

299 4614 792 4692 praedicationem,
858 4619 981 4670 tam
1051 4612 1469 4669 exhortationis
1540 4615 1612 4669 ad
1677 4615 1948 4685 virtutes,

300 4723 479 4780 quam
509 4702 858 4778 poenitentiae
892 4707 1023 4776 post
1048 4706 1303 4774 peccata.
1345 4702 1459 4759 Nec
1507 4703 1725 4758 mirum
1759 4703 1807 4758 si
1840 4705 1947 4757 du-

302 4795 514 4868 plicem
559 4794 717 4849 viam
767 4790 1237 4863 contempseritis
1281 4791 1509 4861 salutis,
1561 4809 1696 4847 cum
1744 4796 1803 4847 et
1850 4792 1948 4848 Dei

375 4918 389 4953 ¹
430 4916 690 4988 Plerique
718 4916 887 4971 codd.
922 4918 1112 4988 tacent
1136 4915 1287 4970 vobis
1331 4934 1351 4970 .·
1392 4914 1491 4970 alii
1535 4917 1821 4973 lamentati
1850 4935 1942 4973 su-

299 5005 442 5053 mus,
475 5002 576 5060 pro
597 4985 1043 5060 'lamentavimus,
1076 4985 1295 5057 legunt.

372 5063 393 5095 ²
424 5058 491 5115 In
517 5076 696 5115 mass.
730 5058 922 5131 codd.,
963 5059 1258 5131 allegorica
1305 5059 1748 5131 interpretatione
1799 5064 1942 5131 posi-

298 5134 428 5190 tiva.
462 5135 643 5186 an'r.
694 5161 762 5170 —
808 5130 931 5184 Duo
990 5130 1169 5183 Palat.
1224 5130 1416 5194 codd.,
1474 5130 1938 5199 interpretatione.

296 5204 543 5268 Quidam
575 5207 631 5257 et
657 5202 949 5271 allegorica
982 5218 1083 5272 pro
1114 5202 1378 5272 allegoria
1427 5204 1754 5272 praeferunt.
1806 5206 1939 5268 Quae

295 5282 454 5349 patet
483 5275 541 5349 in
573 5279 883 5349 utramque
930 5277 1174 5343 partem,
1225 5273 1583 5349 allegoriam,
1631 5275 1752 5329 sive
1798 5276 1936 5331 alle-

292 5344 1058 5421 gorim_int_erpre_t_ationem,
1093 5344 1385 5421 passivam
1421 5345 1807 5421 Hieronymus
1837 5364 1940 5401 vo-

290 5415 402 5475 cat.
438 5418 531 5475 Sic
562 5415 804 5471 Tertull.
836 5417 923 5470 Αά
952 5430 1181 5486 uxorem
1230 5416 1326 5469 lib.
1378 5433 1418 5486 1,
1450 5415 1733 5472 Passivam
1771 5420 1938 5473 licen-

287 5494 452 5561 tiam,
487 5487 808 5561 dixit,_quae
840 5487 912 5561 ab
943 5485 1219 5541 omnibus
1266 5493 1668 5559 usurparetur.
1724 5489 1793 5544 Et
1833 5488 1934 5545 lib.

287 5559 564 5633 adversus
586 5559 1014 5633 Valentinianos,
1050 5573 1175 5628 cap.
1198 5574 1240 5633 χ
1260 5576 1271 5613 ;
1334 5564 1592 5633 Passwos
1606 5561 1931 5633 discipulos,

286 5635 346 5696 id
368 5637 481 5707 est,
512 5629 852 5690 dissolutos.
882 5631 951 5686 Et
972 5637 1161 5688 contra
1188 5629 1516 5687 Marsicum
1557 5631 1657 5691 lib.
1711 5629 1762 5704 1,
1803 5629 1931 5708 cap.

2069 3292 2127 3343 et
2175 3288 2332 3344 vitiis
2389 3287 2616 3342 deditae.
2662 3286 3058 3342 Praeferuntur
3102 3290 3298 3342 autem
3356 3285 3506 3358 ideo,
3556 3287 3713 3359 quod

2069 3376 2257 3448 Tyrus
2281 3380 2338 3430 et
2360 3375 2536 3430 Sidon
2570 3372 2897 3430 naturalem
2925 3377 3155 3429 tantum
3208 3372 3399 3446 legem
3453 3373 3714 3430 calcave-

2069 3463 2205 3532 rint,
2237 3463 2362 3519 istae
2392 3481 2525 3520 vero
2555 3468 2688 3536 post
2727 3461 3250 3536 transgressionem
3302 3462 3593 3518 naturalis
3631 3463 3713 3519 le-

2069 3552 2158 3624 gis
2206 3557 2262 3608 et
2309 3552 2555 3624 scriptae,
2609 3552 2783 3608 etiam
2834 3553 3004 3624 signa
3050 3568 3178 3623 quae
3221 3550 3378 3622 apud
3422 3567 3521 3606 eas
3561 3552 3716 3608 facta

2068 3645 2227 3708 sunt,
2262 3641 2420 3711 parvi
2452 3640 2738 3695 duxerint.
2766 3639 3092 3706 Quaerimus
3137 3639 3237 3695 ubi
3288 3638 3579 3712 scriptum
3611 3640 3709 3712 sit,

2068 3729 2222 3801 quod
2252 3730 2313 3784 in
2343 3728 2616 3784 Corozain
2647 3732 2705 3784 et
2733 3727 3047 3784 Bethsaida
3075 3728 3360 3785 Dominus
3409 3727 3582 3801 signa
3628 3729 3710 3784 fe-

2066 3816 2226 3874 cerit.
2277 3819 2468 3890 Supra
2515 3816 2767 3890 legimus
2801 3833 2814 3874 :
2843 3817 2910 3873 Et
2936 3817 3207 3873 circuibat
3235 3819 3485 3873 civitates
3526 3824 3713 3874 omnes

2063 3912 2116 3963 et
2169 3907 2330 3975 iicos,
2388 3923 2592 3963 curans
2646 3921 2859 3961 omnem
2916 3905 3316 3977 inﬁrmitatem,
3373 3909 3432 3963 et
3485 3904 3714 3979 reliqua

2064 3994 2268 4065 (Matth.
2301 4012 2376 4064 1v,
2407 3996 2518 4068 23).
2554 3995 2710 4050 Inter
2739 3997 2973 4050 caeteras
3001 4010 3135 4067 ergo
3167 3994 3427 4050 civitates
3457 3998 3515 4050 et
3550 3994 3710 4050 vicu-

2060 4085 2168 4150 los,
2202 4084 2616 4140 aestimandum
2647 4087 2737 4140 est
2767 4083 2826 4138 in
2857 4082 3129 4139 Corozain
3161 4097 3390 4154 quoque
3428 4085 3486 4138 et
3532 4082 3707 4138 Beth-

2060 4172 2224 4229 saida
2244 4171 2557 4229 Dominum
2591 4172 2761 4245 signa
2790 4171 3014 4228 fecisse.

2128 4261 2313 4334 (Vers.
2361 4262 2475 4333 23.)
2505 4284 2534 4312 «
2579 4262 2651 4317 Et
2679 4265 2764 4332 tu,
2797 4259 3226 4333 Capharnaum,
3283 4258 3573 4332 numquid
3607 4276 3707 4316 us-

2056 4368 2169 4421 que
2218 4351 2277 4406 in
2326 4348 2533 4407 coelum
2586 4348 2955 4415 exaltaberis,
3009 4363 3199 4419 usque
3250 4347 3310 4403 in
3355 4348 3653 4405 internum
3684 4348 3731 4383 ³’

2059 4441 2156 4494 78
2189 4438 2587 4495 descendens?
2616 4460 2645 4489 ››
2679 4442 2746 4493 In
2776 4438 2958 4493 altero
2990 4435 3309 4509 exemplari
3332 4436 3657 4510 reperimus
3684 4455 3700 4494 :

2054 4530 2117 4584 Et
2148 4536 2225 4598 tu,
2259 4527 2679 4597 Capharnaum,
2726 4540 2853 4599 quae
2898 4541 3068 4599 usque
3115 4528 3175 4581 in
3220 4526 3416 4581 caelum
3459 4526 3707 4582 exaltata

2056 4633 2132 4687 es,
2163 4633 2335 4688 usque
2363 4617 2433 4672 ad
2458 4619 2681 4689 inferna
2708 4615 2993 4672 descendes
3023 4616 3173 4687 (Luc.
3224 4632 3279 4683 x,
3334 4615 3445 4686 15).
3500 4614 3566 4671 Et
3614 4618 3707 4671 est

2059 4706 2272 4778 duplex
2296 4706 2699 4779 intelligentia.
2722 4705 2825 4760 Vel
2856 4706 2983 4761 ideo
3006 4705 3076 4760 ad
3102 4704 3332 4759 inferna
3359 4703 3700 4773 descendas,

2058 4796 2197 4867 quia
2257 4799 2460 4851 contra
2512 4794 2982 4868 praedicationem
3033 4810 3225 4848 meam
3275 4793 3703 4867 superbissime

2053 4923 2089 4974 7
2120 4937 2131 4976 :
2170 4943 2197 4971 ‹‹
2223 4921 2551 4988 Passivum,
2575 4920 2731 4991 quod
2756 4920 2816 4975 in
2850 4918 2992 4974 alios
3024 4932 3258 4991 quoque
3286 4915 3694 4991 permittitur,-

2053 4991 2274 5047 scilicet
2329 4988 2751 5063 promiscuum,
2797 4988 3128 5046 commune.
3166 4988 3442 5063 Denique
3489 4994 3547 5044 et
3592 4988 3697 5063 lib.

2052 5063 2119 5118 de
2182 5058 2542 5132 Monogamia,
2602 5064 2883 5131 passivum
2937 5078 3180 5127 sensum,
3241 5058 3703 5132 quod__exponit

2054 5129 2368 5189 Rhenanus
2401 5129 2717 5193 infinitum.
2751 5149 2985 5204 vagum.
3029 5129 3285 5204 liberum
3307 5135 3364 5185 et
3399 5129 3697 5204 licentem,

2051 5206 2169 5260 sive
2203 5205 2590 5261 licentiosum.
2637 5206 2792 5260 Infra
2821 5199 3029 5259 iterum
3064 5203 3173 5258 hoc
3205 5201 3391 5256 utitur
3418 5199 3713 5256 vocabulo.

2049 5277 2435 5350 Hieronymus
2467 5276 2525 5331 in
2559 5293 2685 5350 cap.
2749 5277 2823 5350 ⁸2,
2879 5299 2907 5325 ‹‹
2957 5281 3021 5330 ut
3065 5278 3374 5350 contextus
3417 5269 3528 5326 loci
3578 5287 3696 5327 non

2048 5346 2316 5420 passivus
2346 5354 2403 5403 et
2429 5365 2611 5420 vagus
2630 5346 2701 5420 :in
2733 5347 3028 5420 diversum
3057 5346 3322 5420 ﬂuctuet.
3360 5365 3382 5420 si

2117 5420 2137 5453 ⁸
2196 5419 2459 5475 Notanda
2503 5412 2594 5475 Est
2631 5418 2984 5475 Veronensis
3029 5415 3247 5472 codicis
3294 5412 3695 5485 antiquissimi

2045 5488 2239 5563 lectio,
2270 5507 2440 5563 usque
2467 5491 2538 5548 ad
2565 5490 2760 5547 caelum
2783 5489 3151 5561 exaltaberis,
3181 5493 3280 5543 aut
3312 5500 3485 5560 usque
3511 5485 3571 5541 in
3602 5487 3694 5542 in-

2043 5562 2283 5637 fernum,
2311 5562 2422 5620 etc.
