4024 6196
247 405 326 461 ’Π

784 400 1300 462 COMMENTAR.
1350 403 1426 462 IN
1474 401 1983 463 EVANGELIUM
2035 401 2410 461 MATTH/El
2459 403 2599 462 [ΑΒ.
2648 401 2726 460 Il.
2771 401 2940 459 CAP.
2989 403 3122 462 ΧΙΙ.

3575 369 3662 467 78

244 535 537 591 restitisti.
570 531 676 588 Vel
706 532 858 600 ideo,
893 532 1028 603 quia
1055 531 1303 588 exaltata
1334 550 1520 605 usque
1551 533 1624 588 ad
1685 531 1893 586 coelum
1922 532 1976 598 Α
2007 530 2138 586 fecit
2168 535 2224 586 et
2254 532 2518 587 condidit
2549 551 2561 587 :
2597 533 2698 588 sed
2727 532 2786 587 hi
2818 533 2917 603 qui
2949 549 3052 603 per
3081 533 3292 589 Filium
3346 551 3654 592 accessum

242 641 378 680 meo
430 622 710 694 hospitio,
771 625 826 676 et
876 621 1024 676 meis
1092 621 1278 693 signis
1331 629 1507 694 atque
1568 621 1902 684 virtutibus,

245 707 485 770 tantum
535 711 762 767 habens
807 707 1199 782 privilegium,
1256 711 1579 783 majoribus
1638 709 1906 782 plecteris

246 796 577 874 suppliciis,
614 799 771 872 quod
803 797 897 854 his
929 815 1165 870 quoque
1194 801 1427 856 credere
1459 799 1724 855 noluisti.

328 890 515 963 (Vers.
562 891 654 955 23,
689 888 804 958 24.)
855 910 882 936 (ι
929 887 1077 953 Quia
1127 889 1176 943 si
1228 889 1285 943 in
1338 889 1608 944 Sodomis
1657 888 1766 958 [AL
1806 892 1906 959 Sy-

251 980 453 1048 donis]
487 980 646 1034 factas
678 977 931 1032 fuissent
973 977 1242 1046 virtutes,
1303 995 1428 1049 qua:
1487 979 1649 1032 facta:
1681 980 1824 1031 sunt
1852 976 1910 1028 in

257 1074 344 1135 te,
388 1069 537 1124 forte
574 1073 589 1103 ¹
623 1066 981 1122 mansissent
1038 1081 1223 1136 usque
1276 1067 1334 1120 in
1392 1067 1546 1120 hunc
1595 1065 1770 1121 diem.
1804 1063 1912 1118 Ve-

259 1162 598 1213 rumtamen
643 1155 773 1210 dico
822 1154 988 1208 vobis
1040 1171 1052 1208 :
1106 1153 1244 1224 quia
1297 1159 1464 1209 terra
1524 1154 1913 1208 Sodomorum

258 1245 571 1303 remissius
601 1244 709 1299 erit
740 1244 799 1298 in
831 1243 926 1298 die
951 1243 1160 1314 judicii
1194 1259 1372 1314 quam
1431 1243 1556 1298 tibi.
1613 1265 1640 1291 »
1690 1243 1918 1308 Quaerat

259 1335 524 1408 prudens
554 1333 736 1388 lector
763 1336 821 1387 et
847 1331 1001 1387 dicat
1035 1349 1046 1386 :
1082 1331 1131 1386 si
1162 1332 1348 1404 Tyrus
1398 1335 1455 1386 et
1501 1331 1679 1386 Sidon
1728 1335 1785 1386 et
1814 1331 1916 1385 So-

261 1423 443 1479 doma
471 1425 789 1495 potuerunt
817 1437 988 1492 agere
1012 1421 1413 1492 pcenitentiam
1447 1421 1517 1475 ad
1554 1419 1918 1492 praedicatio-

262 1529 406 1568 nem
437 1511 774 1577 Salvatoris,
808 1511 1227 1581 signorumque
1279 1508 1582 1580 miracula,
1617 1526 1730 1563 non
1782 1511 1921 1562 sunt

261 1602 326 1656 in
358 1601 534 1672 culpa
564 1599 720 1671 quod
746 1615 858 1654 non
877 1598 1253 1652 crediderunt
1285 1614 1296 1650 :
1334 1599 1433 1652 sed
1465 1597 1671 1652 vitium
1703 1596 1920 1651 silentii

264 1691 327 1744 in
377 1707 443 1744 eo
475 1695 586 1755 est,
642 1689 741 1759 qui
794 1686 1012 1742 acturis
1043 1685 1444 1758 paenitentiam
1495 1685 1683 1741 noluit
1712 1685 1922 1757 przedi-

265 1795 418 1835 care.
452 1778 542 1832 Ad
575 1777 732 1849 quod
765 1775 954 1831 facilis
985 1780 1042 1831 et
1071 1780 1271 1847 aperta
1313 1775 1616 1847 responsio
1665 1780 1755 1830 est
1789 1793 1801 1828 :
1838 1775 1922 1844 ig-

270 1883 479 1923 norare
513 1883 619 1921 nos
642 1866 868 1936 judicia
899 1865 1016 1931 Dei,
1051 1869 1107 1920 et
1137 1863 1504 1937 singularum
1537 1863 1924 1936 dispensatio-

2016 619 2230 674 habent
2260 621 2330 676 ad
2358 625 2615 686 Patrem,
2673 631 2729 676 et
2760 625 2894 676 ante
2946 621 3212 687 rebelles,
3243 623 3423 679 Deum
3457 631 3661 697 postea

2018 709 2232 764 sentire
2262 715 2580 782 coeperunt.
2616 733 2642 759 «
2677 713 2746 763 Et
2777 725 2948 766 nemo
2979 710 3138 766 novit
3165 711 3373 767 Filium
3409 715 3524 770 nisi
3555 715 3663 770 Pa-

2017 801 2104 851 ter
2138 813 2151 851 :
2186 813 2374 867 neque
2401 803 2625 869 patrem
2653 798 2787 869 quis
2848 799 3008 854 novit
3037 798 3149 856 nisi
3211 800 3414 872 Filius,
3474 807 3532 858 et
3573 802 3667 858 cui

2020 885 2266 940 voluerit
2297 887 2478 942 Filius
2528 887 2799 943 revelare.
2867 911 2886 936 υ
2968 889 3288 945 Erubescat
3343 891 3668 947 Eunomius

2021 978 2244 1030 tantam
2277 975 2388 1031 sibi
2424 977 2690 1032 notitiam
2723 977 2913 1032 Patris
2943 981 3000 1033 et
3029 977 3468 1050 Filii,quantam
3502 979 3674 1036 alter-

2022 1068 2220 1118 utrum
2255 1065 2408 1120 inter
2434 1081 2496 1120 se
2527 1065 2799 1135 babeant,
2833 1065 3138 1122 vindicans
3196 1069 3237 1123 ³.
3298 1068 3459 1132 Quod
3501 1068 3551 1125 si
3581 1069 3673 1124 in-

2024 1153 2094 1207 de
2127 1155 2442 1220 contendit,
2475 1160 2532 1210 et
2588 1172 2755 1210 suam
2802 1155 3094 1212 insaniam
3138 1157 3492 1229 consolatur,
3535 1159 3678 1231 quia

2025 1242 2330 1312 sequitur:
2364 1245 2427 1298 Et
2457 1247 2547 1299 cui
2575 1246 2811 1300 voluerit
2835 1245 3011 1300 Filius
3060 1247 3322 1302 revelare.
3360 1247 3534 1302 Aliud
3586 1253 3678 1304 est

2027 1335 2248 1385 naturae
2279 1332 2609 1402 aequalitate
2641 1349 2813 1389 nosse
2835 1335 2989 1404 quod
3025 1335 3276 1402 noveris,
3326 1335 3485 1392 aliud
3516 1353 3676 1394 reve-

2027 1417 2204 1474 lautis
2235 1419 2593 1491 dignatione.

2101 1507 2286 1577 (Vers.
2321 1512 2409 1575 28,
2443 1512 2555 1577 29.)
2594 1532 2615 1560 ι
2681 1511 2882 1566 Venite
2940 1512 3010 1566 ad
3046 1528 3159 1580 me,
3221 1530 3426 1570 omnes
3456 1515 3558 1586 qui
3590 1515 3674 1570 la-

2032 1598 2256 1652 boratis
2285 1604 2341 1652 et
2370 1601 2591 1654 onerati
2623 1600 2763 1656 estis
2798 1617 2809 1656 ;
2856 1605 2913 1656 et
2943 1617 3047 1673 ego
3078 1602 3336 1658 reficiam
3388 1620 3511 1659 vos.
3547 1603 3676 1659 Tol-

2035 1685 2133 1741 lite
2157 1689 2372 1759 jugum
2415 1705 2610 1744 meum
2643 1706 2819 1760 super
2846 1706 2948 1745 vos
2981 1709 2992 1746 :
3027 1695 3086 1746 et
3114 1692 3320 1747 discite
3350 1709 3384 1748 a
3415 1709 3506 1748 me
3538 1693 3680 1765 quia

2036 1776 2196 1830 mitis
2229 1793 2362 1831 sum
2394 1791 2450 1832 et
2480 1777 2723 1832 humilis
2756 1779 2927 1834 corde
2962 1797 2974 1834 :
3007 1780 3391 1837 etinvenietis
3421 1782 3684 1854 requiem

2037 1865 2347 1920 animabus
2394 1867 2621 1922 vestris.
2662 1890 2682 1917 ι
2720 1867 2930 1923 Gravia
2959 1885 3138 1924 onera
3168 1887 3297 1926 esse
3355 1872 3596 1941 peccati,
3631 1873 3688 1928 et

268 1973 415 2013 num
447 1958 578 2027 ejus
609 1959 976 2011 sacramenta
1035 1954 1276 2010 nescire.
1339 1954 1709 2026 Propositum
1745 1955 1925 2008 fuerat
1957 1954 2003 1970 "
2035 1954 2342 2010 Zacharias
2373 1955 2655 2027 propheta
2711 1961 2979 2026 testatur,
3039 1958 3261 2025 dicens,
3315 1959 3686 2031 iniquitatem

271 2047 527 2102 Domino
584 2045 795 2100 Judzece
854 2044 1000 2098 ﬁnes
1048 2060 1163 2098 non
1224 2043 1518 2113 excedere,
1583 2059 1654 2098 ne
1699 2044 1926 2113 justam

273 2133 589 2196 Pbarisaais
612 2138 669 2188 et
689 2133 1093 2188 sacerdotibus
1117 2131 1480 2187 occasionem
1506 2132 1928 2203 persecutionis

273 2225 459 2279 daret.
496 2221 658 2278 Unde
688 2226 745 2276 et
775 2219 1056 2292 apostolis
1088 2226 1221 2276 ante
1251 2221 1584 2292 passionem
1617 2219 1888 2292 praecepit
1913 2237 1924 2274 :

273 2317 342 2368 In
373 2314 524 2368 viam
553 2314 806 2382 gentium
835 2327 903 2365 ne
929 2310 1198 2377 abieritis,
1249 2318 1299 2364 et
1329 2310 1385 2364 in
1438 2312 1686 2364 civitates
1736 2309 1928 2364 Sama-

275 2404 592 2456 ritanorum
638 2416 711 2454 ne
755 2401 1105 2454 intraveritis
1153 2399 1372 2469 (Matth.
1419 2417 1472 2469 x,
1523 2400 1599 2468 5).
1654 2398 1928 2454 Corozain

274 2490 465 2563 igitur
493 2494 550 2545 et
578 2489 888 2545 Bethsaida
917 2489 1296 2557 damnantur,
1329 2489 1483 2560 quod
1517 2487 1784 2560 praesenti
1817 2488 1928 2542 Do-

277 2580 445 2634 mino
501 2579 732 2633 credere
791 2577 1127 2632 noluerunt.
1159 2577 1346 2648 Tyrus
1406 2582 1462 2632 et
1501 2577 1677 2632 Sidon
1704 2576 1931 2647 justiﬁ-

277 2674 511 2735 cantur,
573 2667 728 2738 quod
788 2666 1066 2738 apostolis
1123 2665 1281 2721 illius
1359 2665 1746 2721 crediderunt.
1806 2666 1930 2720 Non

279 2775 513 2830 quaeras
540 2762 825 2827 tempora,
858 2773 990 2810 cum
1024 2755 1387 2810 credentium
1435 2755 1718 2810 intuearis
1776 2753 1932 2810 salu-

279 2853 425 2902 tem.
485 2851 547 2901 ln
609 2845 997 2916 Capharnaum
1054 2849 1276 2911 autem,
1335 2862 1460 2916 qua:
1522 2846 1937 2916 interpretatur

285 2937 420 2990 villa
439 2935 826 3007 pucherrima,
885 2933 1312 2988 condemnatur
1371 2933 1672 2988 incredula
1699 2934 1935 2988 Jerusa-

282 3024 424 3094 lem,
458 3023 550 3078 cui
582 3024 798 3078 dicitur
829 3039 928 3093 per
958 3021 1315 3077 Ezechielem
1346 3038 1358 3077 :
1391 3023 1704 3091 Justiﬁcata
1733 3031 1809 3076 est
1841 3021 1935 3076 So-

284 3114 454 3168 doma
485 3129 554 3167 ατ
581 3117 632 3166 te
659 3113 870 3182 (Etech.
905 3129 1016 3179 xw,
1050 3112 1159 3181 48).

355 3202 547 3271 (Vers.
576 3202 690 3266 ‘25.)
723 3223 750 3248 «
787 3201 848 3255 In
883 3199 979 3254 illo
1021 3205 1300 3271 tempore,
1334 3201 1698 3271 respondens
1739 3200 1935 3269 Jesus,

2037 2043 2238 2098 sedere
2267 2061 2444 2116 super
2503 2044 2782 2100 talentum
2838 2045 3062 2116 plumbi
3123 2047 3307 2118 (Zach.
3367 2065 3423 2116 ν,
3489 2049 3566 2120 7).
3617 2050 3690 2104 Et

2040 2131 2354 2187 Psalmista
2412 2133 2780 2204 complorat:
2815 2134 3138 2205 Iniquitate:
3189 2151 3330 2193 mea:
3373 2143 3690 2208 aggravata

2035 2229 2166 2276 sunt
2192 2238 2354 2293 super
2382 2239 2470 2276 me
2501 2221 2679 2292 (Psal.
2715 2240 2925 2291 xxxvu,
2983 2226 3044 2296 ⁵),
3099 2224 3201 2280 Vel
3255 2231 3410 2282 certe
3459 2243 3558 2283 eos
3588 2227 3689 2300 qui

2039 2311 2385 2384 gravissimo
2417 2310 2563 2382 legis
2612 2313 2755 2384 jugo
2813 2314 3250 2384 premebantur,
3284 2315 3356 2370 ad
3395 2315 3689 2389 Evangelii

2041 2398 2248 2454 invitat
2277 2399 2549 2482 gratiam.

2114 2489 2297 2559 (Vers.
2322 2490 2433 2558 30.)
2459 2512 2485 2537 «
2511 2489 2730 2560 Jugum
2754 2490 2910 2546 enim
2931 2507 3130 2547 meum
3154 2507 3331 2548 suave
3353 2497 3526 2560 est,et
3543 2509 3694 2550 onus

2043 2594 2239 2633 meum
2265 2577 2385 2633 leve
2407 2583 2514 2633 est.
2550 2600 2578 2627 »
2605 2580 2906 2642 Quomodo
2929 2579 3114 2636 levius
3138 2580 3260 2654 lege
3293 2581 3690 2655 Evangelium,

2043 2683 2176 2723 cum
2209 2667 2266 2721 in
2301 2668 2424 2738 lege
2458 2667 2845 2724 homicidium
2896 2669 3106 2741 (Exod.
3138 2687 3234 2735 xx,
3268 2672 3378 2740 13),
3411 2671 3468 2726 in
3501 2677 3690 2727 Evan—

2044 2755 2192 2828 gelio
2223 2755 2310 2810 ira
2348 2757 2662 2812 damnetur
2716 2757 2938 2827 (Matth.
2993 2776 3046 2814 ν.
3105 2759 3244 2830 23)?
3300 2762 3424 2826 Qua
3467 2761 3690 2817 ratione

2047 2844 2336 2915 Evangelii
2368 2845 2556 2916 gratia
2587 2845 2829 2916 facilior,
2863 2863 2996 2901 cum
3029 2847 3090 2902 in
3147 2848 3273 2918 lege
3331 2849 3690 2904 adulterium

2047 2935 2239 3005 (Exod.
2273 2951 2365 2999 xx,
2413 2935 2518 3000 15),
2581 2934 2637 2987 in
2700 2935 3004 3006 Evangelio
3063 2937 3532 3006 concupiscentia
3590 2953 3697 3007 pu-

2048 3023 2242 3077 niatur
2289 3023 2500 3092 (Matth.
2560 3039 2612 3086 ν,
2673 3025 2813 3089 28)?
2863 3025 2926 3076 In
2987 3014 3110 3094 lege
3161 3023 3348 3079 multa
3406 3028 3696 3096 precepts

2047 3119 2203 3180 sunt,
2235 3128 2364 3182 qua:
2417 3109 2730 3180 Apostolus
2787 3127 2900 3165 non
2959 3127 3132 3182 posse
3163 3112 3444 3184 compleri
3476 3112 3697 3184 plenis-

2047 3201 2194 3254 sime
2223 3201 2391 3252 docet
2421 3200 2552 3268 (Act.
2585 3215 2696 3252 xvr.
2760 3199 2867 3267 10).
2919 3200 2978 3252 in
3011 3198 3136 3270 lege
3182 3216 3358 3271 opera
3387 3203 3697 3272 requirun-

286 3291 474 3351 dixit:
503 3289 833 3344 Confitebor
853 3289 981 3354 tibi,
1006 3293 1195 3359 Pater,
1219 3289 1462 3344 Domine
1483 3287 1611 3344 cceli
1633 3293 1690 3343 et
1713 3292 1934 3342 terrae.»
1967 3275 2008 3341 C
2048 3293 2163 3354 tur,
2187 3303 2312 3358 quae
2345 3287 2445 3358 qui
2481 3286 2695 3357 fecerit,
2728 3289 2880 3341 vivet
2923 3289 3015 3344 75
3064 3289 3125 3342 in
3151 3289 3253 3343 eis.
3289 3290 3353 3344 In
3387 3289 3696 3364 Evangelio

285 3379 612 3448 Confessio,
647 3395 760 3434 non
790 3395 1020 3450 semper
1049 3378 1472 3449 paenitentiam,
1535 3377 1660 3444 sed,
1720 3382 1778 3432 et
1807 3394 1938 3448 gra-

287 3469 509 3523 tiarum
539 3467 826 3522 actionem
859 3466 1153 3537 significat
1213 3485 1225 3521 :
1281 3471 1346 3521 ut
1375 3467 1432 3520 in
1465 3465 1711 3537 psalmis
1742 3465 1938 3535 saepis-

290 3557 438 3611 sime
468 3556 745 3627 legimus.
779 3556 1034 3610 Audiant
1055 3555 1533 3627 quiSalvatorem
1563 3571 1678 3610 non
1713 3560 1941 3622 natum,

294 3646 393 3700 sed
451 3650 713 3700 creatum
767 3644 1222 3710 calumniantur,
1281 3645 1435 3715 quod
1495 3645 1725 3699 Patrem
1766 3660 1940 3699 suum

295 3739 460 3789 vocet
516 3733 643 3788 cceli
677 3737 734 3790 et
765 3739 926 3788 terrae
972 3732 1312 3788 Dominum.
1373 3733 1432 3787 Si
1491 3731 1645 3787 enim
1704 3737 1761 3786 et
1818 3732 1942 3804 ipse

295 3827 565 3878 creatura
593 3826 703 3888 est,
733 3825 791 3877 et
821 3828 1085 3876 creatura
1115 3822 1475 3876 conditorem
1509 3838 1684 3876 suum
1718 3826 1942 3892 patrem

293 3911 591 3984 appellare
649 3915 855 3982 potest,
913 3910 1158 3966 stultum
1192 3911 1302 3965 fuit
1347 3927 1459 3966 non
1505 3915 1560 3964 et
1609 3909 1700 3965 sui
1731 3915 1788 3965 et
1817 3908 1945 3965 coeli

295 4018 364 4055 ac
399 4006 568 4055 terrae
598 3999 932 4065 Dominum,
982 3998 1068 4054 vel
1100 4001 1326 4054 Patrem
1355 3999 1615 4053 similiter
1643 3999 1942 4070 appellare.

301 4091 404 4143 τι
432 4112 460 4137 ‹‹
494 4088 637 4151 Quia
666 4087 1030 4142 abscondisti
1064 4088 1186 4142 haec
1244 4105 1277 4142 a
1311 4087 1674 4158 sapientibus
1723 4091 1779 4141 et
1808 4105 1945 4158 pru-

294 4178 595 4247 dentibus,
628 4183 684 4232 et
715 4176 981 4232 revelasti
1005 4193 1071 4231 ea
1103 4176 1383 4248 parvulis.
1421 4199 1448 4225 »
1481 4176 1710 4231 Gratias
1740 4176 1860 4248 agit
1889 4181 1946 4231 et

289 4266 553 4322 exsultat
585 4267 642 4321 in
677 4265 864 4332 Patre,
891 4265 1044 4337 quod
1078 4264 1357 4337 apostolis
1389 4265 1478 4319 sui
1512 4265 1795 4320 adventus
1816 4281 1947 4336 ape-

289 4355 484 4411 ruerit
541 4360 932 4421 sacramenta,
999 4370 1125 4425 qua:
1179 4354 1574 4425 ignoraverint
1622 4343 1834 4408 Scriba:
1892 4357 1949 4409 et

285 4443 599 4509 Pharisazi,
633 4441 732 4514 qui
764 4442 876 4498 sibi
910 4442 1202 4513 sapientes
1258 4443 1552 4508 videntur,
1605 4447 1661 4497 ct
1717 4442 1774 4496 in
1807 4458 1944 4498 con-

283 4536 500 4604 spectu
536 4547 642 4585 suo
671 4532 1012 4604 prudentes.
1072 4530 1405 4586 Justificata
1462 4535 1552 4586 est
1597 4531 1885 4603 sapientia
1913 4548 1947 4586 a

283 4621 429 4676 ﬁliis
461 4620 611 4675 suis.

365 4710 558 4780 (Vers.
613 4709 728 4778 26.)
763 4731 789 4757 ‹‹
823 4709 930 4776 Ita,
964 4712 1152 4778 Pater,
1212 4707 1492 4780 quoniam
1545 4708 1630 4762 sic
1666 4707 1948 4780 placitum

296 4799 408 4853 fuit
426 4803 562 4854 ante
587 4803 692 4852 te.»
708 4797 1070 4852 Blandientis
1087 4797 1299 4852 affectu
1320 4797 1580 4868 loquitur
1605 4798 1675 4852 ad
1698 4801 1950 4864 Patrem,

295 4889 366 4940 ut
397 4893 631 4959 captum
663 4886 722 4940 in
755 4886 1041 4957 apostolis
1075 4887 1431 4941 beneficium
1465 4885 1849 4958 compleatur.

377 4975 556 5046 (Vere.
585 4978 702 5043 27.)
735 4999 762 5025 «
797 4975 1005 5030 Omnia
1054 4975 1197 5029 mihi
1256 4975 1470 5029 tradita
1527 4981 1665 5030 sunt
1712 4993 1745 5030 a
1788 4977 1950 5030 Patre

299 5079 454 5118 meo.
492 5086 520 5112 ι»
550 5064 616 5118 Et
646 5064 974 5118 tradentem
1024 5064 1277 5132 Patrem,
1337 5068 1395 5118 et
1427 5064 1807 5136 accipientem
1859 5065 1948 5118 Fi-

299 5151 470 5217 lium,
507 5151 744 5224 mystice
777 5149 1058 5222 intellige.
1086 5148 1362 5221 Alioquin
1396 5151 1442 5204 si
1468 5152 1638 5220 juxta
1670 5151 1948 5223 fragilita-

300 5245 417 5296 tem
449 5245 712 5296 nostram
747 5239 962 5294 sentire
989 5239 1284 5304 volumus,
1308 5256 1442 5293 cum
1475 5240 1707 5310 coeperit
1737 5240 1950 5294 habere

300 5331 399 5400 qui
431 5330 664 5401 accipit,
698 5328 941 5400 incipiet
972 5345 1085 5384 non
1115 5328 1328 5384 habere
1386 5329 1486 5400 qui
1533 5329 1777 5384 dederit.
1808 5329 1950 5383 Tra-

297 5419 424 5473 dita
461 5424 654 5472 autem
708 5418 819 5473 sibi
872 5416 1088 5488 Omnia,
1143 5435 1258 5472 non
1307 5418 1518 5472 omium
1568 5423 1624 5474 et
1687 5424 1860 5482 terra,
1895 5421 1953 5472 et

294 5507 590 5565 elementa
621 5507 1006 5580 intelligenda
1061 5512 1220 5576 sunt,
1279 5511 1336 5563 et
1390 5512 1597 5563 caetera
1657 5524 1785 5578 quae
1827 5508 1952 5578 ipse

368 5726 392 5765 ¹’
418 5721 801 5797 Adverbium,
830 5721 996 5800 forte,
1029 5723 1144 5781 duo
1186 5721 1438 5783 Palatini
1470 5739 1616 5788 mss.
1650 5723 1945 5800 ignorant.

1979 4646 2026 4709 D

2045 3377 2316 3431 voluntas
2347 3376 2628 3445 quaeritur
2661 3392 2672 3428 :
2706 3392 2833 3446 qua:
2867 3376 3096 3431 etiamsi
3127 3376 3399 3432 eﬂ‘ectum
3438 3395 3552 3433 non
3592 3379 3694 3434 ha-

2050 3466 2262 3529 buerit,
2296 3467 2492 3518 tamen
2527 3463 2833 3534 praemium
2867 3479 2983 3518 non
3027 3463 3261 3518 amittit.
3317 3464 3693 3536 Evangelium

2050 3570 2117 3608 ea
2149 3553 2410 3624 praecipit
2457 3569 2583 3623 quae
2641 3568 2960 3623 possumus
2996 3568 3008 3605 :
3044 3569 3116 3606 ne
3163 3551 3387 3608 scilicet
3418 3553 3695 3625 concupi-

2051 3655 2329 3710 scamus__:
2367 3640 2476 3695 hoc
2530 3641 2587 3694 in
2636 3641 2877 3696 arbitrio
2908 3646 3107 3696 nostro
3139 3647 3243 3698 est.
3290 3643 3403 3698 Lex
3433 3659 3566 3698 cum
3597 3660 3700 3698 vo-

2053 3731 2338 3785 luntatem
2373 3747 2486 3784 non
2548 3729 2775 3802 puniat,
2835 3731 3006 3801 punit
3050 3731 3341 3802 ell'cctum,
3403 3749 3475 3787 ne
3527 3731 3700 3787 adul-

2053 3821 2266 3874 terium
2297 3819 2498 3873 facias.
2544 3818 2719 3890 Finge
2751 3819 2810 3873 in
2863 3819 3266 3890 persecutione
3297 3819 3558 3892 aliquam
3587 3821 3702 3876 vir-

2055 3909 2252 3981 ginem
2297 3907 2698 3978 prostitutam.
2759 3907 2888 3962 Haac
2948 3909 3101 3980 apud
3136 3908 3532 3982 Evangelium,
3566 3911 3706 3981 quia

2054 3997 2350 4054 voluntate
2407 4014 2521 4052 non
2555 4001 2775 4068 peccat,
2811 3996 2971 4069 virgo
3017 3997 3338 4069 suscipitur

2056 4086 2223 4159 quasi
2256 4091 2528 4157 corrupta
2557 4086 2917 4156 repudiatur.

2127 4178 2283 4248 (Cap.
2320 4175 2439 4230 XII.
2502 4206 2570 4214 ——
2626 4174 2791 4229 Vcrs.
2852 4176 2923 4245 1).
2978 4198 3006 4224 ‹‹
3042 4176 3104 4228 In
3137 4175 3234 4230 illo
3266 4180 3528 4248 tempore
3558 4175 3704 4230 abiit

2054 4266 2227 4320 Jesus
2259 4265 2509 4320 Sabbato
2545 4281 2644 4336 per
2673 4268 2820 4332 sata,
2879 4263 3148 4335 discipuli
3183 4269 3376 4319 autem
3409 4267 3537 4335 ejus
3568 4281 3700 4321 esu-

2055 4355 2268 4409 rientes
2319 4357 2616 4424 coeperunt
2663 4351 2905 4407 evellere
2939 4353 3152 4424 spicas,
3183 4357 3239 4408 et
3264 4354 3638 4410 manducare.
3669 4372 3698 4406 ιο

2058 4443 2119 4498 In
2151 4443 2263 4497 alio
2293 4458 2522 4513 quoque
2555 4440 2911 4512 evangelista
2962 4441 3235 4514 legimus,
3277 4444 3433 4515 quod
3466 4448 3705 4515 propter

2056 4532 2301 4586 nimiam
2334 4530 2862 4602 importunitatem,
2896 4547 3000 4585 nec
3031 4531 3299 4587 vescendi
3329 4533 3565 4604 quidem
3599 4533 3702 4586 ha-

2057 4620 2273 4676 bebant
2302 4619 2515 4687 locum,
2551 4623 2607 4674 et
2663 4619 2792 4674 ideo
2843 4620 3010 4691 quasi
3043 4619 3310 4676 homines
3367 4620 3706 4676 esuricbant

2061 4711 2246 4781 (Marc.
2309 4726 2368 4771 ιι,
2409 4711 2458 4763 et
2514 4709 2640 4762 Luc.
2715 4710 2814 4778 v1).
2876 4709 3036 4774 Quod
3071 4718 3264 4764 autem
3323 4707 3516 4779 spicas
3546 4722 3706 4778 sege-

2059 4805 2187 4854 tum
2221 4797 2494 4853 manibus
2525 4797 2872 4862 confricant,
2905 4802 2962 4852 et
2990 4797 3246 4852 inediam
3296 4795 3696 4866 consolantur,

2057 4888 2184 4942 vita:
2235 4885 2575 4941 austerioris
2631 4885 2912 4940 indicium
2972 4889 3114 4951 est;
3178 4901 3294 4940 non
3349 4889 3706 4958 praeparatas

2059 4975 2281 5048 epulas,
2316 4976 2415 5030 sed
2439 4975 2598 5030 cibos
2621 4974 2916 5045 simplices
2935 4973 3342 5041 quaerentium.

2132 5065 2316 5135 (Vers.
2351 5065 2428 5135 2.)
2459 5086 2487 5114 «
2544 5063 2819 5119 Pharisaei
2867 5067 3061 5118 autem
3114 5063 3399 5131 videntes,
3433 5064 3705 5120 dixerunt

2059 5154 2150 5210 ei:
2178 5155 2318 5210 Ecce
2367 5152 2641 5224 discipuli
2682 5152 2765 5206 tui
2800 5151 3040 5218 faciunt,
3075 5153 3228 5222 quod
3273 5170 3388 5208 non
3437 5153 3571 5208 licet
3619 5152 3706 5208 eis

2059 5243 2245 5298 facere
2277 5242 2568 5296 Sabbatis.
2607 5262 2634 5287 »
2667 5239 2816 5294 Nota
2838 5240 2992 5310 quod
3019 5239 3192 5311 primi
3223 5241 3471 5312 apostoli
3502 5239 3705 5296 Salva-

2060 5331 2201 5386 toris
2254 5329 2508 5384 litteram
2559 5329 2796 5382 Sabbati
2853 5329 3183 5399 destruunt,
3217 5329 3496 5386 adversus
3535 5328 3705 5384 Ebio-

2062 5420 2235 5487 nitas,
2269 5419 2368 5490 qui
2392 5435 2523 5472 cum
2547 5421 2783 5472 caeteros
2806 5417 3084 5489 recipiant
3113 5418 3434 5489 apostolos,
3459 5418 3706 5475 Paulum

2061 5508 2230 5580 quasi
2261 5513 2757 5579 transgressorem
2789 5507 2934 5580 legis
2961 5506 3291 5579 repudiant.

3393 4014 3406 4052 :
3458 3998 3518 4052 in
3576 3997 3705 4072 lege

2133 5727 2155 5765 ²
2181 5730 2366 5788 Penes
2396 5723 2742 5801 Victorium,
2774 5724 3034 5800 iactitans
3052 5764 3066 5786 .
