4024 6196
333 320 410 376 79
1694 317 1998 378 EUSEBII
2049 319 2492 379 lllEltthYMl
3651 321 3730 381 80

405 449 591 519 (Vers,
649 449 701 511 3,
746 447 821 516 4.)
853 469 880 496 ‹‹
915 448 986 501 At
1029 445 1125 501 ille
1163 447 1306 500 dixit
1364 446 1446 501 eis
1496 464 1509 502 :

333 537 470 608 quid
505 534 703 590 fecerit
737 535 932 603 David,
973 535 1207 606 quando
1240 535 1465 607 esuriit,
1499 541 1554 592 et
1595 537 1693 608 qui
1728 553 1858 592 cum
1911 553 1977 592 eo

332 627 499 679 erant
526 624 821 694 quomodo
848 624 1086 678 intravit
1129 625 1189 679 in
1235 625 1476 679 domum
1534 625 1654 694 Dei,
1713 631 1769 681 et
1799 641 1976 697 panes

333 711 749 784 propositionis
780 711 1054 782 comedit,
1087 729 1232 783 quos
1287 729 1403 768 non
1459 712 1673 769 licebat
1703 715 1754 768 ei
1787 731 1976 769 come-

333 801 490 868 dere,
523 816 711 871 neque
740 800 833 856 his
868 800 966 871 qui
998 817 1131 856 cum
1163 816 1228 856 eo
1250 806 1436 872 erant,
1471 802 1582 857 nisi
1616 802 1756 858 solis
1789 819 1977 858 sacer-

336 889 572 946 dotibus
595 889 624 944 ?
646 911 675 938 »
723 889 810 942 Ad
834 889 1251 945 confutandam
1289 889 1645 946 calumniam
1670 890 1981 947 Pharisaeo-

337 993 490 1049 rum,
535 976 744 1033 veteris
799 977 1139 1033 recordatur
1186 976 1466 1045 historiae,
1525 981 1760 1051 quando
1799 980 1976 1035 David

338 1065 570 1138 fugiens
596 1064 850 1133 Saulem,
883 1067 1042 1122 venit
1074 1066 1132 1122 in
1176 1067 1353 1137 Nobe,
1406 1072 1462 1124 et
1499 1069 1570 1124 ab
1609 1069 1976 1125 Acbimelech

339 1156 636 1212 sacerdote
662 1159 994 1228 susceptus,
1028 1155 1346 1228 postulavit
1373 1157 1534 1213 cibos
1558 1176 1571 1226 ;
1607 1159 1706 1230 qui
1730 1175 1863 1214 cum
1887 1176 1980 1230 pa-

335 1259 439 1299 nes
469 1242 650 1300 laicos
681 1261 796 1300 non
817 1243 1246 1313 baberet,dedit
1266 1245 1317 1300 ei
1342 1252 1730 1318 consecratos,
1765 1249 1981 1319 quibus

336 1349 454 1389 non
493 1333 706 1389 licebat
741 1334 895 1391 vesci
930 1333 1042 1389 nisi
1077 1333 1216 1390 solis
1248 1335 1651 1392 sacerdotibus
1681 1342 1737 1391 et
1766 1336 1976 1392 levitis.

333 1422 404 1477 Et
432 1421 541 1478 hoc
571 1426 798 1479 tantum
846 1422 1224 1495 interrogavit
1253 1424 1301 1479 si
1334 1429 1529 1480 essent
1579 1426 1786 1481 mundi
1815 1426 1979 1497 pueri

333 1527 369 1566 a
398 1509 743 1567 mulieribus
776 1527 789 1567 :
832 1516 890 1568 et
919 1511 1018 1567 illo
1063 1514 1469 1585 respondente,
1525 1514 1597 1569 ab
1631 1513 1753 1570 heri
1784 1519 1841 1569 et
1870 1531 1978 1570 nu-

334 1599 701 1667 diustertius,
744 1617 859 1655 non
893 1600 1180 1656 dubitavit
1210 1619 1391 1674 panes
1441 1603 1580 1658 dare
1627 1604 1672 1674 (Ι
1702 1605 1826 1674 Reg.
1861 1621 1978 1670 xxi,

334 1689 387 1744 4.
419 1688 498 1759 6),
530 1687 743 1744 melius
774 1689 1403 1762 arbitratus,propheta
1436 1691 1662 1748 dicente
1698 1709 1709 1747 :
1758 1693 1977 1748 Miseri-

334 1776 578 1834 cordiam
607 1777 744 1848 volo,
798 1784 853 1832 et
901 1793 1010 1833 non
1057 1779 1391 1847 sacri/icium
1447 1780 1616 1850 (Osee,
1665 1798 1739 1847 v1,
1797 1782 1876 1850 (3),
1907 1782 1978 1836 de

335 1865 511 1922 famis
541 1865 799 1937 periculo
830 1866 1097 1922 homines
1125 1867 1390 1939 liberare,
1419 1885 1596 1941 quam
1629 1869 1744 1926 Deo
1775 1871 1979 1926 offerre

336 1955 712 2011 sacrificium.
743 1954 940 2011 Hostia
970 1955 1124 2012 enim
1157 1956 1460 2029 placabilis
1501 1963 1638 2027 Deo,
1669 1959 1977 2014 hominum

339 2043 502 2102 salus
532 2048 640 2100 est.
677 2043 929 2116 Opponit
980 2061 1116 2117 ergo
1179 2046 1480 2112 Dominus,
1515 2051 1570 2102 et
1625 2047 1802 2103 dicit:
1837 2049 1892 2102 Si
1924 2051 1981 2103 et

337 2133 517 2190 David
569 2133 667 2188 76
725 2137 964 2189 sanctus
997 2138 1107 2199 est,
1158 2138 1214 2190 et
1243 2134 1614 2191 Acbimelech
1657 2136 1916 2208 pontifex
1946 2154 1979 2191 a

335 2222 500 2279 vobis
532 2238 648 2277 non
679 2221 1146 2293 reprehenditur,
1180 2223 1280 2278 sed
1328 2222 1473 2296 legis
1526 2231 1774 2298 uterque
1807 2243 1974 2281 man-

336 2313 540 2368 datum
572 2309 860 2383 probabili
908 2313 1280 2367 excusatione
1328 2315 1679 2386 transgressi
1715 2320 1874 2382 sunt,
1925 2320 1981 2370 et

335 2401 519 2458 fames
549 2400 610 2456 in
641 2417 820 2456 causa
848 2405 1066 2467 est,cur
1094 2402 1360 2458 eamdem
1393 2403 1604 2459 famem
1630 2420 1746 2459 non
1780 2404 1982 2476 proba-

335 2491 412 2548 tis
435 2491 492 2545 in
523 2488 823 2562 apostolis,
873 2505 1049 2560 quam
1085 2491 1345 2562 probatis
1386 2491 1444 2546 in
1469 2493 1738 2548 caeteris?
1793 2496 1982 2558 Quan-

339 2595 516 2653 quam
548 2583 605 2635 et
634 2577 694 2633 in
714 2577 824 2633 hoc
857 2593 1072 2650 magna
1097 2578 1375 2635 distantia
1406 2579 1500 2636 sit.
1536 2583 1635 2635 Isti
1681 2581 1872 2653 spicas
1923 2581 1980 2635 in

339 2669 593 2725 Sabbato
627 2683 805 2723 manu
839 2667 1181 2734 confricant,
1242 2667 1328 2722 illi
1388 2685 1570 2739 panes
1602 2671 1984 2725 comederunt

343 2758 646 2823 Leviticos,
677 2760 734 2811 et
762 2755 834 2813 ad
872 2755 1108 2811 Sabbati
1166 2755 1595 2814 solemnitatem
1630 2760 1985 2815 accedebant

340 2846 792 2905 Neomeniarum
823 2843 966 2911 dies,
1000 2845 1217 2916 quibus
1275 2846 1334 2899 in
1385 2847 1644 2902 convivio
1668 2849 1983 2917 requisitus

341 2937 493 3010 fugit
519 2950 588 2992 ex
616 2933 752 2990 aula
781 2933 1230 3006 regia.0bserva
1258 2936 1413 3006 quod
1444 2953 1625 3008 panes
1644 2937 1985 3010 propositio-

342 3027 436 3083 nis
457 3041 562 3082 nec
591 3023 794 3092 David,
821 3039 926 3079 nec
958 3023 1120 3096 pueri
1155 3024 1282 3095 ejus
1313 3026 1981 3098 acceperint,antequam

341 3131 403 3172 se
433 3132 468 3170 a
494 3112 843 3169 mulieribus
864 3113 1118 3169 mundos
1149 3130 1277 3170 esse
1308 3116 1740 3187 responderent.

412 3245 595 3319 (Vers.
626 3244 706 3315 5.)
736 3266 764 3293 ‹‹
796 3247 914 3298 Aut
943 3261 1058 3298 non
1088 3244 1313 3317 legistis
1369 3247 1428 3301 in
1460 3249 1606 3318 lege,
1661 3251 1800 3322 quia
1841 3253 1981 3306 Sab-

339 3335 494 3392 batis
525 3333 855 3390 sacerdotes
906 3333 966 3387 in
1038 3335 1252 3404 templo
1285 3335 1608 3390 Sabbatum
1658 3338 1898 3409 violant,
1930 3345 1988 3396 et

341 3425 468 3483 sine
498 3421 744 3480 crimine
764 3421 944 3477 sunt?
981 3444 1001 3471 ι»
1049 3421 1526 3490 Calumniamini,
1561 3424 1774 3496 inquit,
1809 3427 1984 3482 disci-

339 3514 510 3588 pulos
546 3529 728 3578 meos,
759 3528 862 3566 cur
917 3527 1020 3583 per
1067 3515 1293 3582 segetes
1344 3516 1734 3579 transeuntes,
1794 3514 1986 3587 Spicas

340 3597 627 3668 triverint,
650 3606 705 3657 et
734 3599 843 3655 hoc
874 3599 1113 3656 fecerint
1135 3599 1306 3656 famis
1348 3602 1691 3657 necessitate
1721 3609 1981 3675 cogente,

342 3709 478 3751 cum
511 3696 567 3747 et
589 3689 699 3762 ipsi
730 3688 1010 3744 Sabatum
1042 3688 1272 3745 violetis
1295 3689 1352 3744 in
1406 3689 1642 3761 templo,
1677 3691 1986 3748 immolan-

343 3787 432 3839 tes
457 3781 746 3846 victimas,
780 3779 1065 3834 caedentes
1095 3782 1317 3844 tauros,
1352 3778 1692 3836 holocausta
1725 3798 1902 3854 super
1923 3782 1986 3837 li-

340 3887 591 3945 gnorum
625 3872 846 3925 struem
906 3867 1175 3922 incendio
1218 3873 1658 3924 concremantes
1691 3887 1702 3925 :
1737 3874 1794 3925 et
1815 3871 1985 3941 juxta

339 3960 580 4018 alterius
608 3955 902 4029 Evangelii
954 3957 1130 4011 linem
1163 3957 1339 4026 (Joan.
1373 3974 1471 4028 vn,
1530 3960 1643 4028 22),
1677 3959 1980 4014 circumci-

338 4051 545 4106 dentes
589 4045 860 4121 parvulos
889 4047 946 4100 in
979 4045 1256 4111 Sabbato,
1302 4052 1363 4101 ut
1410 4047 1552 4101 dum
1585 4046 1759 4102 aliam
1796 4047 1980 4120 legem

337 4155 566 4197 servare
613 4135 848 4209 cupitis,
903 4135 1226 4191 Sabbatum
1280 4135 1615 4192 destruatis.
1667 4136 1978 4208 Nunquam

335 4235 532 4287 autem
564 4227 721 4299 leges
747 4223 850 4282 Dei
881 4225 993 4280 sibi
1025 4224 1327 4280 contrariae
1357 4230 1518 4280 sunt.
1552 4225 1622 4280 Et
1664 4226 1980 4296 prudenter

334 4317 433 4374 ubi
466 4314 1035 4387 transgressionibus
1066 4313 1339 4386 discipuli
1367 4313 1458 4369 sui
1490 4314 1656 4386 argui
1688 4320 1974 4386 poterant,

331 4404 512 4464 David
544 4408 600 4460 et
645 4401 1015 4459 Achimelech
1047 4401 1183 4456 dicit
1243 4401 1508 4474 exempla
1560 4408 1810 4459 sectatos
1845 4422 1857 4459 :
1887 4420 1975 4459 ve-

330 4509 456 4550 ram
489 4495 683 4548 autem
715 4495 772 4545 et
801 4491 1022 4562 absque
1053 4490 1419 4546 necessitatis
1449 4491 1709 4562 obtentu,
1733 4492 1973 4548 Sabbati

328 4577 866 4655 praevaricationem
915 4579 973 4633 in
1005 4578 1165 4650 ipsos
1198 4579 1391 4646 refert,
1453 4579 1554 4652 qui
1611 4581 1970 4638 calumniam
2002 4566 2050 4631 D

326 4671 602 4729 fecerant.

395 4806 581 4875 (Vers.
614 4806 696 4873 6.)
727 4826 756 4854 ‹‹
786 4803 924 4860 Dico
957 4807 1152 4858 autem
1209 4803 1392 4874 vobis,
1438 4805 1576 4876 quia
1601 4806 1819 4878 templo
1850 4823 1971 4862 ma-

317 4894 415 4965 jor
443 4897 532 4950 est
561 4892 676 4950 hic.
697 4914 726 4942 »
767 4891 891 4960 Hic,
926 4909 1040 4949 non
1072 4908 1417 4965 pronomen,
1450 4894 1550 4950 sed
1582 4894 1652 4948 ad
1708 4895 1970 4951 verbium

394 5075 409 5107 ¹
444 5071 638 5128 Nostri
672 5087 896 5138 omnes,
959 5075 1016 5125 et
1047 5071 1285 5142 quidam
1343 5088 1520 5144 penes
1566 5073 1967 5131 Martianzeum

319 5159 492 5270 {iussn
523 5144 624 5199 Hic
651 5158 761 5197 non
786 5157 1112 5214 pronomen,
1143 5144 1237 5198 sed
1274 5145 1595 5200 adverbium
1625 5146 1731 5200 loci
1785 5147 1965 5216 legen-

356 5232 451 5270 um
480 5222 579 5270 est.

356 5232 451 5271 um
480 5222 579 5270 est.

389 5288 411 5320 ²
440 5285 557 5342 Hoc
588 5285 659 5340 de
689 5283 995 5357 Evangelio
1019 5289 1220 5357 iactum
1257 5290 1346 5340 est
1394 5303 1427 5340 a
1457 5287 1646 5353 nobis,
1702 5305 1835 5344 cum
1867 5289 1967 5344 ali-

320 5357 400 5423 bi,
432 5362 558 5429 tum
592 5356 877 5429 praecipue
899 5357 968 5411 ad
1003 5356 1260 5428 Catalogi
1283 5374 1410 5429 cap.
1443 5361 1496 5412 2.
1522 5360 1682 5424 Quod
1707 5377 1838 5414 vero
1870 5361 1966 5416 hic

317 5428 483 5485 addit
512 5428 1226 5502 HieronymusEbionitas
1257 5428 1490 5502 quoque
1522 5430 1618 5485 illo
1653 5448 1791 5486 usos
1814 5448 1962 5502 esse,

317 5500 668 5556 recentiores
693 5499 875 5555 critici
902 5499 1411 5572 pernegant,quod
1434 5518 1547 5557 non
1580 5519 1692 5557 uno
1716 5499 1967 5559 alterove

315 5589 443 5644 cap.
505 5571 946 5644 Nazaraznorum
1008 5571 1182 5644 atque
1241 5572 1642 5628 Ebionitarum
1693 5574 1846 5629 inter
1901 5591 1964 5631 se

315 5643 628 5721 Evangelia
655 5643 1054 5702 dissentirent.
1088 5643 1342 5701 Historia
1362 5660 1495 5702 cum
1527 5646 1734 5718 primis
1768 5647 1964 5722 bapti-

1568 449 1690 503 Non
1751 448 1974 519 legistis
2003 458 2058 520 Α
2089 452 2197 504 loci
2229 455 2348 517 est;
2384 452 2540 521 quod
2574 452 2760 522 major
2795 451 3011 522 templo
3069 451 3146 506 sit
3175 451 3356 519 locus,
3391 451 3489 524 qui
3531 452 3728 508 Domi-

2091 554 2230 593 num
2265 538 2466 610 templi
2499 543 2710 595 teneat.

2159 645 2342 715 (Vers.
2375 646 2454 717 7.)
2487 669 2514 696 ‹‹
2544 647 2601 701 Si
2641 653 2836 702 autem
2886 647 3112 702 sciretis
3155 647 3296 718 quid
3327 652 3417 703 est
3452 664 3464 702 :
3503 647 3733 702 Miseri-

2089 734 2348 789 cordiam
2379 733 2527 793 volo.
2561 740 2617 791 et
2662 753 2778 791 non
2835 735 3188 791 sacrificium
3229 734 3399 806 (Osee,
3460 753 3537 803 v1,
3595 737 3652 803 6)
3715 753 3728 791 :

2092 839 2394 893 nunquam
2453 823 2952 879 condemnassetis
2997 823 3356 878 innocentes.
3393 846 3414 872 ι»
3451 823 3597 889 Quid
3628 821 3728 892 sit,

2087 909 2212 965 volo
2244 911 2726 979 misericordiam,
2773 915 2830 968 et
2862 929 2977 967 non
3025 910 3400 978 sacrificium,
3433 927 3614 983 supra
3644 911 3733 966 di-

2087 999 2300 1054 ximus.
2333 1002 2492 1066 Quod
2526 1005 2721 1055 autem
2781 1001 3046 1072 sequitur
3077 1018 3090 1055 :
3123 1001 3418 1072 Nunquam
3467 1003 3733 1057 condem-

2087 1091 2320 1143 nassetis
2371 1091 2699 1160 innm'entes,
2733 1091 2803 1144 de
2834 1087 3113 1161 apostolis
3143 1088 3589 1161 intelligendum
3621 1093 3730 1146 est.

2089 1177 2158 1230 Et
2212 1182 2302 1231 est
2357 1193 2568 1233 sensus
2616 1195 2628 1232 :
2683 1178 2742 1231 Si
2801 1177 3259 1233 misericordiam
3305 1179 3734 1250 comprobastis

2087 1265 2479 1334 Achimelech,
2513 1283 2578 1322 eo
2610 1268 2763 1338 quod
2796 1268 2950 1322 fame
2989 1265 3415 1338 periclitantem
3447 1267 3734 1323 refocilla-

2087 1354 2234 1408 verit
2261 1355 2438 1410 David
2470 1361 2526 1410 et
2565 1371 2775 1427 pueros
2805 1358 2933 1425 ejus
2968 1372 2980 1409 :
3013 1372 3192 1427 quare
3222 1355 3539 1428 discipulos
3571 1373 3736 1415 meos

2090 1443 2534 1509 condemmatis,
2567 1445 2670 1515 qui
2701 1443 2847 1498 nihil
2878 1443 2993 1500 tale
3023 1446 3281 1500 fecerunt
3313 1444 3342 1498 ?

2159 1550 2344 1621 (Vers.
2377 1551 2455 1620 9.)
2489 1573 2516 1600 «
2548 1551 2617 1604 Et
2646 1567 2778 1606 cum
2838 1551 2974 1606 inde
2999 1551 3330 1619 transisset,
3361 1553 3517 1608 venit
3545 1554 3605 1608 in
3637 1570 3732 1626 sy-

2091 1654 2377 1710 nagogam
2439 1655 2660 1695 eorum.
2721 1640 2790 1694 Et
2817 1656 2947 1695 ecce
2991 1639 3166 1696 homo
3219 1657 3458 1696 manum
3507 1641 3733 1698 habens

2090 1728 2377 1802 aridam.»
2403 1728 2636 1784 Tertius
2664 1728 2930 1784 decimus
2960 1729 3068 1784 iste
3102 1731 3192 1784 77
3219 1734 3326 1798 est,
3361 1730 3463 1801 qui
3493 1737 3734 1786 curatur

2011 1832 2058 1896 B
2090 1816 2148 1870 in
2177 1822 2498 1890 Synagoga.
2537 1818 2602 1872 Et
2631 1819 2974 1884 notandum,
3019 1818 3174 1889 quod
3206 1835 3320 1874 non
3350 1817 3410 1872 in
3439 1819 3647 1875 itinere
3677 1824 3736 1876 et

2090 1905 2250 1976 foris,
2303 1907 2403 1962 sed
2435 1907 2493 1961 in
2526 1906 2910 1962 conciliabula
2959 1907 3295 1963 Judaeorum
3327 1923 3538 1964 manus
3569 1908 3736 1964 arida

2089 1994 2264 2050 fuerit
2293 1999 2516 2050 sanata.

2161 2101 2347 2170 (Vers.
2384 2101 2494 2171 10.)
2545 2124 2572 2150 ‹‹
2604 2101 2675 2156 Et
2722 2100 3159 2173 interrogabant
3216 2119 3374 2170 eum,
3422 2103 3730 2162 dicentes:

2090 2189 2147 2244 Si
2197 2188 2330 2243 licet
2387 2189 2656 2244 Sabbatis
2715 2205 2967 2244 curare:
3002 2195 3065 2244 ut
3120 2197 3464 2248 accusarent
3508 2209 3668 2249 eum.
3703 2217 3732 2245 ››

2091 2277 2237 2340 Quia
2267 2277 2720 2332 destructionem
2753 2277 3010 2345 Sabbati,
3047 2295 3223 2350 quam
3278 2279 3391 2348 [Αἰ.
3425 2297 3542 2352 qua
3570 2289 3621 2337 et
3651 2283 3739 2338 di-

2091 2365 2370 2437 scipulos}
2406 2365 2677 2422 Pharisaei
2710 2367 2767 2420 in
2801 2366 3108 2439 discipulis
3148 2369 3490 2441 arguebant,
3524 2371 3737 2442 proba-

2091 2455 2195 2510 bili
2225 2454 2488 2527 exemplo
2539 2460 2934 2521 excusaverat,
2993 2456 3188 2527 ipsum
3237 2458 3585 2515 calumniari
3638 2477 3736 2517 vo-

2091 2544 2221 2599 lunt
2253 2562 2264 2599 :
2301 2549 2358 2599 et
2385 2544 2745 2616 interrogant
2776 2549 2974 2600 utrum
2998 2543 3166 2601 liceat
3196 2563 3400 2603 curare
3429 2548 3490 2602 in
3521 2549 3745 2604 Sabba-

2093 2633 2208 2700 tis;
2241 2638 2305 2688 ut
2335 2633 2383 2688 si
2417 2650 2532 2688 non
2562 2633 2868 2704 curaverit,
2902 2633 3265 2691 crudelitatis
3303 2641 3404 2692 aut
3433 2636 3738 2694 imbecilli-

2092 2722 2266 2787 tatis;
2318 2722 2367 2777 si
2397 2723 2705 2790 curaverit,
2737 2723 3223 2795 transgressinois
3253 2731 3595 2783 accusarent
3624 2728 3731 2798 [AL

2094 2814 2412 2880 accusent].

2164 2919 2351 2988 (Vers.
2388 2917 2473 2987 11,
2508 2918 2573 2970 12
2601 2919 2815 2991 seqq.)«
2837 2917 2966 2990 Ipse
2987 2923 3183 2975 autem
3214 2919 3357 2975 dixit
3388 2921 3504 2977 illis
3545 2938 3558 2978 :
3594 2923 3736 2988 Quis

2092 3007 2201 3062 erit
2229 3023 2298 3061 ex
2326 3005 2489 3060 vobis
2521 3005 2694 3062 homo
2727 3006 2827 3078 qui
2858 3007 3067 3064 habeat
3124 3024 3289 3064 ovem
3348 3027 3546 3079 unam,
3599 3016 3656 3067 et
3685 3012 3736 3069 si

2093 3095 2366 3151 ceciderit
2395 3095 2515 3150 hac
2547 3095 2817 3150 Sabbatis
2838 3095 2899 3150 in
2931 3097 3174 3162 foveam,
3209 3114 3400 3154 nonne
3430 3099 3650 3155 tenebit
3679 3104 3739 3156 et

2013 3201 2054 3266 ρ
2093 3183 2305 3240 levabit
2335 3185 2453 3255 [Αἰ.
2487 3183 2778 3254 allevabitj
2809 3184 2984 3240 eam?
3014 3185 3238 3248 Quanto
3293 3187 3480 3260 magis
3530 3188 3740 3245 melior

2093 3281 2181 3328 est
2212 3273 2384 3328 homo
2415 3272 2547 3328 ove!
2585 3274 2785 3344 Itaque
2815 3272 2949 3329 licet
2976 3274 3247 3330 Sabbatis
3299 3275 3663 3341 benefacere.
3705 3301 3735 3328 ››

2093 3363 2189 3418 Sic
2221 3362 2391 3418 solvit
2419 3363 2778 3434 propositam
2803 3364 3281 3434 quaestionemmt
3310 3364 3739 3438 interrogantes

2094 3451 2346 3506 avaritiae
2399 3451 2830 3506 condemnaret.
2865 3451 2924 3506 Si
2955 3469 3077 3519 vos,
3128 3453 3342 3523 inquit,
3393 3454 3450 3507 in
3483 3454 3737 3510 Sabbato

2093 3556 2255 3595 ovem
2295 3543 2351 3594 et
2379 3538 2536 3594 aliud
2579 3538 2879 3610 quodlibet
2917 3540 3136 3596 animal
3195 3541 3252 3595 in
3310 3541 3533 3596 foveam
3586 3542 3742 3598 deci-

2093 3629 2258 3698 dens,
2292 3629 2510 3700 eripere
2555 3629 2865 3699 festinatis,
2925 3646 3040 3684 non
3091 3629 3352 3696 animali,
3386 3631 3487 3686 sed
3527 3636 3734 3688 vestrae

2093 3717 2345 3773 avaritiae
2371 3716 2762 3788 consulentes,
2796 3723 3014 3790 quanto
3045 3719 3234 3791 magis
3275 3735 3380 3791 ego
3412 3719 3737 3788 hominem,

2093 3807 2193 3878 qui
2226 3805 2409 3861 multo
2440 3805 2644 3862 melior
2672 3811 2762 3862 est
2790 3823 2915 3877 ove,
2947 3808 3125 3864 debeo
3158 3807 3438 3865 liberare!

2164 3914 2180 3984 (
2214 3913 2368 3970 Vers.
2404 3914 2511 3985 13.)
2543 3937 2571 3963 ‹‹
2605 3915 2766 3969 Tunc
2799 3914 2880 3970 ait
2910 3915 3132 3970 homini
3167 3931 3180 3970 :
3211 3916 3463 3972 Extende
3495 3932 3737 3974 manum

2090 4006 2273 4058 tuam.
2309 4003 2377 4058 Et
2405 4003 2686 4070 extendit,
2714 4008 2770 4058 et
2792 4003 3062 4059 restituta
3091 4007 3181 4059 est
3210 4005 3448 4060 sanitati
3479 4005 3630 4062 sicut
3651 4005 3736 4061 al-

2090 4097 2232 4147 tera.
2300 4115 2326 4140 ››
2391 4095 2451 4146 In
2511 4091 2838 4163 Evangelio,
2902 4109 3017 4163 quo
3048 4097 3294 4146 utuntur
3323 4093 3618 4149 Nazareni
3677 4100 3740 4151 et

2089 4179 2363 4235 Ebionitte
2411 4182 2432 4214 ²
2491 4181 2668 4253 (quod
2723 4195 2909 4251 nuper
2965 4180 3024 4234 in
3083 4183 3347 4235 Graecum
3391 4181 3462 4236 de
3497 4183 3733 4241 Hebraeo

2087 4285 2355 4325 sermone
2384 4269 2818 4334 transtulimus,
2851 4272 2906 4324 et
2927 4269 3082 4339 quod
3108 4273 3347 4324 vocatur
3376 4287 3410 4324 a
3437 4269 3736 4344 plerisque

2085 4358 2337 4413 Matthzei
2369 4357 2816 4429 authenticum),
2852 4357 3026 4413 homo
3075 4357 3207 4428 iste,
3241 4358 3340 4429 qui
3371 4357 3592 4414 aridam
3626 4359 3731 4415 ha-

2084 4449 2180 4502 bet
2239 4464 2501 4516 manum,
2535 4447 2942 4502 caamentarius
3007 4447 3282 4502 scribitur
3313 4463 3326 4502 :
3369 4446 3540 4503 istius
3572 4449 3732 4505 modi

2080 4537 2323 4594 vocibus
2353 4537 2635 4592 auxilium
2693 4553 2938 4608 precans
2998 4553 3010 4590 :
3070 4535 3487 4592 Czementarius
3543 4554 3727 4605 eram,

2085 4627 2358 4681 manibus
2401 4624 2616 4681 victum
2648 4625 2966 4696 quaeritans
3027 4643 3039 4680 :
3100 4641 3302 4698 precor
3358 4629 3438 4693 te,
3467 4625 3630 4693 Jesu,
3665 4631 3732 4682 ut

2083 4715 2228 4770 mihi
2258 4715 2531 4770 restituas
2581 4713 2914 4780 sanitatem,
2971 4730 3042 4768 ne
3093 4713 3345 4784 turpiter
3401 4715 3729 4772 mendicem

2080 4803 2260 4860 cibos.
2300 4803 2488 4874 Usque
2518 4803 2588 4858 ad
2631 4803 2946 4858 adventum
2978 4803 3291 4857 Salvatoris
3320 4802 3485 4858 arida
3516 4820 3728 4860 manus

2079 4891 2138 4948 in
2171 4907 2468 4964 synagoga
2499 4892 2607 4946 fuit
2635 4891 2994 4959 Judaeorum,
3024 4894 3081 4945 et
3137 4890 3236 4946 Dei
3277 4907 3449 4963 opera
3480 4909 3596 4948 non
3624 4892 3728 4949 tle-

2077 5070 2190 5128 smi
2224 5068 2561 5135 Salvatoris,
2595 5085 2771 5139 quam
2804 5084 2872 5123 ex
2902 5067 3348 5140 Nazareenorum
3381 5069 3728 5140 codiceipse

2078 5143 2282 5198 recitat
2311 5141 2369 5196 S.
2406 5140 2573 5195 Pater
2603 5142 2674 5195 ad
2707 5156 2831 5209 cap.
2861 5157 2918 5193 x1
2952 5141 3137 5203 Isaiae,
3171 5139 3338 5194 aliter
3365 5155 3548 5210 eaque
3588 5139 3723 5195 bre-

2079 5215 2205 5269 vius
2236 5213 2544 5284 exponitur
2575 5213 2645 5267 ab
2682 5210 3028 5284 Epiphanio
3060 5211 3262 5284 haeres.
3300 5212 3399 5284 30,
3451 5213 3478 5276 §
3528 5210 3618 5284 t3.
3647 5216 3726 5268 At

2075 5285 2221 5341 nihil
2254 5281 2388 5340 inde
2418 5284 2576 5339 aliud
2607 5281 3056 5352 evinCas,quam
3081 5282 3206 5338 loca
3237 5282 3504 5353 quaedam
3540 5282 3724 5340 fuisse

2076 5376 2109 5413 a
2138 5358 2421 5413 Nazaraeis
2453 5354 2822 5426 interpolata,
2855 5355 3112 5424 itemque
3142 5352 3356 5426 alia;ab
3385 5352 3669 5426 Ebionitis
3705 5371 3720 5421 ;

2075 5446 2189 5485 non
2222 5430 2305 5484 ita
2332 5434 2528 5483 tamen
2589 5423 2651 5481 ut
2708 5426 2936 5481 diversa
2990 5423 3189 5480 eorum
3251 5423 3564 5495 Evangelia
3604 5426 3720 5481 dici

2074 5505 2331 5572 possent,
2365 5517 2493 5571 quae
2529 5497 2844 5554 maximam
2868 5502 3090 5569 partem
3123 5495 3514 5572 convenirent.
3547 5499 3721 5556 Recte

2074 5567 2214 5628 adeo
2246 5567 2636 5647 Hieronymus
2665 5586 2771 5644 pro
2803 5567 2918 5627 uno
2949 5567 3192 5641 accepit.
