4024 6196
300 404 374 466 81
863 398 1381 462 COMMENTAR.
1430 402 1502 462 IN
1554 401 1957 461 EVANGELH

2110 397 2485 460 ΜΑΤἹἭᾸΞΙ
2534 401 2679 459 LIB.
2728 402 2804 460 ll.
2854 400 3025 459 CAP.
3070 399 3200 460 Xll.
3636 400 3713 460 82

300 536 446 592 bant
473 532 534 589 in
565 549 672 589 ea:
708 536 1021 606 postquam
1053 532 1150 588 ille
1181 534 1339 589 venit
1370 534 1428 590 in
1471 537 1674 601 terras,
1728 532 1956 588 reddita
1983 536 2036 600 Α
2067 537 2174 602 est,
2208 533 2305 589 sed
2340 538 2397 589 et
2426 533 2684 604 quotidie
2729 530 3058 603 completur
3086 529 3144 586 in
3177 531 3549 589 conversione
3579 548 3710 589 cre-

302 630 394 682 est
423 627 484 679 in
515 621 800 696 apostolis
829 621 1202 678 credentibus
1233 623 1487 691 dextera,
1523 628 1580 678 et
1627 622 1786 694 operi
1833 621 1955 693 pri-

305 714 466 770 stino
495 713 790 768 restituta.

380 802 563 874 (Vers.
612 801 724 873 14.)
776 824 797 850 ι
832 801 1123 857 Exeuntes
1173 804 1368 858 autem
1418 801 1712 870 Phariszei,
1764 799 1954 857 consi-

301 892 452 947 lium
487 890 781 946 faciebant
812 889 1094 945 adversus
1126 907 1282 957 eum,
1325 891 1620 962 quomodo
1650 890 1957 962 perderent

303 997 469 1036 eum.
508 1003 533 1027 υ
589 979 747 1043 Quod
793 978 1037 1034 Domino
1071 978 1396 1035 moliuntur
1426 978 1691 1045 insidias,
1722 978 1866 1033 livor
1895 977 1954 1033 in

306 1085 494 1125 causa
523 1072 624 1123 est.
675 1066 819 1131 Quid
851 1067 1008 1122 enim
1044 1069 1276 1138 fecerat,
1310 1071 1374 1124 ut
1401 1067 1724 1124 Pharisaeos
1755 1068 1827 1122 ad
1859 1067 1954 1121 in-

303 1156 707 1213 terfectionem
763 1155 858 1211 78
919 1155 1011 1211 sui
1056 1157 1488 1228 provocaret‘?
1543 1172 1749 1227 nempe
1797 1155 1952 1226 quod

302 1245 482 1302 homo
504 1245 842 1301 extenderat
868 1262 1132 1300 manum.
1167 1246 1307 1312 Quis
1337 1247 1494 1301 enim
1526 1245 1952 1301 Pharisaeorum

301 1335 364 1391 in
397 1334 490 1389 die
515 1334 755 1390 Sabbati
781 1351 897 1389 non
929 1334 1187 1389 extendit
1218 1351 1484 1402 manum,
1509 1339 1748 1405 portans
1770 1332 1951 1399 cibos,

304 1423 668 1495 calicemque
707 1423 1033 1496 porrigens,
1065 1427 1122 1478 et
1152 1427 1358 1479 caetera
1388 1441 1514 1496 quae
1544 1423 1722 1479 victui
1755 1438 1953 1478 neces-

305 1513 463 1569 saria
493 1512 676 1568 sunt?
723 1512 783 1568 Si
813 1528 949 1584 ergo
981 1529 1224 1568 manum
1255 1514 1561 1568 extendere
1591 1517 1648 1567 et
1677 1511 1955 1567 alimenta

303 1601 612 1658 sublevare
642 1600 731 1656 vel
763 1604 965 1673 potum
998 1601 1058 1656 in
1091 1602 1370 1670 Sabbato,
1394 1618 1510 1657 non
1540 1604 1629 1657 est
1649 1601 1914 1656 criminis
1939 1616 1950 1652 :

304 1707 411 1746 cur
439 1690 550 1746 hoc
581 1690 641 1744 in
674 1689 787 1746 alio
821 1695 1078 1762 arguunt
1097 1691 1253 1762 quod
1277 1690 1390 1762 ipsi
1418 1691 1605 1746 facere
1627 1706 1955 1762 coarguun-

303 1783 422 1847 tur,
477 1778 803 1850 praesertim
859 1795 991 1834 cum
1044 1779 1156 1834 iste
1201 1779 1608 1834 caamentarius
1653 1777 1801 1832 nihil
1840 1777 1955 1834 tale

2065 623 2352 690 dentium,
2384 627 2446 677 ut
2475 622 2716 694 expulso
2748 622 3028 687 daemone,
3055 620 3310 693 primum
3343 621 3476 677 fidei
3507 620 3707 678 lumen

2065 710 2373 782 aspiciant,
2424 710 2558 766 inde
2606 710 2665 765 in
2713 709 2918 765 laudes
2966 708 3067 765 Dei
3115 709 3370 764 tacentia
3411 709 3572 780 prius
3605 727 3708 766 ora

2063 801 2351 857 laxentur.

2137 890 2321 961 (Vers.
2362 889 2476 959 25.)
2535 889 2766 945 «Jesus
2824 892 3018 944 autem
3078 887 3271 944 sciens
3327 886 3708 959 cogitationes

2064 993 2286 1042 eorum,
2339 979 2484 1034 dixit
2531 977 2659 1034 eis:
2712 979 2896 1034 Omne
2944 993 3191 1049 regnum
3241 976 3302 1031 in
3351 991 3414 1032 se
3456 975 3710 1032 divisum

2064 1066 2425 1123 desolabitur
2443 1069 2487 1135 ³,
2538 1073 2594 1123 et
2642 1067 2834 1123 omnis
2882 1066 3085 1122 civitas
3132 1065 3220 1121 vel
3268 1065 3480 1120 domus
3525 1063 3713 1120 divisa

2064 1161 2266 1212 contra
2294 1173 2377 1223 se,
2413 1173 2529 1213 non
2561 1156 2757 1212 stabit.
2797 1180 2817 1205 υ
2860 1157 3066 1212 Turbae
3096 1155 3412 1227 stupebant
3440 1157 3498 1209 et
3527 1153 3708 1209 conﬁ-

2062 1246 2336 1301 tebantur
2365 1263 2520 1316 eum,
2553 1245 2654 1317 qui
2684 1249 2848 1301 tanta
2875 1245 3046 1316 signa
3079 1244 3345 1312 faciebat,
3370 1258 3500 1300 esse
3519 1241 3707 1298 ﬁlium

2063 1334 2288 1391 David:
2344 1335 2617 1391 Pharisaei
2667 1351 2801 1391 vero
2851 1349 3026 1406 opera
3071 1333 3171 1390 Dei
3206 1331 3455 1406 principi
3486 1332 3706 1387 daemo-

2063 1423 2295 1479 niorum
2321 1424 2702 1496 deputabant.
2725 1423 2948 1488 Quibus
2971 1422 3256 1479 Dominus
3285 1437 3402 1478 non
3435 1422 3507 1478 ad
3529 1421 3705 1491 dicta,

2063 1513 2165 1567 sed
2189 1514 2260 1568 ad
2284 1513 2538 1586 cogitata
2557 1513 2889 1585 respondit:
2918 1516 2983 1567 ut
3001 1509 3088 1567 vel
3111 1511 3194 1567 sic
3220 1509 3710 1583 compellerentur

2062 1602 2296 1658 credere
2345 1601 2613 1674 potentiae
2657 1601 2806 1671 ejus,
2840 1600 2939 1672 qui
2972 1599 3165 1656 cordis
3193 1599 3426 1655 videbat
3453 1596 3703 1654 occulta.

2135 1692 2322 1761 (Vers.
2356 1691 2471 1760 26.)
2521 1713 2548 1739 «
2581 1690 2729 1746 Etsi
2767 1694 3012 1746 Satanas
3049 1691 3322 1745 Satanam
3374 1687 3552 1759 ejicit,
3603 1688 3704 1743 ad-

2062 1796 2266 1835 versus
2294 1795 2355 1835 se
2377 1779 2602 1835 divisus
2624 1783 2745 1847 est;
2782 1778 3076 1851 quomodo
3101 1795 3236 1851 ergo
3258 1777 3438 1834 stabit
3458 1792 3705 1850 regnum

300 1867 640 1940 portaverit,
675 1867 776 1922 sed
809 1868 880 1923 ad
910 1871 1266 1939 praceptum
1293 1866 1520 1923 Domini
1547 1865 1732 1922 solam
1755 1870 1953 1923 exten-
1983 1904 2031 1968 Β
2063 1870 2192 1940 ejus
2211 1869 2239 1923 ?
2271 1891 2299 1918 »
2333 1869 2458 1924 Non
2489 1872 2681 1941 potest
2711 1885 2957 1940 regnum
2989 1871 3046 1923 et
3076 1867 3277 1923 civitas
3307 1871 3510 1924 contra
3535 1883 3598 1922 se
3627 1864 3710 1922 di-

305 1957 460 2013 derit
489 1972 733 2012 manum
755 1956 782 2010 ?

378 2044 564 2117 (Vera.
618 2046 707 2114 15,
759 2045 869 2116 17.)
924 2069 943 2091 u
979 2044 1152 2101 Jesus
1198 2048 1396 2100 autem
1454 2044 1665 2111 sciens,
1715 2043 1956 2100 recessit

303 2133 466 2203 inde,
497 2139 554 2188 et
584 2133 770 2190 secuti
801 2138 941 2190 sunt
969 2149 1104 2189 eum
1138 2133 1330 2204 multi,
1363 2138 1420 2190 et
1448 2134 1670 2190 curavit
1699 2149 1798 2189 eos
1829 2149 1954 2188 om-

305 2238 435 2279 nes.
486 2223 558 2278 Et
610 2222 884 2295 praecepit
932 2222 1041 2290 eis,
1090 2239 1161 2278 ne
1209 2223 1586 2278 manifestum
1619 2239 1756 2278 eum
1803 2222 1952 2277 face-

307 2315 462 2376 rent,
498 2315 564 2366 ut
592 2311 1012 2383 adimpleretur
1052 2312 1205 2383 quod
1239 2311 1461 2367 dictum
1493 2315 1580 2368 est
1611 2328 1712 2384 per
1742 2310 1953 2366 Isaiam

303 2400 657 2474 prophetam
688 2399 978 2456 dicentem
1008 2400 1136 2469 (Isa.
1169 2417 1304 2471 XLII,
1339 2402 1389 2470 1,
1421 2402 1498 2473 2).
1531 2422 1560 2449 »
1608 2400 1809 2457 Sciens
1863 2399 1954 2452 in-

306 2489 497 2546 sidias
546 2505 765 2554 eorum,
821 2489 975 2561 quod
1032 2488 1246 2545 vellent
1300 2491 1541 2561 perdere
1599 2489 1954 2545 Salvatorem

308 2594 511 2644 suum,
567 2577 810 2633 recessit
856 2577 1011 2646 inde,
1044 2583 1109 2633 ut
1140 2577 1445 2634 Pharisaeis
1477 2582 1678 2634 contra
1705 2593 1767 2633 se
1797 2593 1956 2633 occa-

307 2667 540 2724 sionem
570 2666 890 2738 impietatis
920 2667 1190 2723 auferret.

379 2753 565 2825 (Vers.
601 2755 689 2820 18,
724 2755 836 2825 19.)
891 2778 917 2805 α
951 2756 1092 2810 Ecce
1121 2771 1266 2826 puer
1305 2772 1494 2823 meus,
1540 2771 1717 2827 quem
1760 2754 1904 2827 elegi
1939 2770 1952 2808 :

304 2842 558 2900 dilectus
580 2859 770 2908 meus,
800 2843 857 2898 in
882 2860 994 2915 quo
1017 2845 1164 2900 bene
1185 2844 1537 2917 complacuit
1557 2845 1768 2900 animae
1791 2859 1954 2898 mean

307 2933 528 2988 Ponam
575 2931 850 3003 spiritum
906 2948 1103 2988 meum
1152 2949 1328 3004 super
1374 2949 1531 3000 eum,
1575 2938 1630 2988 et
1663 2933 1956 3003 judicium

310 3020 589 3094 gentibus
631 3020 949 3076 nuntiabit.
999 3021 1126 3077 Non
1155 3023 1484 3089 contendet,
1517 3037 1707 3094 neque
1737 3021 1956 3077 clama-

309 3109 418 3165 bit.
446 3131 475 3159 »
507 3109 615 3165 Per
642 3109 852 3166 Isaiam
876 3110 1221 3182 prophetam
1248 3128 1318 3166 ex
1338 3128 1589 3183 persona
1612 3110 1801 3166 Patris
1849 3110 1958 3164 hoc

307 3198 565 3254 dicitur:
597 3203 810 3253 Ponam
837 3201 1100 3270 spiritum
1125 3216 1309 3256 meum
1336 3217 1500 3272 super
1526 3216 1670 3255 eum.
1706 3198 1960 3270 Spiritus

307 3286 562 3360 ponitur
590 3303 703 3341 non
734 3269 906 3359 super
933 3289 1036 3343 Dei
1066 3289 1332 3356 verbum,
1381 3269 1438 3344 et
1470 3305 1648 3360 super
1677 3269 1957 3360 Unigeni-
1990 3269 2032 3336 C

306 3379 460 3440 tum,
499 3374 600 3446 qui
631 3375 702 3430 de
733 3375 864 3432 sinu
899 3377 1187 3449 processit
1218 3378 1424 3448 Patris,
1459 3379 1560 3434 sed
1593 3393 1770 3450 super
1800 3392 1956 3443 eum,

312 3465 382 3521 de
415 3481 532 3536 quo
563 3463 786 3519 dictum
816 3470 906 3520 est
939 3483 951 3521 :
982 3469 1129 3521 Ecce
1151 3483 1294 3538 puer
1320 3483 1474 3522 meus
1505 3467 1709 3537 (Ibid).

386 3553 570 3621 (Vers.
613 3554 726 3624 19.)
782 3577 809 3603 ‹‹
838 3553 1035 3626 Neque
1065 3555 1264 3611 audiet
1293 3555 1505 3628 aliquis
1536 3556 1595 3610 in
1627 3553 1836 3628 plateis
1864 3570 1958 3609 vo-

306 3657 436 3698 cem
464 3643 612 3712 ejus.
636 3664 664 3692 »
703 3642 845 3698 Lata
873 3643 1029 3699 enim
1061 3647 1151 3699 est
1179 3648 1235 3699 et
1265 3644 1525 3716 spatiosa
1553 3644 1668 3708 via,
1701 3660 1827 3714 quae
1859 3643 1964 3698 du-

310 3729 398 3786 cit
427 3730 498 3784 ad
529 3729 942 3801 perditionem,
974 3735 1032 3786 et
1062 3732 1231 3787 multi
1261 3732 1674 3806 ingrediuntur
1703 3749 1805 3804 per
1832 3748 1960 3787 eam

310 3817 536 3892 (Matth.
567 3835 667 3884 vn,
704 3819 817 3890 13.)
850 3819 957 3883 Qui
990 3820 1159 3875 multi
1189 3837 1389 3877 vocem
1421 3838 1535 3877 non
1567 3821 1816 3877 audiunt
1843 3819 1964 3876 Sal-

303 3906 550 3973 vatoris,
574 3906 712 3978 quia
737 3924 853 3963 non
878 3913 1017 3963 sunt
1047 3909 1108 3963 in
1138 3913 1297 3965 arcta
1322 3910 1435 3980 via,
1459 3909 1560 3965 sed
1591 3909 1651 3963 in
1684 3909 1958 3980 spatiosa.

389 3994 576 4065 (Vers.
630 3995 717 4063 20,
777 3996 894 4067 21.)
949 4018 976 4045 «
1026 3997 1392 4053 Arundinem
1450 4001 1787 4069 quassatam
1846 4014 1960 4052 non

308 4083 659 4156 confringet,
693 4087 750 4138 et
777 4083 967 4140 linum
1001 4085 1296 4158 fumigans
1328 4104 1444 4142 non
1477 4086 1827 4159 exstinguet,
1861 4086 1962 4141 do-

314 4188 424 4229 nec
454 4171 651 4242 ejiciat
678 4173 748 4228 ad
778 4173 1080 4229 victoriam
1115 4175 1409 4246 judicium
1442 4191 1454 4229 :
1509 4180 1566 4231 et
1613 4175 1670 4229 in
1727 4174 1963 4231 nomine

312 4262 442 4333 ejus
461 4265 672 4333 gentes
699 4262 1038 4332 sperabunt.
1062 4283 1088 4313 ι)
1126 4263 1234 4328 Qui
1262 4265 1551 4336 peccatori
1575 4281 1688 4320 non
1717 4264 1966 4336 porrigit

313 4366 586 4415 manum,
618 4366 723 4406 nec
754 4355 946 4423 portat
973 4369 1121 4408 onus
1151 4353 1349 4409 fratris
1387 4353 1502 4420 sui,
1534 4353 1642 4410 iste
1673 4352 1964 4409 calamum

309 4444 664 4512 quassatum
695 4440 1028 4513 confringit.
1084 4442 1153 4497 Et
1191 4442 1292 4515 qui
1323 4443 1614 4499 modicam
1646 4442 1964 4499 scintillam

313 4528 454 4584 ﬁdei
505 4528 827 4584 contemnit
856 4529 915 4584 in
947 4531 1228 4602 parvulis,
1291 4531 1385 4587 hic
1444 4531 1632 4588 linum
1681 4531 1967 4605 extinguit

2061 1957 2190 2014 visa
2237 1961 2538 2030 perstare;
2593 1959 2692 2014 sed
2738 1957 3030 2030 quomodo
3061 1955 3372 2012 concordia
3399 1972 3586 2027 parvae
3616 1971 3710 2011 res

2062 2050 2354 2113 crescunt,
2377 2047 2459 2102 ita
2488 2045 2781 2102 discordia
2810 2046 3076 2101 maximae
3106 2045 3468 2100 dilabuntur.
3491 2043 3553 2099 Si
3573 2058 3710 2115 ergo

2063 2135 2313 2191 Satanas
2358 2139 2581 2208 pugnat
2619 2139 2822 2190 contra
2852 2151 2933 2202 se,
2965 2138 3022 2190 et
3051 2134 3279 2190 damon
3313 2132 3590 2188 inimicus
3619 2136 3710 2188 est

2064 2224 2368 2294 daemonis,
2402 2224 2636 2279 deberet
2659 2224 2786 2294 jam
2816 2223 3021 2279 mundi
3055 2222 3284 2278 venisse
3332 2236 3711 2279 consumma-

2062 2312 2181 2379 tio;
2233 2317 2298 2368 ut
2342 2330 2458 2368 non
2490 2312 2774 2368 haberent
2805 2312 2865 2366 in
2896 2328 2963 2367 eo
2991 2311 3184 2367 locum
3216 2310 3558 2366 adversaria
3602 2325 3708 2381 po-

2064 2404 2328 2470 testates,
2381 2419 2632 2474 quarum
2679 2401 2843 2457 inter.
2875 2418 2938 2457 se
2984 2400 3229 2468 bellum,
3262 2417 3373 2473 pax
3399 2397 3710 2456 hominum

2065 2493 2172 2544 est.
2228 2490 2288 2545 Si
2336 2495 2529 2546 autem
2573 2490 2860 2562 putatis,o
2891 2490 3103 2546 Scriba:
3134 2493 3192 2546 et
3220 2488 3518 2558 Pharismi,
3552 2487 3708 2560 quod

2064 2579 2316 2635 recessio
2367 2579 2698 2635 daemonum
2773 2579 3105 2635 obedientia
3153 2579 3230 2635 sit
3275 2578 3337 2633 in
3384 2576 3710 2651 principem

2066 2685 2262 2738 suum,
2303 2672 2368 2723 ut
2397 2668 2668 2724 homines
2696 2669 3034 2740 ignorantes
3065 2667 3439 2724 fraudulenta
3467 2665 3738 2723 simula-,

2064 2759 2222 2814 tione
2275 2757 2577 2824 deludant,
2627 2758 2767 2829 quid
2800 2757 3042 2830 potestis
3073 2757 3264 2812 dicere
3295 2757 3365 2814 de
3395 2770 3709 2828 corporum

2065 2846 2438 2912 sanitatibus,
2470 2863 2617 2917 quas
2648 2847 2932 2902 Dominus
2963 2845 3362 2918 perpetravit?
3410 2844 3584 2900 Aliud
3625 2845 3714 2900 est

2066 2934 2116 2990 si
2149 2935 2548 2990 membrorum
2597 2951 2828 3006 quoque
2867 2933 3198 2989 debilitates
3226 2937 3283 2988 et
3311 2932 3710 3004 spiritualium

2064 3025 2351 3079 virtutum
2381 3023 2636 3094 insignia
2666 3021 3030 3077 daemonibus
3060 3021 3397 3092 assignatis.

2137 3112 2322 3181 (Vers.
2348 3113 2464 3180 27.)
2495 3135 2521 3160 «
2548 3112 2615 3165 Et
2645 3111 2694 3166 si
2725 3127 2830 3181 ego
2862 3111 2921 3164 in
2956 3109 3274 3166 Beelzebub
3305 3107 3473 3180 ejicio
3495 3109 3712 3164 daemo-

2069 3216 2193 3267 nes,
2226 3199 2333 3254 ﬁlii
2362 3198 2538 3254 vestri
2569 3199 2626 3253 in
2660 3215 2775 3269 quo
2815 3197 3100 3268 ejiciunt?
3151 3198 3281 3254 Ideo
3327 3196 3440 3270 ipsi
3477 3197 3712 3269 judices

2069 3288 2245 3344 vestri
2293 3291 2483 3343 erunt.
2518 3310 2540 3339 ι
2607 3286 2783 3342 Filios
2831 3287 3192 3353 Judzeorum,
3249 3285 3337 3342 vel
3394 3285 3712 3342 exorcistas

2069 3377 2258 3450 gentis
2306 3375 2486 3446 illius,
2531 3391 2600 3431 ex
2643 3390 2802 3430 more
2831 3375 3147 3447 signiﬁcat,
3179 3375 3267 3430 vel
3298 3374 3613 3446 apostolos,
3645 3389 3716 3430 ex

2070 3481 2272 3522 eorum
2321 3467 2502 3536 stirpe
2548 3467 2871 3536 generatos.
2920 3464 2974 3516 Si
3019 3463 3357 3530 exorcistas,
3391 3463 3489 3534 qui
3519 3463 3594 3518 ad
3623 3461 3712 3516 in-

2068 3556 2431 3612 vocationem
2483 3553 2584 3609 Dei
2633 3552 2944 3624 ejiciebant
2993 3553 3308 3624 daemones,
3341 3555 3597 3609 coarctat
3625 3550 3714 3606 in-

2071 3643 2459 3715 terrogatione
2485 3642 2780 3714 prudenti,
2803 3647 2866 3696 ut
2891 3641 3283 3697 confiteantur
3303 3640 3557 3714 Spiritus
3587 3657 3717 3697 san-

2072 3733 2149 3788 cti
2180 3748 2308 3788 esse
2339 3747 2504 3803 opus.
2541 3731 2642 3787 80
2671 3730 2833 3795 Quod
2867 3731 2916 3785 si
2948 3730 3210 3802 expulsio
3256 3731 3589 3786 dismonum
3629 3729 3718 3784 in-

2071 3821 2216 3892 quit,
2249 3821 2308 3876 in
2341 3819 2478 3875 ﬁliis
2508 3820 2736 3889 vestris,
2770 3821 2906 3888 Deo,
2941 3837 3057 3876 non
3088 3819 3452 3876 daemonibus
3483 3819 3722 3890 deputa-

2071 3915 2214 3967 tur:
2269 3926 2447 3981 quare
2497 3909 2554 3963 in
2607 3926 2700 3965 me
2747 3909 2902 3964 idem
2947 3926 3094 3980 opus
3126 3926 3240 3964 non
3275 3909 3478 3964 eadem
3508 3907 3721 3964 habeat

2071 4005 2129 4056 et
2157 4015 2395 4056 causam
2417 3999 2445 4053 ?
2474 3999 2620 4071 Ergo
2650 3996 2760 4069 ipsi
2784 3997 3015 4068 judices
3040 3997 3215 4054 vestri
3247 4000 3436 4067 erunt,
3462 4013 3579 4052 non
3608 4013 3718 4068 po-

2072 4093 2305 4157 testate,
2357 4089 2458 4143 sed
2493 4088 2926 4159 comparatione
2959 4103 2970 4140 :
3024 4088 3167 4142 dum
3197 4085 3283 4140 illi
3314 4085 3715 4158 expulsionem

2073 4179 2406 4234 dmmonum
2445 4177 2558 4232 Deo
2603 4175 2948 4247 assignant;
2987 4192 3083 4232 vos
3115 4173 3432 4232 Beelzebub
3465 4172 3714 4245 principi

2072 4265 2514 4322 daemoniorum.
2568 4265 2668 4320 Sin
2715 4268 2911 4319 autem
2943 4263 3014 4318 de
3043 4262 3323 4336 apostolis
3353 4263 3575 4319 dictum
3604 4266 3715 4328 est,

2074 4355 2230 4428 quod
2247 4359 2304 4411 et
2321 4353 2504 4426 magis
2518 4351 2842 4425 intelligere
2858 4353 3160 4422 debemus,
3175 4352 3286 4425 ipsi
3303 4355 3476 4408 erunt
3485 4352 3509 4424 j
3521 4351 3719 4408 udioes

2073 4461 2275 4500 eorum
2301 4460 2312 4497 :
2351 4442 2487 4514 quia
2508 4441 2796 4498 sedebunt
2816 4440 2874 4496 in
2897 4441 3204 4498 duodecim
3234 4441 3423 4510 soliis,
3445 4439 3717 4512 judican-

2073 4537 2162 4589 tes
2211 4531 2521 4587 duodecim
2571 4531 2760 4587 tribus
2789 4531 2965 4587 Israel
3013 4532 3220 4600 (Matth.
3271 4548 3386 4602 xxx,
3431 4531 3538 4597 28;
3591 4529 3717 4584 Luc.

311 4616 636 4689 fumigans.
695 4619 954 4683 Quorum
978 4623 1252 4675 neutrum
1275 4620 1541 4677 Christus
1563 4621 1733 4689 fecit;
1765 4622 1837 4676 ad
1859 4620 1966 4676 hoc
2000 4637 2046 4701 D
2079 4639 2217 4692 xxu,
2249 4623 2360 4689 30).

314 4705 471 4761 enim
504 4711 763 4771 venerat,
806 4709 872 4762 ut
901 4708 1127 4764 salvum
1159 4709 1369 4766 faceret
1397 4710 1553 4781 quod
1585 4710 1853 4782 perierat.

387 4796 580 4864 (Vers.
611 4795 830 4867 22-24.)
880 4819 907 4846 «
940 4801 1100 4853 Tunc
1131 4797 1365 4855 oblatus
1408 4804 1497 4857 est
1528 4800 1578 4855 ei
1611 4799 1966 4855 daemonium

319 4881 568 4949 habens,
629 4885 725 4938 79
778 4901 988 4952 caecus,
1019 4891 1077 4943 et
1109 4892 1328 4956 mutus,
1364 4893 1420 4944 et
1449 4888 1673 4944 curavit
1702 4905 1856 4958 eum,
1889 4887 1970 4943 ita

322 4973 388 5026 ut
409 4971 746 5043 loqueretur
767 4978 824 5029 et
843 4973 1079 5031 videret.
1104 4975 1175 5032 Et
1195 4978 1511 5050 stupebant
1531 4994 1735 5034 omnes
1764 4978 1967 5038 turbae.

318 5062 375 5116 et
404 5059 679 5117 dicebant
712 5079 726 5117 :
785 5063 1084 5136 Numquid
1131 5065 1227 5121 hic
1256 5071 1346 5122 est
1374 5066 1532 5123 ﬁlius
1564 5065 1790 5122 David?
1821 5066 1978 5121 Pha-'

323 5148 473 5205 [ἱδωί
506 5156 707 5208 autem
753 5153 1076 5221 audientes,
1127 5154 1441 5212 dixerunt:
1494 5156 1596 5211 Hic
1645 5173 1758 5212 non
1813 5154 1973 5226 ejicit

326 5239 642 5309 demones,
658 5241 771 5297 nisi
792 5241 851 5297 in
867 5243 1184 5299 Beelzebub
1207 5244 1466 5317 principe
1485 5244 1969 5302 daemoniorum.»

395 5329 534 5385 Tria
555 5330 724 5402 signa
748 5331 925 5387 simul
952 5333 1011 5388 in
1041 5349 1154 5388 uno
1178 5333 1415 5390 homine
1437 5339 1766 5406 perpetrata
1797 5338 1934 5389 sunt
1957 5347 1969 5386 :

331 5417 523 5474 Caecus
545 5419 738 5494 videt,
772 5425 973 5477 mutus
1003 5421 1279 5494 loquitur,
1313 5440 1621 5495 possessus
1652 5441 1686 5478 a
1715 5425 1977 5478 daemone

327 5503 625 5564 liberatur.
678 5511 840 5576 Quod
890 5514 948 5566 et
980 5514 1115 5567 tunc
1147 5512 1384 5582 quidem
1417 5511 1729 5568 carnaliter
1760 5513 1976 5567 factum

327 5653 417 5730 αι
455 5651 760 5730 Voculam,
815 5656 922 5723 sui,
976 5653 1294 5730 restituunt
1341 5655 1523 5730 nostri
1572 5671 1712 5710 mss.
1747 5654 1980 5727 aliaque

325 5715 384 5775 id
414 5737 604 5793 genus
633 5715 849 5780 leviora
879 5715 1098 5796 passim
1132 5726 1290 5782 taciti
1323 5727 1703 5798 castigamus.

2149 4710 2333 4782 (Vers.
2364 4709 2480 4779 28.)
2535 4733 2555 4759 α
2592 4707 2652 4764 Si
2683 4712 2879 4765 autem
2910 4726 3014 4781 ego
3049 4709 3106 4764 in
3165 4707 3373 4780 spiritu
3406 4705 3506 4762 Dei
3553 4704 3721 4778 ejicio

2079 4800 2393 4856 daemones.
2430 4821 2457 4846 ››
2502 4799 2564 4853 In
2595 4797 2749 4854 Luca
2778 4797 2959 4855 istum
2989 4798 3183 4854 locum
3215 4797 3296 4852 ita
3323 4795 3610 4867 scriptum
3641 4793 3720 4850 le-

2077 4888 2274 4962 gimus
2308 4904 2320 4942 :
2375 4887 2435 4944 Si
2476 4892 2660 4944 autem
2704 4903 2797 4959 ego
2836 4890 2892 4942 in
2924 4887 3092 4958 digito
3122 4887 3220 4942 Dei
3248 4887 3409 4950 eiicio
3453 4884 3724 4941 daemones

2079 4978 2231 5047 (Luc.
2264 4994 2342 5043 x1,
2374 4977 2486 5046 20).
2537 4977 2650 5032 Iste
2683 4980 2773 5030 est
2801 4974 3020 5047 digitus
3059 4989 3235 5045 quem
3285 4973 3640 5029 conﬁtentur
3667 4973 3726 5027 et

2083 5065 2260 5137 Magi,
2287 5063 2388 5136 qui
2419 5068 2620 5120 contra
2649 5064 2883 5134 Moysen
2911 5067 2967 5117 et
2998 5064 3182 5118 Aaron
3213 5062 3382 5135 signa
3412 5060 3722 5126 faciebant,

2084 5155 2382 5210 dicentes:
2430 5154 2650 5226 Digitus
2683 5153 2774 5207 Dei
2803 5154 2881 5206 est
2909 5152 3012 5206 iste
3043 5151 3234 5224 (Exod.
3266 5169 3386 5218 vm,
3423 5149 3510 5221 19)
3545 5166 3558 5205 :
3609 5164 3725 5222 quo

2084 5242 2294 5300 tabula:
2346 5241 2584 5313 lapideas
2627 5241 2854 5311 scriptae
2886 5243 3025 5295 sunt
3055 5239 3113 5294 in
3149 5243 3344 5296 monte
3373 5239 3515 5295 Sina
3545 5239 3724 5308 (Deut.

2087 5333 2307 5400 1x,~10).
2356 5330 2411 5383 Si
2446 5329 2627 5399 igitur
2664 5345 2874 5383 manus
2927 5333 2986 5384 et
3030 5328 3334 5384 brachium
3370 5327 3492 5395 Dei,
3546 5325 3728 5382 Filius

2086 5425 2175 5476 est
2201 5439 2212 5488 ;
2247 5419 2544 5490 etdigitus
2569 5419 2697 5489 ejus
2728 5417 2982 5489 Spiritus
3015 5423 3274 5486 sanctus,
3309 5415 3517 5487 Patris,
3549 5419 3607 5470 et
3636 5414 3728 5470 Fi-

2089 5510 2170 5578 lii,
2221 5513 2276 5564 et
2313 5508 2566 5579 Spiritus
2598 5508 2778 5563 sancti
2815 5525 2930 5562 una
2961 5506 3293 5562 substantia
3321 5510 3410 5562 est
3441 5523 3454 5560 :
3509 5522 3623 5561 non
3675 5509 3730 5559 te

2106 5654 2180 5780 [θ’
2207 5653 2331 5779 Duo
2363 5667 2506 5706 mss.
2555 5650 2793 5706 divisum
2843 5653 3031 5705 contra
3074 5665 3129 5704 se
3173 5648 3556 5709 desolabitur;
3608 5646 3730 5712 alii,

2154 5740 2211 5780 so
2235 5729 2388 5780 atur.

2091 5729 2388 5782 (insolatur.
