4024 6196
328 295 407 358 83
1578 304 1642 363 S.
1693 301 2003 361 EUSEBII
2049 301 2496 362 HIEBONYMI
3659 309 3746 369 84

337 430 689 488 scandalizet
718 431 1115 487 membrorum
1149 431 1537 503 inaequalitas,
1568 450 1702 488 cum
1733 434 1974 488 aedificet
2003 435 2058 501 Α
2089 437 2145 487 et
2175 434 2382 488 fratres
2415 433 2684 505 habeam,
2736 433 3042 500 Jacobum,
3073 437 3131 489 et
3158 433 3396 508 Joseph,
3430 441 3487 492 et
3515 437 3740 510 Judam

338 523 533 575 unitas
582 521 863 593 corporis.
923 521 1162 595 «Igitur
1210 525 1471 594 pervenit
1512 523 1568 577 in
1601 540 1702 578 vos
1735 539 1981 594 regnum

335 610 458 666 Dei.
497 632 517 658 ι
577 609 675 666 Vel
725 611 986 683 seipsum
1035 611 1347 682 significat,
1380 612 1449 666 de
1481 629 1594 683 quo
1626 613 1683 666 in
1717 611 1828 666 alio
1859 611 1981 666 loco

336 698 622 770 scriptum
671 705 762 756 est
795 718 807 756 :
857 706 1105 771 Regnum
1133 701 1229 755 Dei
1257 702 1408 755 intra
1438 716 1528 754 vos
1559 709 1635 755 est
1661 704 1812 768 (Luc.
1845 717 1978 768 xvu,

334 789 426 858 21)
463 804 476 844 :
521 791 578 842 et
611 805 624 842 :
675 789 886 846 Medius
916 792 1020 843 stat
1054 791 1198 844 inter
1225 805 1339 859 vos,
1373 805 1529 858 quem
1556 789 1774 843 nescitis
1803 790 1979 858 (Joan.

338 895 376 945 ι,
407 877 501 948 26)
535 894 548 932 :
597 877 683 934 vel
733 883 888 934 certe
917 877 1063 933 illud
1095 893 1342 948 regnum
1375 878 1529 949 quod
1563 881 1619 933 et
1646 878 1897 932 Joannes
1927 882 1984 931 et

331 965 460 1038 ipse
489 966 774 1023 Dominus
823 967 1322 1038 praedicaverunt:
1380 968 1767 1022 Paenitentiam
1813 968 1979 1035 agite,

332 1056 795 1126 appropinquavit
847 1057 997 1118 enim
1040 1072 1277 1124 regnum
1323 1056 1581 1110 calorum
1627 1055 1838 1124 (Matth.
1896 1073 1979 1123 III,

331 1143 408 1215 2).
442 1144 545 1198 Est
573 1148 630 1198 et
658 1144 896 1199 tertium
934 1160 1181 1216 regnum
1215 1144 1526 1216 Scriptura:
1557 1148 1794 1213 sanctae,
1827 1144 1982 1215 quod

334 1233 597 1288 aufertur
617 1250 651 1287 a
671 1233 909 1301 ludatis,
939 1238 994 1288 et
1022 1234 1286 1289 tradetur
1305 1233 1462 1305 genti
1496 1232 1726 1288 facienti
1756 1232 1982 1287 fructus

334 1322 462 1392 ejus
492 1321 700 1391 (Matth.
732 1338 848 1392 xxx,
881 1323 993 1390 43).

403 1410 590 1480 (Vers.
625 1411 737 1481 29.)
792 1415 911 1466 Aut
965 1412 1258 1482 quomodo
1306 1414 1499 1481 potest
1544 1411 1860 1482 quisquam
1893 1410 1980 1464 in-

336 1503 491 1554 trare
518 1499 578 1553 in
610 1499 853 1555 domum
885 1499 1073 1564 fortis,
1102 1507 1158 1553 et
1188 1515 1325 1554 vasa
1368 1499 1496 1569 ejus
1543 1499 1812 1570 diripere,
1869 1499 1983 1559 nisi

329 1586 497 1659 prius
528 1587 854 1660 alligaverit
884 1588 1114 1654 fortem,
1149 1591 1204 1642 et
1232 1592 1372 1642 tunc
1395 1589 1639 1642 domum
1664 1586 1825 1642 illius
1845 1587 1981 1642 diri-

331 1676 504 1748 piet?
542 1697 571 1726 »
623 1675 748 1730 Non
796 1676 1079 1731 debemus
1136 1691 1264 1731 esse
1321 1675 1561 1731 securi:
1613 1675 1984 1731 adversarius

331 1768 530 1821 nester
574 1764 762 1831 fortis,
810 1763 1046 1820 victoris
1091 1781 1324 1836 quoque
1352 1765 1590 1820 vocibus
1639 1765 1982 1836 comproba-

332 1857 450 1910 tur.
486 1858 705 1908 Domus
737 1852 896 1909 illius
929 1855 1208 1918 mundus,
1245 1854 1344 1925 qui
1375 1854 1432 1908 in
1468 1853 1724 1926 maligno
1755 1853 1979 1926 positus

335 1947 426 1999 est
473 1943 520 2014 (Ι
563 1944 720 1999 Joan.
772 1959 827 2007 ν,
880 1943 988 2010 19),
1044 1958 1159 1997 non
1213 1943 1489 1998 creatoris
1540 1942 1844 2015 dignitate,
1878 1943 1979 1998 sed

336 2030 744 2103 magnitudine
770 2030 1188 2102 delinquentis.
1214 2031 1368 2086 Vasa
1389 2034 1519 2102 ejus
1548 2047 1657 2086 nos
1680 2031 1978 2102 quondam

335 2119 578 2176 fuimus.
632 2119 921 2190 Alligatus
970 2124 1058 2174 est
1097 2119 1283 2184 fortis,
1316 2124 1374 2174 et
1402 2119 1680 2192 religatus
1708 2119 1767 2173 in
1799 2123 1982 2175 tarta-

334 2227 488 2277 rum,
519 2213 576 2266 et
621 2209 852 2264 Domini
900 2209 1188 2264 contritus
1237 2210 1383 2281 pede
1432 2214 1490 2264 et
1538 2208 1780 2281 direptis
1824 2209 1977 2265 sedi-

332 2299 444 2354 bus
477 2297 724 2371 tyranni,
759 2297 986 2369 captiva
1015 2299 1192 2354 ducta
1219 2302 1308 2354 est
1337 2299 1661 2370 captivitas.

401 2391 590 2456 (Vers.
650 2388 738 2456 30,
791 2388 904 2455 31.)
958 2386 1124 2452 «Qui
1174 2403 1289 2442 non
1339 2391 1428 2442 est
1474 2403 1728 2458 mecum,
1775 2391 1975 2442 contra

331 2491 425 2532 me
472 2479 604 2530 est:
659 2480 718 2530 et
767 2475 868 2546 qui
915 2492 1032 2531 non
1080 2480 1394 2547 congregat
1443 2491 1696 2546 mecum,
1728 2475 1970 2548 spargit.

330 2563 466 2626 Ideo
498 2563 625 2620 dico
664 2563 876 2620 vobis:
929 2580 1101 2620 omne
1151 2568 1454 2636 peccatum
1503 2569 1561 2620 et
1608 2563 1976 2635 blasphemia

327 2652 660 2709 remittetur
689 2652 1029 2709 hominibus
1053 2670 1065 2708 :
1100 2653 1346 2724 spiritus
1374 2657 1572 2708 autem
1593 2652 1973 2725 blasphemiae

329 2757 448 2799 non
480 2741 829 2799 remittetur.
855 2766 878 2795 ι
915 2742 1041 2798 Non
1072 2746 1238 2813 put-et
1268 2742 1376 2797 hoc
1409 2742 1724 2813 quisquam
1757 2743 1827 2796 de
1857 2742 1972 2797 haz-

331 2829 528 2888 reticis
574 2831 799 2892 dictum
847 2835 904 2886 et
950 2829 1343 2886 schismaticis
1376 2831 1469 2887 81
1516 2833 1874 2901 (quanquam
1918 2835 1976 2886 et

327 2919 412 2979 ita
440 2935 509 2975 ex
537 2921 832 2992 superﬂuo
862 2920 1048 2992 possit
1076 2919 1367 2992 intelligi),
1392 2921 1493 2975 sed
1523 2937 1591 2974 ex
1620 2935 1976 2991 consequen-

327 3009 486 3065 tibus
519 3013 795 3082 textuque
825 3008 1112 3066 sermonis
1143 3011 1214 3064 ad
1249 3007 1548 3064 diabolum
1580 3008 1862 3064 refertur:
1907 3025 1972 3064 eo

329 3099 485 3168 quod
517 3114 632 3154 non
664 3098 893 3169 possint
922 3115 1098 3169 opera
1136 3097 1449 3154 Salvatoris
1480 3096 1800 3153 Beelzebub
1831 3114 1974 3170 ope-

2093 522 2279 592 (Marc.
2312 539 2388 587 v1,
2422 523 2476 594 3)
2503 541 2515 590 ;
2551 527 2608 578 et
2637 522 2812 578 homo
2842 527 3089 591 vorator,
3123 527 3180 578 et
3209 523 3328 578 vini
3360 529 3589 596 potator
3631 527 3748 584 sim

2091 610 2316 678 (Matth.
2370 627 2446 680 x1,
2508 611 2618 681 19),
2673 611 2808 666 talis
2855 611 3053 683 opinio
3094 615 3269 683 atque
3312 611 3745 685 blasphemia‘,

2091 715 2429 769 quanquam
2461 700 2634 770 culpa
2666 717 2780 755 non
2816 705 3007 755 careat
3039 701 3270 768 erroris,
3305 705 3499 756 tamen
3532 686 3750 760 habeat

2090 787 2319 842 veniam
2351 794 2589 860 pr0pter
2621 788 2882 860 corporis
2910 788 3215 844 vilitatem.
3250 791 3358 856 Qui
3390 795 3587 864 autem
3618 809 3747 848 ma-

2092 876 2299 932 nifeste
2331 876 2668 949 intelligens
2691 880 2707 913 ί
2768 894 2943 950 opera
2980 878 3102 942 Dei,
3135 894 3268 933 cum
3299 879 3369 934 de
3398 879 3609 936 virtute
3639 898 3747 937 ne-

2091 981 2230 1036 gare
2279 981 2394 1020 non
2454 966 2664 1038 possit,
2715 967 2917 1022 eadem
2974 967 3313 1023 stimulatus
3362 967 3598 1037 invidia,
3650 987 3748 1026 ca-

2091 1052 2419 1108 lumniatur
2445 1072 2458 1121 ;
2504 1060 2561 1110 et
2589 1055 2890 1112 Christum
2921 1055 3139 1126 Deique
3167 1055 3446 1124 Verbum,
3478 1061 3535 1131 et
3564 1073 3743 1130 opera

2093 1141 2347 1214 Spiritus
2379 1144 2566 1198 sancti
2603 1145 2743 1199 dicit
2775 1161 2901 1201 esse
2931 1133 3254 1201 Beelzebub
3288 1162 3300 1199 :
3353 1145 3454 1202 isti
3483 1164 3599 1204 non
3648 1148 3744 1204 di-

2092 1231 2357 1287 mittetur
2379 1249 2567 1304 neque
2601 1233 2659 1287 in
2685 1234 2953 1304 praesenti
2979 1234 3212 1302 saeculo,
3235 1250 3423 1306 neque
3441 1235 3500 1290 in
3522 1237 3744 1306 futuro.

2164 1320 2352 1390 (Vers.
2387 1322 2503 1392 33.)
2545 1345 2573 1371 ‹‹
2607 1326 2725 1377 Aut
2756 1323 2925 1378 facite
2955 1323 3222 1378 arborem
3269 1324 3504 1396 bonam,
3537 1329 3593 1379 et
3621 1326 3748 1380 fru-

2091 1412 2252 1463 ctum
2281 1410 2410 1480 ejus
2440 1411 2662 1466 bonum
2694 1429 2706 1466 :
2759 1417 2862 1466 aut
2907 1411 3077 1467 facite
3118 1413 3384 1468 arborem
3416 1411 3655 1485 malam,
3689 1411 3752 1471 et

2092 1496 2347 1552 fructum
2399 1499 2528 1569 ejus
2580 1499 2826 1556 malum.
2878 1499 3178 1571 Siquidem
3229 1517 3298 1556 ex
3343 1500 3534 1557 fructu
3574 1502 3752 1560 arbor

2092 1586 2448 1657 agnoscitur.
2483 1609 2512 1636 »
2573 1587 2934 1661 Constringit
2990 1606 3088 1644 eos
3145 1588 3506 1662 syllogismo,
3568 1607 3748 1663 quem

2091 1675 2268 1730 Graci
2301 1676 2510 1732 vocant
2540 1673 2795 1753 ἄφυκτον,
2830 1678 2929 1734 82
2961 1695 3069 1733 nos
3123 1679 3497 1734 inevitabilem
3535 1696 3746 1752 possu-

2093 1781 2226 1821 mus
2256 1765 2582 1837 appellare:
2620 1766 2720 1837 qui
2753 1766 3142 1838 interrogatos
3179 1766 3316 1821 hinc
3349 1767 3484 1822 inde
3515 1767 3752 1823 conclu-

2093 1853 2198 1920 dit,
2231 1859 2288 1908 et
2317 1859 2569 1926 utroque
2601 1871 2782 1910 cornu
2816 1855 3048 1928 premit.
3101 1855 3181 1921 Si,
3214 1855 3426 1927 inquit,
3477 1855 3751 1913 diabolus

2091 1941 2285 1996 malus
2315 1947 2422 2011 est,
2457 1944 2611 1998 bona
2641 1959 2815 2014 opera
2846 1943 3033 1998 facere
3064 1959 3179 1998 non
3211 1947 3422 2015 potest.
3455 1944 3511 1999 Si
3543 1948 3746 2020 autem

2091 2029 2240 2085 bona
2272 2035 2410 2086 sunt
2439 2047 2566 2101 quae
2597 2032 2751 2086 facta
2781 2032 3038 2098 cernitis,
3082 2032 3354 2103 sequitur
3392 2037 3457 2087 ut
3503 2023 3642 2088 noni
3669 2035 3754 2107 sit

2089 2117 2358 2174 diabolus
2393 2119 2492 2191 qui
2524 2137 2591 2176 ea
2621 2120 2776 2175 facit.
2831 2121 3031 2191 Neque
3075 2121 3231 2176 enim
3276 2120 3402 2176 ﬁeri
3433 2125 3644 2192 potest,
3680 2127 3751 2178 ut

2087 2223 2155 2261 ex
2186 2207 2338 2262 malo
2368 2208 2611 2278 bonum,
2638 2213 2740 2264 aut
2768 2225 2837 2264 ex
2866 2208 3016 2265 bono
3041 2209 3264 2264 oriatur
3293 2208 3536 2265 malum.
3569 2210 3736 2274 Quod

2087 2302 2281 2353 autem
2313 2297 2582 2368 sequitur
2613 2315 2626 2351 :

2157 2385 2340 2457 (Vers.
2401 2387 2515 2458 34.)
2575 2409 2604 2436 ‹‹
2650 2386 2962 2458 Progenies
3018 2385 3371 2458 viperarum,
3433 2388 3734 2459 quomodo

2084 2476 2329 2545 potestis
2361 2475 2512 2530 bona
2541 2474 2704 2547 loqui
2726 2492 2860 2530 cum
2894 2475 3022 2531 sitis
3052 2475 3238 2533 mali?
3267 2477 3349 2531 Ex
3368 2476 3735 2534 abundantia

2083 2563 2239 2618 enim
2271 2564 2463 2620 cordis
2492 2581 2556 2620 os
2586 2563 2865 2636 loquitur.
2903 2587 2931 2614 »
2984 2565 3252 2621 Ostendit
3290 2563 3420 2622 illos
3458 2566 3729 2622 arborem

2083 2651 2321 2720 malam,
2354 2658 2409 2708 et
2438 2653 2585 2709 tales
2615 2654 2819 2709 afferre
2852 2654 3075 2710 fructus
3104 2652 3482 2725 blasphemiae
3514 2655 3734 2710 redunv

2082 2740 2287 2796 dantes
2335 2742 2441 2812 [Αι.
2479 2740 2914 2812 redundantis],
2964 2741 3163 2814 qualia
3207 2741 3462 2799 habeant
3503 2743 3734 2800 semina

2083 2825 2319 2882 diaboli.

2155 2916 2338 2985 (Vers.
2367 2918 2481 2985 35.)
2515 2939 2542 2967 «
2570 2917 2769 2973 Bonus
2800 2917 2976 2974 homo
3009 2918 3081 2974 de
3111 2918 3262 2974 bono
3291 2918 3566 2976 thesauro
3597 2937 3736 2994 pro-

2082 3004 2193 3059 fert
2240 3005 2412 3060 bona.
2462 3007 2531 3061 Et
2571 3005 2763 3061 malus
2793 3006 2968 3062 homo
3001 3007 3071 3062 de
3104 3007 3257 3062 malo
3287 3007 3562 3064 thesauro
3593 3026 3736 3080 pro-

2084 3093 2194 3148 fert
2223 3093 2398 3150 mala.
2436 3117 2465 3144 »
2518 3095 2620 3151 Vel
2652 3095 2812 3167 ipsos
2843 3096 3080 3151 Judaeos
3111 3096 3424 3150 Dominum
3455 3095 3735 3169 blasphe-

329 3183 495 3246 ribus
517 3168 865 3255 comparari.
897 3168 997 3239 Ille
1017 3185 1179 3256 cupit
1198 3186 1428 3242 animas
1449 3185 1757 3242 hominum
1781 3168 1978 3242 ten—ere
2008 3168 2051 3235 Ο
2089 3186 2316 3239 mantes
2364 3185 2620 3240 ostendit
2665 3185 2737 3240 de
2792 3183 2952 3256 quali
3002 3184 3278 3241 thesauro
3329 3168 3736 3257 blasphemiae

329 3271 626 3342 captivas;
679 3271 964 3328 Dominus
1010 3271 1275 3328 liberare.
1329 3273 1427 3328 Ille
1475 3274 1751 3343 praadicat
1778 3275 1972 3341 idola;

329 3359 426 3424 hic
457 3359 634 3416 unius
664 3359 765 3417 Dei
798 3358 1090 3416 notitiam.
1123 3359 1224 3415 Ille
1253 3359 1435 3415 trahit
1463 3360 1534 3415 ad
1565 3360 1704 3415 vitia
1731 3378 1744 3415 :
1779 3361 1871 3416 hic
1902 3363 1975 3417 ad

327 3448 572 3505 virtutes
619 3451 866 3526 revocat.
918 3448 1218 3513 Quomodo
1269 3463 1405 3518 ergo
1456 3452 1704 3518 possunt
1731 3449 1884 3504 inter
1913 3465 1975 3505 se

329 3537 542 3594 habere
571 3537 963 3609 concordiam,
995 3553 1248 3608 quorum
1279 3553 1456 3609 opera
1493 3536 1681 3593 divisa
1729 3538 1836 3608 [Αἰ.
1887 3537 1972 3592 di-

329 3627 517 3698 versa]
549 3626 734 3682 sunt?

403 3714 592 3784 (Vers.
616 3715 731 3786 32.)
765 3737 792 3766 «
817 3716 886 3770 Et
915 3715 1251 3787 quicunque
1277 3715 1486 3770 dixerit
1507 3715 1750 3770 verbum
1777 3718 1976 3771 contra

331 3801 546 3860 Filium
578 3803 856 3875 hominis,
889 3804 1217 3860 remittetur
1260 3804 1310 3860 ei
1346 3821 1361 3860 :
1413 3804 1511 3876 qui
1542 3809 1739 3860 autem
1771 3803 1978 3861 dixerit

333 3895 537 3948 contra
555 3893 839 3966 Spiritum
863 3897 1154 3964 sanctum,
1180 3909 1292 3949 non
1323 3894 1652 3949 remittetur
1682 3893 1755 3964 ei,
1788 3910 1977 3966 neque

333 3982 394 4038 in
425 3981 537 4039 hoc
568 3982 800 4054 saeculo,
826 3999 1013 4055 neque
1045 3983 1104 4038 in
1134 3983 1350 4038 futuro.
1376 4007 1398 4035 ι
1437 3983 1505 4038 Et
1525 3983 1815 4054 quomodo
1847 3982 1976 4054 qui-

333 4071 468 4129 dam
519 4076 852 4128 nostrorum
901 4072 1204 4144 episcopos
1245 4075 1420 4142 atque
1451 4071 1816 4142 presbyteros
1847 4076 1979 4142 post

332 4160 761 4238 blasphemiam
813 4162 1064 4234 Spiritus
1113 4161 1327 4232 sancti,
1371 4159 1431 4216 in
1481 4176 1656 4215 suum
1697 4160 1980 4232 recipiant

333 4251 605 4324 gradum,
637 4268 773 4309 cum
822 4251 1081 4308 Salvator
1129 4251 1303 4316 dicat,
1349 4265 1520 4305 omne
1571 4254 1874 4324 peccatum
1923 4254 1982 4304 et

329 4337 763 4409 blasphemiam
786 4340 1002 4396 dimitti
1024 4341 1397 4396 hominibus:
1423 4339 1524 4410 qui
1551 4342 1746 4394 autem
1769 4338 1826 4392 in
1850 4337 1977 4409 Spi-

335 4424 513 4482 ritum
547 4433 815 4483 sanctum
857 4427 1369 4500 blasphemaverit,
1404 4445 1518 4483 non
1551 4425 1767 4482 dimitti
1799 4427 1848 4481 ei
1879 4443 1975 4481 ne-

2085 3272 2400 3342 proferant,
2439 3272 2528 3328 vel
2558 3289 2693 3327 cum
2726 3272 3011 3343 superiori
3040 3272 3360 3344 quastione
3389 3273 3569 3330 haeret
3598 3290 3734 3330 sen-

2081 3359 2282 3428 tentia,
2307 3361 2462 3431 quod
2496 3362 2788 3432 quomodo
2811 3378 2926 3417 non
2958 3362 3148 3433 possit
3175 3363 3362 3417 bonus
3392 3362 3567 3418 homo
3601 3378 3734 3434 pro-

2083 3447 2230 3503 ferre
2262 3448 2437 3514 mala,
2482 3466 2588 3505 nec
2620 3449 2813 3505 malus
2845 3451 2998 3506 bona
3028 3467 3040 3504 :
3090 3451 3174 3506 sic
3205 3468 3322 3506 non
3355 3451 3542 3523 possit
3570 3451 3737 3507 Chri-

2084 3539 2210 3592 stus
2242 3538 2417 3604 mala,
2450 3541 2508 3594 et
2536 3537 2806 3595 diabolus
2843 3539 2994 3594 bona
3023 3555 3200 3611 opera
3230 3540 3438 3596 facere.

2153 3624 2339 3695 (Vers.
2387 3627 2476 3692 36,
2531 3626 2644 3697 37.)
2693 3649 2721 3676 «
2755 3626 2892 3684 Dico
2949 3632 3145 3684 autem
3204 3627 3389 3695 vobis,
3443 3629 3727 3700 quoniam

2085 3729 2256 3769 omne
2285 3715 2528 3770 verbum
2560 3716 2836 3783 otiosum,
2888 3717 3043 3788 quod
3076 3716 3253 3773 locuti
3294 3717 3513 3772 fuerint
3542 3717 3736 3774 homi-

2084 3819 2209 3868 nes,
2260 3803 2502 3859 reddent
2549 3805 2835 3860 rationem
2883 3807 2954 3862 de
3002 3823 3068 3862 eo
3121 3807 3180 3860 in
3230 3805 3324 3861 die
3364 3805 3598 3876 judicii.
3651 3807 3740 3862 Ex

2084 3891 2278 3948 verbis
2325 3892 2480 3949 enim
2530 3894 2648 3951 tuis
2687 3893 3132 3965 justiﬁcaberis,
3164 3899 3221 3950 et
3269 3910 3336 3950 ex
3377 3893 3570 3950 verbis
3610 3895 3736 3952 tuis

2086 3983 2590 4039 condemnaberis.
2618 4007 2646 4032 ››
2676 3988 2798 4040 Hoc
2831 4001 3064 4057 quoque
3093 3984 3275 4040 haeret
3307 4001 3440 4039 cum
3472 3984 3740 4058 superio-

2086 4071 2269 4127 ribus.
2323 4072 2386 4126 Et
2437 4078 2526 4127 est
2573 4089 2828 4128 sensus:
2890 4074 2950 4128 Si
2980 4073 3234 4129 otiosum
3279 4073 3542 4142 verbum,
3578 4072 3737 4144 quod.

2087 4176 2460 4231 nequaquam
2492 4161 2738 4216 aedificat
2771 4161 3097 4232 audientes,
3124 4179 3236 4218 non
3271 4167 3360 4218 est
3387 4162 3608 4234 absque
3639 4177 3740 4235 pe-

2087 4247 2270 4303 riculo
2301 4249 2430 4319 ejus
2452 4249 2550 4320 qui
2575 4248 2858 4320 loquitur,
2883 4255 2939 4306 et
2957 4250 3016 4305 in
3041 4250 3133 4305 die
3157 4251 3369 4321 judicii
3398 4249 3738 4306 redditurus

2087 4342 2174 4392 est
2230 4338 2640 4409 unusquisque
2696 4339 2980 4394 rationem
3039 4355 3378 4395 sermonum
3434 4355 3735 4396 suorum:

2090 4431 2308 4498 quanto
2341 4427 2530 4498 magis
2560 4443 2681 4495 vos,
2706 4427 2806 4499 qui
2830 4444 3005 4499 opera
3025 4429 3277 4498 Spiritus
3304 4429 3489 4484 sancti
3521 4429 3736 4485 calum-

335 4529 448 4586 que
481 4514 539 4569 in
573 4517 843 4587 prmsenti
881 4520 1163 4588 tempore,
1215 4533 1406 4587 neque
1452 4517 1511 4570 in
1560 4517 1757 4571 futuro
1783 4515 1809 4569 ?
1856 4514 1978 4571 Nisi
2010 4538 2055 4602 Β
2093 4515 2358 4584 niamini,
2390 4520 2447 4571 et
2475 4514 2666 4570 dicitis
2717 4532 2810 4570 me
2856 4518 2915 4570 in
2965 4515 3284 4572 Beelzebub
3324 4517 3590 4589 principe
3617 4518 3738 4573 da-

335 4604 481 4660 forte
512 4604 655 4660 illud
687 4606 758 4661 de
787 4605 978 4662 Marco
1022 4604 1378 4678 evangelista
1426 4622 1734 4660 sumamus
1787 4621 1978 4660 exem-

335 4693 524 4765 plum,
559 4694 658 4768 qui
700 4712 909 4752 causas
940 4699 1112 4750 tantae
1144 4695 1241 4750 irae
1274 4694 1644 4750 manifestius
1675 4693 1977 4765 expressit,

335 4781 581 4840 dicens:
637 4787 778 4854 Quia
805 4785 1074 4855 dicebant,
1119 4784 1377 4856 spiritum
1429 4783 1773 4838 imm-undam
1823 4781 1983 4838 habet

337 4870 528 4941 (Marc.
561 4892 648 4940 ιιι,
692 4876 804 4946 22).
856 4875 1006 4947 Ergo
1057 4872 1395 4945 quicunque
1443 4887 1616 4942 opera
1667 4870 1981 4927 Salvatoris

335 4959 657 5024 Beelzebub
686 4963 935 5036 principi
966 4961 1388 5020 daemoniorum
1419 4960 1747 5032 deputarit;
1798 4965 1856 5016 et
1893 4959 1978 5016 di-

333 5051 483 5114 xerit
509 5051 722 5110 Filium
746 5052 847 5110 Dei
871 5053 1082 5108 habere
1104 5051 1376 5124 spiritum
1410 5049 1809 5116 immundum,
1844 5049 1980 5105 huic

333 5141 494 5198 nullo
526 5145 786 5214 tempore
817 5141 1183 5214 blasphemia
1213 5141 1563 5198 remittetur.
1587 5138 1688 5194 Vel
1711 5139 1792 5194 ita
1816 5138 1982 5196 locus

334 5232 444 5289 iste
476 5231 896 5305 intelligendus
944 5237 1031 5288 est
1066 5257 1079 5288 :
1133 5231 1240 5296 Qui
1268 5231 1511 5287 verbum
1545 5227 1753 5284 dixerit
1782 5234 1983 5284 contra

335 5321 546 5377 Filium
597 5321 876 5390 hominis,
930 5320 1355 5376 scandalizatus
1403 5334 1574 5375 carne
1607 5333 1757 5381 mea,
1804 5322 1859 5372 et
1890 5335 1982 5373 me

336 5410 637 5468 hominem
665 5415 897 5468 tantum
947 5411 1256 5480 arbitrans,
1290 5410 1442 5480 quod
1476 5407 1634 5463 filius
1665 5406 1776 5462 sim
1809 5406 1979 5474 fabri,

410 5555 784 5625 *chebatur
840 5558 1027 5610 antea.
1090 5553 1540 5625 ()piniogabsque
1596 5549 1979 5625 blasphemia:

410 5573 425 5591 ι
462 5573 532 5610 L0
577 5573 784 5611 enatur
840 5573 1027 5610 antea.
1090 5573 1284 5625 Upznw
1339 5573 1540 5623 uosque
1596 5573 1932 5622 υιίιδμιιωιιῐα
1961 5573 1979 5604 .-

337 5643 468 5698 quae
498 5573 644 5684 fallsa
670 5625 842 5685 lectio
871 5625 995 5683 visa
1027 5630 1132 5696 est,
1160 5623 1411 5681 maxime
1443 5623 1659 5680 nostris
1688 5621 1980 5679 contradi-

2092 4604 2422 4660 moniorum
2467 4605 2676 4675 ejicere
2725 4604 3027 4674 daemonia,
3070 4603 3356 4659 reddituri
3386 4605 3529 4660 estis
3561 4605 3737 4662 ratio-

2090 4711 2224 4749 nem
2257 4692 2563 4749 calumniae
2592 4695 2830 4749 vestraa!
2869 4693 3135 4748 Otiosum
3162 4693 3402 4748 verbum
3435 4697 3544 4759 est,
3579 4695 3740 4765 quod

2090 4784 2217 4839 sine
2264 4783 2518 4839 utilitate
2563 4783 2856 4854 loquentis
2909 4781 3123 4838 dicitur
3171 4787 3228 4837 et
3289 4780 3633 4836 audientis:
3687 4783 3742 4854 si

2092 4870 2330 4926 omissis
2378 4870 2568 4935 seriis,
2620 4871 2690 4927 de
2730 4870 2904 4927 rebus
2944 4869 3168 4926 frivolis
3198 4870 3531 4943 loquamur,
3565 4873 3622 4924 et
3653 4868 3738 4926 fa-

2090 4959 2260 5016 bulas
2311 4977 2615 5016 narremus
2666 4959 2958 5032 antiquas.
3009 4959 3292 5016 Casterum
3338 4959 3440 5032 qui
3470 4958 3744 5015 scurrilia

2090 5049 2350 5120 replicat,
2405 5053 2462 5104 et
2509 5047 2812 5105 cachinnis
2843 5067 2943 5105 ora
2973 5048 3239 5106 dissolvit
3267 5053 3324 5105 et
3354 5048 3575 5121 aliquid
3605 5063 3740 5119 pro‘

2090 5139 2199 5193 fert
2249 5137 2656 5209 turpitudinis,
2708 5137 2802 5195 hic
2846 5156 2961 5194 non
2994 5139 3166 5195 otiosi
3198 5138 3376 5207 verbi,
3411 5137 3511 5194 sed
3543 5136 3739 5194 crimi-

2090 5228 2217 5283 nosi
2252 5228 2548 5283 tenebitur
2576 5244 2729 5283 reus.
3660 5299 3662 5302 ν

2163 5317 2347 5388 (Vers.
2397 5317 2513 5388 38.)
2563 5339 2589 5367 ‹‹
2624 5319 2789 5373 Tunc
2818 5320 3246 5391 responderunt
3282 5318 3334 5373 ei
3378 5315 3619 5388 quidam
3671 5317 3742 5372 de

2091 5407 2310 5462 Scribis
2343 5412 2399 5463 et
2428 5407 2757 5478 Pharisaeis,
2808 5408 3068 5465 dicentes
3095 5425 3107 5464 :
3140 5407 3435 5480 Magister,
3466 5403 3741 5462 volumus

2089 5550 2357 5678 cintibus
2394 5568 2536 5607 mss.
2571 5567 2822 5620 quorum
2854 5568 2962 5622 ope
2992 5552 3384 5619 restituimus,
3425 5556 3587 5624 atque
3635 5566 3738 5622 pro

2091 5639 2123 5678 a
2162 5638 2312 5678 saue.

2091 5638 2312 5692 aesque.
