4024 6196
316 363 400 424 86
876 355 1392 418 COMMENTAR.
1440 356 1520 416 IN
1566 353 1954 416 EVANGELI

2069 354 2082 414 l
2128 352 2511 414 ΜΑΤἸἮιΕΙ
2557 353 2706 413 LIB.
2750 354 2827 413 ll.
2876 354 3046 413 CAP.
3096 351 3227 414 XII.
3643 351 3723 410 86

318 509 357 550 a
384 497 441 549 te
471 489 710 565 signum
738 489 955 547 videre.
989 510 1017 539 ››
1049 487 1144 544 Sic
1184 487 1417 561 signum
1442 487 1760 560 postulant,
1793 487 1963 559 quasi
1993 487 2047 554 Α
2075 487 2175 553 (ΙΙΙ
2200 488 2325 556 Reg.
2358 503 2415 553 x,
2448 487 2474 540 1
2506 501 2675 557 seqq.;
2707 485 2757 541 ΙΙ
2786 485 3067 555 Paral.x1,
3096 486 3123 539 1
3172 485 3343 559 seqq.)
3378 502 3390 540 :
3442 501 3570 556 quis
3618 500 3723 556 per

317 598 450 655 qua
480 580 773 646 viderant,
802 578 975 651 signa
1002 594 1118 634 non
1151 578 1385 633 fuerint.
1420 577 1532 633 Sed
1562 576 1623 632 in
1655 576 1769 633 alio
1800 593 1967 632 evan-

317 671 530 745 gelista
575 668 719 742 quid
778 670 981 741 petant
1024 665 1258 739 plenius
1305 666 1671 737 explicatur:
1709 666 1967 721 Volumus

319 761 426 825 88
454 776 489 815 a
518 760 810 828 tesignum
839 756 1022 813 videre
1051 756 1117 811 de
1144 755 1275 811 cwlo
1306 755 1511 827 (Marc.
1561 772 1682 819 vur,
1755 755 1831 821 1).
1863 752 1967 809 Vel

317 850 381 909 in
411 864 635 906 morem
667 847 802 903 Eliae
831 846 1029 918 ignem
1060 845 1131 900 de
1158 842 1400 900 sublimi
1429 844 1625 900 venire
1655 843 1969 921 cupiebant

319 938 433 1011 (ΙΙΙ
465 939 595 1007 Reg.
624 953 784 1003 xmi,
810 935 927 1006 38),
957 934 1047 991 vel
1078 934 1137 989 in
1169 933 1620 990 similitudinem
1652 932 1964 999 Samuelis,

310 1032 587 1100 tempore
612 1023 807 1081 astivo
839 1026 1043 1079 contra
1073 1025 1345 1079 naturam
1376 1020 1489 1077 loci
1538 1023 1554 1056 ί
1605 1021 1836 1093 mugire
1885 1024 1968 1076 to-

321 1113 543 1183 nitrua,
575 1128 878 1171 coruscare
908 1110 1164 1184 fulgura,
1195 1109 1415 1166 imbres
1445 1126 1613 1166 ruere
1644 1112 1693 1182 (Ι
1710 1114 1839 1181 Reg.
1862 1126 1964 1174 x11,

322 1204 436 1274 18),
450 1203 625 1275 quasi
655 1219 769 1259 non
804 1201 1032 1274 possint
1058 1204 1117 1255 et
1144 1198 1249 1255 illa
1289 1199 1658 1269 calumniari,
1690 1203 1747 1254 et
1776 1198 1967 1253 dicere

315 1309 387 1353 ex
415 1291 661 1350 occultis
706 1296 764 1347 et
808 1288 986 1346 variis
1033 1289 1185 1346 aeris
1235 1288 1615 1362 paesionibus
1662 1287 1961 1343 accidisse.

314 1381 467 1461 Nam
493 1378 1011 1461 qui__calumniaris
1036 1395 1104 1434 ea
1154 1394 1282 1461 qua;
1328 1377 1516 1461 oculis
1564 1377 1964 1461 vides‘,_manu

316 1447 781 1520 tenes,'utilitate
813 1450 996 1508 sentis
1031 1467 1044 1505 :
1077 1447 1219 1521 quid
1249 1449 1510 1506 facturus
1540 1465 1602 1504 es
1624 1450 1695 1504 de
1721 1447 1814 1504 his
1837 1464 1964 1519 quas

316 1542 392 1598 de
421 1540 563 1598 ccelo
592 1540 857 1597 venerint
883 1539 912 1594 ?
942 1537 1157 1609 Utique
1209 1537 1613 1610 respondebis,
1665 1540 1722 1593 et
1759 1552 1964 1609 magos

312 1630 373 1689 in
402 1630 648 1704 Egypto
678 1628 866 1687 multa
893 1628 1063 1701 signa
1092 1625 1299 1683 fecisse
1329 1627 1401 1682 de
1449 1625 1593 1683 ccslo
1637 1626 1831 1698 (Exod.
1860 1642 1962 1696 vu,

319 1720 407 1791 12,
438 1719 557 1791 22).

269 1793 277 1800 ’
384 1807 573 1880 (Vere.
598 1810 720 1875 29.)
749 1829 777 1860 α
808 1809 917 1874 Qui
946 1808 1330 1881 respondens,
1375 1804 1457 1861 ait
1511 1803 1629 1859 illis
1664 1820 1678 1859 :
1712 1804 1961 1859 Genera-

308 1896 393 1955 tio
424 1896 582 1954 mala
622 1900 679 1955 et
733 1896 1016 1955 adultera.
1072 1920 1100 1947 »
1149 1894 1390 1968 Egregie
1445 1893 1589 1949 dixit
1645 1891 1959 1949 adultera:

309 1985 416 2059 qui
446 1985 752 2043 dimiserat
778 1986 999 2053 virum,
1031 1989 1089 2042 et
1121 1987 1291 2058 juxta
1327 1981 1707 2048 Ezechielem,
1760 1979 1961 2036 multis

307 2091 373 2133 se
392 2075 761 2141 amatoribus
792 2074 1165 2147 copulaverat
1194 2073 1412 2146 (Ezech.
1438 2088 1552 2138 XVI,
1584 2071 1697 2142 26).

380 2163 570 2231 (Vere.
603 2162 718 2231 40.)
752 2186 780 2214 ‹‹
814 2161 1061 2235 Signum
1092 2162 1321 2235 quaerit,
1354 2163 1412 2216 et
1449 2160 1684 2232 signum
1719 2176 1833 2219 non
1858 2160 1959 2214 da-

304 2252 470 2309 bitur
497 2252 570 2320 ei,
604 2251 720 2307 nisi
750 2252 987 2324 signum
1026 2251 1188 2307 Jonas
1232 2249 1546 2322 prophetae.
1595 2249 1758 2304 Sicut
1802 2247 1958 2303 enim

305 2340 421 2396 fuit
445 2340 628 2397 Jonas
658 2339 721 2394 in
750 2343 949 2395 ventre
979 2338 1091 2394 ceti
1121 2337 1313 2393 tribus
1343 2337 1555 2393 diebus
1574 2339 1633 2393 et
1652 2336 1841 2393 tribus
1861 2353 1959 2392 no-

300 2429 507 2485 ctibus
536 2429 617 2484 sic
645 2427 755 2484 erit
784 2428 944 2483 1111118
966 2427 1223 2483 hominis
1272 2426 1334 2482 in
1399 2426 1574 2482 corde
1627 2429 1794 2481 terrae
1850 2426 1956 2480 tri-

301 2517 420 2574 bus
479 2517 690 2573 diebus
731 2520 789 2572 et
838 2516 1033 2573 tribus
1053 2515 1345 2572 noctibus.
1377 2539 1398 2568 ι
1430 2514 1633 2571 Dehoc
1664 2513 1789 2570 loco
1836 2514 1957 2586 pla-

304 2606 445 2665 nius
479 2607 541 2662 in
572 2605 1021 2663 Commentariis
1076 2607 1234 2661 101181
1289 2603 1583 2676 propheta
1635 2602 1956 2674 disputavi-

301 2712 487 2753 mus:
535 2695 608 2752 ad
658 2694 829 2750 illum
878 2710 1015 2768 ergo
1064 2692 1258 2750 locum
1304 2692 1537 2749 lectoris
1593 2690 1957 2764 diligentiam

300 2783 685 2843 remittimus.
738 2784 857 2839 Hoc
903 2782 1156 2839 breviter
1195 2798 1352 2839 nunc
1408 2780 1625 2838 dixisse
1678 2781 1956 2852 contenti,

299 2874 461 2947 quod
503 2872 924 2947 synecdochice
970 2876 1161 2927 totum
1209 2869 1573 2943 intelligatur
1629 2886 1697 2926 ex
1746 2872 1954 2941 parte:

299 2978 426 3020 non
452 2961 610 3034 quod
641 2956 847 3017 omnes
876 2964 994 3016 tres
1024 2960 1149 3015 dies
1178 2963 1236 3015 et
1261 2963 1381 3014 tres
1413 2963 1611 3014 noctes
1640 2959 1699 3013 in
1732 2958 1958 3014 inferno

300 3050 600 3109 Dominus
623 3051 851 3106 steterit
884 3049 1022 3118 ;sed
1055 3048 1211 3121 quod
1254 3047 1313 3102 in
1374 3051 1535 3120 parte
1590 3047 1955 3119 Parasceves,

305 3143 368 3197 et
398 3138 737 3208 Dominicis,
770 3141 828 3193 et
854 3142 977 3193 tota
1005 3136 1099 3194 die
1129 3136 1387 3207 Sabbati,
1415 3140 1534 3192 tres
1581 3135 1705 3191 dies
1735 3139 1792 3191 et
1819 3134 1954 3190 toti-

304 3228 447 3284 dem
480 3231 682 3283 noctes
710 3225 1131 3299 intelligantur.
1342 3234 1345 3235 '

372 3315 566 3387 (Vere.
621 3315 733 3387 41.)
785 3314 966 3370 «Viri
1007 3312 1271 3370 Ninivitae
1318 3315 1562 3384 surgent
1614 3311 1674 3366 in
1724 3312 1949 3383 judicio

292 3421 435 3461 cum
466 3404 842 3478 generatione
872 3404 1006 3475 ista,
1037 3407 1096 3459 et
1119 3402 1595 3459 condemnabunt
1614 3417 1742 3457 eam
1778 3401 1950 3473 :quia

294 3493 705 3568 penitentiam
737 3497 985 3566 egerunt
1013 3492 1073 3548 in
1106 3490 1518 3565 praedicatione
1545 3490 1727 3548 Jonas.
1762 3512 1791 3541 ››
1822 3491 1947 3545 Νο11

291 3582 601 3640 sententiis
649 3586 965 3654 potestate,
1018 3582 1120 3638 sed
1181 3579 1636 3653 comparationis
1683 3579 1947 3651 exemplo

293 3694 325 3723 er
359 3672 428 3727 Et
453 3687 585 3728 ecce
613 3670 753 3744 plus
786 3687 965 3743 quam
1011 3670 1194 3726 Jonas
1239 3668 1354 3725 hic.
1384 3690 1414 3719 »
1463 3667 1566 3724 Hic
1605 3667 1945 3724 adverbium

291 3759 408 3816 loci
452 3777 568 3817 non
612 3775 941 3832 prononem
989 3756 1302 3829 intelligas.
1371 3756 1569 3824 Jonas,
1622 3757 1947 3813 secundum

296 3847 687 3922 Septuaginta
726 3849 1097 3920 interpretes,
1147 3846 1341 3902 triduo
1394 3844 1726 3918 praedicavit
1777 3861 1789 3901 :
1842 3860 1947 3917 ego

298 3941 472 3999 tanto
503 3941 784 4009 tempore.
817 3935 921 3992 llle
946 3934 1206 4009 Assyriis
1251 3933 1410 4007 genti
1454 3933 1765 3990 incredulae
1795 3950 1809 3988 :
1842 3950 1948 4007 ego

297 4024 523 4102 Judmis
560 4024 778 4098 populo
831 4024 949 4080 Dei.
1005 4023 1103 4079 [lle
1150 4021 1516 4095 peregrinis:
1549 4038 1655 4095 ego
1703 4022 1943 4078 civibus.

299 4112 402 4173 1110
433 4129 571 4170 voce
609 4113 841 4170 locutus
866 4117 956 4168 est
995 4111 1271 4185 simplici,
1319 4110 1467 4167 nihil
1515 4110 1820 4184 signorum
1865 4111 1947 4165 fa-

300 4202 461 4259 ciens
489 4217 504 4259 :
538 4217 649 4275 ego
677 4205 841 4258 tanta
868 4203 890 4236 ³
916 4200 1137 4258 faciens
1168 4200 1358 4273 signa,
1382 4200 1701 4256 Beelzebub
1733 4199 1952 4255 calum-

299 4292 461 4347 niam
492 4290 780 4348 sustineo.
814 4289 954 4347 Plus
984 4306 1122 4364 ergo
1160 4293 1250 4347 est
1276 4290 1427 4346 Jona
1473 4289 1588 4357 hic,
1639 4289 1698 4344 id
1750 4292 1857 4356 est,
1889 4289 1948 4345 in

296 4379 750 4457 praesentiarum
783 4382 935 4436 inter
963 4397 1086 4436 vos.

370 4470 563 4539 (Vere.
614 4471 727 4541 42.)
779 4490 809 4521 ‹‹
853 4469 1075 4543 Regina
1120 4468 1320 4524 Austri
1378 4472 1578 4542 surget
1626 4469 1683 4523 in
1724 4467 1948 4538 judicio

2074 578 2267 631 tantas
2298 573 2692 642 difﬁcultates,
2724 576 2894 646 gente
2924 590 3033 629 sua
3061 577 3118 629 et
3151 574 3394 646 imperio
3424 572 3715 631 derelictis

2073 665 2231 720 venit
2259 663 2319 718 in
2348 663 2609 718 Judaeum
2643 662 2842 718 audire
2883 661 3230 733 sapientiam
3281 661 3628 729 Salomonis,
3662 666 3720 717 et

2075 753 2128 809 ei
2162 752 2351 809 multa
2376 768 2622 808 munera
2651 750 2877 807 detulit.
2914 752 2974 806 In
3006 750 3211 806 Ninive
3241 755 3438 807 autem
3469 756 3526 807 et
3547 752 3605 806 in
3627 768 3714 808 re-

2076 843 2213 917 gina
2241 843 2411 913 Saba,
2433 840 2654 897 occulte
2684 842 2790 910 [Αι.
2822 838 3065 907 occulta]
3087 839 3232 896 fides
3254 839 3559 896 nationum
3580 858 3719 912 pm-

2077 932 2260 987 tertur
2291 929 2488 986 Israel.

2148 1019 2165 1090 (
2190 1017 2353 1073 Vere.
2406 1017 2518 1088 43.)
2564 1039 2592 1066 ‹‹
2638 1025 2780 1071 Cum
2842 1020 3038 1072 autem
3082 1016 3428 1073 immundus
3472 1015 3719 1089 spiritus

2075 1107 2278 1163 exierit
2307 1107 2378 1162 ab
2408 1100 2666 1176 homine,
2699 1105 2963 1160 ambulat
2983 1122 3085 1177 per
3101 1105 3227 1161 loca
3247 1105 3431 1175 arida,
3454 1122 3721 1178 quaerens

2076 1196 2333 1266 requiem
2365 1198 2422 1250 et
2451 1212 2567 1249 non
2586 1194 2823 1250 invenit.
2850 1196 3013 1250 Tunc
3035 1194 3196 1251 dicit:
3218 1216 3247 1243 »
3270 1194 3518 1260 Quidam
3532 1195 3715 1251 istum

2073 1284 2265 1339 locum
2296 1283 2367 1338 de
2397 1282 2683 1339 haereticis
2710 1282 2932 1337 dictum
2980 1286 3208 1354 putant,
3258 1283 3413 1354 quod
3461 1282 3720 1340 immun-

2075 1373 2185 1428 dus
2213 1372 2478 1444 spiritus,
2511 1372 2611 1444 qui
2642 1371 2701 1426 in
2732 1373 2817 1427 eis
2857 1375 3027 1427 antea
3068 1371 3449 1443 habitaverat,
3484 1364 3718 1446 quando

2073 1460 2320 1533 gentiles
2349 1465 2533 1527 erant,
2566 1461 2637 1515 ad
2678 1460 3103 1516 confessionem
3148 1476 3296 1515 vera
3334 1460 3470 1516 ﬁdei
3517 1460 3719 1533 ejicia-

2073 1554 2172 1606 tur
2201 1568 2214 1605 :
2250 1555 2453 1622 postea
2479 1566 2612 1605 vero
2642 1565 2775 1605 cum
2806 1564 2868 1605 se
2903 1550 2974 1604 ad
3016 1548 3283 1605 hearesim
3309 1548 3721 1606 transtulerint

2074 1644 2132 1696 et
2157 1638 2453 1695 simulatis
2482 1637 2799 1693 virtutibus
2843 1634 3175 1694 ornaverint
3228 1638 3471 1695 domum
3518 1655 3713 1706 suam,

2070 1732 2213 1784 tunc
2244 1726 2374 1783 aliis
2404 1731 2627 1800 septem
2659 1743 2913 1798 nequam
2943 1726 3253 1798 spiritibus
3285 1727 3601 1798 adiunctis,
3623 1742 3714 1784 re—

1991 1852 2039 1921 B
2070 1820 2329 1915 vertatur
2356 1816 2429 1872 ad
2459 1832 2558 1872 eos
2588 1815 2859 1915 diabolus
2872 1819 2928 1872 et
2944 1814 3168 1921 habitet
3187 1814 3248 1870 in
3270 1814 3388 1921 illis
3412 1831 3425 1870 ε
3455 1815 3717 1887 fiantque

2071 1904 2396 1961 novissima
2426 1920 2627 1961 eorum
2660 1905 2861 1976 pejora
2906 1902 3219 1974 prioribus.
3270 1902 3454 1960 Multo
3497 1904 3717 1977 quippe

2070 1993 2254 2066 pejori
2302 1992 2633 2048 conditione
2694 1995 2835 2047 sunt
2873 1990 3128 2047 haeretici
3168 2008 3348 2062 quam
3405 1991 3649 2062 gentiles
3699 2009 3714 2047 :

2071 2082 2209 2155 quia
2239 2081 2299 2136 in
2331 2080 2449 2137 illis
2479 2096 2613 2153 spes
2645 2079 2780 2135 fidei
2810 2085 2917 2147 est,
2941 2084 2999 2135 et
3029 2079 3088 2134 in
3118 2079 3249 2135 istis
3280 2096 3479 2152 pugna
3497 2080 3716 2137 discor-

2069 2170 2198 2227 diae.
2233 2169 2377 2225 Cum
2408 2169 2529 2225 haec
2560 2166 2945 2239 intelligentia
2991 2166 3267 2239 plausum
3317 2168 3630 2240 quemdam
3661 2174 3719 2227 et

2068 2257 2322 2315 colorem
2344 2256 2620 2313 doctrinae
2642 2257 2927 2328 praeferat,
2949 2257 3146 2312 nescio
3178 2274 3251 2312 an
3276 2255 3492 2314 habeat
3506 2259 3715 2314 verita-

2070 2351 2207 2404 tem.
2242 2347 2321 2403 Ex
2349 2364 2414 2404 eo
2445 2346 2601 2402 enim
2626 2346 2778 2415 quod
2812 2346 2977 2401 ﬁnita
3018 2345 3106 2401 vel
3155 2345 3451 2418 parabole,
3500 2345 3588 2402 vel
3619 2362 3714 2402 ex-

2068 2436 2283 2509 emplo,
2316 2436 2586 2508 sequitur
2617 2454 2633 2488 :
2664 2434 2754 2490 Sic
2782 2434 2889 2489 erit
2925 2438 2978 2489 et
3023 2436 3372 2503 generationi
3417 2434 3547 2491 huic
3591 2451 3715 2507 pes-

2066 2527 2226 2582 simae
2253 2542 2273 2587 ;
2305 2521 2715 2596 compellimur
2746 2539 2861 2577 non
2893 2522 2964 2577 ad
2997 2521 3302 2578 haereticos
3332 2526 3389 2578 et
3419 2521 3714 2594 quoslibet

2068 2611 2338 2669 homines
2364 2629 2377 2669 :
2412 2613 2510 2669 sed
2547 2612 2619 2667 ad
2639 2610 2974 2666 Judaeorum
3000 2610 3282 2683 pepulum
3314 2608 3529 2667 referre
3550 2628 3716 2684 para-

2067 2700 2287 2768 bolam,
2319 2705 2385 2758 ut
2415 2704 2721 2756 contextus
2751 2698 2861 2754 loci
2920 2716 3037 2755 non
3096 2699 3366 2771 passivus
3395 2700 3417 2734 ³
3447 2702 3503 2756 et
3528 2716 3714 2773 vagus

2068 2789 2129 2845 in
2162 2788 2456 2845 diversum
2488 2789 2747 2856 ﬂuctuet,
2781 2787 3377 2860 atqueinsipientium
3409 2803 3569 2846 more
3589 2792 3713 2845 tur-

2067 2878 2239 2935 betur
2273 2903 2287 2945 ;
2318 2879 2419 2935 sed
2451 2878 2680 2933 haerens
2711 2876 2843 2943 sibi,
2876 2875 2964 2931 vel
2996 2876 3069 2932 ad
3099 2877 3312 2948 priora,
3349 2875 3438 2931 vel
3488 2877 3559 2932 ad
3610 2892 3713 2950 p0-

2068 2967 2313 3022 steriora
2342 2966 2707 3037 respondeat.
2753 2964 3103 3019 Immundus
3161 2963 3405 3035 spiritus
3454 2963 3629 3018 exivit
3678 2980 3714 3020 a

2065 3055 2306 3120 Judaais,
2341 3053 2576 3125 quando
2625 3055 2975 3123 acceperunt
3019 3049 3231 3122 legem,
3289 3055 3348 3105 et
3389 3049 3711 3107 ambulavit

2068 3160 2171 3233 per
2217 3143 2345 3198 loca
2391 3140 2892 3233 arida,‘quaerens
2939 3137 3049 3233 sibi
3098 3137 3381 3233 rqquiem.
3411 3138 3709 3233 Expulsus

1982 3217 2025 3284 C
2062 3231 2330 3287 videlicet
2361 3247 2395 3285 a
2423 3228 2661 3295 Judaais,
2696 3225 3015 3283 ambulavit
3062 3217 3171 3299 per
3213 3226 3475 3299 gentium
3506 3226 3712 3285 solitu-

2060 3322 2225 3377 dines
2259 3336 2271 3374 ε
2308 3336 2433 3390 quae
2466 3334 2600 3373 cum
2633 3320 2836 3388 postea
2863 3315 3111 3371 Domino
3143 3315 3547 3385 credidissent,
3581 3316 3701 3389 ille,

2059 3426 2174 3465 non
2201 3408 2435 3464 invento
2466 3406 2592 3462 loco
2623 3405 2682 3459 in
2716 3403 3074 3471 nationibus,
3108 3403 3254 3459 dixit
3284 3422 3297 3460 :

2130 3497 2314 3570 (Vere.
2347 3496 2465 3567 44.)
2497 3518 2523 3545 ‹‹
2560 3495 2832 3550 Revertar
2863 3494 2922 3548 in
2959 3494 3199 3549 domum
3249 3508 3442 3549 meam
3471 3494 3515 3562 ‘,
3547 3494 3703 3550 unde

2057 3586 2224 3643 exivi.
2260 3606 2288 3635 ››
2324 3585 2440 3641 Ηο0
2471 3587 2577 3651 est,
2613 3582 2784 3638 abibo
2828 3582 2899 3637 ad
2948 3582 3202 3649 Judaeos,
3252 3598 3401 3653 quos
3449 3586 3583 3639 ante
3612 3582 3699 3638 di-

2056 3674 2332 3733 miseram
2344 3718 2356 3730 .

2126 3763 2311 3835 (Vera.
2340 3764 2426 3832 44,
2455 3762 2566 3833 45.)
2600 3786 2629 3813 ‹‹
2686 3764 2754 3818 Et
2798 3762 3056 3827 veniens,
3112 3760 3332 3816 invenit
3377 3763 3700 3829 vacantem,

2056 3851 2252 3924 scopis
2283 3852 2647 3919 mundatam,
2681 3856 2737 3906 et
2765 3853 3054 3906 ornatam.
3089 3851 3254 3905 Tunc
3282 3849 3442 3905 vadit
3457 3853 3515 3905 et
3544 3866 3708 3907 assu-

2061 3941 2168 3996 mit
2197 3944 2421 4012 septem
2447 3939 2595 3995 alios
2634 3939 2877 4011 spiritus
2928 3955 3128 3995 secum
3173 3936 3483 4009 nequiores
3534 3955 3616 4008 se,
3648 3941 3706 3997 et

2059 4030 2368 4096 intrantes,
2398 4028 2666 4084 habitant
2696 4029 2776 4083 ibi
2811 4045 2824 4084 :
2858 4032 2914 4083 et
2944 4029 3095 4083 ﬁunt
3121 4027 3216 4085 85
3248 4026 3570 4082 novissima
3599 4026 3705 4082 ho«

2058 4117 2235 4174 minis
2264 4116 2424 4173 illius
2463 4117 2663 4189 pejora
2709 4116 3025 4189 prioribus.
3079 4116 3172 4172 Sic
3220 4115 3329 4171 erit
3377 4119 3709 4184 018011018-

2059 4206 2204 4263 tioni
2234 4204 2370 4261 huic
2406 4206 2693 4278 pessimae.
2726 4225 2751 4257 ιο
2779 4206 3038 4261 Vacabat
3087 4203 3243 4259 enim
3286 4202 3571 4274 templum
3601 4203 3713 4260 Ju—

2058 4293 2339 4361 dteorum,
2370 4298 2427 4349 et
2445 4293 2740 4349 Christum
2763 4293 3052 4365 hospitem
3071 4308 3188 4347 non
3206 4290 3476 4362 habebat,
3501 4291 3709 4348 dicen-

2061 4385 2181 4439 tem
2217 4400 2229 4438 :
2264 4384 2507 4453 Surgite,
2546 4387 2603 4438 et
2648 4384 2907 4438 abeamus
2956 4381 3087 4438 hinc
3134 4382 3315 4453 (Joan.
3347 4398 3463 4453 xxv,
3496 4382 3605 4452 41).
3640 4382 3709 4437 Et

2059 4472 2119 4526 in
2153 4470 2264 4527 alio
2291 4472 2417 4528 loco
2448 4490 2466 4527 :
2498 4473 2818 4528 Dimittetur
2840 4472 2989 4528 vobis
3020 4470 3212 4526 domus
3259 4473 3445 4527 vestris
3488 4471 3705 4527 deserta

297 4575 436 4649 cum
475 4559 853 4649 generatione
885 4558 1020 4627 ista,
1064 4562 1129 4649 et
1174 4557 1588 4649 condemnabit
1634 4574 1762 4649 eam
1812 4558 1951 4649 quia
1979 4585 2026 4649 Β
2058 4558 2097 4633 ζ
2095 4565 2229 4617 Luc.
2260 4578 2386 4628 xm,
2576 4562 2726 4625 Quia
2771 4560 2949 4634 igitur
2992 4565 3050 4616 et
3096 4560 3199 4617 Dei
3257 4564 3314 4616 et
3354 4558 3699 4631 angelorum

295 4648 455 4705 venit
478 4666 515 4705 a
546 4647 765 4704 ﬁnibus
795 4651 963 4704 terrm
997 4647 1200 4703 audire
1239 4645 1589 4719 sapientiam
1621 4645 1950 4702 Salomonis

299 4737 366 4793 Et
393 4753 530 4794 ecce
559 4737 693 4811 plus
752 4754 931 4811 quam
993 4737 1269 4795 Salomon
1330 4737 1445 4793 hic.
1479 4760 1507 4787 ››
1559 4738 1661 4793 84
1699 4737 1948 4793 Eeodem

303 4827 474 4884 modo
505 4826 925 4884 condemnabit
950 4827 1152 4901 regina
1180 4826 1381 4883 Austri
1411 4826 1691 4899 populum
1719 4827 1747 4882 J
1758 4828 1947 4882 1111800-

304 4930 458 4982 rum,
487 4932 607 4988 quo
626 4916 1102 4973 condemnabunt
1141 4916 1246 4973 viri
1268 4916 1531 4972 Ninivitze
1562 4915 1836 4972 Israelcm
1868 4914 1950 4971 in-

302 5004 630 5063 credulum.
664 5005 784 5062 Ista
811 5009 1006 5063 autem
1037 5009 1128 5062 est
1172 5005 1375 5079 regina
1420 5006 1594 5072 Saba,
1639 5006 1710 5061 de
1742 5021 1858 5076 qua
1887 5006 1947 5060 in

302 5093 528 5170 Regum
572 5093 874 5152 volumine
920 5099 980 5151 et
1039 5095 1099 5150 in
1161 5094 1640 5168 Paralipomenon
1698 5094 1948 5167 legimus

370 5242 390 5275 ⁸
420 5238 617 5312 Yerba
646 5243 845 5312 contra
871 5243 1144 5312 naturam
1175 5240 1282 5296 loci
1310 5239 1536 5295 Rhabb.
1573 5238 1822 5312 ignorat.

368 5312 391 5345 ³
419 5309 678 5378 Rhahb.,
725 5310 988 5384 nihilque
1032 5313 1251 5384 signum
1294 5313 1502 5381 faciens
1551 5309 1799 5381 acceptus
1848 5315 1947 5378 est,

306 5395 412 5455 ego
443 5386 619 5448 tanta,
652 5385 762 5453 etc.

373 5450 396 5487 ³
419 5453 581 5535 Editi
598 5453 805 5527 legunt
832 5462 891 5535 ut
918 5456 1212 5535 contextus
1236 5453 1479 5535 lociuon
1516 5455 1722 5535 passim
1776 5462 1827 5535 et
1854 5472 1946 5509 va-

300 5540 401 5606 gus
430 5527 491 5580 in
518 5523 801 5606 diuersum
820 5527 1045 5596 ﬂuctuet
1070 5544 1088 5580 :
1116 5525 1255 5606 quia
1292 5523 1548 5606 editores
1590 5526 1818 5606 antiqui
1844 5543 1946 5580 ne-

301 5596 569 5670 scierunt
579 5596 997 5670 Hieronymum
1020 5596 1312 5670 appellare
1331 5600 1645 5654 contextum
1665 5600 1944 5670 passivum

304 5683 439 5725 cum
471 5667 574 5741 qui
604 5667 826 5741 patitur
854 5667 1400 5739 liberas—{violentas
1432 5678 1488 5724 et
1518 5667 1745 5725 coactas
1777 5668 1948 5725 inter-

2059 4649 2331 4722 praesidia
2355 4667 2470 4706 non
2503 4651 2816 4716 habebant,
2848 4654 2905 4705 et
2930 4651 3119 4705 ornati
3167 4653 3333 4705 erant
3388 4645 3701 4720 superﬂuis

2060 4739 2567 4795 observationibus
2598 4738 2764 4812 legis,
2820 4744 2877 4795 et
2925 4738 3339 4795 traditionibus
3379 4736 3701 4792 Pharisaeo-

2060 4846 2216 4897 rum,
2250 4830 2560 4885 revertitur
2588 4827 2857 4885 diabolus
2888 4829 2958 4884 ad
2980 4829 3179 4883 sedem
3203 4843 3370 4881 suam
3394 4825 3704 4898 pristinam

2058 4922 2117 4975 et
2145 4917 2467 4991 septenario
2499 4918 2609 4975 sibi
2644 4934 2887 4974 numero
2926 4919 3259 4972 daemonum
3284 4916 3506 4986 addito,
3537 4913 3705 4970 habi-

2056 5010 2141 5063 tat
2174 5008 2487 5080 pristinam
2519 5009 2783 5075 domum,
2817 5011 2877 5062 et
2911 5006 3060 5060 ﬁunt
3080 5004 3238 5061 illius
3282 5004 3483 5078 populi
3515 5003 3705 5060 novis-

2058 5095 2208 5153 sima
2242 5098 2444 5170 pejora
2490 5097 2804 5170 prioribus.
2856 5094 3037 5151 Multo
3085 5094 3243 5150 enim
3293 5111 3449 5150 nunc
3499 5091 3706 5165 majori

2058 5240 2411 5312 pretationes
2445 5258 2457 5308 ;
2488 5256 2649 5312 quas,
2668 5237 2844 5312 etiam
2903 5254 3083 5310 supra
3121 5235 3377 5312 appellat
3426 5238 3706 5312 passivam

2059 5308 2586 5383 interpretatione—7n,
2621 5311 2821 5383 dicens
2857 5308 3011 5365 :Noh
3049 5308 3173 5381 ergo
3202 5308 3385 5365 uobis
3428 5308 3706 5383 tribuetur

2058 5379 2235 5439 liberi;
2265 5384 2668 5454 z'ntclligmztia,
2683 5392 2736 5438 et
2749 5400 2777 5437 a
2790 5379 3458 5454 llegorimriuterpretatz’o
3474 5379 3702 5454 passim

2054 5457 2234 5509 Mam.
2262 5486 2331 5494 -κ
2360 5451 2596 5517 Victor”
2626 5471 2850 5526 pusszm.
2875 5451 3093 5510 Recole
3124 5470 3251 5525 quae
3300 5453 3370 5509 de
3418 5451 3696 5507 vocabulo

2056 5526 2228 5598 paulo
2262 5526 2538 5599 superius;
2565 5526 2623 5599 111
2656 5544 2781 5599 cap.
2814 5544 2869 5581 x1
2901 5527 3265 5581 obervamus.

2126 5599 2149 5631 ‘
2178 5598 2415 5653 Addunt
2446 5597 2693 5653 Palatini
2728 5597 2859 5669 ius,
2892 5600 3209 5670 pristinam.
